  <div class='ocr_page' id='page_1' title='image "/cluster/home/n/w/nwhite01/storage/ocr_20150623/8/nnc1.0065752333/672.png"; bbox 0 0 4464 6612; ppageno 0'>
   <div class='ocr_carea' id='block_1_1' title="bbox 368 544 504 599">
    <p class='ocr_par' dir='ltr' id='par_1_1' title="bbox 368 544 504 599">
     <span class='ocr_line' id='line_1_1' title="bbox 368 544 504 599; baseline -0.015 0"><span class='ocrx_word' id='word_1_1' title='bbox 368 544 504 599; x_wconf 65' lang='grc' dir='ltr'>150ῖί</span> 
     </span>
    </p>
   </div>
   <div class='ocr_carea' id='block_1_2' title="bbox 1619 539 2341 596">
    <p class='ocr_par' dir='ltr' id='par_1_2' title="bbox 1619 539 2341 596">
     <span class='ocr_line' id='line_1_2' title="bbox 1619 539 2341 596; baseline 0.003 -4"><span class='ocrx_word' id='word_1_2' title='bbox 1619 539 2045 596; x_wconf 71' lang='lat' dir='ltr'>STROMATUM</span> <span class='ocrx_word' id='word_1_3' title='bbox 2078 541 2206 595; x_wconf 85' lang='lat' dir='ltr'>LIB.</span> <span class='ocrx_word' id='word_1_4' title='bbox 2251 540 2341 596; x_wconf 85' lang='lat' dir='ltr'>IV.</span> 
     </span>
    </p>
   </div>
   <div class='ocr_carea' id='block_1_3' title="bbox 3465 548 3601 606">
    <p class='ocr_par' dir='ltr' id='par_1_3' title="bbox 3465 548 3601 606">
     <span class='ocr_line' id='line_1_3' title="bbox 3465 548 3601 606; baseline 0.029 -4"><span class='ocrx_word' id='word_1_5' title='bbox 3465 548 3601 606; x_wconf 74' lang='lat'>1306</span> 
     </span>
    </p>
   </div>
   <div class='ocr_carea' id='block_1_4' title="bbox 361 649 2124 733">
    <p class='ocr_par' dir='ltr' id='par_1_4' title="bbox 361 649 2090 720">
     <span class='ocr_line' id='line_1_4' title="bbox 361 649 2090 720; baseline -0.003 -11"><span class='ocrx_word' id='word_1_6' title='bbox 361 652 520 711; x_wconf 70' lang='grc' dir='ltr'>εἶναι·</span> <span class='ocrx_word' id='word_1_7' title='bbox 567 655 600 720; x_wconf 74' lang='grc' dir='ltr'><strong>ἢ</strong></span> <span class='ocrx_word' id='word_1_8' title='bbox 642 652 942 720; x_wconf 70' lang='grc' dir='ltr'>ὑπόεειγμα</span> <span class='ocrx_word' id='word_1_9' title='bbox 969 651 1079 713; x_wconf 83' lang='grc' dir='ltr'>τοῖς</span> <span class='ocrx_word' id='word_1_10' title='bbox 1112 649 1350 703; x_wconf 79' lang='grc' dir='ltr'>θέλουσιν</span> <span class='ocrx_word' id='word_1_11' title='bbox 1380 649 1803 720; x_wconf 80' lang='grc' dir='ltr'>ὲγκρατεύεσθαι</span> <span class='ocrx_word' id='word_1_12' title='bbox 1839 667 1920 718; x_wconf 75' lang='grc' dir='ltr'>γιο</span> <span class='ocrx_word' id='word_1_13' title='bbox 1951 661 1993 715; x_wconf 81' lang='grc' dir='ltr'>Α</span> <span class='ocrx_word' id='word_1_14' title='bbox 2023 653 2090 707; x_wconf 86' lang='lat' dir='ltr'>sti</span> 
     </span>
    </p>
   </div>
   <div class='ocr_carea' id='block_1_5' title="bbox 1833 649 3596 733">
    <p class='ocr_par' dir='ltr' id='par_1_5' title="bbox 1839 650 3596 733">
     <span class='ocr_line' id='line_1_5' title="bbox 1839 650 3596 733; baseline 0.009 -30"><span class='ocrx_word' id='word_1_15' title='bbox 1839 667 1920 718; x_wconf 82' lang='grc' dir='ltr'>γι-</span> <span class='ocrx_word' id='word_1_16' title='bbox 1951 661 1993 715; x_wconf 82' lang='grc' dir='ltr'>Α</span> <span class='ocrx_word' id='word_1_17' title='bbox 2023 653 2090 707; x_wconf 87' lang='lat' dir='ltr'>sti</span> <span class='ocrx_word' id='word_1_18' title='bbox 2127 664 2187 717; x_wconf 76' lang='grc'>⁸;</span> <span class='ocrx_word' id='word_1_19' title='bbox 2228 671 2244 702; x_wconf 83' lang='grc' dir='ltr'>ι</span> <span class='ocrx_word' id='word_1_20' title='bbox 2277 650 2481 706; x_wconf 77' lang='grc' dir='ltr'>εείιῗειιι</span> <span class='ocrx_word' id='word_1_21' title='bbox 2529 669 2696 706; x_wconf 89' lang='lat' dir='ltr'>onera</span> <span class='ocrx_word' id='word_1_22' title='bbox 2743 653 3225 720; x_wconf 82' lang='lat' dir='ltr'>circumferentes,</span> <span class='ocrx_word' id='word_1_23' title='bbox 3263 676 3387 715; x_wconf 87' lang='lat' dir='ltr'>cum</span> <span class='ocrx_word' id='word_1_24' title='bbox 3432 680 3596 733; x_wconf 86' lang='lat' dir='ltr'>opor—</span> 
     </span>
    </p>
   </div>
   <div class='ocr_carea' id='block_1_6' title="bbox 363 728 1923 818">
    <p class='ocr_par' dir='ltr' id='par_1_6' title="bbox 363 728 1923 818">
     <span class='ocr_line' id='line_1_6' title="bbox 363 728 1923 818; baseline -0.005 -17"><span class='ocrx_word' id='word_1_25' title='bbox 363 749 596 818; x_wconf 76' lang='grc' dir='ltr'>νόμενοι,</span> <span class='ocrx_word' id='word_1_26' title='bbox 651 728 725 813; x_wconf 79' lang='grc' dir='ltr'>μὴ</span> <span class='ocrx_word' id='word_1_27' title='bbox 752 741 1184 814; x_wconf 76' lang='grc' dir='ltr'>οἰκοδομούμενοι</span> <span class='ocrx_word' id='word_1_28' title='bbox 1217 746 1297 807; x_wconf 85' lang='grc' dir='ltr'>εἰς</span> <span class='ocrx_word' id='word_1_29' title='bbox 1321 744 1382 796; x_wconf 88' lang='grc' dir='ltr'>τὺ</span> <span class='ocrx_word' id='word_1_30' title='bbox 1425 741 1604 812; x_wconf 81' lang='grc' dir='ltr'>ἀηδῶς</span> <span class='ocrx_word' id='word_1_31' title='bbox 1645 740 1712 794; x_wconf 73' lang='grc' dir='ltr'>τὰ</span> <span class='ocrx_word' id='word_1_32' title='bbox 1748 758 1923 814; x_wconf 86' lang='grc' dir='ltr'>παρα-</span> 
     </span>
    </p>
   </div>
   <div class='ocr_carea' id='block_1_7' title="bbox 361 833 1925 909">
    <p class='ocr_par' dir='ltr' id='par_1_7' title="bbox 361 833 1925 909">
     <span class='ocr_line' id='line_1_7' title="bbox 361 833 1925 909; baseline -0.01 -15"><span class='ocrx_word' id='word_1_33' title='bbox 361 841 615 909; x_wconf 85' lang='grc' dir='ltr'>τιθέμενα</span> <span class='ocrx_word' id='word_1_34' title='bbox 649 833 723 904; x_wconf 85' lang='grc'>(1)</span> <span class='ocrx_word' id='word_1_35' title='bbox 753 833 969 899; x_wconf 82' lang='grc' dir='ltr'>ἐσθίειν,</span> <span class='ocrx_word' id='word_1_36' title='bbox 1018 839 1110 890; x_wconf 73' lang='grc' dir='ltr'>καὶ</span> <span class='ocrx_word' id='word_1_37' title='bbox 1153 837 1227 901; x_wconf 83' lang='grc' dir='ltr'>ὡς</span> <span class='ocrx_word' id='word_1_38' title='bbox 1261 837 1449 907; x_wconf 75' lang='grc' dir='ltr'>ἔτυχεν</span> <span class='ocrx_word' id='word_1_39' title='bbox 1481 834 1688 904; x_wconf 82' lang='grc' dir='ltr'>ὁμιλεῖν</span> <span class='ocrx_word' id='word_1_40' title='bbox 1724 837 1788 905; x_wconf 79' lang='grc' dir='ltr'>τῇ</span> <span class='ocrx_word' id='word_1_41' title='bbox 1832 851 1925 903; x_wconf 76' lang='grc' dir='ltr'>γυ..</span> 
     </span>
    </p>
   </div>
   <div class='ocr_carea' id='block_1_8' title="bbox 362 926 1924 1000">
    <p class='ocr_par' dir='ltr' id='par_1_8' title="bbox 362 926 1924 1000">
     <span class='ocr_line' id='line_1_8' title="bbox 362 926 1924 1000; baseline -0.006 -13"><span class='ocrx_word' id='word_1_42' title='bbox 362 931 527 987; x_wconf 77' lang='grc' dir='ltr'>ναικίο</span> <span class='ocrx_word' id='word_1_43' title='bbox 544 926 772 998; x_wconf 79' lang='grc' dir='ltr'>μάλιστα</span> <span class='ocrx_word' id='word_1_44' title='bbox 791 927 844 979; x_wconf 81' lang='grc' dir='ltr'>δὲ</span> <span class='ocrx_word' id='word_1_45' title='bbox 863 929 987 994; x_wconf 73' lang='grc' dir='ltr'>τοὺς</span> <span class='ocrx_word' id='word_1_46' title='bbox 1015 929 1345 1000; x_wconf 76' lang='grc' dir='ltr'>τηλικαύτην</span> <span class='ocrx_word' id='word_1_47' title='bbox 1360 928 1670 996; x_wconf 71' lang='grc' dir='ltr'>οἰκονομίαν</span> <span class='ocrx_word' id='word_1_48' title='bbox 1703 943 1924 979; x_wconf 81' lang='grc' dir='ltr'>πεπεισ-</span> 
     </span>
    </p>
   </div>
   <div class='ocr_carea' id='block_1_9' title="bbox 365 1018 1924 1095">
    <p class='ocr_par' dir='ltr' id='par_1_9' title="bbox 365 1018 1924 1095">
     <span class='ocr_line' id='line_1_9' title="bbox 365 1018 1924 1095; baseline -0.004 -19"><span class='ocrx_word' id='word_1_49' title='bbox 365 1026 558 1095; x_wconf 78' lang='grc' dir='ltr'><strong>μένους</strong></span> <span class='ocrx_word' id='word_1_50' title='bbox 608 1018 682 1089; x_wconf 75' lang='grc'>(2)</span> <span class='ocrx_word' id='word_1_51' title='bbox 735 1020 1034 1094; x_wconf 77' lang='grc' dir='ltr'>ὑπόδειγμα</span> <span class='ocrx_word' id='word_1_52' title='bbox 1090 1026 1202 1086; x_wconf 86' lang='grc' dir='ltr'>τοῖς</span> <span class='ocrx_word' id='word_1_53' title='bbox 1253 1020 1612 1093; x_wconf 78' lang='grc' dir='ltr'>μανθάνουσιν</span> <span class='ocrx_word' id='word_1_54' title='bbox 1663 1018 1924 1088; x_wconf 83' lang='grc' dir='ltr'>ἄχραντον</span> 
     </span>
    </p>
   </div>
   <div class='ocr_carea' id='block_1_10' title="bbox 363 1109 1919 1185">
    <p class='ocr_par' dir='ltr' id='par_1_10' title="bbox 363 1109 1919 1185">
     <span class='ocr_line' id='line_1_10' title="bbox 363 1109 1919 1185; baseline -0.004 -17"><span class='ocrx_word' id='word_1_55' title='bbox 363 1111 638 1168; x_wconf 71' lang='grc' dir='ltr'>ἐκκεῖσθαι</span> <span class='ocrx_word' id='word_1_56' title='bbox 668 1113 948 1183; x_wconf 86' lang='grc' dir='ltr'>προσήκει.</span> <span class='ocrx_word' id='word_1_57' title='bbox 975 1134 991 1164; x_wconf 81' lang='grc' dir='ltr'>ι</span> <span class='ocrx_word' id='word_1_58' title='bbox 1019 1113 1327 1185; x_wconf 77' lang='grc' dir='ltr'>Ἐλεύθερος</span> <span class='ocrx_word' id='word_1_59' title='bbox 1351 1110 1461 1182; x_wconf 76' lang='grc' dir='ltr'>γὰρ</span> <span class='ocrx_word' id='word_1_60' title='bbox 1489 1109 1563 1160; x_wconf 83' lang='grc' dir='ltr'>ὢν</span> <span class='ocrx_word' id='word_1_61' title='bbox 1597 1111 1660 1162; x_wconf 71' lang='grc' dir='ltr'>ἐκ</span> <span class='ocrx_word' id='word_1_62' title='bbox 1690 1109 1919 1173; x_wconf 80' lang='grc' dir='ltr'>πάντων,</span> 
     </span>
    </p>
   </div>
   <div class='ocr_carea' id='block_1_11' title="bbox 361 1202 1923 1276">
    <p class='ocr_par' dir='ltr' id='par_1_11' title="bbox 361 1202 1923 1276">
     <span class='ocr_line' id='line_1_11' title="bbox 361 1202 1923 1276; baseline -0.004 -18"><span class='ocrx_word' id='word_1_63' title='bbox 361 1207 531 1258; x_wconf 72' lang='grc' dir='ltr'>πᾶσιν</span> <span class='ocrx_word' id='word_1_64' title='bbox 578 1205 808 1276; x_wconf 79' lang='grc' dir='ltr'>ἐμαυτὸν</span> <span class='ocrx_word' id='word_1_65' title='bbox 849 1205 1135 1269; x_wconf 77' lang='grc' dir='ltr'>ἐδούλωσα,</span> <span class='ocrx_word' id='word_1_66' title='bbox 1184 1206 1367 1275; x_wconf 68' lang='grc' dir='ltr'>φησιν,</span> <span class='ocrx_word' id='word_1_67' title='bbox 1418 1203 1505 1254; x_wconf 77' lang='grc' dir='ltr'>ἵνα</span> <span class='ocrx_word' id='word_1_68' title='bbox 1545 1203 1669 1264; x_wconf 77' lang='grc' dir='ltr'>τοὺς</span> <span class='ocrx_word' id='word_1_69' title='bbox 1724 1202 1923 1264; x_wconf 82' lang='grc' dir='ltr'>πάντας</span> 
     </span>
    </p>
   </div>
   <div class='ocr_carea' id='block_1_12' title="bbox 359 1293 1923 1367">
    <p class='ocr_par' dir='ltr' id='par_1_12' title="bbox 359 1293 1923 1367">
     <span class='ocr_line' id='line_1_12' title="bbox 359 1293 1923 1367; baseline -0.019 3"><span class='ocrx_word' id='word_1_70' title='bbox 359 1296 624 1367; x_wconf 68' lang='grc' dir='ltr'>κερδήσωα</span> <span class='ocrx_word' id='word_1_71' title='bbox 657 1296 767 1348; x_wconf 64' lang='grc' dir='ltr'>Καὶ</span> <span class='ocrx_word' id='word_1_72' title='bbox 806 1297 912 1358; x_wconf 76' lang='grc' dir='ltr'>πᾶς</span> <span class='ocrx_word' id='word_1_73' title='bbox 937 1296 992 1348; x_wconf 80' lang='grc' dir='ltr'>δὲ</span> <span class='ocrx_word' id='word_1_74' title='bbox 1016 1299 1044 1350; x_wconf 78' lang='grc' dir='ltr'>ὁ</span> <span class='ocrx_word' id='word_1_75' title='bbox 1069 1296 1487 1366; x_wconf 80' lang='grc' dir='ltr'>ἀγωνιζόμενος.</span> <span class='ocrx_word' id='word_1_76' title='bbox 1526 1293 1701 1346; x_wconf 81' lang='grc' dir='ltr'>πάντα</span> <span class='ocrx_word' id='word_1_77' title='bbox 1731 1295 1923 1364; x_wconf 80' lang='grc' dir='ltr'>ἐγκρα-</span> 
     </span>
    </p>
   </div>
   <div class='ocr_carea' id='block_1_13' title="bbox 356 1382 1923 1458">
    <p class='ocr_par' dir='ltr' id='par_1_13' title="bbox 356 1382 1923 1458">
     <span class='ocr_line' id='line_1_13' title="bbox 356 1382 1923 1458; baseline -0.003 -19"><span class='ocrx_word' id='word_1_78' title='bbox 356 1387 593 1441; x_wconf 81' lang='grc' dir='ltr'>τεύεται.</span> <span class='ocrx_word' id='word_1_79' title='bbox 629 1383 789 1438; x_wconf 80' lang='grc' dir='ltr'>Ἀλλὰ</span> <span class='ocrx_word' id='word_1_80' title='bbox 807 1385 899 1437; x_wconf 81' lang='grc' dir='ltr'>τοῦ</span> <span class='ocrx_word' id='word_1_81' title='bbox 933 1387 1185 1458; x_wconf 83' lang='grc' dir='ltr'>Κυρίουὴ</span> <span class='ocrx_word' id='word_1_82' title='bbox 1208 1387 1302 1456; x_wconf 84' lang='grc' dir='ltr'>γῆ,</span> <span class='ocrx_word' id='word_1_83' title='bbox 1335 1385 1428 1438; x_wconf 73' lang='grc' dir='ltr'>καὶ</span> <span class='ocrx_word' id='word_1_84' title='bbox 1451 1383 1512 1435; x_wconf 85' lang='grc' dir='ltr'>τὸ</span> <span class='ocrx_word' id='word_1_85' title='bbox 1541 1382 1810 1453; x_wconf 77' lang='grc' dir='ltr'>πλήρωμα</span> <span class='ocrx_word' id='word_1_86' title='bbox 1835 1383 1923 1434; x_wconf 83' lang='grc' dir='ltr'>αύ-</span> 
     </span>
    </p>
   </div>
   <div class='ocr_carea' id='block_1_14' title="bbox 355 1468 1918 1550">
    <p class='ocr_par' dir='ltr' id='par_1_14' title="bbox 355 1468 1918 1550">
     <span class='ocr_line' id='line_1_14' title="bbox 355 1468 1918 1550; baseline -0.004 -17"><span class='ocrx_word' id='word_1_87' title='bbox 355 1480 476 1550; x_wconf 81' lang='grc' dir='ltr'>ιιῆς.</span> <span class='ocrx_word' id='word_1_88' title='bbox 505 1479 602 1532; x_wconf 69' lang='grc' dir='ltr'>Δια</span> <span class='ocrx_word' id='word_1_89' title='bbox 632 1479 728 1549; x_wconf 75' lang='grc' dir='ltr'>τὴν</span> <span class='ocrx_word' id='word_1_90' title='bbox 761 1476 1057 1548; x_wconf 71' lang='grc' dir='ltr'>συνείδησιν</span> <span class='ocrx_word' id='word_1_91' title='bbox 1083 1498 1100 1529; x_wconf 76' lang='grc' dir='ltr'>ι</span> <span class='ocrx_word' id='word_1_92' title='bbox 1125 1475 1216 1531; x_wconf 80' lang='grc' dir='ltr'>οὖν</span> <span class='ocrx_word' id='word_1_93' title='bbox 1243 1476 1527 1547; x_wconf 81' lang='grc' dir='ltr'>ἀφεκτέον,</span> <span class='ocrx_word' id='word_1_94' title='bbox 1545 1468 1618 1526; x_wconf 84' lang='grc' dir='ltr'>ὧν</span> <span class='ocrx_word' id='word_1_95' title='bbox 1639 1473 1918 1541; x_wconf 78' lang='grc' dir='ltr'>ἀφεκτέον.</span> 
     </span>
    </p>
   </div>
   <div class='ocr_carea' id='block_1_15' title="bbox 364 1563 1919 1641">
    <p class='ocr_par' dir='ltr' id='par_1_15' title="bbox 364 1563 1919 1641">
     <span class='ocr_line' id='line_1_15' title="bbox 364 1563 1919 1641; baseline -0.004 -19"><span class='ocrx_word' id='word_1_96' title='bbox 364 1592 382 1622; x_wconf 74' lang='grc' dir='ltr'>ι</span> <span class='ocrx_word' id='word_1_97' title='bbox 413 1571 717 1641; x_wconf 75' lang='grc' dir='ltr'>Συνείδησιν</span> <span class='ocrx_word' id='word_1_98' title='bbox 746 1569 803 1622; x_wconf 81' lang='grc' dir='ltr'>δὲ</span> <span class='ocrx_word' id='word_1_99' title='bbox 827 1567 990 1636; x_wconf 86' lang='grc' dir='ltr'>λέγω,</span> <span class='ocrx_word' id='word_1_100' title='bbox 1038 1569 1156 1637; x_wconf 76' lang='grc' dir='ltr'>οὐχὶ</span> <span class='ocrx_word' id='word_1_101' title='bbox 1197 1569 1293 1640; x_wconf 82' lang='grc' dir='ltr'>τὴν</span> <span class='ocrx_word' id='word_1_102' title='bbox 1342 1566 1594 1621; x_wconf 80' lang='grc' dir='ltr'>ἑαυτοῦ’›</span> <span class='ocrx_word' id='word_1_103' title='bbox 1649 1563 1919 1635; x_wconf 84' lang='grc' dir='ltr'>γνωστικὴ</span> 
     </span>
    </p>
   </div>
   <div class='ocr_carea' id='block_1_16' title="bbox 357 1655 1916 1733">
    <p class='ocr_par' dir='ltr' id='par_1_16' title="bbox 357 1655 1916 1733">
     <span class='ocr_line' id='line_1_16' title="bbox 357 1655 1916 1733; baseline -0.006 -19"><span class='ocrx_word' id='word_1_104' title='bbox 357 1662 482 1733; x_wconf 73' lang='grc' dir='ltr'>γάρ·</span> <span class='ocrx_word' id='word_1_105' title='bbox 509 1660 643 1714; x_wconf 77' lang='grc' dir='ltr'>ἀλλὰ</span> <span class='ocrx_word' id='word_1_106' title='bbox 668 1659 764 1730; x_wconf 82' lang='grc' dir='ltr'>τὴν</span> <span class='ocrx_word' id='word_1_107' title='bbox 791 1657 885 1711; x_wconf 76' lang='grc' dir='ltr'>τοῦ</span> <span class='ocrx_word' id='word_1_108' title='bbox 914 1656 1118 1727; x_wconf 81' lang='grc' dir='ltr'>ἐτέρου,</span> <span class='ocrx_word' id='word_1_109' title='bbox 1143 1658 1227 1710; x_wconf 85' lang='grc' dir='ltr'>ἵνα</span> <span class='ocrx_word' id='word_1_110' title='bbox 1259 1657 1331 1728; x_wconf 82' lang='grc' dir='ltr'>μὴ</span> <span class='ocrx_word' id='word_1_111' title='bbox 1356 1657 1542 1719; x_wconf 82' lang='grc' dir='ltr'>κακῶς</span> <span class='ocrx_word' id='word_1_112' title='bbox 1574 1655 1916 1725; x_wconf 81' lang='grc' dir='ltr'>οἰκοδομηθῇ,</span> 
     </span>
    </p>
   </div>
   <div class='ocr_carea' id='block_1_17' title="bbox 358 1747 1920 1823">
    <p class='ocr_par' dir='ltr' id='par_1_17' title="bbox 358 1747 1920 1823">
     <span class='ocr_line' id='line_1_17' title="bbox 358 1747 1920 1823; baseline 0.004 -21"><span class='ocrx_word' id='word_1_113' title='bbox 358 1751 566 1823; x_wconf 79' lang='grc' dir='ltr'>ἀμαθίᾳ</span> <span class='ocrx_word' id='word_1_114' title='bbox 603 1749 936 1820; x_wconf 88' lang='grc' dir='ltr'>μιμούμενος</span> <span class='ocrx_word' id='word_1_115' title='bbox 981 1747 1009 1800; x_wconf 83' lang='grc' dir='ltr'><strong>ὃ</strong></span> <span class='ocrx_word' id='word_1_116' title='bbox 1057 1748 1129 1819; x_wconf 82' lang='grc' dir='ltr'>μὴ</span> <span class='ocrx_word' id='word_1_117' title='bbox 1175 1747 1450 1818; x_wconf 83' lang='grc' dir='ltr'>γινώσκει,</span> <span class='ocrx_word' id='word_1_118' title='bbox 1509 1747 1920 1817; x_wconf 70' lang='grc' dir='ltr'>καταφρονητὴς</span> 
     </span>
    </p>
   </div>
   <div class='ocr_carea' id='block_1_18' title="bbox 357 1834 1917 1914">
    <p class='ocr_par' dir='ltr' id='par_1_18' title="bbox 357 1834 1917 1914">
     <span class='ocr_line' id='line_1_18' title="bbox 357 1834 1917 1914; baseline -0.007 -18"><span class='ocrx_word' id='word_1_119' title='bbox 357 1844 476 1896; x_wconf 73' lang='grc' dir='ltr'>ἀντὶ</span> <span class='ocrx_word' id='word_1_120' title='bbox 511 1842 909 1914; x_wconf 66' lang='grc' dir='ltr'>μεγαλόφρονος</span> <span class='ocrx_word' id='word_1_121' title='bbox 944 1837 1019 1910; x_wconf 79' lang='lat'>(5)</span> <span class='ocrx_word' id='word_1_122' title='bbox 1067 1838 1363 1908; x_wconf 79' lang='grc' dir='ltr'>γινόμενος.</span> <span class='ocrx_word' id='word_1_123' title='bbox 1423 1856 1440 1887; x_wconf 80' lang='grc' dir='ltr'>ι</span> <span class='ocrx_word' id='word_1_124' title='bbox 1468 1838 1586 1888; x_wconf 87' lang='grc' dir='ltr'>Ἴνα</span> <span class='ocrx_word' id='word_1_125' title='bbox 1632 1837 1686 1887; x_wconf 85' lang='grc' dir='ltr'>τί</span> <span class='ocrx_word' id='word_1_126' title='bbox 1725 1834 1830 1906; x_wconf 78' lang='grc' dir='ltr'>γὰρ</span> <span class='ocrx_word' id='word_1_127' title='bbox 1884 1836 1917 1906; x_wconf 84' lang='grc' dir='ltr'><strong>ἡ</strong></span> 
     </span>
    </p>
   </div>
   <div class='ocr_carea' id='block_1_19' title="bbox 357 1928 1916 2006">
    <p class='ocr_par' dir='ltr' id='par_1_19' title="bbox 357 1928 1916 2006">
     <span class='ocr_line' id='line_1_19' title="bbox 357 1928 1916 2006; baseline -0.005 -20"><span class='ocrx_word' id='word_1_128' title='bbox 357 1935 636 2006; x_wconf 80' lang='grc' dir='ltr'>ἐλευθερία</span> <span class='ocrx_word' id='word_1_129' title='bbox 680 1950 782 2004; x_wconf 87' lang='grc' dir='ltr'>μου</span> <span class='ocrx_word' id='word_1_130' title='bbox 823 1931 1066 2000; x_wconf 85' lang='grc' dir='ltr'>κρίνεται</span> <span class='ocrx_word' id='word_1_131' title='bbox 1099 1930 1202 1982; x_wconf 76' lang='grc' dir='ltr'>ὑπὸ</span> <span class='ocrx_word' id='word_1_132' title='bbox 1243 1930 1406 2001; x_wconf 73' lang='grc' dir='ltr'>ἄλλης</span> <span class='ocrx_word' id='word_1_133' title='bbox 1439 1928 1824 1998; x_wconf 79' lang='grc' dir='ltr'>συνειδήσεως;</span> <span class='ocrx_word' id='word_1_134' title='bbox 1855 1928 1916 1979; x_wconf 80' lang='lat' dir='ltr'>Ei</span> 
     </span>
    </p>
   </div>
   <div class='ocr_carea' id='block_1_20' title="bbox 359 2015 1915 2098">
    <p class='ocr_par' dir='ltr' id='par_1_20' title="bbox 359 2015 1915 2098">
     <span class='ocr_line' id='line_1_20' title="bbox 359 2015 1915 2098; baseline -0.004 -18"><span class='ocrx_word' id='word_1_135' title='bbox 359 2028 468 2096; x_wconf 84' lang='grc' dir='ltr'>ἐγὼ</span> <span class='ocrx_word' id='word_1_136' title='bbox 505 2028 579 2098; x_wconf 65' lang='grc' dir='ltr'>(ιι)</span> <span class='ocrx_word' id='word_1_137' title='bbox 626 2026 808 2096; x_wconf 71' lang='grc' dir='ltr'>χάριτι</span> <span class='ocrx_word' id='word_1_138' title='bbox 860 2023 1086 2093; x_wconf 82' lang='grc' dir='ltr'>μετέχω,</span> <span class='ocrx_word' id='word_1_139' title='bbox 1129 2023 1180 2075; x_wconf 88' lang='grc' dir='ltr'>τί</span> <span class='ocrx_word' id='word_1_140' title='bbox 1229 2021 1646 2093; x_wconf 77' lang='grc' dir='ltr'>βλασφημοῦμαι</span> <span class='ocrx_word' id='word_1_141' title='bbox 1686 2021 1824 2091; x_wconf 78' lang='grc' dir='ltr'>ὑπὲρ</span> <span class='ocrx_word' id='word_1_142' title='bbox 1856 2015 1915 2073; x_wconf 73' lang='grc' dir='ltr'>οὗ</span> 
     </span>
    </p>
   </div>
   <div class='ocr_carea' id='block_1_21' title="bbox 355 2111 1915 2188">
    <p class='ocr_par' dir='ltr' id='par_1_21' title="bbox 355 2111 1915 2188">
     <span class='ocr_line' id='line_1_21' title="bbox 355 2111 1915 2188; baseline -0.004 -18"><span class='ocrx_word' id='word_1_143' title='bbox 355 2120 466 2186; x_wconf 81' lang='grc' dir='ltr'>ἐγὼ</span> <span class='ocrx_word' id='word_1_144' title='bbox 492 2115 827 2188; x_wconf 74' lang='grc' dir='ltr'>εὐχαριστῶ;</span> <span class='ocrx_word' id='word_1_145' title='bbox 859 2113 1031 2166; x_wconf 77' lang='grc' dir='ltr'>πάντα</span> <span class='ocrx_word' id='word_1_146' title='bbox 1056 2114 1128 2186; x_wconf 83' lang='grc'>(5)</span> <span class='ocrx_word' id='word_1_147' title='bbox 1153 2111 1244 2167; x_wconf 80' lang='grc' dir='ltr'>οὖν</span> <span class='ocrx_word' id='word_1_148' title='bbox 1267 2116 1366 2167; x_wconf 79' lang='grc' dir='ltr'>ὅσα</span> <span class='ocrx_word' id='word_1_149' title='bbox 1392 2116 1614 2175; x_wconf 83' lang='grc' dir='ltr'>ποιεῖτε,</span> <span class='ocrx_word' id='word_1_150' title='bbox 1646 2114 1723 2174; x_wconf 82' lang='grc' dir='ltr'>είς</span> <span class='ocrx_word' id='word_1_151' title='bbox 1760 2111 1915 2177; x_wconf 82' lang='grc' dir='ltr'>δόξαν</span> 
     </span>
    </p>
   </div>
   <div class='ocr_carea' id='block_1_22' title="bbox 355 2203 1914 2275">
    <p class='ocr_par' dir='ltr' id='par_1_22' title="bbox 355 2203 1914 2275">
     <span class='ocr_line' id='line_1_22' title="bbox 355 2203 1914 2275; baseline -0.004 -13"><span class='ocrx_word' id='word_1_152' title='bbox 355 2209 490 2262; x_wconf 84' lang='grc' dir='ltr'>Θεοῦ</span> <span class='ocrx_word' id='word_1_153' title='bbox 523 2209 743 2261; x_wconf 83' lang='grc' dir='ltr'>ποιεῖτε·</span> <span class='ocrx_word' id='word_1_154' title='bbox 768 2226 786 2256; x_wconf 76' lang='grc' dir='ltr'>ι</span> <span class='ocrx_word' id='word_1_155' title='bbox 831 2206 927 2258; x_wconf 83' lang='grc' dir='ltr'>ὅσα</span> <span class='ocrx_word' id='word_1_156' title='bbox 965 2206 1066 2258; x_wconf 79' lang='grc' dir='ltr'>ὑπὸ</span> <span class='ocrx_word' id='word_1_157' title='bbox 1100 2205 1187 2258; x_wconf 82' lang='grc' dir='ltr'>τὸν</span> <span class='ocrx_word' id='word_1_158' title='bbox 1218 2206 1415 2259; x_wconf 86' lang='grc' dir='ltr'>κανόνα</span> <span class='ocrx_word' id='word_1_159' title='bbox 1443 2203 1518 2275; x_wconf 84' lang='grc'>(6)</span> <span class='ocrx_word' id='word_1_160' title='bbox 1542 2203 1640 2272; x_wconf 75' lang='grc' dir='ltr'>τῆς</span> <span class='ocrx_word' id='word_1_161' title='bbox 1685 2204 1914 2265; x_wconf 86' lang='grc' dir='ltr'>πίστεως</span> 
     </span>
    </p>
   </div>
   <div class='ocr_carea' id='block_1_23' title="bbox 357 2300 967 2370">
    <p class='ocr_par' dir='ltr' id='par_1_23' title="bbox 357 2300 967 2370">
     <span class='ocr_line' id='line_1_23' title="bbox 357 2300 967 2370; baseline -0.005 -18"><span class='ocrx_word' id='word_1_162' title='bbox 357 2303 529 2352; x_wconf 80' lang='grc' dir='ltr'>ποιεῖν</span> <span class='ocrx_word' id='word_1_163' title='bbox 561 2300 967 2370; x_wconf 75' lang='grc' dir='ltr'>ἐπιτέτραπται.</span> 
     </span>
    </p>
   </div>
   <div class='ocr_carea' id='block_1_24' title="bbox 2031 744 3596 823">
    <p class='ocr_par' dir='ltr' id='par_1_24' title="bbox 2031 744 3596 823">
     <span class='ocr_line' id='line_1_24' title="bbox 2031 744 3596 823; baseline 0.007 -25"><span class='ocrx_word' id='word_1_164' title='bbox 2031 753 2139 798; x_wconf 78' lang='lat' dir='ltr'>teat.</span> <span class='ocrx_word' id='word_1_165' title='bbox 2166 758 2287 796; x_wconf 74' lang='lat' dir='ltr'>csse</span> <span class='ocrx_word' id='word_1_166' title='bbox 2317 745 2595 812; x_wconf 76' lang='lat' dir='ltr'>expeditos</span> <span class='ocrx_word' id='word_1_167' title='bbox 2625 744 2690 796; x_wconf 88' lang='lat' dir='ltr'>ad</span> <span class='ocrx_word' id='word_1_168' title='bbox 2717 761 2940 813; x_wconf 83' lang='lat' dir='ltr'>omnes;</span> <span class='ocrx_word' id='word_1_169' title='bbox 2973 758 3064 802; x_wconf 86' lang='lat' dir='ltr'>aut</span> <span class='ocrx_word' id='word_1_170' title='bbox 3089 749 3262 804; x_wconf 80' lang='lat' dir='ltr'>eﬂ&#39;ecti</span> <span class='ocrx_word' id='word_1_171' title='bbox 3291 755 3596 823; x_wconf 76' lang='lat' dir='ltr'>exemplum</span> 
     </span>
    </p>
   </div>
   <div class='ocr_carea' id='block_1_25' title="bbox 2027 833 3596 909">
    <p class='ocr_par' dir='ltr' id='par_1_25' title="bbox 2027 833 3596 909">
     <span class='ocr_line' id='line_1_25' title="bbox 2027 833 3596 909; baseline 0.006 -21"><span class='ocrx_word' id='word_1_172' title='bbox 2027 835 2115 899; x_wconf 89' lang='lat' dir='ltr'>iis,</span> <span class='ocrx_word' id='word_1_173' title='bbox 2150 833 2243 901; x_wconf 88' lang='lat' dir='ltr'><strong>qui</strong></span> <span class='ocrx_word' id='word_1_174' title='bbox 2283 834 2468 888; x_wconf 87' lang='lat' dir='ltr'>volunt</span> <span class='ocrx_word' id='word_1_175' title='bbox 2500 835 2840 890; x_wconf 77' lang='lat' dir='ltr'>continentes</span> <span class='ocrx_word' id='word_1_176' title='bbox 2876 851 3018 903; x_wconf 90' lang='lat' dir='ltr'>esse,</span> <span class='ocrx_word' id='word_1_177' title='bbox 3060 849 3117 892; x_wconf 91' lang='lat' dir='ltr'>ut</span> <span class='ocrx_word' id='word_1_178' title='bbox 3142 840 3234 909; x_wconf 92' lang='lat' dir='ltr'><strong>qui</strong></span> <span class='ocrx_word' id='word_1_179' title='bbox 3264 856 3372 895; x_wconf 92' lang='lat' dir='ltr'>non</span> <span class='ocrx_word' id='word_1_180' title='bbox 3410 842 3480 895; x_wconf 87' lang='lat' dir='ltr'>ita</span> <span class='ocrx_word' id='word_1_181' title='bbox 3510 845 3596 898; x_wconf 89' lang='lat' dir='ltr'>in-</span> 
     </span>
    </p>
   </div>
   <div class='ocr_carea' id='block_1_26' title="bbox 2026 922 3599 996">
    <p class='ocr_par' dir='ltr' id='par_1_26' title="bbox 2026 922 3599 996">
     <span class='ocr_line' id='line_1_26' title="bbox 2026 922 3599 996; baseline 0.007 -20"><span class='ocrx_word' id='word_1_182' title='bbox 2026 922 2219 976; x_wconf 86' lang='lat' dir='ltr'>structi</span> <span class='ocrx_word' id='word_1_183' title='bbox 2254 923 2444 987; x_wconf 87' lang='lat' dir='ltr'>sinms,</span> <span class='ocrx_word' id='word_1_184' title='bbox 2479 933 2536 978; x_wconf 92' lang='lat' dir='ltr'>ut</span> <span class='ocrx_word' id='word_1_185' title='bbox 2563 939 2686 994; x_wconf 68' lang='lat' dir='ltr'>qua:</span> <span class='ocrx_word' id='word_1_186' title='bbox 2720 926 2877 981; x_wconf 89' lang='lat' dir='ltr'>nobis</span> <span class='ocrx_word' id='word_1_187' title='bbox 2909 939 3256 996; x_wconf 86' lang='lat' dir='ltr'>apponuntur</span> <span class='ocrx_word' id='word_1_188' title='bbox 3285 947 3394 985; x_wconf 92' lang='lat' dir='ltr'>non</span> <span class='ocrx_word' id='word_1_189' title='bbox 3422 932 3599 987; x_wconf 84' lang='lat' dir='ltr'>liben-</span> 
     </span>
    </p>
   </div>
   <div class='ocr_carea' id='block_1_27' title="bbox 2025 1017 3599 1084">
    <p class='ocr_par' dir='ltr' id='par_1_27' title="bbox 2025 1017 3599 1084">
     <span class='ocr_line' id='line_1_27' title="bbox 2025 1017 3599 1084; baseline 0.01 -16"><span class='ocrx_word' id='word_1_190' title='bbox 2025 1024 2110 1070; x_wconf 90' lang='lat' dir='ltr'>ter</span> <span class='ocrx_word' id='word_1_191' title='bbox 2141 1017 2506 1083; x_wconf 88' lang='lat' dir='ltr'>comedamus,</span> <span class='ocrx_word' id='word_1_192' title='bbox 2546 1028 2599 1070; x_wconf 89' lang='lat' dir='ltr'>et</span> <span class='ocrx_word' id='word_1_193' title='bbox 2645 1028 2844 1074; x_wconf 92' lang='lat' dir='ltr'>temere</span> <span class='ocrx_word' id='word_1_194' title='bbox 2874 1037 2999 1075; x_wconf 94' lang='lat' dir='ltr'>cum</span> <span class='ocrx_word' id='word_1_195' title='bbox 3041 1023 3266 1080; x_wconf 85' lang='lat' dir='ltr'>muliere</span> <span class='ocrx_word' id='word_1_196' title='bbox 3299 1027 3599 1084; x_wconf 74' lang='lat' dir='ltr'>habeamus</span> 
     </span>
    </p>
   </div>
   <div class='ocr_carea' id='block_1_28' title="bbox 2024 1107 3595 1186">
    <p class='ocr_par' dir='ltr' id='par_1_28' title="bbox 2024 1107 3595 1186">
     <span class='ocr_line' id='line_1_28' title="bbox 2024 1107 3595 1186; baseline 0.008 -24"><span class='ocrx_word' id='word_1_197' title='bbox 2024 1108 2493 1163; x_wconf 88' lang='lat' dir='ltr'>consuetudinem.</span> <span class='ocrx_word' id='word_1_198' title='bbox 2551 1107 2785 1164; x_wconf 71' lang='lat' dir='ltr'>Maxime</span> <span class='ocrx_word' id='word_1_199' title='bbox 2834 1121 3014 1167; x_wconf 85' lang='lat' dir='ltr'>autem</span> <span class='ocrx_word' id='word_1_200' title='bbox 3069 1129 3165 1168; x_wconf 88' lang='lat' dir='ltr'>eos</span> <span class='ocrx_word' id='word_1_201' title='bbox 3195 1154 3209 1178; x_wconf 91' lang='lat'>,</span> <span class='ocrx_word' id='word_1_202' title='bbox 3258 1118 3455 1186; x_wconf 85' lang='lat' dir='ltr'>quibus</span> <span class='ocrx_word' id='word_1_203' title='bbox 3511 1129 3595 1175; x_wconf 82' lang='lat' dir='ltr'>est</span> 
     </span>
    </p>
   </div>
   <div class='ocr_carea' id='block_1_29' title="bbox 2024 1198 3593 1279">
    <p class='ocr_par' dir='ltr' id='par_1_29' title="bbox 2024 1198 3593 1279">
     <span class='ocr_line' id='line_1_29' title="bbox 2024 1198 3593 1279; baseline 0.009 -27"><span class='ocrx_word' id='word_1_204' title='bbox 2024 1198 2228 1252; x_wconf 90' lang='lat' dir='ltr'>credita</span> <span class='ocrx_word' id='word_1_205' title='bbox 2258 1209 2400 1254; x_wconf 88' lang='lat' dir='ltr'>tanta</span> <span class='ocrx_word' id='word_1_206' title='bbox 2427 1201 2764 1270; x_wconf 80' lang='lat' dir='ltr'>dispensatio</span> <span class='ocrx_word' id='word_1_207' title='bbox 2783 1240 2799 1265; x_wconf 91' lang='lat'>,</span> <span class='ocrx_word' id='word_1_208' title='bbox 2848 1206 3100 1260; x_wconf 72' lang='lat' dir='ltr'>convenit</span> <span class='ocrx_word' id='word_1_209' title='bbox 3132 1207 3371 1276; x_wconf 71' lang='lat' dir='ltr'>prasbere</span> <span class='ocrx_word' id='word_1_210' title='bbox 3395 1226 3593 1279; x_wconf 88' lang='lat' dir='ltr'>purum</span> 
     </span>
    </p>
   </div>
   <div class='ocr_carea' id='block_1_30' title="bbox 2022 1291 3592 1364">
    <p class='ocr_par' dir='ltr' id='par_1_30' title="bbox 2022 1291 3592 1364">
     <span class='ocr_line' id='line_1_30' title="bbox 2022 1291 3592 1364; baseline 0.008 -20"><span class='ocrx_word' id='word_1_211' title='bbox 2022 1300 2076 1344; x_wconf 93' lang='lat' dir='ltr'>ct</span> <span class='ocrx_word' id='word_1_212' title='bbox 2103 1291 2247 1344; x_wconf 91' lang='lat' dir='ltr'>nulla</span> <span class='ocrx_word' id='word_1_213' title='bbox 2276 1292 2396 1346; x_wconf 88' lang='lat' dir='ltr'>labe</span> <span class='ocrx_word' id='word_1_214' title='bbox 2419 1294 2683 1362; x_wconf 88' lang='lat' dir='ltr'>pollutum</span> <span class='ocrx_word' id='word_1_215' title='bbox 2717 1297 2991 1364; x_wconf 78' lang='lat' dir='ltr'>exemplar</span> <span class='ocrx_word' id='word_1_216' title='bbox 3015 1298 3371 1354; x_wconf 76' lang='lat' dir='ltr'>discentibus.</span> <span class='ocrx_word' id='word_1_217' title='bbox 3403 1319 3420 1351; x_wconf 83' lang='grc' dir='ltr'>ι</span> <span class='ocrx_word' id='word_1_218' title='bbox 3459 1299 3592 1355; x_wconf 74' lang='lat' dir='ltr'>Nam</span> 
     </span>
    </p>
   </div>
   <div class='ocr_carea' id='block_1_31' title="bbox 2023 1383 3592 1454">
    <p class='ocr_par' dir='ltr' id='par_1_31' title="bbox 2023 1383 3592 1454">
     <span class='ocr_line' id='line_1_31' title="bbox 2023 1383 3592 1454; baseline 0.005 -18"><span class='ocrx_word' id='word_1_219' title='bbox 2023 1398 2148 1436; x_wconf 93' lang='lat' dir='ltr'>cum</span> <span class='ocrx_word' id='word_1_220' title='bbox 2202 1383 2354 1450; x_wconf 88' lang='lat' dir='ltr'>liber,</span> <span class='ocrx_word' id='word_1_221' title='bbox 2418 1386 2615 1454; x_wconf 85' lang='lat' dir='ltr'>inquit,</span> <span class='ocrx_word' id='word_1_222' title='bbox 2669 1400 2847 1440; x_wconf 91' lang='lat' dir='ltr'>essem</span> <span class='ocrx_word' id='word_1_223' title='bbox 2893 1402 2956 1439; x_wconf 79' lang='lat' dir='ltr'>ex</span> <span class='ocrx_word' id='word_1_224' title='bbox 3012 1390 3300 1454; x_wconf 85' lang='lat' dir='ltr'>omnibus,</span> <span class='ocrx_word' id='word_1_225' title='bbox 3347 1391 3592 1444; x_wconf 88' lang='lat' dir='ltr'>omnium</span> 
     </span>
    </p>
   </div>
   <div class='ocr_carea' id='block_1_32' title="bbox 2021 1475 3595 1543">
    <p class='ocr_par' dir='ltr' id='par_1_32' title="bbox 2021 1475 3595 1543">
     <span class='ocr_line' id='line_1_32' title="bbox 2021 1475 3595 1543; baseline 0.007 -16"><span class='ocrx_word' id='word_1_226' title='bbox 2021 1490 2110 1528; x_wconf 90' lang='lat' dir='ltr'>me</span> <span class='ocrx_word' id='word_1_227' title='bbox 2141 1489 2354 1528; x_wconf 80' lang='lat' dir='ltr'>servum</span> <span class='ocrx_word' id='word_1_228' title='bbox 2385 1475 2506 1543; x_wconf 88' lang='lat' dir='ltr'>feci,</span> <span class='ocrx_word' id='word_1_229' title='bbox 2537 1484 2596 1530; x_wconf 93' lang='lat' dir='ltr'>ut</span> <span class='ocrx_word' id='word_1_230' title='bbox 2626 1491 2818 1531; x_wconf 90' lang='lat' dir='ltr'>omnes</span> <span class='ocrx_word' id='word_1_231' title='bbox 2843 1477 3236 1534; x_wconf 81' lang='lat' dir='ltr'>lucrifacerem.</span> <span class='ocrx_word' id='word_1_232' title='bbox 3276 1481 3470 1538; x_wconf 81' lang='lat' dir='ltr'>Omnis</span> <span class='ocrx_word' id='word_1_233' title='bbox 3492 1499 3595 1538; x_wconf 83' lang='lat' dir='ltr'>au-</span> 
     </span>
    </p>
   </div>
   <div class='ocr_carea' id='block_1_33' title="bbox 2022 1564 3593 1632">
    <p class='ocr_par' dir='ltr' id='par_1_33' title="bbox 2022 1564 3593 1632">
     <span class='ocr_line' id='line_1_33' title="bbox 2022 1564 3593 1632; baseline 0.006 -14"><span class='ocrx_word' id='word_1_234' title='bbox 2022 1574 2154 1628; x_wconf 89' lang='lat' dir='ltr'>tem,</span> <span class='ocrx_word' id='word_1_235' title='bbox 2191 1564 2284 1632; x_wconf 91' lang='lat' dir='ltr'>qui</span> <span class='ocrx_word' id='word_1_236' title='bbox 2313 1565 2364 1617; x_wconf 91' lang='lat' dir='ltr'><strong>in</strong></span> <span class='ocrx_word' id='word_1_237' title='bbox 2409 1568 2700 1621; x_wconf 85' lang='lat' dir='ltr'>certamine</span> <span class='ocrx_word' id='word_1_238' title='bbox 2739 1569 3039 1631; x_wconf 90' lang='lat' dir='ltr'>contendit,</span> <span class='ocrx_word' id='word_1_239' title='bbox 3085 1579 3169 1624; x_wconf 92' lang='lat' dir='ltr'>est</span> <span class='ocrx_word' id='word_1_240' title='bbox 3209 1573 3496 1630; x_wconf 90' lang='lat' dir='ltr'>continens</span> <span class='ocrx_word' id='word_1_241' title='bbox 3537 1575 3593 1629; x_wconf 88' lang='lat' dir='ltr'>iu</span> 
     </span>
    </p>
   </div>
   <div class='ocr_carea' id='block_1_34' title="bbox 2021 1653 3588 1730">
    <p class='ocr_par' dir='ltr' id='par_1_34' title="bbox 2021 1653 3588 1730">
     <span class='ocr_line' id='line_1_34' title="bbox 2021 1653 3588 1730; baseline 0.008 -22"><span class='ocrx_word' id='word_1_242' title='bbox 2021 1654 2278 1708; x_wconf 91' lang='lat' dir='ltr'>omnibus</span> <span class='ocrx_word' id='word_1_243' title='bbox 2305 1654 2354 1707; x_wconf 77' lang='grc' dir='ltr'>ι).</span> <span class='ocrx_word' id='word_1_244' title='bbox 2389 1653 2492 1708; x_wconf 90' lang='lat' dir='ltr'>Sed</span> <span class='ocrx_word' id='word_1_245' title='bbox 2522 1655 2733 1711; x_wconf 89' lang='lat' dir='ltr'>Domini</span> <span class='ocrx_word' id='word_1_246' title='bbox 2759 1667 2840 1713; x_wconf 91' lang='lat' dir='ltr'>est</span> <span class='ocrx_word' id='word_1_247' title='bbox 2867 1667 3032 1723; x_wconf 90' lang='lat' dir='ltr'>terra,</span> <span class='ocrx_word' id='word_1_248' title='bbox 3063 1669 3117 1714; x_wconf 88' lang='lat' dir='ltr'>et</span> <span class='ocrx_word' id='word_1_249' title='bbox 3151 1662 3426 1730; x_wconf 85' lang='lat' dir='ltr'>plenitudo</span> <span class='ocrx_word' id='word_1_250' title='bbox 3447 1667 3588 1730; x_wconf 88' lang='lat' dir='ltr'>eius.</span> 
     </span>
    </p>
   </div>
   <div class='ocr_carea' id='block_1_35' title="bbox 2021 1746 3594 1820">
    <p class='ocr_par' dir='ltr' id='par_1_35' title="bbox 2021 1746 3594 1820">
     <span class='ocr_line' id='line_1_35' title="bbox 2021 1746 3594 1820; baseline 0.008 -20"><span class='ocrx_word' id='word_1_251' title='bbox 2021 1749 2250 1816; x_wconf 76' lang='lat' dir='ltr'>Propter</span> <span class='ocrx_word' id='word_1_252' title='bbox 2290 1746 2674 1801; x_wconf 86' lang='lat' dir='ltr'>conscientiam</span> <span class='ocrx_word' id='word_1_253' title='bbox 2730 1771 2747 1800; x_wconf 72' lang='grc' dir='ltr'>ι</span> <span class='ocrx_word' id='word_1_254' title='bbox 2793 1768 2923 1820; x_wconf 81' lang='lat' dir='ltr'>ergo</span> <span class='ocrx_word' id='word_1_255' title='bbox 2966 1752 3350 1808; x_wconf 84' lang='lat' dir='ltr'>abstinendum</span> <span class='ocrx_word' id='word_1_256' title='bbox 3396 1769 3472 1810; x_wconf 87' lang='lat' dir='ltr'>est</span> <span class='ocrx_word' id='word_1_257' title='bbox 3525 1759 3594 1812; x_wconf 91' lang='lat' dir='ltr'>ab</span> 
     </span>
    </p>
   </div>
   <div class='ocr_carea' id='block_1_36' title="bbox 2020 1838 3593 1908">
    <p class='ocr_par' dir='ltr' id='par_1_36' title="bbox 2020 1838 3593 1908">
     <span class='ocr_line' id='line_1_36' title="bbox 2020 1838 3593 1908; baseline 0.006 -16"><span class='ocrx_word' id='word_1_258' title='bbox 2020 1838 2108 1902; x_wconf 92' lang='lat' dir='ltr'>iis,</span> <span class='ocrx_word' id='word_1_259' title='bbox 2144 1853 2173 1890; x_wconf 88' lang='lat' dir='ltr'>a</span> <span class='ocrx_word' id='word_1_260' title='bbox 2201 1838 2401 1905; x_wconf 86' lang='lat' dir='ltr'>quibus</span> <span class='ocrx_word' id='word_1_261' title='bbox 2433 1847 2516 1892; x_wconf 84' lang='lat' dir='ltr'>est</span> <span class='ocrx_word' id='word_1_262' title='bbox 2547 1839 2957 1908; x_wconf 88' lang='lat' dir='ltr'>abstinendum;</span> <span class='ocrx_word' id='word_1_263' title='bbox 3004 1862 3022 1894; x_wconf 77' lang='grc' dir='ltr'>ι</span> <span class='ocrx_word' id='word_1_264' title='bbox 3068 1844 3460 1900; x_wconf 85' lang='lat' dir='ltr'>conscientiam</span> <span class='ocrx_word' id='word_1_265' title='bbox 3493 1864 3593 1902; x_wconf 65' lang='grc' dir='ltr'>ιλιι--</span> 
     </span>
    </p>
   </div>
   <div class='ocr_carea' id='block_1_37' title="bbox 2020 1928 3597 2007">
    <p class='ocr_par' dir='ltr' id='par_1_37' title="bbox 2020 1928 3597 2007">
     <span class='ocr_line' id='line_1_37' title="bbox 2020 1928 3597 2007; baseline 0.008 -27"><span class='ocrx_word' id='word_1_266' title='bbox 2020 1935 2126 1982; x_wconf 91' lang='lat' dir='ltr'>tem</span> <span class='ocrx_word' id='word_1_267' title='bbox 2162 1928 2305 1994; x_wconf 87' lang='lat' dir='ltr'>dico,</span> <span class='ocrx_word' id='word_1_268' title='bbox 2341 1946 2448 1982; x_wconf 91' lang='lat' dir='ltr'>non</span> <span class='ocrx_word' id='word_1_269' title='bbox 2496 1945 2686 1996; x_wconf 90' lang='lat' dir='ltr'>suam;</span> <span class='ocrx_word' id='word_1_270' title='bbox 2727 1950 2746 1982; x_wconf 75' lang='grc' dir='ltr'>ι</span> <span class='ocrx_word' id='word_1_271' title='bbox 2779 1941 2860 1986; x_wconf 86' lang='lat' dir='ltr'>est</span> <span class='ocrx_word' id='word_1_272' title='bbox 2897 1936 3041 1988; x_wconf 92' lang='lat' dir='ltr'>enim</span> <span class='ocrx_word' id='word_1_273' title='bbox 3092 1936 3406 2007; x_wconf 84' lang='lat' dir='ltr'>cognitione</span> <span class='ocrx_word' id='word_1_274' title='bbox 3459 1954 3597 2007; x_wconf 76' lang='lat' dir='ltr'>pra:-</span> 
     </span>
    </p>
   </div>
   <div class='ocr_carea' id='block_1_38' title="bbox 2019 2020 3598 2097">
    <p class='ocr_par' dir='ltr' id='par_1_38' title="bbox 2019 2020 3598 2097">
     <span class='ocr_line' id='line_1_38' title="bbox 2019 2020 3598 2097; baseline 0.006 -25"><span class='ocrx_word' id='word_1_275' title='bbox 2019 2020 2162 2084; x_wconf 91' lang='lat' dir='ltr'>dita;</span> <span class='ocrx_word' id='word_1_276' title='bbox 2205 2020 2298 2074; x_wconf 91' lang='lat' dir='ltr'>sed</span> <span class='ocrx_word' id='word_1_277' title='bbox 2327 2020 2574 2084; x_wconf 89' lang='lat' dir='ltr'>alterius,</span> <span class='ocrx_word' id='word_1_278' title='bbox 2620 2037 2688 2074; x_wconf 90' lang='lat' dir='ltr'>ne</span> <span class='ocrx_word' id='word_1_279' title='bbox 2729 2024 2865 2076; x_wconf 90' lang='lat' dir='ltr'>male</span> <span class='ocrx_word' id='word_1_280' title='bbox 2891 2025 3204 2089; x_wconf 79' lang='lat' dir='ltr'>:edificetur,</span> <span class='ocrx_word' id='word_1_281' title='bbox 3245 2043 3342 2096; x_wconf 92' lang='lat' dir='ltr'>per</span> <span class='ocrx_word' id='word_1_282' title='bbox 3379 2027 3598 2097; x_wconf 79' lang='lat' dir='ltr'>ignora-</span> 
     </span>
    </p>
   </div>
   <div class='ocr_carea' id='block_1_39' title="bbox 2020 2111 3596 2188">
    <p class='ocr_par' dir='ltr' id='par_1_39' title="bbox 2020 2111 3596 2188">
     <span class='ocr_line' id='line_1_39' title="bbox 2020 2111 3596 2188; baseline 0.008 -26"><span class='ocrx_word' id='word_1_283' title='bbox 2020 2111 2222 2164; x_wconf 91' lang='lat' dir='ltr'>tionem</span> <span class='ocrx_word' id='word_1_284' title='bbox 2272 2111 2534 2165; x_wconf 89' lang='lat' dir='ltr'>imitando</span> <span class='ocrx_word' id='word_1_285' title='bbox 2582 2112 2667 2178; x_wconf 90' lang='lat' dir='ltr'>id,</span> <span class='ocrx_word' id='word_1_286' title='bbox 2703 2113 2847 2182; x_wconf 81' lang='lat' dir='ltr'>quod</span> <span class='ocrx_word' id='word_1_287' title='bbox 2884 2131 2987 2168; x_wconf 91' lang='lat' dir='ltr'>non</span> <span class='ocrx_word' id='word_1_288' title='bbox 3035 2119 3344 2187; x_wconf 78' lang='lat' dir='ltr'>cognoscit,</span> <span class='ocrx_word' id='word_1_289' title='bbox 3394 2129 3448 2173; x_wconf 89' lang='lat' dir='ltr'>et</span> <span class='ocrx_word' id='word_1_290' title='bbox 3497 2137 3596 2188; x_wconf 88' lang='lat' dir='ltr'>pro</span> 
     </span>
    </p>
   </div>
   <div class='ocr_carea' id='block_1_40' title="bbox 2019 2204 3591 2275">
    <p class='ocr_par' dir='ltr' id='par_1_40' title="bbox 2019 2204 3591 2275">
     <span class='ocr_line' id='line_1_40' title="bbox 2019 2204 3591 2275; baseline 0.004 -18"><span class='ocrx_word' id='word_1_291' title='bbox 2019 2204 2219 2258; x_wconf 79' lang='lat' dir='ltr'>excelsi</span> <span class='ocrx_word' id='word_1_292' title='bbox 2245 2205 2411 2258; x_wconf 91' lang='lat' dir='ltr'>animi</span> <span class='ocrx_word' id='word_1_293' title='bbox 2439 2205 2556 2258; x_wconf 80' lang='lat' dir='ltr'>viro</span> <span class='ocrx_word' id='word_1_294' title='bbox 2587 2204 2679 2259; x_wconf 89' lang='lat' dir='ltr'>fiat</span> <span class='ocrx_word' id='word_1_295' title='bbox 2705 2215 3063 2275; x_wconf 87' lang='lat' dir='ltr'>contemptor.</span> <span class='ocrx_word' id='word_1_296' title='bbox 3096 2227 3113 2258; x_wconf 80' lang='grc' dir='ltr'>ι</span> <span class='ocrx_word' id='word_1_297' title='bbox 3142 2209 3252 2262; x_wconf 89' lang='lat' dir='ltr'>Cur</span> <span class='ocrx_word' id='word_1_298' title='bbox 3297 2211 3439 2264; x_wconf 91' lang='lat' dir='ltr'>enim</span> <span class='ocrx_word' id='word_1_299' title='bbox 3475 2228 3591 2265; x_wconf 88' lang='lat' dir='ltr'>mea</span> 
     </span>
    </p>
   </div>
   <div class='ocr_carea' id='block_1_41' title="bbox 2020 2295 3593 2374">
    <p class='ocr_par' dir='ltr' id='par_1_41' title="bbox 2020 2295 3593 2374">
     <span class='ocr_line' id='line_1_41' title="bbox 2020 2295 3593 2374; baseline 0.004 -26"><span class='ocrx_word' id='word_1_300' title='bbox 2020 2295 2244 2349; x_wconf 89' lang='lat' dir='ltr'>libertas</span> <span class='ocrx_word' id='word_1_301' title='bbox 2280 2295 2553 2363; x_wconf 86' lang='lat' dir='ltr'>judiealur</span> <span class='ocrx_word' id='word_1_302' title='bbox 2578 2296 2646 2350; x_wconf 92' lang='lat' dir='ltr'>ab</span> <span class='ocrx_word' id='word_1_303' title='bbox 2671 2297 2776 2350; x_wconf 88' lang='lat' dir='ltr'>alia</span> <span class='ocrx_word' id='word_1_304' title='bbox 2806 2298 3183 2354; x_wconf 73' lang='lat' dir='ltr'>conscientia?</span> <span class='ocrx_word' id='word_1_305' title='bbox 3235 2301 3291 2354; x_wconf 92' lang='lat' dir='ltr'>Si</span> <span class='ocrx_word' id='word_1_306' title='bbox 3334 2317 3433 2374; x_wconf 76' lang='lat' dir='ltr'>ego</span> <span class='ocrx_word' id='word_1_307' title='bbox 3470 2319 3593 2358; x_wconf 88' lang='lat' dir='ltr'>cum</span> 
     </span>
    </p>
   </div>
   <div class='ocr_carea' id='block_1_42' title="bbox 356 2385 3598 2463">
    <p class='ocr_par' dir='ltr' id='par_1_42' title="bbox 356 2385 3598 2463">
     <span class='ocr_line' id='line_1_42' title="bbox 356 2385 3598 2463; baseline 0.001 -19"><span class='ocrx_word' id='word_1_308' title='bbox 356 2391 525 2461; x_wconf 82' lang='lat' dir='ltr'>gratia</span> <span class='ocrx_word' id='word_1_309' title='bbox 569 2390 853 2460; x_wconf 83' lang='lat' dir='ltr'>participe,</span> <span class='ocrx_word' id='word_1_310' title='bbox 889 2403 987 2443; x_wconf 90' lang='lat' dir='ltr'>cur</span> <span class='ocrx_word' id='word_1_311' title='bbox 1029 2387 1326 2441; x_wconf 88' lang='lat' dir='ltr'>maledictis</span> <span class='ocrx_word' id='word_1_312' title='bbox 1357 2395 1580 2456; x_wconf 87' lang='lat' dir='ltr'>appetor</span> <span class='ocrx_word' id='word_1_313' title='bbox 1603 2400 1699 2454; x_wconf 90' lang='lat' dir='ltr'>pro</span> <span class='ocrx_word' id='word_1_314' title='bbox 1741 2399 1826 2444; x_wconf 89' lang='lat' dir='ltr'>eo,</span> <span class='ocrx_word' id='word_1_315' title='bbox 1874 2397 1972 2452; x_wconf 89' lang='lat' dir='ltr'>pro</span> <span class='ocrx_word' id='word_1_316' title='bbox 2001 2399 2110 2453; x_wconf 93' lang='lat' dir='ltr'>quo</span> <span class='ocrx_word' id='word_1_317' title='bbox 2143 2385 2342 2454; x_wconf 82' lang='lat' dir='ltr'>gratias</span> <span class='ocrx_word' id='word_1_318' title='bbox 2381 2385 2515 2454; x_wconf 81' lang='lat' dir='ltr'>ago?</span> <span class='ocrx_word' id='word_1_319' title='bbox 2573 2386 2766 2439; x_wconf 84' lang='lat' dir='ltr'>Omnia</span> <span class='ocrx_word' id='word_1_320' title='bbox 2806 2402 2958 2457; x_wconf 84' lang='lat' dir='ltr'>ergo,</span> <span class='ocrx_word' id='word_1_321' title='bbox 2995 2404 3118 2458; x_wconf 68' lang='lat' dir='ltr'>quae</span> <span class='ocrx_word' id='word_1_322' title='bbox 3153 2387 3352 2459; x_wconf 88' lang='lat' dir='ltr'>facitis,</span> <span class='ocrx_word' id='word_1_323' title='bbox 3402 2392 3454 2446; x_wconf 92' lang='lat' dir='ltr'>in</span> <span class='ocrx_word' id='word_1_324' title='bbox 3485 2393 3598 2463; x_wconf 82' lang='lat' dir='ltr'>glo-</span> 
     </span>
    </p>
   </div>
   <div class='ocr_carea' id='block_1_43' title="bbox 357 2476 2456 2548">
    <p class='ocr_par' dir='ltr' id='par_1_43' title="bbox 357 2476 2456 2548">
     <span class='ocr_line' id='line_1_43' title="bbox 357 2476 2456 2548; baseline -0.003 -11"><span class='ocrx_word' id='word_1_325' title='bbox 357 2486 494 2538; x_wconf 88' lang='lat' dir='ltr'>riam</span> <span class='ocrx_word' id='word_1_326' title='bbox 529 2481 624 2536; x_wconf 85' lang='lat' dir='ltr'>Dei</span> <span class='ocrx_word' id='word_1_327' title='bbox 659 2479 820 2536; x_wconf 88' lang='lat' dir='ltr'>facite</span> <span class='ocrx_word' id='word_1_328' title='bbox 845 2490 866 2518; x_wconf 76' lang='grc' dir='ltr'><strong>ο</strong></span> <span class='ocrx_word' id='word_1_329' title='bbox 892 2497 906 2544; x_wconf 87' lang='grc'><strong>;</strong></span> <span class='ocrx_word' id='word_1_330' title='bbox 947 2500 966 2530; x_wconf 73' lang='grc' dir='ltr'>ι</span> <span class='ocrx_word' id='word_1_331' title='bbox 1001 2494 1121 2548; x_wconf 67' lang='lat' dir='ltr'>qua:</span> <span class='ocrx_word' id='word_1_332' title='bbox 1145 2478 1352 2532; x_wconf 89' lang='lat' dir='ltr'>scilicet</span> <span class='ocrx_word' id='word_1_333' title='bbox 1378 2493 1408 2531; x_wconf 85' lang='lat' dir='ltr'>a</span> <span class='ocrx_word' id='word_1_334' title='bbox 1441 2479 1624 2548; x_wconf 80' lang='lat' dir='ltr'>regula</span> <span class='ocrx_word' id='word_1_335' title='bbox 1656 2477 1774 2530; x_wconf 84' lang='lat' dir='ltr'>fidei</span> <span class='ocrx_word' id='word_1_336' title='bbox 1801 2477 2122 2546; x_wconf 89' lang='lat' dir='ltr'>permissum</span> <span class='ocrx_word' id='word_1_337' title='bbox 2149 2486 2230 2530; x_wconf 89' lang='lat' dir='ltr'>est</span> <span class='ocrx_word' id='word_1_338' title='bbox 2261 2476 2456 2530; x_wconf 71' lang='lat' dir='ltr'>facere.</span> 
     </span>
    </p>
   </div>
   <div class='ocr_carea' id='block_1_44' title="bbox 1765 2620 2176 2675">
    <p class='ocr_par' dir='ltr' id='par_1_44' title="bbox 1765 2620 2176 2675">
     <span class='ocr_line' id='line_1_44' title="bbox 1765 2620 2176 2675; baseline 0 0"><span class='ocrx_word' id='word_1_339' title='bbox 1765 2620 1994 2675; x_wconf 83' lang='lat' dir='ltr'><strong>CAPUT</strong></span> <span class='ocrx_word' id='word_1_340' title='bbox 2035 2621 2176 2674; x_wconf 72' lang='lat' dir='ltr'>XVI.</span> 
     </span>
    </p>
   </div>
   <div class='ocr_carea' id='block_1_45' title="bbox 771 2715 3149 2784">
    <p class='ocr_par' dir='ltr' id='par_1_45' title="bbox 771 2715 3149 2784">
     <span class='ocr_line' id='line_1_45' title="bbox 771 2715 3149 2784; baseline -0 -12"><span class='ocrx_word' id='word_1_341' title='bbox 771 2717 1027 2784; x_wconf 62' lang='lat' dir='ltr'>Quaedam</span> <span class='ocrx_word' id='word_1_342' title='bbox 1053 2716 1340 2779; x_wconf 74' lang='lat' dir='ltr'>Scriptura:</span> <span class='ocrx_word' id='word_1_343' title='bbox 1362 2718 1475 2771; x_wconf 83' lang='lat' dir='ltr'>loca</span> <span class='ocrx_word' id='word_1_344' title='bbox 1499 2717 1564 2771; x_wconf 81' lang='lat' dir='ltr'>de</span> <span class='ocrx_word' id='word_1_345' title='bbox 1595 2717 1910 2776; x_wconf 78' lang='lat' dir='ltr'>constantia.</span> <span class='ocrx_word' id='word_1_346' title='bbox 1933 2718 2188 2783; x_wconf 74' lang='lat' dir='ltr'>patientia</span> <span class='ocrx_word' id='word_1_347' title='bbox 2212 2725 2258 2768; x_wconf 86' lang='lat' dir='ltr'>et</span> <span class='ocrx_word' id='word_1_348' title='bbox 2287 2715 2544 2768; x_wconf 77' lang='lat' dir='ltr'>cliaritate</span> <span class='ocrx_word' id='word_1_349' title='bbox 2571 2725 2864 2780; x_wconf 63' lang='lat' dir='ltr'>martyrum</span> <span class='ocrx_word' id='word_1_350' title='bbox 2889 2716 3149 2772; x_wconf 73' lang='lat' dir='ltr'>illustrat.</span> 
     </span>
    </p>
   </div>
   <div class='ocr_carea' id='block_1_46' title="bbox 429 2831 1913 2904">
    <p class='ocr_par' dir='ltr' id='par_1_46' title="bbox 429 2831 1913 2904">
     <span class='ocr_line' id='line_1_46' title="bbox 429 2831 1913 2904; baseline 0 -20"><span class='ocrx_word' id='word_1_351' title='bbox 429 2851 447 2883; x_wconf 81' lang='grc' dir='ltr'>ι</span> <span class='ocrx_word' id='word_1_352' title='bbox 483 2833 694 2904; x_wconf 78' lang='grc' dir='ltr'>Καρδίᾳ</span> <span class='ocrx_word' id='word_1_353' title='bbox 729 2833 826 2904; x_wconf 84' lang='grc' dir='ltr'>μὲν</span> <span class='ocrx_word' id='word_1_354' title='bbox 850 2834 1156 2886; x_wconf 82' lang='grc' dir='ltr'>πιστεύεται</span> <span class='ocrx_word' id='word_1_355' title='bbox 1183 2835 1259 2896; x_wconf 83' lang='grc' dir='ltr'>είς</span> <span class='ocrx_word' id='word_1_356' title='bbox 1293 2832 1658 2902; x_wconf 87' lang='grc' dir='ltr'>δικαιοσύνην,</span> <span class='ocrx_word' id='word_1_357' title='bbox 1689 2831 1913 2902; x_wconf 84' lang='grc' dir='ltr'>στόματι</span> 
     </span>
    </p>
   </div>
   <div class='ocr_carea' id='block_1_47' title="bbox 353 2922 1908 2996">
    <p class='ocr_par' dir='ltr' id='par_1_47' title="bbox 353 2922 1908 2996">
     <span class='ocr_line' id='line_1_47' title="bbox 353 2922 1908 2996; baseline 0.002 -23"><span class='ocrx_word' id='word_1_358' title='bbox 353 2922 407 2973; x_wconf 76' lang='grc' dir='ltr'>δὲ</span> <span class='ocrx_word' id='word_1_359' title='bbox 434 2923 769 2992; x_wconf 82' lang='grc' dir='ltr'>ὁμολογεῖται</span> <span class='ocrx_word' id='word_1_360' title='bbox 797 2927 875 2987; x_wconf 84' lang='grc' dir='ltr'>εἰς</span> <span class='ocrx_word' id='word_1_361' title='bbox 896 2926 1186 2996; x_wconf 76' lang='grc' dir='ltr'>σωτηρίαν.</span> <span class='ocrx_word' id='word_1_362' title='bbox 1205 2926 1363 2992; x_wconf 83' lang='grc' dir='ltr'>Λέγει</span> <span class='ocrx_word' id='word_1_363' title='bbox 1388 2924 1516 2994; x_wconf 80' lang='grc' dir='ltr'>γοῦν</span> <span class='ocrx_word' id='word_1_364' title='bbox 1537 2925 1610 2995; x_wconf 86' lang='grc'>(7)</span> <span class='ocrx_word' id='word_1_365' title='bbox 1637 2927 1668 2995; x_wconf 84' lang='grc' dir='ltr'>ἡ</span> <span class='ocrx_word' id='word_1_366' title='bbox 1701 2925 1908 2995; x_wconf 73' lang='grc' dir='ltr'>Γραφή-</span> 
     </span>
    </p>
   </div>
   <div class='ocr_carea' id='block_1_48' title="bbox 359 3012 1907 3087">
    <p class='ocr_par' dir='ltr' id='par_1_48' title="bbox 359 3012 1907 3087">
     <span class='ocr_line' id='line_1_48' title="bbox 359 3012 1907 3087; baseline 0.004 -25"><span class='ocrx_word' id='word_1_367' title='bbox 359 3012 470 3074; x_wconf 79' lang='lat' dir='ltr'>Ili;</span> <span class='ocrx_word' id='word_1_368' title='bbox 516 3014 544 3064; x_wconf 84' lang='grc' dir='ltr'>ὁ</span> <span class='ocrx_word' id='word_1_369' title='bbox 595 3015 860 3068; x_wconf 77' lang='grc' dir='ltr'>πιστεύων</span> <span class='ocrx_word' id='word_1_370' title='bbox 911 3018 996 3068; x_wconf 78' lang='grc' dir='ltr'>ἐπ’</span> <span class='ocrx_word' id='word_1_371' title='bbox 1043 3017 1190 3087; x_wconf 84' lang='grc' dir='ltr'>αύτῷ</span> <span class='ocrx_word' id='word_1_372' title='bbox 1247 3018 1305 3069; x_wconf 86' lang='grc' dir='ltr'>ού</span> <span class='ocrx_word' id='word_1_373' title='bbox 1359 3016 1907 3086; x_wconf 78' lang='grc' dir='ltr'>καταισχυνθήσεται’</span> 
     </span>
    </p>
   </div>
   <div class='ocr_carea' id='block_1_49' title="bbox 351 3103 1905 3178">
    <p class='ocr_par' dir='ltr' id='par_1_49' title="bbox 351 3103 1905 3178">
     <span class='ocr_line' id='line_1_49' title="bbox 351 3103 1905 3178; baseline 0.004 -25"><span class='ocrx_word' id='word_1_374' title='bbox 351 3103 592 3156; x_wconf 80' lang='grc' dir='ltr'>τουτέστι</span> <span class='ocrx_word' id='word_1_375' title='bbox 623 3103 696 3175; x_wconf 92' lang='grc'>(8)</span> <span class='ocrx_word' id='word_1_376' title='bbox 747 3105 808 3158; x_wconf 80' lang='grc' dir='ltr'>τὸ</span> <span class='ocrx_word' id='word_1_377' title='bbox 857 3108 1006 3178; x_wconf 77' lang='grc' dir='ltr'>ῥῆμα</span> <span class='ocrx_word' id='word_1_378' title='bbox 1051 3109 1149 3178; x_wconf 85' lang='grc' dir='ltr'>τῆς</span> <span class='ocrx_word' id='word_1_379' title='bbox 1196 3109 1428 3172; x_wconf 87' lang='grc' dir='ltr'>πίστεως</span> <span class='ocrx_word' id='word_1_380' title='bbox 1472 3109 1500 3160; x_wconf 84' lang='grc' dir='ltr'><strong>ὃ</strong></span> <span class='ocrx_word' id='word_1_381' title='bbox 1545 3108 1905 3178; x_wconf 77' lang='grc' dir='ltr'>κηρύσσομεν·</span> 
     </span>
    </p>
   </div>
   <div class='ocr_carea' id='block_1_50' title="bbox 358 3191 1912 3270">
    <p class='ocr_par' dir='ltr' id='par_1_50' title="bbox 358 3191 1912 3270">
     <span class='ocr_line' id='line_1_50' title="bbox 358 3191 1912 3270; baseline 0.006 -27"><span class='ocrx_word' id='word_1_382' title='bbox 358 3191 436 3244; x_wconf 83' lang='grc' dir='ltr'>ὅτι</span> <span class='ocrx_word' id='word_1_383' title='bbox 463 3193 554 3245; x_wconf 75' lang='grc' dir='ltr'>ἐὰν</span> <span class='ocrx_word' id='word_1_384' title='bbox 582 3194 917 3266; x_wconf 78' lang='grc' dir='ltr'>ὁμολογήσῃς</span> <span class='ocrx_word' id='word_1_385' title='bbox 949 3197 1008 3250; x_wconf 85' lang='grc' dir='ltr'>τὺ</span> <span class='ocrx_word' id='word_1_386' title='bbox 1047 3200 1195 3269; x_wconf 74' lang='grc' dir='ltr'>ῥῆμα</span> <span class='ocrx_word' id='word_1_387' title='bbox 1229 3199 1286 3250; x_wconf 81' lang='grc' dir='ltr'>ὲν</span> <span class='ocrx_word' id='word_1_388' title='bbox 1319 3198 1396 3269; x_wconf 83' lang='grc' dir='ltr'>τῷ</span> <span class='ocrx_word' id='word_1_389' title='bbox 1443 3199 1668 3270; x_wconf 85' lang='grc' dir='ltr'>στόματί</span> <span class='ocrx_word' id='word_1_390' title='bbox 1707 3217 1799 3251; x_wconf 87' lang='grc' dir='ltr'>σου</span> <span class='ocrx_word' id='word_1_391' title='bbox 1833 3201 1912 3252; x_wconf 82' lang='grc' dir='ltr'>ὅτι</span> 
     </span>
    </p>
   </div>
   <div class='ocr_carea' id='block_1_51' title="bbox 359 3282 1911 3358">
    <p class='ocr_par' dir='ltr' id='par_1_51' title="bbox 359 3282 1911 3358">
     <span class='ocr_line' id='line_1_51' title="bbox 359 3282 1911 3358; baseline 0.004 -25"><span class='ocrx_word' id='word_1_392' title='bbox 359 3282 559 3354; x_wconf 86' lang='grc' dir='ltr'>Κύριος</span> <span class='ocrx_word' id='word_1_393' title='bbox 601 3285 821 3354; x_wconf 78' lang='grc' dir='ltr'>Ἰησοῦς,</span> <span class='ocrx_word' id='word_1_394' title='bbox 852 3288 944 3340; x_wconf 75' lang='grc' dir='ltr'>καὶ</span> <span class='ocrx_word' id='word_1_395' title='bbox 975 3289 1270 3358; x_wconf 77' lang='grc' dir='ltr'>πιστεύσῃς</span> <span class='ocrx_word' id='word_1_396' title='bbox 1299 3289 1356 3340; x_wconf 83' lang='grc' dir='ltr'>ἐν</span> <span class='ocrx_word' id='word_1_397' title='bbox 1386 3291 1450 3358; x_wconf 83' lang='grc' dir='ltr'>τῇ</span> <span class='ocrx_word' id='word_1_398' title='bbox 1493 3288 1687 3358; x_wconf 78' lang='grc' dir='ltr'>καρδίᾳ</span> <span class='ocrx_word' id='word_1_399' title='bbox 1717 3305 1805 3339; x_wconf 87' lang='grc' dir='ltr'>σου</span> <span class='ocrx_word' id='word_1_400' title='bbox 1832 3289 1911 3340; x_wconf 77' lang='grc' dir='ltr'>ὅτι</span> 
     </span>
    </p>
   </div>
   <div class='ocr_carea' id='block_1_52' title="bbox 355 3370 1906 3450">
    <p class='ocr_par' dir='ltr' id='par_1_52' title="bbox 355 3370 1906 3450">
     <span class='ocr_line' id='line_1_52' title="bbox 355 3370 1906 3450; baseline 0.004 -29"><span class='ocrx_word' id='word_1_401' title='bbox 355 3373 384 3422; x_wconf 79' lang='grc' dir='ltr'>ὁ</span> <span class='ocrx_word' id='word_1_402' title='bbox 403 3370 531 3434; x_wconf 81' lang='grc' dir='ltr'>Θεὸς</span> <span class='ocrx_word' id='word_1_403' title='bbox 559 3373 772 3443; x_wconf 68' lang='grc' dir='ltr'>ἤγειρεν</span> <span class='ocrx_word' id='word_1_404' title='bbox 796 3375 953 3427; x_wconf 73' lang='grc' dir='ltr'>αὑτὸν</span> <span class='ocrx_word' id='word_1_405' title='bbox 981 3378 1043 3428; x_wconf 85' lang='grc' dir='ltr'>ὲκ</span> <span class='ocrx_word' id='word_1_406' title='bbox 1073 3375 1298 3446; x_wconf 81' lang='grc' dir='ltr'>νεκρῶν,</span> <span class='ocrx_word' id='word_1_407' title='bbox 1336 3377 1570 3450; x_wconf 78' lang='grc' dir='ltr'>σωθήσῃ.</span> <span class='ocrx_word' id='word_1_408' title='bbox 1589 3399 1604 3426; x_wconf 75' lang='grc' dir='ltr'>ι</span> <span class='ocrx_word' id='word_1_409' title='bbox 1628 3379 1906 3447; x_wconf 71' lang='grc' dir='ltr'>’Ἃντικρυς</span> 
     </span>
    </p>
   </div>
   <div class='ocr_carea' id='block_1_53' title="bbox 2095 2831 3593 2902">
    <p class='ocr_par' dir='ltr' id='par_1_53' title="bbox 2095 2831 3593 2902">
     <span class='ocr_line' id='line_1_53' title="bbox 2095 2831 3593 2902; baseline 0.004 -20"><span class='ocrx_word' id='word_1_410' title='bbox 2095 2850 2113 2882; x_wconf 78' lang='grc' dir='ltr'>ι</span> <span class='ocrx_word' id='word_1_411' title='bbox 2149 2831 2321 2886; x_wconf 85' lang='lat' dir='ltr'>Corde</span> <span class='ocrx_word' id='word_1_412' title='bbox 2365 2851 2382 2882; x_wconf 74' lang='grc' dir='ltr'>ι</span> <span class='ocrx_word' id='word_1_413' title='bbox 2416 2832 2631 2899; x_wconf 87' lang='lat' dir='ltr'>quidem</span> <span class='ocrx_word' id='word_1_414' title='bbox 2689 2851 2707 2881; x_wconf 80' lang='grc' dir='ltr'>ι</span> <span class='ocrx_word' id='word_1_415' title='bbox 2751 2832 2994 2886; x_wconf 91' lang='lat' dir='ltr'>creditur</span> <span class='ocrx_word' id='word_1_416' title='bbox 3036 2833 3103 2886; x_wconf 91' lang='lat' dir='ltr'>ad</span> <span class='ocrx_word' id='word_1_417' title='bbox 3143 2832 3410 2902; x_wconf 82' lang='lat' dir='ltr'>justitiam</span> <span class='ocrx_word' id='word_1_418' title='bbox 3438 2874 3454 2898; x_wconf 93' lang='lat'>,</span> <span class='ocrx_word' id='word_1_419' title='bbox 3500 2848 3593 2888; x_wconf 89' lang='lat' dir='ltr'>ore</span> 
     </span>
    </p>
   </div>
   <div class='ocr_carea' id='block_1_54' title="bbox 2019 2921 3591 2994">
    <p class='ocr_par' dir='ltr' id='par_1_54' title="bbox 2019 2921 3591 2994">
     <span class='ocr_line' id='line_1_54' title="bbox 2019 2921 3591 2994; baseline 0 -18"><span class='ocrx_word' id='word_1_420' title='bbox 2019 2934 2200 2976; x_wconf 90' lang='lat' dir='ltr'>autem</span> <span class='ocrx_word' id='word_1_421' title='bbox 2247 2923 2306 2975; x_wconf 86' lang='lat' dir='ltr'>fit</span> <span class='ocrx_word' id='word_1_422' title='bbox 2335 2921 2605 2976; x_wconf 79' lang='lat' dir='ltr'>confessio</span> <span class='ocrx_word' id='word_1_423' title='bbox 2639 2923 2704 2975; x_wconf 91' lang='lat' dir='ltr'>ad</span> <span class='ocrx_word' id='word_1_424' title='bbox 2748 2923 2999 2976; x_wconf 89' lang='lat' dir='ltr'>salutem.</span> <span class='ocrx_word' id='word_1_425' title='bbox 3041 2921 3175 2976; x_wconf 91' lang='lat' dir='ltr'>Dicit</span> <span class='ocrx_word' id='word_1_426' title='bbox 3214 2924 3399 2994; x_wconf 86' lang='lat' dir='ltr'>itaque</span> <span class='ocrx_word' id='word_1_427' title='bbox 3443 2922 3591 2978; x_wconf 78' lang='lat' dir='ltr'>Scri-</span> 
     </span>
    </p>
   </div>
   <div class='ocr_carea' id='block_1_55' title="bbox 2015 3010 3591 3082">
    <p class='ocr_par' dir='ltr' id='par_1_55' title="bbox 2015 3010 3591 3082">
     <span class='ocr_line' id='line_1_55' title="bbox 2015 3010 3591 3082; baseline 0.001 -17"><span class='ocrx_word' id='word_1_428' title='bbox 2015 3022 2205 3082; x_wconf 87' lang='lat' dir='ltr'>ptura:</span> <span class='ocrx_word' id='word_1_429' title='bbox 2254 3010 2511 3080; x_wconf 85' lang='lat' dir='ltr'>Quisquis</span> <span class='ocrx_word' id='word_1_430' title='bbox 2555 3012 2725 3066; x_wconf 84' lang='lat' dir='ltr'>credit</span> <span class='ocrx_word' id='word_1_431' title='bbox 2759 3013 2810 3065; x_wconf 92' lang='lat' dir='ltr'>in</span> <span class='ocrx_word' id='word_1_432' title='bbox 2851 3013 3047 3080; x_wconf 88' lang='lat' dir='ltr'>ipsmn,</span> <span class='ocrx_word' id='word_1_433' title='bbox 3085 3013 3291 3082; x_wconf 84' lang='lat' dir='ltr'>pudore</span> <span class='ocrx_word' id='word_1_434' title='bbox 3325 3029 3438 3074; x_wconf 81' lang='lat' dir='ltr'>non</span> <span class='ocrx_word' id='word_1_435' title='bbox 3477 3013 3591 3068; x_wconf 77' lang='lat' dir='ltr'>alli-</span> 
     </span>
    </p>
   </div>
   <div class='ocr_carea' id='block_1_56' title="bbox 2019 3101 3585 3172">
    <p class='ocr_par' dir='ltr' id='par_1_56' title="bbox 2019 3101 3585 3172">
     <span class='ocr_line' id='line_1_56' title="bbox 2019 3101 3585 3172; baseline 0.001 -15"><span class='ocrx_word' id='word_1_436' title='bbox 2019 3103 2209 3157; x_wconf 83' lang='lat' dir='ltr'>cietur.</span> <span class='ocrx_word' id='word_1_437' title='bbox 2263 3101 2371 3155; x_wconf 85' lang='lat' dir='ltr'>Hoc</span> <span class='ocrx_word' id='word_1_438' title='bbox 2408 3112 2489 3156; x_wconf 86' lang='lat' dir='ltr'>est</span> <span class='ocrx_word' id='word_1_439' title='bbox 2533 3103 2753 3155; x_wconf 73' lang='lat' dir='ltr'>verbum</span> <span class='ocrx_word' id='word_1_440' title='bbox 2802 3103 2956 3168; x_wconf 91' lang='lat' dir='ltr'>tidei,</span> <span class='ocrx_word' id='word_1_441' title='bbox 3001 3104 3145 3172; x_wconf 87' lang='lat' dir='ltr'>quod</span> <span class='ocrx_word' id='word_1_442' title='bbox 3190 3105 3585 3172; x_wconf 71' lang='lat' dir='ltr'>praedicamus:</span> 
     </span>
    </p>
   </div>
   <div class='ocr_carea' id='block_1_57' title="bbox 2019 3192 3590 3266">
    <p class='ocr_par' dir='ltr' id='par_1_57' title="bbox 2019 3192 3590 3266">
     <span class='ocr_line' id='line_1_57' title="bbox 2019 3192 3590 3266; baseline 0.003 -21"><span class='ocrx_word' id='word_1_443' title='bbox 2019 3195 2162 3260; x_wconf 71' lang='lat' dir='ltr'>quod</span> <span class='ocrx_word' id='word_1_444' title='bbox 2192 3193 2235 3246; x_wconf 88' lang='lat' dir='ltr'>si</span> <span class='ocrx_word' id='word_1_445' title='bbox 2264 3192 2550 3247; x_wconf 87' lang='lat' dir='ltr'>confessus</span> <span class='ocrx_word' id='word_1_446' title='bbox 2583 3193 2750 3248; x_wconf 87' lang='lat' dir='ltr'>fueris</span> <span class='ocrx_word' id='word_1_447' title='bbox 2789 3195 3013 3248; x_wconf 77' lang='lat' dir='ltr'>verbum</span> <span class='ocrx_word' id='word_1_448' title='bbox 3054 3195 3109 3248; x_wconf 93' lang='lat' dir='ltr'><strong>in</strong></span> <span class='ocrx_word' id='word_1_449' title='bbox 3149 3209 3246 3248; x_wconf 90' lang='lat' dir='ltr'>ore</span> <span class='ocrx_word' id='word_1_450' title='bbox 3283 3204 3408 3259; x_wconf 88' lang='lat' dir='ltr'>tuo,</span> <span class='ocrx_word' id='word_1_451' title='bbox 3445 3196 3590 3266; x_wconf 87' lang='lat' dir='ltr'>quod</span> 
     </span>
    </p>
   </div>
   <div class='ocr_carea' id='block_1_58' title="bbox 2018 3283 3592 3356">
    <p class='ocr_par' dir='ltr' id='par_1_58' title="bbox 2018 3283 3592 3356">
     <span class='ocr_line' id='line_1_58' title="bbox 2018 3283 3592 3356; baseline 0.003 -20"><span class='ocrx_word' id='word_1_452' title='bbox 2018 3283 2281 3338; x_wconf 85' lang='lat' dir='ltr'>Dominus</span> <span class='ocrx_word' id='word_1_453' title='bbox 2317 3283 2506 3346; x_wconf 83' lang='lat' dir='ltr'>Jesus,</span> <span class='ocrx_word' id='word_1_454' title='bbox 2545 3294 2598 3338; x_wconf 92' lang='lat' dir='ltr'>et</span> <span class='ocrx_word' id='word_1_455' title='bbox 2636 3285 2931 3339; x_wconf 88' lang='lat' dir='ltr'>credideris</span> <span class='ocrx_word' id='word_1_456' title='bbox 2977 3285 3031 3338; x_wconf 93' lang='lat' dir='ltr'>in</span> <span class='ocrx_word' id='word_1_457' title='bbox 3075 3285 3239 3340; x_wconf 90' lang='lat' dir='ltr'>corde</span> <span class='ocrx_word' id='word_1_458' title='bbox 3283 3295 3406 3350; x_wconf 90' lang='lat' dir='ltr'>tuo,</span> <span class='ocrx_word' id='word_1_459' title='bbox 3447 3287 3592 3356; x_wconf 89' lang='lat' dir='ltr'>quod</span> 
     </span>
    </p>
   </div>
   <div class='ocr_carea' id='block_1_59' title="bbox 2018 3374 3584 3438">
    <p class='ocr_par' dir='ltr' id='par_1_59' title="bbox 2018 3374 3584 3438">
     <span class='ocr_line' id='line_1_59' title="bbox 2018 3374 3584 3438; baseline 0 -11"><span class='ocrx_word' id='word_1_460' title='bbox 2018 3374 2160 3429; x_wconf 87' lang='lat' dir='ltr'>Deus</span> <span class='ocrx_word' id='word_1_461' title='bbox 2211 3391 2334 3428; x_wconf 92' lang='lat' dir='ltr'>eum</span> <span class='ocrx_word' id='word_1_462' title='bbox 2386 3376 2669 3429; x_wconf 76' lang='lat' dir='ltr'>suscitavit</span> <span class='ocrx_word' id='word_1_463' title='bbox 2702 3391 2732 3428; x_wconf 93' lang='lat' dir='ltr'>a</span> <span class='ocrx_word' id='word_1_464' title='bbox 2779 3375 3049 3438; x_wconf 91' lang='lat' dir='ltr'>mortuis,</span> <span class='ocrx_word' id='word_1_465' title='bbox 3103 3376 3288 3430; x_wconf 81' lang='lat' dir='ltr'>salvus</span> <span class='ocrx_word' id='word_1_466' title='bbox 3335 3377 3442 3430; x_wconf 87' lang='lat' dir='ltr'>eris</span> <span class='ocrx_word' id='word_1_467' title='bbox 3485 3376 3534 3430; x_wconf 75' lang='grc' dir='ltr'>ά.</span> <span class='ocrx_word' id='word_1_468' title='bbox 3565 3397 3584 3427; x_wconf 72' lang='grc' dir='ltr'>ι</span> 
     </span>
    </p>
   </div>
   <div class='ocr_carea' id='block_1_60' title="bbox 350 3460 2113 3541">
    <p class='ocr_par' dir='ltr' id='par_1_60' title="bbox 350 3460 2108 3538">
     <span class='ocr_line' id='line_1_60' title="bbox 350 3460 2108 3538; baseline 0.007 -26"><span class='ocrx_word' id='word_1_469' title='bbox 350 3460 558 3513; x_wconf 89' lang='grc' dir='ltr'>τελείαν</span> <span class='ocrx_word' id='word_1_470' title='bbox 599 3462 938 3533; x_wconf 87' lang='grc' dir='ltr'>δικαιοσύνην</span> <span class='ocrx_word' id='word_1_471' title='bbox 965 3465 1293 3534; x_wconf 74' lang='grc' dir='ltr'>ὑπογράφει,</span> <span class='ocrx_word' id='word_1_472' title='bbox 1325 3464 1471 3536; x_wconf 77' lang='grc' dir='ltr'>ἔργῳ</span> <span class='ocrx_word' id='word_1_473' title='bbox 1504 3484 1561 3518; x_wconf 88' lang='grc' dir='ltr'>τε</span> <span class='ocrx_word' id='word_1_474' title='bbox 1592 3467 1684 3518; x_wconf 72' lang='grc' dir='ltr'>καὶ</span> <span class='ocrx_word' id='word_1_475' title='bbox 1713 3465 1910 3538; x_wconf 80' lang='grc' dir='ltr'>θεωρίᾳ</span> <span class='ocrx_word' id='word_1_476' title='bbox 1938 3469 1978 3526; x_wconf 90' lang='lat' dir='ltr'><strong><em>C</em></strong></span> <span class='ocrx_word' id='word_1_477' title='bbox 2015 3473 2108 3526; x_wconf 71' lang='lat' dir='ltr'>Eri</span> 
     </span>
    </p>
   </div>
   <div class='ocr_carea' id='block_1_61' title="bbox 1825 3460 3588 3541">
    <p class='ocr_par' dir='ltr' id='par_1_61' title="bbox 1825 3469 3588 3541">
     <span class='ocr_line' id='line_1_61' title="bbox 1825 3469 3588 3541; baseline 0.001 -16"><span class='ocrx_word' id='word_1_478' title='bbox 1825 3469 1978 3538; x_wconf 63' lang='lat' dir='ltr'>,0!th</span> <span class='ocrx_word' id='word_1_479' title='bbox 2015 3473 2301 3526; x_wconf 77' lang='lat' dir='ltr'>Evidenter</span> <span class='ocrx_word' id='word_1_480' title='bbox 2351 3473 2644 3541; x_wconf 82' lang='lat' dir='ltr'>perfectam</span> <span class='ocrx_word' id='word_1_481' title='bbox 2699 3472 2959 3526; x_wconf 90' lang='lat' dir='ltr'>describit</span> <span class='ocrx_word' id='word_1_482' title='bbox 3000 3472 3312 3541; x_wconf 88' lang='lat' dir='ltr'>justitiam,</span> <span class='ocrx_word' id='word_1_483' title='bbox 3362 3488 3482 3541; x_wconf 73' lang='lat' dir='ltr'>qua:</span> <span class='ocrx_word' id='word_1_484' title='bbox 3534 3485 3588 3527; x_wconf 89' lang='lat' dir='ltr'>et</span> 
     </span>
    </p>
   </div>
   <div class='ocr_carea' id='block_1_62' title="bbox 353 3550 1900 3622">
    <p class='ocr_par' dir='ltr' id='par_1_62' title="bbox 353 3550 1900 3622">
     <span class='ocr_line' id='line_1_62' title="bbox 353 3550 1900 3622; baseline 0.003 -20"><span class='ocrx_word' id='word_1_485' title='bbox 353 3552 797 3622; x_wconf 72' lang='grc' dir='ltr'>πεπληρωμένην.</span> <span class='ocrx_word' id='word_1_486' title='bbox 855 3572 872 3603; x_wconf 79' lang='grc' dir='ltr'>ι</span> <span class='ocrx_word' id='word_1_487' title='bbox 904 3554 1232 3622; x_wconf 77' lang='grc' dir='ltr'>Εὑλογητέον</span> <span class='ocrx_word' id='word_1_488' title='bbox 1282 3550 1374 3606; x_wconf 82' lang='grc' dir='ltr'>οὖν</span> <span class='ocrx_word' id='word_1_489' title='bbox 1416 3557 1540 3618; x_wconf 81' lang='grc' dir='ltr'>τοὺς</span> <span class='ocrx_word' id='word_1_490' title='bbox 1596 3555 1900 3617; x_wconf 86' lang='grc' dir='ltr'>διώκοντας.</span> 
     </span>
    </p>
   </div>
   <div class='ocr_carea' id='block_1_63' title="bbox 353 3643 1906 3721">
    <p class='ocr_par' dir='ltr' id='par_1_63' title="bbox 353 3643 1906 3721">
     <span class='ocr_line' id='line_1_63' title="bbox 353 3643 1906 3721; baseline 0.003 -28"><span class='ocrx_word' id='word_1_491' title='bbox 353 3643 651 3710; x_wconf 80' lang='grc' dir='ltr'>Εύλογείτε,</span> <span class='ocrx_word' id='word_1_492' title='bbox 680 3646 771 3696; x_wconf 72' lang='grc' dir='ltr'>καὶ</span> <span class='ocrx_word' id='word_1_493' title='bbox 804 3645 876 3714; x_wconf 84' lang='grc' dir='ltr'>μὴ</span> <span class='ocrx_word' id='word_1_494' title='bbox 907 3646 1229 3715; x_wconf 68' lang='grc' dir='ltr'>καταρᾶσθει</span> <span class='ocrx_word' id='word_1_495' title='bbox 1319 3645 1426 3717; x_wconf 73' lang='grc' dir='ltr'>γὰρ</span> <span class='ocrx_word' id='word_1_496' title='bbox 1457 3645 1721 3715; x_wconf 85' lang='grc' dir='ltr'>καύχησις</span> <span class='ocrx_word' id='word_1_497' title='bbox 1752 3645 1906 3715; x_wconf 84' lang='grc' dir='ltr'>ἡμῶν</span> 
     </span>
    </p>
   </div>
   <div class='ocr_carea' id='block_1_64' title="bbox 351 3731 1906 3804">
    <p class='ocr_par' dir='ltr' id='par_1_64' title="bbox 351 3731 1906 3804">
     <span class='ocr_line' id='line_1_64' title="bbox 351 3731 1906 3804; baseline 0.003 -22"><span class='ocrx_word' id='word_1_498' title='bbox 351 3731 488 3800; x_wconf 75' lang='grc' dir='ltr'>αὕτη</span> <span class='ocrx_word' id='word_1_499' title='bbox 516 3733 649 3792; x_wconf 74' lang='grc' dir='ltr'>ἐστὶ,</span> <span class='ocrx_word' id='word_1_500' title='bbox 687 3733 746 3784; x_wconf 84' lang='grc' dir='ltr'>τὸ</span> <span class='ocrx_word' id='word_1_501' title='bbox 778 3733 1069 3804; x_wconf 87' lang='grc' dir='ltr'>μαρτύριον</span> <span class='ocrx_word' id='word_1_502' title='bbox 1106 3735 1202 3804; x_wconf 79' lang='grc' dir='ltr'>τῆς</span> <span class='ocrx_word' id='word_1_503' title='bbox 1243 3734 1595 3804; x_wconf 78' lang='grc' dir='ltr'>συνειδήσεως</span> <span class='ocrx_word' id='word_1_504' title='bbox 1626 3733 1797 3804; x_wconf 79' lang='grc' dir='ltr'>ἡμῶν,</span> <span class='ocrx_word' id='word_1_505' title='bbox 1827 3735 1906 3786; x_wconf 77' lang='grc' dir='ltr'>ὅτι</span> 
     </span>
    </p>
   </div>
   <div class='ocr_carea' id='block_1_65' title="bbox 351 3823 1908 3896">
    <p class='ocr_par' dir='ltr' id='par_1_65' title="bbox 351 3823 1908 3896">
     <span class='ocr_line' id='line_1_65' title="bbox 351 3823 1908 3896; baseline 0.001 -21"><span class='ocrx_word' id='word_1_506' title='bbox 351 3826 408 3876; x_wconf 84' lang='grc' dir='ltr'>ὲν</span> <span class='ocrx_word' id='word_1_507' title='bbox 429 3823 666 3892; x_wconf 84' lang='grc' dir='ltr'>ἁγιότητι</span> <span class='ocrx_word' id='word_1_508' title='bbox 685 3824 757 3894; x_wconf 84' lang='grc'>(9)</span> <span class='ocrx_word' id='word_1_509' title='bbox 775 3826 866 3877; x_wconf 72' lang='grc' dir='ltr'>καὶ</span> <span class='ocrx_word' id='word_1_510' title='bbox 891 3825 1200 3896; x_wconf 82' lang='grc' dir='ltr'>είλικρινείᾳ</span> <span class='ocrx_word' id='word_1_511' title='bbox 1224 3825 1354 3877; x_wconf 83' lang='grc' dir='ltr'>Θεὸν</span> <span class='ocrx_word' id='word_1_512' title='bbox 1389 3824 1648 3894; x_wconf 76' lang='grc' dir='ltr'>ἔγνωμεν·</span> <span class='ocrx_word' id='word_1_513' title='bbox 1666 3845 1682 3874; x_wconf 72' lang='grc' dir='ltr'>ι</span> <span class='ocrx_word' id='word_1_514' title='bbox 1704 3825 1770 3876; x_wconf 90' lang='grc' dir='ltr'>δι’</span> <span class='ocrx_word' id='word_1_515' title='bbox 1800 3825 1908 3876; x_wconf 85' lang='grc' dir='ltr'>ὀλί-</span> 
     </span>
    </p>
   </div>
   <div class='ocr_carea' id='block_1_66' title="bbox 350 3914 1902 3986">
    <p class='ocr_par' dir='ltr' id='par_1_66' title="bbox 350 3914 1902 3986">
     <span class='ocr_line' id='line_1_66' title="bbox 350 3914 1902 3986; baseline 0.002 -22"><span class='ocrx_word' id='word_1_516' title='bbox 350 3933 453 3985; x_wconf 80' lang='grc' dir='ltr'>γης</span> <span class='ocrx_word' id='word_1_517' title='bbox 470 3914 664 3984; x_wconf 87' lang='grc' dir='ltr'>ταύτης</span> <span class='ocrx_word' id='word_1_518' title='bbox 685 3915 1001 3985; x_wconf 76' lang='grc' dir='ltr'>προφάσεως</span> <span class='ocrx_word' id='word_1_519' title='bbox 1025 3917 1086 3968; x_wconf 83' lang='grc' dir='ltr'>τὸ</span> <span class='ocrx_word' id='word_1_520' title='bbox 1105 3916 1202 3985; x_wconf 82' lang='grc' dir='ltr'>τῆς</span> <span class='ocrx_word' id='word_1_521' title='bbox 1235 3916 1452 3986; x_wconf 72' lang='grc' dir='ltr'>ἀγάπης</span> <span class='ocrx_word' id='word_1_522' title='bbox 1471 3915 1626 3985; x_wconf 82' lang='grc' dir='ltr'>ἔργον</span> <span class='ocrx_word' id='word_1_523' title='bbox 1641 3915 1902 3967; x_wconf 83' lang='grc' dir='ltr'>ἐνδεικνύ-</span> 
     </span>
    </p>
   </div>
   <div class='ocr_carea' id='block_1_67' title="bbox 356 4006 1905 4078">
    <p class='ocr_par' dir='ltr' id='par_1_67' title="bbox 356 4006 1905 4078">
     <span class='ocr_line' id='line_1_67' title="bbox 356 4006 1905 4078; baseline 0.001 -22"><span class='ocrx_word' id='word_1_524' title='bbox 356 4022 525 4074; x_wconf 88' lang='grc' dir='ltr'>μενοι,</span> <span class='ocrx_word' id='word_1_525' title='bbox 572 4006 652 4058; x_wconf 84' lang='grc' dir='ltr'>ὄτι</span> <span class='ocrx_word' id='word_1_526' title='bbox 687 4025 705 4056; x_wconf 80' lang='grc' dir='ltr'>ι</span> <span class='ocrx_word' id='word_1_527' title='bbox 753 4006 850 4058; x_wconf 86' lang='grc' dir='ltr'>οὐκ</span> <span class='ocrx_word' id='word_1_528' title='bbox 897 4008 954 4060; x_wconf 81' lang='grc' dir='ltr'>ὲν</span> <span class='ocrx_word' id='word_1_529' title='bbox 989 4008 1148 4077; x_wconf 75' lang='grc' dir='ltr'>σοφίᾳ</span> <span class='ocrx_word' id='word_1_530' title='bbox 1188 4009 1443 4078; x_wconf 80' lang='grc' dir='ltr'>σαρκικῇ,</span> <span class='ocrx_word' id='word_1_531' title='bbox 1479 4006 1593 4060; x_wconf 84' lang='grc' dir='ltr'>ἀλλ’</span> <span class='ocrx_word' id='word_1_532' title='bbox 1641 4008 1698 4058; x_wconf 82' lang='grc' dir='ltr'>ὲν</span> <span class='ocrx_word' id='word_1_533' title='bbox 1725 4007 1905 4076; x_wconf 78' lang='grc' dir='ltr'>χάριτι</span> 
     </span>
    </p>
   </div>
   <div class='ocr_carea' id='block_1_68' title="bbox 350 4096 1905 4168">
    <p class='ocr_par' dir='ltr' id='par_1_68' title="bbox 350 4096 1905 4168">
     <span class='ocr_line' id='line_1_68' title="bbox 350 4096 1905 4168; baseline 0.001 -21"><span class='ocrx_word' id='word_1_534' title='bbox 350 4096 485 4149; x_wconf 75' lang='grc' dir='ltr'>Θεοῦ</span> <span class='ocrx_word' id='word_1_535' title='bbox 511 4098 922 4168; x_wconf 72' lang='grc' dir='ltr'>ἀνεστράφημεν</span> <span class='ocrx_word' id='word_1_536' title='bbox 953 4099 1009 4149; x_wconf 83' lang='grc' dir='ltr'>ὲν</span> <span class='ocrx_word' id='word_1_537' title='bbox 1037 4098 1113 4168; x_wconf 79' lang='grc' dir='ltr'>τῷ</span> <span class='ocrx_word' id='word_1_538' title='bbox 1145 4099 1348 4167; x_wconf 86' lang='grc' dir='ltr'>κόσμῳ.</span> <span class='ocrx_word' id='word_1_539' title='bbox 1378 4118 1394 4148; x_wconf 76' lang='grc' dir='ltr'>ι</span> <span class='ocrx_word' id='word_1_540' title='bbox 1428 4097 1610 4150; x_wconf 77' lang='grc' dir='ltr'>Ταῦτα</span> <span class='ocrx_word' id='word_1_541' title='bbox 1651 4098 1746 4167; x_wconf 79' lang='grc' dir='ltr'>μὲν</span> <span class='ocrx_word' id='word_1_542' title='bbox 1778 4097 1905 4167; x_wconf 69' lang='grc' dir='ltr'>περ)⁸</span> 
     </span>
    </p>
   </div>
   <div class='ocr_carea' id='block_1_69' title="bbox 348 4189 1906 4260">
    <p class='ocr_par' dir='ltr' id='par_1_69' title="bbox 348 4189 1906 4260">
     <span class='ocr_line' id='line_1_69' title="bbox 348 4189 1906 4260; baseline 0.001 -20"><span class='ocrx_word' id='word_1_543' title='bbox 348 4190 445 4258; x_wconf 76' lang='grc' dir='ltr'>τῆς</span> <span class='ocrx_word' id='word_1_544' title='bbox 476 4191 725 4258; x_wconf 82' lang='grc' dir='ltr'>γνώσεως</span> <span class='ocrx_word' id='word_1_545' title='bbox 769 4193 796 4244; x_wconf 88' lang='grc' dir='ltr'>ὁ</span> <span class='ocrx_word' id='word_1_546' title='bbox 830 4189 1158 4252; x_wconf 86' lang='grc' dir='ltr'>Ἀπόστολος·</span> <span class='ocrx_word' id='word_1_547' title='bbox 1205 4189 1300 4260; x_wconf 81' lang='grc' dir='ltr'>τὴν</span> <span class='ocrx_word' id='word_1_548' title='bbox 1331 4189 1388 4242; x_wconf 79' lang='grc' dir='ltr'>δὲ</span> <span class='ocrx_word' id='word_1_549' title='bbox 1427 4190 1606 4260; x_wconf 77' lang='grc' dir='ltr'>κοινὴν</span> <span class='ocrx_word' id='word_1_550' title='bbox 1653 4190 1906 4242; x_wconf 86' lang='grc' dir='ltr'>διδασκα-</span> 
     </span>
    </p>
   </div>
   <div class='ocr_carea' id='block_1_70' title="bbox 349 4280 1910 4354">
    <p class='ocr_par' dir='ltr' id='par_1_70' title="bbox 349 4280 1910 4354">
     <span class='ocr_line' id='line_1_70' title="bbox 349 4280 1910 4354; baseline 0.001 -23"><span class='ocrx_word' id='word_1_551' title='bbox 349 4281 467 4333; x_wconf 86' lang='grc' dir='ltr'>λίαν</span> <span class='ocrx_word' id='word_1_552' title='bbox 496 4283 602 4354; x_wconf 84' lang='lat'>(10)</span> <span class='ocrx_word' id='word_1_553' title='bbox 634 4284 730 4352; x_wconf 81' lang='grc' dir='ltr'>τῆς</span> <span class='ocrx_word' id='word_1_554' title='bbox 780 4283 1012 4346; x_wconf 86' lang='grc' dir='ltr'>πίστεως</span> <span class='ocrx_word' id='word_1_555' title='bbox 1062 4281 1270 4352; x_wconf 76' lang='grc' dir='ltr'>ιόσμὴν</span> <span class='ocrx_word' id='word_1_556' title='bbox 1309 4280 1559 4350; x_wconf 83' lang='grc' dir='ltr'>γνώσεως</span> <span class='ocrx_word' id='word_1_557' title='bbox 1615 4300 1631 4331; x_wconf 74' lang='grc' dir='ltr'>ι</span> <span class='ocrx_word' id='word_1_558' title='bbox 1692 4281 1910 4352; x_wconf 75' lang='grc' dir='ltr'>εἴρηκεν</span> 
     </span>
    </p>
   </div>
   <div class='ocr_carea' id='block_1_71' title="bbox 350 4373 1910 4446">
    <p class='ocr_par' dir='ltr' id='par_1_71' title="bbox 350 4373 1910 4446">
     <span class='ocr_line' id='line_1_71' title="bbox 350 4373 1910 4446; baseline 0 -22"><span class='ocrx_word' id='word_1_559' title='bbox 350 4376 408 4424; x_wconf 82' lang='grc' dir='ltr'>ἐν</span> <span class='ocrx_word' id='word_1_560' title='bbox 435 4377 500 4444; x_wconf 81' lang='grc' dir='ltr'>τῇ</span> <span class='ocrx_word' id='word_1_561' title='bbox 531 4375 754 4446; x_wconf 75' lang='grc' dir='ltr'>δευτέρᾳ</span> <span class='ocrx_word' id='word_1_562' title='bbox 785 4376 894 4446; x_wconf 88' lang='lat'>(11)</span> <span class='ocrx_word' id='word_1_563' title='bbox 922 4374 1055 4444; x_wconf 83' lang='grc' dir='ltr'>πρὸς</span> <span class='ocrx_word' id='word_1_564' title='bbox 1082 4373 1416 4444; x_wconf 86' lang='grc' dir='ltr'>Κορινθίους.</span> <span class='ocrx_word' id='word_1_565' title='bbox 1453 4393 1471 4423; x_wconf 83' lang='grc' dir='ltr'>ι</span> <span class='ocrx_word' id='word_1_566' title='bbox 1500 4375 1660 4445; x_wconf 71' lang='grc' dir='ltr'>’Ἄχρι</span> <span class='ocrx_word' id='word_1_567' title='bbox 1685 4373 1791 4443; x_wconf 79' lang='grc' dir='ltr'>γὰρ</span> <span class='ocrx_word' id='word_1_568' title='bbox 1812 4373 1910 4440; x_wconf 74' lang='grc' dir='ltr'>τῆς</span> 
     </span>
    </p>
   </div>
   <div class='ocr_carea' id='block_1_72' title="bbox 352 4464 1908 4540">
    <p class='ocr_par' dir='ltr' id='par_1_72' title="bbox 352 4464 1908 4540">
     <span class='ocr_line' id='line_1_72' title="bbox 352 4464 1908 4540; baseline -0.003 -21"><span class='ocrx_word' id='word_1_569' title='bbox 352 4467 585 4537; x_wconf 79' lang='grc' dir='ltr'>σήμερον</span> <span class='ocrx_word' id='word_1_570' title='bbox 617 4470 825 4540; x_wconf 73' lang='grc' dir='ltr'>ἡμέρας</span> <span class='ocrx_word' id='word_1_571' title='bbox 878 4468 937 4521; x_wconf 81' lang='grc' dir='ltr'>τὸ</span> <span class='ocrx_word' id='word_1_572' title='bbox 965 4468 1092 4522; x_wconf 72' lang='grc' dir='ltr'>αὐτὸ</span> <span class='ocrx_word' id='word_1_573' title='bbox 1129 4466 1390 4537; x_wconf 70' lang='grc' dir='ltr'>κάλυμμα</span> <span class='ocrx_word' id='word_1_574' title='bbox 1430 4470 1539 4529; x_wconf 89' lang='grc' dir='ltr'>τοῖς</span> <span class='ocrx_word' id='word_1_575' title='bbox 1575 4465 1783 4527; x_wconf 82' lang='grc' dir='ltr'>πολλοῖς</span> <span class='ocrx_word' id='word_1_576' title='bbox 1819 4464 1908 4515; x_wconf 76' lang='grc' dir='ltr'>ἐπὶ</span> 
     </span>
    </p>
   </div>
   <div class='ocr_carea' id='block_1_73' title="bbox 349 4553 1902 4628">
    <p class='ocr_par' dir='ltr' id='par_1_73' title="bbox 349 4553 1902 4628">
     <span class='ocr_line' id='line_1_73' title="bbox 349 4553 1902 4628; baseline -0.005 -18"><span class='ocrx_word' id='word_1_577' title='bbox 349 4558 414 4625; x_wconf 79' lang='grc' dir='ltr'>τῇ</span> <span class='ocrx_word' id='word_1_578' title='bbox 467 4558 764 4626; x_wconf 82' lang='grc' dir='ltr'>ἀναγνώσει</span> <span class='ocrx_word' id='word_1_579' title='bbox 809 4561 909 4628; x_wconf 76' lang='grc' dir='ltr'>τῆς</span> <span class='ocrx_word' id='word_1_580' title='bbox 955 4559 1186 4622; x_wconf 81' lang='grc' dir='ltr'>παλαιᾶς</span> <span class='ocrx_word' id='word_1_581' title='bbox 1232 4557 1501 4628; x_wconf 83' lang='grc' dir='ltr'>Διαθήκης</span> <span class='ocrx_word' id='word_1_582' title='bbox 1553 4557 1720 4627; x_wconf 82' lang='grc' dir='ltr'>μένει,</span> <span class='ocrx_word' id='word_1_583' title='bbox 1750 4575 1766 4604; x_wconf 71' lang='grc' dir='ltr'>ι</span> <span class='ocrx_word' id='word_1_584' title='bbox 1830 4553 1902 4623; x_wconf 80' lang='grc' dir='ltr'>μὴ</span> 
     </span>
    </p>
   </div>
   <div class='ocr_carea' id='block_1_74' title="bbox 426 4667 1691 4739">
    <p class='ocr_par' dir='ltr' id='par_1_74' title="bbox 426 4667 1691 4739">
     <span class='ocr_line' id='line_1_74' title="bbox 426 4667 1691 4739; baseline -0.007 -9"><span class='ocrx_word' id='word_1_585' title='bbox 426 4674 496 4739; x_wconf 56' lang='grc' dir='ltr'>’Β</span> <span class='ocrx_word' id='word_1_586' title='bbox 519 4667 580 4722; x_wconf 87' lang='grc' dir='ltr'>Ρ.</span> <span class='ocrx_word' id='word_1_587' title='bbox 613 4669 715 4739; x_wconf 75' lang='lat'>608</span> <span class='ocrx_word' id='word_1_588' title='bbox 749 4670 853 4726; x_wconf 79' lang='grc' dir='ltr'>ΕΙ).</span> <span class='ocrx_word' id='word_1_589' title='bbox 881 4673 1176 4739; x_wconf 80' lang='lat' dir='ltr'>POTTER,</span> <span class='ocrx_word' id='word_1_590' title='bbox 1205 4675 1308 4729; x_wconf 76' lang='lat' dir='ltr'>5H</span> <span class='ocrx_word' id='word_1_591' title='bbox 1337 4673 1444 4727; x_wconf 84' lang='grc' dir='ltr'>Εἰ).</span> <span class='ocrx_word' id='word_1_592' title='bbox 1473 4670 1691 4724; x_wconf 78' lang='lat' dir='ltr'>PARIS.</span> 
     </span>
    </p>
   </div>
   <div class='ocr_carea' id='block_1_75' title="bbox 354 4736 1911 4812">
    <p class='ocr_par' dir='ltr' id='par_1_75' title="bbox 354 4736 1911 4812">
     <span class='ocr_line' id='line_1_75' title="bbox 354 4736 1911 4812; baseline 0 -22"><span class='ocrx_word' id='word_1_593' title='bbox 354 4736 442 4803; x_wconf 79' lang='grc'>50,</span> <span class='ocrx_word' id='word_1_594' title='bbox 484 4737 578 4793; x_wconf 77' lang='grc'>51.</span> <span class='ocrx_word' id='word_1_595' title='bbox 654 4737 680 4774; x_wconf 73' lang='grc' dir='ltr'>ἀ</span> <span class='ocrx_word' id='word_1_596' title='bbox 721 4739 878 4797; x_wconf 78' lang='lat' dir='ltr'>Rom.</span> <span class='ocrx_word' id='word_1_597' title='bbox 907 4736 1200 4812; x_wconf 79' lang='lat' dir='ltr'>x,10,11,</span> <span class='ocrx_word' id='word_1_598' title='bbox 1229 4746 1280 4810; x_wconf 90' lang='grc'>8,</span> <span class='ocrx_word' id='word_1_599' title='bbox 1312 4746 1364 4798; x_wconf 89' lang='lat'>9.</span> <span class='ocrx_word' id='word_1_600' title='bbox 1442 4754 1465 4781; x_wconf 79' lang='grc' dir='ltr'>θ</span> <span class='ocrx_word' id='word_1_601' title='bbox 1505 4741 1661 4794; x_wconf 76' lang='lat' dir='ltr'>llom.</span> <span class='ocrx_word' id='word_1_602' title='bbox 1699 4755 1796 4802; x_wconf 64' lang='grc' dir='ltr'>δη,</span> <span class='ocrx_word' id='word_1_603' title='bbox 1828 4739 1911 4791; x_wconf 70' lang='grc' dir='ltr'>Η.</span> 
     </span>
    </p>
   </div>
   <div class='ocr_carea' id='block_1_76' title="bbox 1770 4667 2412 4730">
    <p class='ocr_par' dir='ltr' id='par_1_76' title="bbox 1770 4667 2412 4730">
     <span class='ocr_line' id='line_1_76' title="bbox 1770 4667 2412 4730; baseline 0.005 -11"><span class='ocrx_word' id='word_1_604' title='bbox 1770 4681 1795 4707; x_wconf 70' lang='grc' dir='ltr'>ι</span> <span class='ocrx_word' id='word_1_605' title='bbox 1837 4667 1852 4719; x_wconf 92' lang='grc'><strong>1</strong></span> <span class='ocrx_word' id='word_1_606' title='bbox 1892 4667 2016 4721; x_wconf 87' lang='lat' dir='ltr'>Cor.</span> <span class='ocrx_word' id='word_1_607' title='bbox 2050 4685 2131 4730; x_wconf 71' lang='lat' dir='ltr'>Ix,</span> <span class='ocrx_word' id='word_1_608' title='bbox 2170 4668 2222 4728; x_wconf 75' lang='grc'>4,</span> <span class='ocrx_word' id='word_1_609' title='bbox 2247 4669 2412 4728; x_wconf 70' lang='lat'>5,12.</span> 
     </span>
    </p>
   </div>
   <div class='ocr_carea' id='block_1_77' title="bbox 2013 3558 3574 3629">
    <p class='ocr_par' dir='ltr' id='par_1_77' title="bbox 2013 3558 3574 3629">
     <span class='ocr_line' id='line_1_77' title="bbox 2013 3558 3574 3629; baseline 0.001 -18"><span class='ocrx_word' id='word_1_610' title='bbox 2013 3576 2175 3628; x_wconf 86' lang='lat' dir='ltr'>opere</span> <span class='ocrx_word' id='word_1_611' title='bbox 2201 3570 2254 3614; x_wconf 93' lang='lat' dir='ltr'>et</span> <span class='ocrx_word' id='word_1_612' title='bbox 2289 3560 2741 3629; x_wconf 90' lang='lat' dir='ltr'>contemplatione</span> <span class='ocrx_word' id='word_1_613' title='bbox 2781 3559 3100 3627; x_wconf 87' lang='lat' dir='ltr'>completur.</span> <span class='ocrx_word' id='word_1_614' title='bbox 3140 3578 3159 3609; x_wconf 78' lang='grc' dir='ltr'>ι</span> <span class='ocrx_word' id='word_1_615' title='bbox 3191 3558 3517 3615; x_wconf 88' lang='lat' dir='ltr'>Benedicere</span> <span class='ocrx_word' id='word_1_616' title='bbox 3555 3580 3574 3612; x_wconf 77' lang='grc' dir='ltr'>ι</span> 
     </span>
    </p>
   </div>
   <div class='ocr_carea' id='block_1_78' title="bbox 2014 3648 3587 3718">
    <p class='ocr_par' dir='ltr' id='par_1_78' title="bbox 2014 3648 3587 3718">
     <span class='ocr_line' id='line_1_78' title="bbox 2014 3648 3587 3718; baseline 0.001 -15"><span class='ocrx_word' id='word_1_617' title='bbox 2014 3665 2143 3717; x_wconf 72' lang='lat' dir='ltr'>ergo</span> <span class='ocrx_word' id='word_1_618' title='bbox 2169 3659 2380 3718; x_wconf 88' lang='lat' dir='ltr'>oportet</span> <span class='ocrx_word' id='word_1_619' title='bbox 2415 3671 2431 3700; x_wconf 81' lang='grc' dir='ltr'>ι</span> <span class='ocrx_word' id='word_1_620' title='bbox 2469 3651 2555 3713; x_wconf 88' lang='lat' dir='ltr'>iis,</span> <span class='ocrx_word' id='word_1_621' title='bbox 2589 3649 2679 3717; x_wconf 91' lang='lat' dir='ltr'>qui</span> <span class='ocrx_word' id='word_1_622' title='bbox 2715 3659 3133 3717; x_wconf 88' lang='lat' dir='ltr'>persequuntur.</span> <span class='ocrx_word' id='word_1_623' title='bbox 3171 3648 3500 3711; x_wconf 85' lang='lat' dir='ltr'>Benedicite.</span> <span class='ocrx_word' id='word_1_624' title='bbox 3533 3660 3587 3705; x_wconf 92' lang='lat' dir='ltr'>ct</span> 
     </span>
    </p>
   </div>
   <div class='ocr_carea' id='block_1_79' title="bbox 2015 3741 3584 3804">
    <p class='ocr_par' dir='ltr' id='par_1_79' title="bbox 2015 3741 3584 3804">
     <span class='ocr_line' id='line_1_79' title="bbox 2015 3741 3584 3804; baseline 0.001 -11"><span class='ocrx_word' id='word_1_625' title='bbox 2015 3743 2179 3794; x_wconf 91' lang='lat' dir='ltr'>nolite</span> <span class='ocrx_word' id='word_1_626' title='bbox 2216 3742 2486 3794; x_wconf 77' lang='lat' dir='ltr'>exsecrari</span> <span class='ocrx_word' id='word_1_627' title='bbox 2518 3753 2560 3794; x_wconf 75' lang='grc' dir='ltr'>ε.</span> <span class='ocrx_word' id='word_1_628' title='bbox 2594 3742 2856 3795; x_wconf 86' lang='lat' dir='ltr'>Gloriatio</span> <span class='ocrx_word' id='word_1_629' title='bbox 2892 3741 3036 3794; x_wconf 88' lang='lat' dir='ltr'>enim</span> <span class='ocrx_word' id='word_1_630' title='bbox 3081 3751 3266 3794; x_wconf 90' lang='lat' dir='ltr'>nostra</span> <span class='ocrx_word' id='word_1_631' title='bbox 3311 3741 3424 3796; x_wconf 73' lang='lat' dir='ltr'>haec</span> <span class='ocrx_word' id='word_1_632' title='bbox 3467 3751 3584 3804; x_wconf 86' lang='lat' dir='ltr'>est,</span> 
     </span>
    </p>
   </div>
   <div class='ocr_carea' id='block_1_80' title="bbox 2011 3829 3590 3900">
    <p class='ocr_par' dir='ltr' id='par_1_80' title="bbox 2011 3829 3590 3900">
     <span class='ocr_line' id='line_1_80' title="bbox 2011 3829 3590 3900; baseline 0.001 -16"><span class='ocrx_word' id='word_1_633' title='bbox 2011 3832 2381 3885; x_wconf 87' lang='lat' dir='ltr'>testimonium</span> <span class='ocrx_word' id='word_1_634' title='bbox 2415 3832 2761 3884; x_wconf 69' lang='lat' dir='ltr'>conscientia:</span> <span class='ocrx_word' id='word_1_635' title='bbox 2796 3840 3018 3893; x_wconf 60' lang='lat' dir='ltr'>nostras,</span> <span class='ocrx_word' id='word_1_636' title='bbox 3047 3830 3188 3900; x_wconf 89' lang='lat' dir='ltr'>quod</span> <span class='ocrx_word' id='word_1_637' title='bbox 3216 3829 3270 3882; x_wconf 89' lang='lat' dir='ltr'>in</span> <span class='ocrx_word' id='word_1_638' title='bbox 3305 3831 3590 3885; x_wconf 82' lang='lat' dir='ltr'>sanctitate</span> 
     </span>
    </p>
   </div>
   <div class='ocr_carea' id='block_1_81' title="bbox 2009 3921 3588 3991">
    <p class='ocr_par' dir='ltr' id='par_1_81' title="bbox 2009 3921 3588 3991">
     <span class='ocr_line' id='line_1_81' title="bbox 2009 3921 3588 3991; baseline -0.001 -16"><span class='ocrx_word' id='word_1_639' title='bbox 2009 3931 2063 3975; x_wconf 89' lang='lat' dir='ltr'>et</span> <span class='ocrx_word' id='word_1_640' title='bbox 2106 3923 2415 3975; x_wconf 90' lang='lat' dir='ltr'>sinceritate</span> <span class='ocrx_word' id='word_1_641' title='bbox 2455 3921 2619 3974; x_wconf 88' lang='lat' dir='ltr'>Deum</span> <span class='ocrx_word' id='word_1_642' title='bbox 2658 3923 3045 3991; x_wconf 80' lang='lat' dir='ltr'>cognovimus;</span> <span class='ocrx_word' id='word_1_643' title='bbox 3101 3941 3119 3973; x_wconf 75' lang='grc' dir='ltr'>ι</span> <span class='ocrx_word' id='word_1_644' title='bbox 3150 3938 3244 3990; x_wconf 92' lang='lat' dir='ltr'>per</span> <span class='ocrx_word' id='word_1_645' title='bbox 3285 3921 3422 3975; x_wconf 90' lang='lat' dir='ltr'>hanc</span> <span class='ocrx_word' id='word_1_646' title='bbox 3463 3937 3588 3990; x_wconf 85' lang='lat' dir='ltr'>par-</span> 
     </span>
    </p>
   </div>
   <div class='ocr_carea' id='block_1_82' title="bbox 2011 4011 3586 4081">
    <p class='ocr_par' dir='ltr' id='par_1_82' title="bbox 2011 4011 3586 4081">
     <span class='ocr_line' id='line_1_82' title="bbox 2011 4011 3586 4081; baseline -0.001 -14"><span class='ocrx_word' id='word_1_647' title='bbox 2011 4030 2132 4067; x_wconf 79' lang='lat' dir='ltr'>vam</span> <span class='ocrx_word' id='word_1_648' title='bbox 2165 4015 2508 4066; x_wconf 83' lang='lat' dir='ltr'>occasionem</span> <span class='ocrx_word' id='word_1_649' title='bbox 2571 4029 2707 4081; x_wconf 89' lang='lat' dir='ltr'>opus</span> <span class='ocrx_word' id='word_1_650' title='bbox 2741 4013 3086 4066; x_wconf 89' lang='lat' dir='ltr'>ostendentes</span> <span class='ocrx_word' id='word_1_651' title='bbox 3112 4011 3410 4070; x_wconf 85' lang='lat' dir='ltr'>cbaritatis,</span> <span class='ocrx_word' id='word_1_652' title='bbox 3442 4012 3586 4080; x_wconf 81' lang='lat' dir='ltr'>quod</span> 
     </span>
    </p>
   </div>
   <div class='ocr_carea' id='block_1_83' title="bbox 2015 4100 3582 4172">
    <p class='ocr_par' dir='ltr' id='par_1_83' title="bbox 2015 4100 3582 4172">
     <span class='ocr_line' id='line_1_83' title="bbox 2015 4100 3582 4172; baseline -0.002 -17"><span class='ocrx_word' id='word_1_653' title='bbox 2015 4124 2032 4155; x_wconf 77' lang='grc' dir='ltr'>ι</span> <span class='ocrx_word' id='word_1_654' title='bbox 2072 4121 2175 4158; x_wconf 90' lang='lat' dir='ltr'>non</span> <span class='ocrx_word' id='word_1_655' title='bbox 2211 4105 2262 4157; x_wconf 92' lang='lat' dir='ltr'>in</span> <span class='ocrx_word' id='word_1_656' title='bbox 2296 4104 2558 4172; x_wconf 90' lang='lat' dir='ltr'>sapientia</span> <span class='ocrx_word' id='word_1_657' title='bbox 2591 4105 2827 4163; x_wconf 87' lang='lat' dir='ltr'>carnali,</span> <span class='ocrx_word' id='word_1_658' title='bbox 2879 4103 2970 4155; x_wconf 90' lang='lat' dir='ltr'>sed</span> <span class='ocrx_word' id='word_1_659' title='bbox 3018 4103 3070 4154; x_wconf 92' lang='lat' dir='ltr'>in</span> <span class='ocrx_word' id='word_1_660' title='bbox 3111 4101 3283 4170; x_wconf 82' lang='lat' dir='ltr'>gratia</span> <span class='ocrx_word' id='word_1_661' title='bbox 3318 4100 3408 4154; x_wconf 84' lang='lat' dir='ltr'>Dei</span> <span class='ocrx_word' id='word_1_662' title='bbox 3448 4117 3582 4154; x_wconf 87' lang='lat' dir='ltr'>con-</span> 
     </span>
    </p>
   </div>
   <div class='ocr_carea' id='block_1_84' title="bbox 2012 4192 3582 4261">
    <p class='ocr_par' dir='ltr' id='par_1_84' title="bbox 2012 4192 3582 4261">
     <span class='ocr_line' id='line_1_84' title="bbox 2012 4192 3582 4261; baseline -0.001 -13"><span class='ocrx_word' id='word_1_663' title='bbox 2012 4196 2209 4248; x_wconf 88' lang='lat' dir='ltr'>versati</span> <span class='ocrx_word' id='word_1_664' title='bbox 2239 4211 2427 4248; x_wconf 89' lang='lat' dir='ltr'>sumus</span> <span class='ocrx_word' id='word_1_665' title='bbox 2451 4195 2501 4246; x_wconf 91' lang='lat' dir='ltr'>iu</span> <span class='ocrx_word' id='word_1_666' title='bbox 2536 4195 2734 4247; x_wconf 88' lang='lat' dir='ltr'>mundo</span> <span class='ocrx_word' id='word_1_667' title='bbox 2767 4194 2808 4244; x_wconf 73' lang='grc' dir='ltr'>τ.</span> <span class='ocrx_word' id='word_1_668' title='bbox 2841 4214 2856 4242; x_wconf 73' lang='grc' dir='ltr'>ι</span> <span class='ocrx_word' id='word_1_669' title='bbox 2891 4192 3012 4246; x_wconf 72' lang='grc' dir='ltr'>ΙΙιεε</span> <span class='ocrx_word' id='word_1_670' title='bbox 3041 4194 3334 4261; x_wconf 81' lang='lat' dir='ltr'>Apostolus</span> <span class='ocrx_word' id='word_1_671' title='bbox 3363 4193 3582 4260; x_wconf 85' lang='lat' dir='ltr'>quidem</span> 
     </span>
    </p>
   </div>
   <div class='ocr_carea' id='block_1_85' title="bbox 2013 4284 3581 4353">
    <p class='ocr_par' dir='ltr' id='par_1_85' title="bbox 2013 4284 3581 4353">
     <span class='ocr_line' id='line_1_85' title="bbox 2013 4284 3581 4353; baseline -0.002 -13"><span class='ocrx_word' id='word_1_672' title='bbox 2013 4287 2078 4340; x_wconf 92' lang='lat' dir='ltr'>de</span> <span class='ocrx_word' id='word_1_673' title='bbox 2106 4287 2430 4353; x_wconf 71' lang='lat' dir='ltr'>cognitione.</span> <span class='ocrx_word' id='word_1_674' title='bbox 2479 4284 2832 4336; x_wconf 84' lang='lat' dir='ltr'>Communem</span> <span class='ocrx_word' id='word_1_675' title='bbox 2869 4293 3048 4337; x_wconf 90' lang='lat' dir='ltr'>autem</span> <span class='ocrx_word' id='word_1_676' title='bbox 3090 4285 3210 4337; x_wconf 81' lang='lat' dir='ltr'>fidei</span> <span class='ocrx_word' id='word_1_677' title='bbox 3254 4284 3581 4349; x_wconf 85' lang='lat' dir='ltr'>doctrinam,</span> 
     </span>
    </p>
   </div>
   <div class='ocr_carea' id='block_1_86' title="bbox 2020 4373 3585 4442">
    <p class='ocr_par' dir='ltr' id='par_1_86' title="bbox 2020 4373 3585 4442">
     <span class='ocr_line' id='line_1_86' title="bbox 2020 4373 3585 4442; baseline 0.001 -16"><span class='ocrx_word' id='word_1_678' title='bbox 2020 4381 2076 4436; x_wconf 64' lang='grc' dir='ltr'>»Β</span> <span class='ocrx_word' id='word_1_679' title='bbox 2107 4375 2238 4426; x_wconf 82' lang='lat' dir='ltr'>dixit</span> <span class='ocrx_word' id='word_1_680' title='bbox 2274 4393 2291 4422; x_wconf 77' lang='grc' dir='ltr'>ι</span> <span class='ocrx_word' id='word_1_681' title='bbox 2328 4374 2546 4424; x_wconf 83' lang='lat' dir='ltr'>odorem</span> <span class='ocrx_word' id='word_1_682' title='bbox 2583 4373 2910 4441; x_wconf 80' lang='lat' dir='ltr'>cognitionis</span> <span class='ocrx_word' id='word_1_683' title='bbox 2942 4376 3000 4437; x_wconf 68' lang='grc'>⁸,</span> <span class='ocrx_word' id='word_1_684' title='bbox 3043 4393 3059 4422; x_wconf 71' lang='grc' dir='ltr'>ι</span> <span class='ocrx_word' id='word_1_685' title='bbox 3100 4374 3151 4425; x_wconf 92' lang='lat' dir='ltr'>in</span> <span class='ocrx_word' id='word_1_686' title='bbox 3191 4375 3425 4428; x_wconf 83' lang='lat' dir='ltr'>secunda</span> <span class='ocrx_word' id='word_1_687' title='bbox 3458 4373 3585 4442; x_wconf 84' lang='lat' dir='ltr'>Epi-</span> 
     </span>
    </p>
   </div>
   <div class='ocr_carea' id='block_1_87' title="bbox 2014 4462 3582 4532">
    <p class='ocr_par' dir='ltr' id='par_1_87' title="bbox 2014 4462 3582 4532">
     <span class='ocr_line' id='line_1_87' title="bbox 2014 4462 3582 4532; baseline 0 -14"><span class='ocrx_word' id='word_1_688' title='bbox 2014 4466 2148 4519; x_wconf 85' lang='lat' dir='ltr'>stola</span> <span class='ocrx_word' id='word_1_689' title='bbox 2201 4466 2266 4516; x_wconf 89' lang='lat' dir='ltr'>ad</span> <span class='ocrx_word' id='word_1_690' title='bbox 2309 4464 2638 4516; x_wconf 72' lang='lat' dir='ltr'>Corinthios.</span> <span class='ocrx_word' id='word_1_691' title='bbox 2691 4483 2708 4513; x_wconf 78' lang='grc' dir='ltr'>ι</span> <span class='ocrx_word' id='word_1_692' title='bbox 2756 4462 2889 4515; x_wconf 71' lang='lat' dir='ltr'>Nam</span> <span class='ocrx_word' id='word_1_693' title='bbox 2938 4463 2990 4516; x_wconf 90' lang='lat' dir='ltr'>in</span> <span class='ocrx_word' id='word_1_694' title='bbox 3039 4465 3361 4518; x_wconf 88' lang='lat' dir='ltr'>hodiernum</span> <span class='ocrx_word' id='word_1_695' title='bbox 3410 4481 3582 4532; x_wconf 84' lang='lat' dir='ltr'>usque</span> 
     </span>
    </p>
   </div>
   <div class='ocr_carea' id='block_1_88' title="bbox 2009 4551 3582 4608">
    <p class='ocr_par' dir='ltr' id='par_1_88' title="bbox 2009 4551 3582 4608">
     <span class='ocr_line' id='line_1_88' title="bbox 2009 4551 3582 4608; baseline 0.001 -5"><span class='ocrx_word' id='word_1_696' title='bbox 2009 4551 2146 4604; x_wconf 89' lang='lat' dir='ltr'>diem</span> <span class='ocrx_word' id='word_1_697' title='bbox 2209 4551 2348 4604; x_wconf 91' lang='lat' dir='ltr'>idem</span> <span class='ocrx_word' id='word_1_698' title='bbox 2380 4553 2554 4605; x_wconf 81' lang='lat' dir='ltr'>velum</span> <span class='ocrx_word' id='word_1_699' title='bbox 2584 4552 2764 4604; x_wconf 79' lang='lat' dir='ltr'>multis</span> <span class='ocrx_word' id='word_1_700' title='bbox 2801 4552 2853 4604; x_wconf 89' lang='lat' dir='ltr'>in</span> <span class='ocrx_word' id='word_1_701' title='bbox 2888 4553 3117 4606; x_wconf 91' lang='lat' dir='ltr'>lectione</span> <span class='ocrx_word' id='word_1_702' title='bbox 3151 4551 3358 4608; x_wconf 85' lang='lat' dir='ltr'>Veteris</span> <span class='ocrx_word' id='word_1_703' title='bbox 3392 4552 3582 4607; x_wconf 86' lang='lat' dir='ltr'>Testa-</span> 
     </span>
    </p>
   </div>
   <div class='ocr_carea' id='block_1_89' title="bbox 2493 4667 3578 4734">
    <p class='ocr_par' dir='ltr' id='par_1_89' title="bbox 2493 4667 3578 4734">
     <span class='ocr_line' id='line_1_89' title="bbox 2493 4667 3578 4734; baseline 0.001 -15"><span class='ocrx_word' id='word_1_704' title='bbox 2493 4668 2520 4706; x_wconf 74' lang='grc' dir='ltr'>ιι</span> <span class='ocrx_word' id='word_1_705' title='bbox 2552 4667 2681 4720; x_wconf 85' lang='lat' dir='ltr'>Ibid.</span> <span class='ocrx_word' id='word_1_706' title='bbox 2712 4669 2796 4732; x_wconf 95' lang='lat'>19,</span> <span class='ocrx_word' id='word_1_707' title='bbox 2823 4668 2914 4721; x_wconf 75' lang='lat'>‘25.</span> <span class='ocrx_word' id='word_1_708' title='bbox 2992 4680 3013 4706; x_wconf 77' lang='grc' dir='ltr'><strong>ο</strong></span> <span class='ocrx_word' id='word_1_709' title='bbox 3050 4667 3070 4721; x_wconf 85' lang='lat' dir='ltr'>l</span> <span class='ocrx_word' id='word_1_710' title='bbox 3125 4669 3254 4723; x_wconf 80' lang='lat' dir='ltr'>Cor.</span> <span class='ocrx_word' id='word_1_711' title='bbox 3281 4685 3335 4734; x_wconf 75' lang='grc' dir='ltr'>Χ,</span> <span class='ocrx_word' id='word_1_712' title='bbox 3359 4669 3450 4734; x_wconf 69' lang='lat'>&#39;28,</span> <span class='ocrx_word' id='word_1_713' title='bbox 3486 4671 3578 4724; x_wconf 73' lang='lat'>‘29.</span> 
     </span>
    </p>
   </div>
   <div class='ocr_carea' id='block_1_90' title="bbox 1993 4737 2927 4800">
    <p class='ocr_par' dir='ltr' id='par_1_90' title="bbox 1993 4737 2927 4800">
     <span class='ocr_line' id='line_1_90' title="bbox 1993 4737 2927 4800; baseline 0.002 -10"><span class='ocrx_word' id='word_1_714' title='bbox 1993 4737 2012 4775; x_wconf 69' lang='grc' dir='ltr'>ί</span> <span class='ocrx_word' id='word_1_715' title='bbox 2047 4737 2085 4790; x_wconf 92' lang='lat' dir='ltr'>ll</span> <span class='ocrx_word' id='word_1_716' title='bbox 2114 4738 2235 4790; x_wconf 78' lang='lat' dir='ltr'>Cor.</span> <span class='ocrx_word' id='word_1_717' title='bbox 2269 4739 2400 4790; x_wconf 72' lang='lat'>112.</span> <span class='ocrx_word' id='word_1_718' title='bbox 2481 4740 2506 4776; x_wconf 73' lang='grc' dir='ltr'>ε</span> <span class='ocrx_word' id='word_1_719' title='bbox 2533 4737 2572 4789; x_wconf 92' lang='lat' dir='ltr'>ll</span> <span class='ocrx_word' id='word_1_720' title='bbox 2612 4739 2738 4792; x_wconf 79' lang='lat' dir='ltr'>Cor.</span> <span class='ocrx_word' id='word_1_721' title='bbox 2776 4739 2927 4800; x_wconf 66' lang='lat'>11,11.</span> 
     </span>
    </p>
   </div>
   <div class='ocr_carea' id='block_1_91' title="bbox 421 4852 2184 4927">
    <p class='ocr_par' dir='ltr' id='par_1_91' title="bbox 421 4852 2184 4927">
     <span class='ocr_line' id='line_1_91' title="bbox 421 4852 2184 4927; baseline -0.001 -19"><span class='ocrx_word' id='word_1_722' title='bbox 421 4858 494 4924; x_wconf 86' lang='lat'>(1)</span> <span class='ocrx_word' id='word_1_723' title='bbox 527 4852 620 4927; x_wconf 71' lang='grc' dir='ltr'><strong>Μὴ</strong></span> <span class='ocrx_word' id='word_1_724' title='bbox 643 4856 753 4907; x_wconf 77' lang='grc' dir='ltr'>οικ.</span> <span class='ocrx_word' id='word_1_725' title='bbox 781 4858 866 4920; x_wconf 82' lang='grc' dir='ltr'>εὶς</span> <span class='ocrx_word' id='word_1_726' title='bbox 890 4859 954 4911; x_wconf 83' lang='grc' dir='ltr'>τὸ</span> <span class='ocrx_word' id='word_1_727' title='bbox 980 4860 1175 4927; x_wconf 76' lang='grc' dir='ltr'>ἀηδῶς</span> <span class='ocrx_word' id='word_1_728' title='bbox 1198 4861 1266 4914; x_wconf 84' lang='grc' dir='ltr'>τὰ</span> <span class='ocrx_word' id='word_1_729' title='bbox 1289 4873 1351 4914; x_wconf 78' lang='grc' dir='ltr'>π.</span> <span class='ocrx_word' id='word_1_730' title='bbox 1376 4857 1598 4912; x_wconf 77' lang='lat' dir='ltr'>Videtur</span> <span class='ocrx_word' id='word_1_731' title='bbox 1617 4855 1900 4927; x_wconf 73' lang='lat' dir='ltr'>legendum</span> <span class='ocrx_word' id='word_1_732' title='bbox 1939 4859 1981 4912; x_wconf 90' lang='lat' dir='ltr'>D</span> <span class='ocrx_word' id='word_1_733' title='bbox 2014 4874 2030 4904; x_wconf 81' lang='grc' dir='ltr'>ι</span> <span class='ocrx_word' id='word_1_734' title='bbox 2060 4871 2184 4908; x_wconf 91' lang='lat' dir='ltr'>secu</span> 
     </span>
    </p>
   </div>
   <div class='ocr_carea' id='block_1_92' title="bbox 1809 4852 3572 4927">
    <p class='ocr_par' dir='ltr' id='par_1_92' title="bbox 1813 4855 3572 4927">
     <span class='ocr_line' id='line_1_92' title="bbox 1813 4855 3572 4927; baseline 0.002 -21"><span class='ocrx_word' id='word_1_735' title='bbox 1813 4871 1900 4927; x_wconf 87' lang='lat' dir='ltr'>nm</span> <span class='ocrx_word' id='word_1_736' title='bbox 1939 4859 1981 4912; x_wconf 90' lang='lat' dir='ltr'>D</span> <span class='ocrx_word' id='word_1_737' title='bbox 2014 4874 2030 4904; x_wconf 79' lang='grc' dir='ltr'>ι</span> <span class='ocrx_word' id='word_1_738' title='bbox 2060 4855 2354 4908; x_wconf 85' lang='lat' dir='ltr'>secundum</span> <span class='ocrx_word' id='word_1_739' title='bbox 2393 4856 2689 4923; x_wconf 56' lang='lat' dir='ltr'>regulam»</span> <span class='ocrx_word' id='word_1_740' title='bbox 2731 4857 2970 4924; x_wconf 71' lang='lat' dir='ltr'>Vulgata:</span> <span class='ocrx_word' id='word_1_741' title='bbox 2994 4855 3240 4910; x_wconf 81' lang='lat' dir='ltr'>lectionis</span> <span class='ocrx_word' id='word_1_742' title='bbox 3262 4871 3452 4927; x_wconf 84' lang='lat' dir='ltr'>sensus</span> <span class='ocrx_word' id='word_1_743' title='bbox 3472 4869 3572 4921; x_wconf 86' lang='lat' dir='ltr'>cst,</span> 
     </span>
    </p>
   </div>
   <div class='ocr_carea' id='block_1_93' title="bbox 351 4924 1905 5001">
    <p class='ocr_par' dir='ltr' id='par_1_93' title="bbox 351 4924 1905 5001">
     <span class='ocr_line' id='line_1_93' title="bbox 351 4924 1905 5001; baseline -0.001 -22"><span class='ocrx_word' id='word_1_744' title='bbox 351 4924 870 4993; x_wconf 82' lang='grc' dir='ltr'>οἱκοδομούμενοιείς</span> <span class='ocrx_word' id='word_1_745' title='bbox 889 4929 948 5001; x_wconf 61' lang='grc' dir='ltr'>το</span> <span class='ocrx_word' id='word_1_746' title='bbox 1078 4924 1256 5001; x_wconf 80' lang='grc' dir='ltr'>ἀηδῶς</span> <span class='ocrx_word' id='word_1_747' title='bbox 1277 4931 1343 4983; x_wconf 78' lang='grc' dir='ltr'>τὰ</span> <span class='ocrx_word' id='word_1_748' title='bbox 1373 4947 1433 5001; x_wconf 80' lang='grc' dir='ltr'>π.</span> <span class='ocrx_word' id='word_1_749' title='bbox 1466 4928 1582 4981; x_wconf 77' lang='lat' dir='ltr'>Vox</span> <span class='ocrx_word' id='word_1_750' title='bbox 1603 4925 1905 4997; x_wconf 81' lang='grc' dir='ltr'>οἰκοδομού-</span> 
     </span>
    </p>
   </div>
   <div class='ocr_carea' id='block_1_94' title="bbox 359 4995 1590 5068">
    <p class='ocr_par' dir='ltr' id='par_1_94' title="bbox 359 4995 1590 5068">
     <span class='ocr_line' id='line_1_94' title="bbox 359 4995 1590 5068; baseline 0.002 -19"><span class='ocrx_word' id='word_1_751' title='bbox 359 5013 508 5068; x_wconf 86' lang='grc' dir='ltr'>μενοι</span> <span class='ocrx_word' id='word_1_752' title='bbox 537 5002 746 5068; x_wconf 80' lang='lat' dir='ltr'>sumpta</span> <span class='ocrx_word' id='word_1_753' title='bbox 774 5005 905 5068; x_wconf 81' lang='lat' dir='ltr'>este</span> <span class='ocrx_word' id='word_1_754' title='bbox 929 4995 945 5046; x_wconf 93' lang='grc' dir='ltr'><strong>Ι</strong></span> <span class='ocrx_word' id='word_1_755' title='bbox 968 4995 1095 5052; x_wconf 70' lang='lat' dir='ltr'>Cor.</span> <span class='ocrx_word' id='word_1_756' title='bbox 1116 4995 1234 5062; x_wconf 39' lang='lat' dir='ltr'>sim,</span> <span class='ocrx_word' id='word_1_757' title='bbox 1261 5001 1345 5053; x_wconf 86' lang='lat'>10.</span> <span class='ocrx_word' id='word_1_758' title='bbox 1372 4999 1590 5052; x_wconf 55' lang='grc' dir='ltr'>μανι-τη,</span> 
     </span>
    </p>
   </div>
   <div class='ocr_carea' id='block_1_95' title="bbox 421 5063 1912 5137">
    <p class='ocr_par' dir='ltr' id='par_1_95' title="bbox 421 5063 1912 5137">
     <span class='ocr_line' id='line_1_95' title="bbox 421 5063 1912 5137; baseline -0.011 -4"><span class='ocrx_word' id='word_1_759' title='bbox 421 5067 496 5134; x_wconf 60' lang='grc' dir='ltr'>(Ξ)</span> <span class='ocrx_word' id='word_1_760' title='bbox 527 5063 882 5137; x_wconf 19' lang='grc' dir='ltr'>Αοὶκομργίιιν</span> <span class='ocrx_word' id='word_1_761' title='bbox 913 5071 1370 5137; x_wconf 77' lang='grc' dir='ltr'>πεπεισμένους.</span> <span class='ocrx_word' id='word_1_762' title='bbox 1395 5069 1510 5122; x_wconf 83' lang='lat' dir='ltr'>Non</span> <span class='ocrx_word' id='word_1_763' title='bbox 1540 5070 1678 5123; x_wconf 84' lang='lat' dir='ltr'>solet</span> <span class='ocrx_word' id='word_1_764' title='bbox 1705 5066 1807 5120; x_wconf 78' lang='lat' dir='ltr'>tlici</span> <span class='ocrx_word' id='word_1_765' title='bbox 1832 5067 1912 5118; x_wconf 87' lang='grc' dir='ltr'>οἰ-</span> 
     </span>
    </p>
   </div>
   <div class='ocr_carea' id='block_1_96' title="bbox 354 5131 1901 5207">
    <p class='ocr_par' dir='ltr' id='par_1_96' title="bbox 354 5131 1901 5207">
     <span class='ocr_line' id='line_1_96' title="bbox 354 5131 1901 5207; baseline -0.001 -17"><span class='ocrx_word' id='word_1_766' title='bbox 354 5131 602 5207; x_wconf 80' lang='grc' dir='ltr'>κονομίαν</span> <span class='ocrx_word' id='word_1_767' title='bbox 641 5131 972 5207; x_wconf 33' lang='grc' dir='ltr'>πείθεσθαι,</span> <span class='ocrx_word' id='word_1_768' title='bbox 998 5139 1091 5191; x_wconf 90' lang='lat' dir='ltr'>sed</span> <span class='ocrx_word' id='word_1_769' title='bbox 1129 5131 1500 5193; x_wconf 73' lang='grc' dir='ltr'>πιστεύεσθαι.</span> <span class='ocrx_word' id='word_1_770' title='bbox 1541 5137 1901 5207; x_wconf 79' lang='lat' dir='ltr'>Quamobrem</span> 
     </span>
    </p>
   </div>
   <div class='ocr_carea' id='block_1_97' title="bbox 355 5204 1906 5280">
    <p class='ocr_par' dir='ltr' id='par_1_97' title="bbox 355 5204 1906 5280">
     <span class='ocr_line' id='line_1_97' title="bbox 355 5204 1906 5280; baseline -0.003 -18"><span class='ocrx_word' id='word_1_771' title='bbox 355 5204 711 5280; x_wconf 83' lang='lat' dir='ltr'>scribendum,</span> <span class='ocrx_word' id='word_1_772' title='bbox 732 5205 1040 5280; x_wconf 74' lang='grc' dir='ltr'>οἰκονομίαν</span> <span class='ocrx_word' id='word_1_773' title='bbox 1076 5211 1553 5280; x_wconf 85' lang='grc' dir='ltr'>πεπιστευμένους.</span> <span class='ocrx_word' id='word_1_774' title='bbox 1573 5204 1704 5280; x_wconf 80' lang='lat' dir='ltr'>Qua</span> <span class='ocrx_word' id='word_1_775' title='bbox 1726 5206 1906 5277; x_wconf 72' lang='lat' dir='ltr'>phrasi</span> 
     </span>
    </p>
   </div>
   <div class='ocr_carea' id='block_1_98' title="bbox 355 5273 1910 5349">
    <p class='ocr_par' dir='ltr' id='par_1_98' title="bbox 355 5273 1910 5349">
     <span class='ocr_line' id='line_1_98' title="bbox 355 5273 1910 5349; baseline -0.003 -15"><span class='ocrx_word' id='word_1_776' title='bbox 355 5295 486 5334; x_wconf 83' lang='lat' dir='ltr'>usus</span> <span class='ocrx_word' id='word_1_777' title='bbox 512 5273 896 5341; x_wconf 83' lang='lat' dir='ltr'>estApostolus</span> <span class='ocrx_word' id='word_1_778' title='bbox 923 5274 980 5349; x_wconf 88' lang='lat' dir='ltr'>in_</span> <span class='ocrx_word' id='word_1_779' title='bbox 1007 5275 1110 5349; x_wconf 57' lang='lat' dir='ltr'>hoc</span> <span class='ocrx_word' id='word_1_780' title='bbox 1140 5279 1258 5345; x_wconf 90' lang='lat' dir='ltr'>ipso</span> <span class='ocrx_word' id='word_1_781' title='bbox 1285 5273 1480 5349; x_wconf 75' lang='lat' dir='ltr'>capite,</span> <span class='ocrx_word' id='word_1_782' title='bbox 1505 5273 1648 5349; x_wconf 79' lang='lat' dir='ltr'>quod</span> <span class='ocrx_word' id='word_1_783' title='bbox 1677 5273 1787 5346; x_wconf 81' lang='lat' dir='ltr'>jam</span> <span class='ocrx_word' id='word_1_784' title='bbox 1815 5294 1910 5349; x_wconf 81' lang='lat' dir='ltr'>ex-</span> 
     </span>
    </p>
   </div>
   <div class='ocr_carea' id='block_1_99' title="bbox 356 5341 1903 5422">
    <p class='ocr_par' dir='ltr' id='par_1_99' title="bbox 356 5341 1903 5422">
     <span class='ocr_line' id='line_1_99' title="bbox 356 5341 1903 5422; baseline -0.003 -18"><span class='ocrx_word' id='word_1_785' title='bbox 356 5353 515 5422; x_wconf 85' lang='lat' dir='ltr'>plicat</span> <span class='ocrx_word' id='word_1_786' title='bbox 531 5355 749 5422; x_wconf 49' lang='grc' dir='ltr'>ιιιιιιιοι·ι</span> <span class='ocrx_word' id='word_1_787' title='bbox 754 5358 945 5422; x_wconf 69' lang='lat' dir='ltr'>nempe</span> <span class='ocrx_word' id='word_1_788' title='bbox 963 5341 982 5395; x_wconf 84' lang='grc' dir='ltr'>Ι</span> <span class='ocrx_word' id='word_1_789' title='bbox 1001 5342 1140 5422; x_wconf 59' lang='lat' dir='ltr'>(lor1</span> <span class='ocrx_word' id='word_1_790' title='bbox 1145 5341 1229 5422; x_wconf 58' lang='grc' dir='ltr'>ιίι,</span> <span class='ocrx_word' id='word_1_791' title='bbox 1245 5349 1307 5400; x_wconf 87' lang='lat'>17</span> <span class='ocrx_word' id='word_1_792' title='bbox 1327 5341 1430 5402; x_wconf 76' lang='grc' dir='ltr'>εἘί</span> <span class='ocrx_word' id='word_1_793' title='bbox 1456 5341 1564 5422; x_wconf 65' lang='grc' dir='ltr'>γὰρ</span> <span class='ocrx_word' id='word_1_794' title='bbox 1588 5341 1726 5422; x_wconf 75' lang='grc' dir='ltr'>ὲκῶν</span> <span class='ocrx_word' id='word_1_795' title='bbox 1746 5347 1903 5422; x_wconf 73' lang='grc' dir='ltr'>τοῦτο</span> 
     </span>
    </p>
   </div>
   <div class='ocr_carea' id='block_1_100' title="bbox 355 5412 1906 5492">
    <p class='ocr_par' dir='ltr' id='par_1_100' title="bbox 355 5412 1906 5492">
     <span class='ocr_line' id='line_1_100' title="bbox 355 5412 1906 5492; baseline -0.003 -19"><span class='ocrx_word' id='word_1_796' title='bbox 355 5412 601 5492; x_wconf 75' lang='grc' dir='ltr'>πράσσω,</span> <span class='ocrx_word' id='word_1_797' title='bbox 633 5412 816 5485; x_wconf 84' lang='grc' dir='ltr'>μισθὸν</span> <span class='ocrx_word' id='word_1_798' title='bbox 849 5413 986 5482; x_wconf 78' lang='grc' dir='ltr'>ἔχω’</span> <span class='ocrx_word' id='word_1_799' title='bbox 1033 5415 1083 5466; x_wconf 85' lang='grc' dir='ltr'>εἰ</span> <span class='ocrx_word' id='word_1_800' title='bbox 1114 5415 1170 5466; x_wconf 80' lang='grc' dir='ltr'>δὲ</span> <span class='ocrx_word' id='word_1_801' title='bbox 1199 5417 1376 5482; x_wconf 81' lang='grc' dir='ltr'>ἄκων,</span> <span class='ocrx_word' id='word_1_802' title='bbox 1404 5412 1711 5490; x_wconf 78' lang='grc' dir='ltr'>οἰκονομίαν</span> <span class='ocrx_word' id='word_1_803' title='bbox 1745 5418 1906 5470; x_wconf 87' lang='grc' dir='ltr'>πεπί-</span> 
     </span>
    </p>
   </div>
   <div class='ocr_carea' id='block_1_101' title="bbox 355 5506 600 5561">
    <p class='ocr_par' dir='ltr' id='par_1_101' title="bbox 355 5506 600 5561">
     <span class='ocr_line' id='line_1_101' title="bbox 355 5506 600 5561; baseline -0.016 -18"><span class='ocrx_word' id='word_1_804' title='bbox 355 5506 600 5561; x_wconf 80' lang='grc' dir='ltr'>στευμαι.</span> 
     </span>
    </p>
   </div>
   <div class='ocr_carea' id='block_1_102' title="bbox 425 5553 1907 5628">
    <p class='ocr_par' dir='ltr' id='par_1_102' title="bbox 425 5553 1907 5628">
     <span class='ocr_line' id='line_1_102' title="bbox 425 5553 1907 5628; baseline -0.001 -13"><span class='ocrx_word' id='word_1_805' title='bbox 425 5553 501 5628; x_wconf 76' lang='lat'>(5)</span> <span class='ocrx_word' id='word_1_806' title='bbox 521 5555 989 5628; x_wconf 59' lang='grc' dir='ltr'>Μεγαλόφρογος.</span> <span class='ocrx_word' id='word_1_807' title='bbox 1005 5553 1428 5626; x_wconf 81' lang='grc' dir='ltr'>Μεγαλόφρονας</span> <span class='ocrx_word' id='word_1_808' title='bbox 1443 5560 1661 5628; x_wconf 89' lang='lat' dir='ltr'>opponit</span> <span class='ocrx_word' id='word_1_809' title='bbox 1680 5559 1744 5613; x_wconf 90' lang='lat' dir='ltr'>iis</span> <span class='ocrx_word' id='word_1_810' title='bbox 1769 5575 1907 5627; x_wconf 87' lang='lat' dir='ltr'>quos</span> 
     </span>
    </p>
   </div>
   <div class='ocr_carea' id='block_1_103' title="bbox 354 5624 1108 5696">
    <p class='ocr_par' dir='ltr' id='par_1_103' title="bbox 354 5624 1108 5696">
     <span class='ocr_line' id='line_1_103' title="bbox 354 5624 1108 5696; baseline -0.007 -16"><span class='ocrx_word' id='word_1_811' title='bbox 354 5624 643 5696; x_wconf 81' lang='lat' dir='ltr'>Apostolus</span> <span class='ocrx_word' id='word_1_812' title='bbox 669 5624 907 5696; x_wconf 75' lang='grc' dir='ltr'>ἀσθενεῖς</span> <span class='ocrx_word' id='word_1_813' title='bbox 933 5633 1108 5696; x_wconf 58' lang='lat' dir='ltr'>vocat.</span> 
     </span>
    </p>
   </div>
   <div class='ocr_carea' id='block_1_104' title="bbox 425 5692 1350 5767">
    <p class='ocr_par' dir='ltr' id='par_1_104' title="bbox 425 5692 1350 5767">
     <span class='ocr_line' id='line_1_104' title="bbox 425 5692 1350 5767; baseline 0.006 -26"><span class='ocrx_word' id='word_1_814' title='bbox 425 5701 501 5764; x_wconf 73' lang='lat' dir='ltr'>(.t)</span> <span class='ocrx_word' id='word_1_815' title='bbox 540 5703 606 5753; x_wconf 83' lang='lat' dir='ltr'>El</span> <span class='ocrx_word' id='word_1_816' title='bbox 632 5696 760 5767; x_wconf 62' lang='grc' dir='ltr'>ἐγώ.</span> <span class='ocrx_word' id='word_1_817' title='bbox 789 5695 848 5767; x_wconf 83' lang='lat' dir='ltr'>Ei</span> <span class='ocrx_word' id='word_1_818' title='bbox 870 5694 925 5746; x_wconf 74' lang='grc' dir='ltr'>δὲ</span> <span class='ocrx_word' id='word_1_819' title='bbox 946 5693 1073 5767; x_wconf 63' lang='grc' dir='ltr'>ἐγώ,</span> <span class='ocrx_word' id='word_1_820' title='bbox 1103 5692 1267 5767; x_wconf 83' lang='lat' dir='ltr'>l_C_or.</span> <span class='ocrx_word' id='word_1_821' title='bbox 1297 5711 1350 5747; x_wconf 74' lang='grc' dir='ltr'>ιι.</span> 
     </span>
    </p>
   </div>
   <div class='ocr_carea' id='block_1_105' title="bbox 424 5763 1902 5834">
    <p class='ocr_par' dir='ltr' id='par_1_105' title="bbox 424 5763 1902 5834">
     <span class='ocr_line' id='line_1_105' title="bbox 424 5763 1902 5834; baseline 0.002 -16"><span class='ocrx_word' id='word_1_822' title='bbox 424 5767 500 5834; x_wconf 77' lang='lat'>(5)</span> <span class='ocrx_word' id='word_1_823' title='bbox 529 5763 746 5822; x_wconf 66' lang='grc' dir='ltr'>Πάντα.</span> <span class='ocrx_word' id='word_1_824' title='bbox 775 5766 1074 5819; x_wconf 68' lang='lat' dir='ltr'>Abbrcviat.</span> <span class='ocrx_word' id='word_1_825' title='bbox 1110 5763 1127 5815; x_wconf 90' lang='grc'><strong>1</strong></span> <span class='ocrx_word' id='word_1_826' title='bbox 1158 5764 1282 5817; x_wconf 86' lang='lat' dir='ltr'>Cor.</span> <span class='ocrx_word' id='word_1_827' title='bbox 1317 5782 1368 5828; x_wconf 64' lang='grc' dir='ltr'>κ,</span> <span class='ocrx_word' id='word_1_828' title='bbox 1391 5765 1449 5817; x_wconf 80' lang='grc'>51</span> <span class='ocrx_word' id='word_1_829' title='bbox 1479 5785 1490 5816; x_wconf 90' lang='lat'><strong>:</strong></span> <span class='ocrx_word' id='word_1_830' title='bbox 1521 5769 1637 5818; x_wconf 50' lang='lat' dir='ltr'>liii:</span> <span class='ocrx_word' id='word_1_831' title='bbox 1685 5767 1772 5818; x_wconf 46' lang='grc' dir='ltr'>οτν</span> <span class='ocrx_word' id='word_1_832' title='bbox 1814 5774 1902 5821; x_wconf 75' lang='grc' dir='ltr'>ἑσ-</span> 
     </span>
    </p>
   </div>
   <div class='ocr_carea' id='block_1_106' title="bbox 354 5831 1902 5903">
    <p class='ocr_par' dir='ltr' id='par_1_106' title="bbox 354 5831 1902 5903">
     <span class='ocr_line' id='line_1_106' title="bbox 354 5831 1902 5903; baseline 0.004 -21"><span class='ocrx_word' id='word_1_833' title='bbox 354 5831 518 5903; x_wconf 60' lang='lat'>95573.,</span> <span class='ocrx_word' id='word_1_834' title='bbox 545 5840 654 5892; x_wconf 80' lang='grc' dir='ltr'>εἴτε</span> <span class='ocrx_word' id='word_1_835' title='bbox 687 5841 896 5903; x_wconf 83' lang='grc' dir='ltr'>πίνετε,</span> <span class='ocrx_word' id='word_1_836' title='bbox 931 5834 1036 5887; x_wconf 76' lang='grc' dir='ltr'>εἴτε</span> <span class='ocrx_word' id='word_1_837' title='bbox 1083 5851 1132 5885; x_wconf 90' lang='grc' dir='ltr'>τι</span> <span class='ocrx_word' id='word_1_838' title='bbox 1169 5839 1388 5898; x_wconf 87' lang='grc' dir='ltr'>ποιεῖτε,</span> <span class='ocrx_word' id='word_1_839' title='bbox 1423 5836 1594 5886; x_wconf 81' lang='grc' dir='ltr'>πάντα</span> <span class='ocrx_word' id='word_1_840' title='bbox 1631 5842 1704 5890; x_wconf 63' lang='lat'>.5;</span> <span class='ocrx_word' id='word_1_841' title='bbox 1751 5841 1902 5902; x_wconf 61' lang='grc' dir='ltr'>διζξιν</span> 
     </span>
    </p>
   </div>
   <div class='ocr_carea' id='block_1_107' title="bbox 351 5901 730 5962">
    <p class='ocr_par' dir='ltr' id='par_1_107' title="bbox 351 5901 730 5962">
     <span class='ocr_line' id='line_1_107' title="bbox 351 5901 730 5962; baseline 0.029 -11"><span class='ocrx_word' id='word_1_842' title='bbox 351 5901 484 5953; x_wconf 71' lang='grc' dir='ltr'>0εοῦ</span> <span class='ocrx_word' id='word_1_843' title='bbox 511 5913 730 5962; x_wconf 82' lang='grc' dir='ltr'>ποιεῖτε.</span> 
     </span>
    </p>
   </div>
   <div class='ocr_carea' id='block_1_108' title="bbox 425 5973 1904 6043">
    <p class='ocr_par' dir='ltr' id='par_1_108' title="bbox 425 5973 1904 6043">
     <span class='ocr_line' id='line_1_108' title="bbox 425 5973 1904 6043; baseline 0.005 -21"><span class='ocrx_word' id='word_1_844' title='bbox 425 5973 498 6039; x_wconf 65' lang='grc' dir='ltr'>ιξίῖ)</span> <span class='ocrx_word' id='word_1_845' title='bbox 527 5974 654 6028; x_wconf 61' lang='grc' dir='ltr'>Ὑπᾷ</span> <span class='ocrx_word' id='word_1_846' title='bbox 688 5979 771 6032; x_wconf 55' lang='lat' dir='ltr'>tif;</span> <span class='ocrx_word' id='word_1_847' title='bbox 816 5980 1053 6034; x_wconf 59' lang='grc' dir='ltr'>κανόνα.</span> <span class='ocrx_word' id='word_1_848' title='bbox 1083 5977 1142 6029; x_wconf 73' lang='grc' dir='ltr'>Ᾱ.</span> <span class='ocrx_word' id='word_1_849' title='bbox 1170 5975 1368 6029; x_wconf 74' lang='grc' dir='ltr'>ιῐιςιιιιιῑ</span> <span class='ocrx_word' id='word_1_850' title='bbox 1403 5976 1537 6028; x_wconf 61' lang='grc' dir='ltr'>κατὰ</span> <span class='ocrx_word' id='word_1_851' title='bbox 1577 5975 1658 6026; x_wconf 66' lang='grc' dir='ltr'>ῖὸκι</span> <span class='ocrx_word' id='word_1_852' title='bbox 1691 5979 1904 6043; x_wconf 49' lang='lat' dir='ltr'>vovi/1,</span> 
     </span>
    </p>
   </div>
   <div class='ocr_carea' id='block_1_109' title="bbox 2012 4926 3571 4996">
    <p class='ocr_par' dir='ltr' id='par_1_109' title="bbox 2012 4926 3571 4996">
     <span class='ocr_line' id='line_1_109' title="bbox 2012 4926 3571 4996; baseline 0.003 -20"><span class='ocrx_word' id='word_1_853' title='bbox 2012 4941 2347 4994; x_wconf 66' lang='grc' dir='ltr'>(ιιιπιειιιιιιιιε</span> <span class='ocrx_word' id='word_1_854' title='bbox 2391 4927 2590 4995; x_wconf 56' lang='lat' dir='ltr'>rebulae</span> <span class='ocrx_word' id='word_1_855' title='bbox 2644 4928 2767 4980; x_wconf 86' lang='lat' dir='ltr'>fidei</span> <span class='ocrx_word' id='word_1_856' title='bbox 2814 4927 3078 4996; x_wconf 86' lang='lat' dir='ltr'>subjicere</span> <span class='ocrx_word' id='word_1_857' title='bbox 3117 4926 3436 4994; x_wconf 88' lang='lat' dir='ltr'>permissum</span> <span class='ocrx_word' id='word_1_858' title='bbox 3468 4936 3571 4982; x_wconf 83' lang='lat' dir='ltr'>est.</span> 
     </span>
    </p>
   </div>
   <div class='ocr_carea' id='block_1_110' title="bbox 2016 4996 2278 5049">
    <p class='ocr_par' dir='ltr' id='par_1_110' title="bbox 2016 4996 2278 5049">
     <span class='ocr_line' id='line_1_110' title="bbox 2016 4996 2278 5049; baseline 0 0"><span class='ocrx_word' id='word_1_859' title='bbox 2016 4996 2278 5049; x_wconf 68' lang='grc' dir='ltr'>δγιηυηο.</span> 
     </span>
    </p>
   </div>
   <div class='ocr_carea' id='block_1_111' title="bbox 2081 5066 2718 5137">
    <p class='ocr_par' dir='ltr' id='par_1_111' title="bbox 2081 5066 2718 5137">
     <span class='ocr_line' id='line_1_111' title="bbox 2081 5066 2718 5137; baseline 0.003 -21"><span class='ocrx_word' id='word_1_860' title='bbox 2081 5067 2370 5137; x_wconf 63' lang='lat' dir='ltr'>(7)]‘01&#39;nf.</span> <span class='ocrx_word' id='word_1_861' title='bbox 2412 5066 2526 5137; x_wconf 86' lang='grc' dir='ltr'>Γάρ</span> <span class='ocrx_word' id='word_1_862' title='bbox 2560 5066 2718 5120; x_wconf 80' lang='lat' dir='ltr'>Rom.</span> 
     </span>
    </p>
   </div>
   <div class='ocr_carea' id='block_1_112' title="bbox 2073 5134 3572 5206">
    <p class='ocr_par' dir='ltr' id='par_1_112' title="bbox 2073 5134 3572 5206">
     <span class='ocr_line' id='line_1_112' title="bbox 2073 5134 3572 5206; baseline 0.001 -18"><span class='ocrx_word' id='word_1_863' title='bbox 2073 5137 2143 5206; x_wconf 83' lang='lat'>(8)</span> <span class='ocrx_word' id='word_1_864' title='bbox 2166 5135 2466 5190; x_wconf 81' lang='grc' dir='ltr'>Τουτέστι.</span> <span class='ocrx_word' id='word_1_865' title='bbox 2487 5134 2550 5191; x_wconf 80' lang='grc' dir='ltr'>Ᾱ.</span> <span class='ocrx_word' id='word_1_866' title='bbox 2575 5139 2744 5192; x_wconf 81' lang='lat' dir='ltr'>divise</span> <span class='ocrx_word' id='word_1_867' title='bbox 2767 5136 2903 5189; x_wconf 75' lang='grc' dir='ltr'>τοῦτ’</span> <span class='ocrx_word' id='word_1_868' title='bbox 2922 5136 3053 5188; x_wconf 77' lang='grc' dir='ltr'>ἔστι.</span> <span class='ocrx_word' id='word_1_869' title='bbox 3069 5134 3408 5206; x_wconf 49' lang='lat' dir='ltr'>Summo—5</span> <span class='ocrx_word' id='word_1_870' title='bbox 3429 5135 3572 5198; x_wconf 73' lang='lat' dir='ltr'>Mox,</span> 
     </span>
    </p>
   </div>
   <div class='ocr_carea' id='block_1_113' title="bbox 2015 5205 3577 5280">
    <p class='ocr_par' dir='ltr' id='par_1_113' title="bbox 2015 5205 3577 5280">
     <span class='ocr_line' id='line_1_113' title="bbox 2015 5205 3577 5280; baseline 0.001 -20"><span class='ocrx_word' id='word_1_871' title='bbox 2015 5205 2385 5280; x_wconf 65' lang='grc' dir='ltr'>Ὀμολογήσῃς</span> <span class='ocrx_word' id='word_1_872' title='bbox 2417 5210 2473 5261; x_wconf 80' lang='grc' dir='ltr'>ἐν</span> <span class='ocrx_word' id='word_1_873' title='bbox 2498 5207 2574 5280; x_wconf 76' lang='grc' dir='ltr'>τῷ</span> <span class='ocrx_word' id='word_1_874' title='bbox 2616 5208 2834 5278; x_wconf 82' lang='grc' dir='ltr'>στόματί</span> <span class='ocrx_word' id='word_1_875' title='bbox 2870 5223 2959 5259; x_wconf 91' lang='grc' dir='ltr'>σου</span> <span class='ocrx_word' id='word_1_876' title='bbox 3000 5205 3199 5277; x_wconf 78' lang='grc' dir='ltr'>Κύριον</span> <span class='ocrx_word' id='word_1_877' title='bbox 3229 5205 3456 5277; x_wconf 77' lang='grc' dir='ltr'>Ἰησοῦν,</span> <span class='ocrx_word' id='word_1_878' title='bbox 3486 5210 3577 5261; x_wconf 71' lang='grc' dir='ltr'>καὶ</span> 
     </span>
    </p>
   </div>
   <div class='ocr_carea' id='block_1_114' title="bbox 2007 5276 2511 5344">
    <p class='ocr_par' dir='ltr' id='par_1_114' title="bbox 2007 5276 2511 5344">
     <span class='ocr_line' id='line_1_114' title="bbox 2007 5276 2511 5344; baseline 0.012 -14"><span class='ocrx_word' id='word_1_879' title='bbox 2007 5276 2154 5330; x_wconf 86' lang='grc' dir='ltr'>πιστ.</span> <span class='ocrx_word' id='word_1_880' title='bbox 2186 5276 2352 5330; x_wconf 72' lang='grc' dir='ltr'>Βοιηῖ</span> <span class='ocrx_word' id='word_1_881' title='bbox 2379 5296 2434 5344; x_wconf 78' lang='lat' dir='ltr'>x,</span> <span class='ocrx_word' id='word_1_882' title='bbox 2457 5281 2511 5335; x_wconf 92' lang='lat'>9.</span> 
     </span>
    </p>
   </div>
   <div class='ocr_carea' id='block_1_115' title="bbox 2077 5345 3225 5416">
    <p class='ocr_par' dir='ltr' id='par_1_115' title="bbox 2077 5345 3225 5416">
     <span class='ocr_line' id='line_1_115' title="bbox 2077 5345 3225 5416; baseline -0.001 -14"><span class='ocrx_word' id='word_1_883' title='bbox 2077 5348 2153 5415; x_wconf 87' lang='lat'>(9)</span> <span class='ocrx_word' id='word_1_884' title='bbox 2191 5348 2807 5416; x_wconf 77' lang='grc' dir='ltr'>Ἀγιότητι.Ἀπλότητι,</span> <span class='ocrx_word' id='word_1_885' title='bbox 2835 5347 2878 5400; x_wconf 87' lang='lat' dir='ltr'>ll</span> <span class='ocrx_word' id='word_1_886' title='bbox 2910 5345 3038 5400; x_wconf 85' lang='lat' dir='ltr'>Cor.</span> <span class='ocrx_word' id='word_1_887' title='bbox 3069 5362 3107 5414; x_wconf 89' lang='grc' dir='ltr'>ι,</span> <span class='ocrx_word' id='word_1_888' title='bbox 3140 5348 3225 5401; x_wconf 72' lang='grc'>12.</span> 
     </span>
    </p>
   </div>
   <div class='ocr_carea' id='block_1_116' title="bbox 2071 5417 3572 5489">
    <p class='ocr_par' dir='ltr' id='par_1_116' title="bbox 2071 5417 3572 5489">
     <span class='ocr_line' id='line_1_116' title="bbox 2071 5417 3572 5489; baseline -0.002 -18"><span class='ocrx_word' id='word_1_889' title='bbox 2071 5419 2179 5489; x_wconf 86' lang='lat'>(10)</span> <span class='ocrx_word' id='word_1_890' title='bbox 2215 5418 2333 5485; x_wconf 78' lang='grc' dir='ltr'>Τὴν</span> <span class='ocrx_word' id='word_1_891' title='bbox 2364 5418 2432 5472; x_wconf 86' lang='grc' dir='ltr'>δὲ</span> <span class='ocrx_word' id='word_1_892' title='bbox 2464 5421 2674 5486; x_wconf 73' lang='grc' dir='ltr'>κοινὴν</span> <span class='ocrx_word' id='word_1_893' title='bbox 2701 5417 2811 5489; x_wconf 66' lang='grc' dir='ltr'>διδ.</span> <span class='ocrx_word' id='word_1_894' title='bbox 2859 5417 2967 5488; x_wconf 79' lang='grc' dir='ltr'>Τὴν</span> <span class='ocrx_word' id='word_1_895' title='bbox 2996 5419 3182 5489; x_wconf 72' lang='grc' dir='ltr'>κοινὴν</span> <span class='ocrx_word' id='word_1_896' title='bbox 3226 5417 3572 5470; x_wconf 86' lang='grc' dir='ltr'>διδασκαλίαν</span> 
     </span>
    </p>
   </div>
   <div class='ocr_carea' id='block_1_117' title="bbox 2011 5487 3570 5561">
    <p class='ocr_par' dir='ltr' id='par_1_117' title="bbox 2011 5487 3570 5561">
     <span class='ocr_line' id='line_1_117' title="bbox 2011 5487 3570 5561; baseline -0.002 -15"><span class='ocrx_word' id='word_1_897' title='bbox 2011 5487 2324 5561; x_wconf 74' lang='grc' dir='ltr'>οιψυιιίιτῇ</span> <span class='ocrx_word' id='word_1_898' title='bbox 2367 5491 2567 5558; x_wconf 80' lang='grc' dir='ltr'>ὀλίγοις</span> <span class='ocrx_word' id='word_1_899' title='bbox 2597 5487 3018 5561; x_wconf 72' lang='grc' dir='ltr'>παραδιδομένη,</span> <span class='ocrx_word' id='word_1_900' title='bbox 3064 5487 3274 5542; x_wconf 74' lang='lat' dir='ltr'>arcana:</span> <span class='ocrx_word' id='word_1_901' title='bbox 3311 5489 3570 5561; x_wconf 65' lang='lat' dir='ltr'>scit-ptiar.</span> 
     </span>
    </p>
   </div>
   <div class='ocr_carea' id='block_1_118' title="bbox 2085 5559 3572 5630">
    <p class='ocr_par' dir='ltr' id='par_1_118' title="bbox 2085 5559 3572 5630">
     <span class='ocr_line' id='line_1_118' title="bbox 2085 5559 3572 5630; baseline -0.001 -18"><span class='ocrx_word' id='word_1_902' title='bbox 2085 5559 2193 5630; x_wconf 80' lang='grc' dir='ltr'>(Η)</span> <span class='ocrx_word' id='word_1_903' title='bbox 2237 5559 2334 5611; x_wconf 63' lang='grc' dir='ltr'>Ἐκ</span> <span class='ocrx_word' id='word_1_904' title='bbox 2376 5561 2449 5629; x_wconf 77' lang='grc' dir='ltr'>τῇ</span> <span class='ocrx_word' id='word_1_905' title='bbox 2486 5559 2747 5625; x_wconf 63' lang='grc' dir='ltr'>δευτέρᾳ.</span> <span class='ocrx_word' id='word_1_906' title='bbox 2780 5559 2842 5610; x_wconf 78' lang='grc' dir='ltr'>Α.</span> <span class='ocrx_word' id='word_1_907' title='bbox 2889 5560 3171 5627; x_wconf 79' lang='lat' dir='ltr'>legendum</span> <span class='ocrx_word' id='word_1_908' title='bbox 3213 5568 3391 5630; x_wconf 86' lang='lat' dir='ltr'>censet</span> <span class='ocrx_word' id='word_1_909' title='bbox 3421 5559 3478 5630; x_wconf 80' lang='grc' dir='ltr'>ἐν</span> <span class='ocrx_word' id='word_1_910' title='bbox 3505 5561 3572 5630; x_wconf 80' lang='grc' dir='ltr'>τῇ</span> 
     </span>
    </p>
   </div>
   <div class='ocr_carea' id='block_1_119' title="bbox 2013 5629 3575 5700">
    <p class='ocr_par' dir='ltr' id='par_1_119' title="bbox 2013 5629 3575 5700">
     <span class='ocr_line' id='line_1_119' title="bbox 2013 5629 3575 5700; baseline -0.003 -14"><span class='ocrx_word' id='word_1_911' title='bbox 2013 5629 2170 5700; x_wconf 83' lang='grc' dir='ltr'>αὐτῇ,</span> <span class='ocrx_word' id='word_1_912' title='bbox 2196 5631 2453 5698; x_wconf 90' lang='lat' dir='ltr'>quoniam</span> <span class='ocrx_word' id='word_1_913' title='bbox 2487 5632 2974 5700; x_wconf 67' lang='lat' dir='ltr'>superiorquoque</span> <span class='ocrx_word' id='word_1_914' title='bbox 3003 5629 3575 5700; x_wconf 14' lang='lat' dir='ltr'>sententiaexgeadem</span> 
     </span>
    </p>
   </div>
   <div class='ocr_carea' id='block_1_120' title="bbox 2011 5695 3577 5772">
    <p class='ocr_par' dir='ltr' id='par_1_120' title="bbox 2011 5695 3577 5772">
     <span class='ocr_line' id='line_1_120' title="bbox 2011 5695 3577 5772; baseline -0.004 -15"><span class='ocrx_word' id='word_1_915' title='bbox 2011 5695 2234 5772; x_wconf 70' lang='lat' dir='ltr'>epistola</span> <span class='ocrx_word' id='word_1_916' title='bbox 2257 5702 2541 5770; x_wconf 87' lang='lat' dir='ltr'>desumpta</span> <span class='ocrx_word' id='word_1_917' title='bbox 2569 5710 2669 5753; x_wconf 84' lang='lat' dir='ltr'>est.</span> <span class='ocrx_word' id='word_1_918' title='bbox 2705 5695 2969 5772; x_wconf 71' lang='grc' dir='ltr'>Ἡμέρας,</span> <span class='ocrx_word' id='word_1_919' title='bbox 2991 5711 3043 5772; x_wconf 82' lang='lat' dir='ltr'>et</span> <span class='ocrx_word' id='word_1_920' title='bbox 3069 5702 3179 5762; x_wconf 86' lang='grc' dir='ltr'>τοῖς</span> <span class='ocrx_word' id='word_1_921' title='bbox 3202 5695 3430 5772; x_wconf 79' lang='grc' dir='ltr'>πολλοῖς,</span> <span class='ocrx_word' id='word_1_922' title='bbox 3454 5715 3577 5772; x_wconf 72' lang='lat' dir='ltr'>qua:</span> 
     </span>
    </p>
   </div>
   <div class='ocr_carea' id='block_1_121' title="bbox 2013 5767 3573 5842">
    <p class='ocr_par' dir='ltr' id='par_1_121' title="bbox 2013 5767 3573 5842">
     <span class='ocr_line' id='line_1_121' title="bbox 2013 5767 3573 5842; baseline -0.003 -16"><span class='ocrx_word' id='word_1_923' title='bbox 2013 5767 2329 5842; x_wconf 80' lang='lat' dir='ltr'>sequuntur,</span> <span class='ocrx_word' id='word_1_924' title='bbox 2351 5767 2547 5825; x_wconf 80' lang='lat' dir='ltr'>absunt</span> <span class='ocrx_word' id='word_1_925' title='bbox 2578 5788 2604 5824; x_wconf 93' lang='lat' dir='ltr'>a</span> <span class='ocrx_word' id='word_1_926' title='bbox 2633 5767 2862 5842; x_wconf 67' lang='lat' dir='ltr'>vulgatis</span> <span class='ocrx_word' id='word_1_927' title='bbox 2883 5769 3034 5823; x_wconf 83' lang='lat' dir='ltr'>Pauli</span> <span class='ocrx_word' id='word_1_928' title='bbox 3064 5772 3212 5842; x_wconf 83' lang='lat' dir='ltr'>editt.</span> <span class='ocrx_word' id='word_1_929' title='bbox 3245 5775 3300 5820; x_wconf 89' lang='lat' dir='ltr'>ut</span> <span class='ocrx_word' id='word_1_930' title='bbox 3337 5767 3473 5821; x_wconf 89' lang='lat' dir='ltr'>idem</span> <span class='ocrx_word' id='word_1_931' title='bbox 3507 5770 3573 5842; x_wconf 74' lang='grc' dir='ltr'>Α.</span> 
     </span>
    </p>
   </div>
   <div class='ocr_carea' id='block_1_122' title="bbox 2013 5840 3576 5906">
    <p class='ocr_par' dir='ltr' id='par_1_122' title="bbox 2013 5840 3576 5906">
     <span class='ocr_line' id='line_1_122' title="bbox 2013 5840 3576 5906; baseline 0 -12"><span class='ocrx_word' id='word_1_932' title='bbox 2013 5840 2250 5896; x_wconf 79' lang='lat' dir='ltr'>adnotat.</span> <span class='ocrx_word' id='word_1_933' title='bbox 2305 5844 2564 5896; x_wconf 62' lang='grc' dir='ltr'>διιιιιῖιιο.</span> <span class='ocrx_word' id='word_1_934' title='bbox 2606 5873 2662 5878; x_wconf 91' lang='grc'><strong>---</strong></span> <span class='ocrx_word' id='word_1_935' title='bbox 2705 5840 2834 5892; x_wconf 77' lang='lat' dir='ltr'>Sunt</span> <span class='ocrx_word' id='word_1_936' title='bbox 2887 5849 3064 5896; x_wconf 87' lang='lat' dir='ltr'>autem</span> <span class='ocrx_word' id='word_1_937' title='bbox 3115 5840 3576 5906; x_wconf 84' lang='lat' dir='ltr'>interpretamenti</span> 
     </span>
    </p>
   </div>
   <div class='ocr_carea' id='block_1_123' title="bbox 2016 5912 2734 5967">
    <p class='ocr_par' dir='ltr' id='par_1_123' title="bbox 2016 5912 2734 5967">
     <span class='ocr_line' id='line_1_123' title="bbox 2016 5912 2734 5967; baseline -0.006 -1"><span class='ocrx_word' id='word_1_938' title='bbox 2016 5914 2132 5967; x_wconf 77' lang='lat' dir='ltr'>loro</span> <span class='ocrx_word' id='word_1_939' title='bbox 2162 5931 2187 5966; x_wconf 66' lang='grc' dir='ltr'>λι</span> <span class='ocrx_word' id='word_1_940' title='bbox 2216 5912 2488 5966; x_wconf 69' lang='lat' dir='ltr'>Clemente</span> <span class='ocrx_word' id='word_1_941' title='bbox 2519 5915 2644 5964; x_wconf 51' lang='lat' dir='ltr'>insit</span> <span class='ocrx_word' id='word_1_942' title='bbox 2666 5920 2734 5962; x_wconf 79' lang='lat' dir='ltr'>ta.</span> 
     </span>
    </p>
   </div>
  </div>
