4464 6612
389 500 523 555 1515

1660 485 2083 543 STllOMATL'M
2116 485 2240 540 LIB.
2284 483 2371 537 l‘.

3471 483 3611 538 13M

382 615 713 684 γαλοπρεπεί
743 611 866 680 δόξῃ
893 609 1023 680 (35).
1062 609 1326 680 Δάϐωμεν
1373 607 1560 677 Ἑνὼχ,
1590 608 1669 669 ὃς,
1717 608 1773 657 ὲν
1808 605 1945 657 07:1-
1973 612 2017 667 Α
2052 605 2145 659 \‘iel

1849 623 1945 657 πα·
1973 612 2017 667 Α
2052 605 2285 659 vierunt.
2318 599 2657 668 Accipiamus
2675 597 2882 661 Enoch,
2911 599 3004 669 qui
3027 599 3080 652 in
3105 596 3411 653 obedientia
3430 597 3612 668 justus

382 708 479 776 κοῇ
507 705 710 764 δίκαιος
742 700 998 770 εὑρεθεὶς,
1034 702 1290 774 μετετέθη
1311 717 1324 729 ·
1359 700 1451 752 καὶ
1480 701 1623 763 Νῶε,
1653 701 1712 761 ὃς
1739 699 1948 751 πιστεῦ-

381 817 480 862 σας
507 794 736 866 διεσώθη
761 811 775 824 ·
811 796 903 849 καὶ
933 797 1199 869 Ἀϐραὰμ,
1237 795 1296 856 ὃς
1328 792 1415 845 διὰ
1450 793 1631 846 πίστιν
1664 793 1758 844 καὶ
1802 791 1945 860 φιλο-

379 888 556 954 ξενίαν
591 885 699 956 (56)
737 906 755 938 ι
785 887 932 956 φίλος
961 886 1095 941 Θεοῦ
1133 886 1267 956 (57),
1295 905 1313 936 ι
1350 887 1528 956 πατὴρ
1558 887 1614 938 δὲ
1636 884 1729 937 τοῦ
1764 885 1943 938 Ἰσαὰκ

377 977 804 1050 προσηγορεύθη.
865 979 965 1032 Διὰ
1014 976 1319 1047 φιλοξενίαν
1372 978 1480 1047 (58)
1533 979 1626 1030 καὶ
1668 976 1943 1033 εὐσέϐειαν

374 1069 497 1125 Λὼτ
546 1069 715 1143 ἐσώθη
761 1075 824 1125 ὲκ
873 1072 1147 1140 Σοδόμων·
1199 1068 1285 1122 διὰ
1332 1069 1510 1122 πίστιν
1551 1071 1661 1138 (59)
1714 1072 1807 1123 καὶ
1853 1089 1940 1140 φι-

375 1161 610 1228 λοξενίαν
649 1162 820 1235 ἐσώθη
871 1162 1036 1216 Ῥαὰὸ
1073 1163 1106 1232 ἡ
1149 1161 1354 1232 πόρνη·
1407 1162 1472 1214 δι’
1515 1163 1788 1232 ὑπομονὴν
1829 1164 1938 1235 (40)

374 1255 468 1307 καὶ
513 1255 690 1308 πίστιν
723 1257 780 1308 ἐν
815 1255 1078 1326 δέρμασιν
1111 1253 1336 1319 αἰγείοις
1385 1255 1479 1305 καὶ
1537 1253 1806 1323 μηλωταῖς
1849 1256 1942 1309 καὶ

373 1347 572 1417 τριχῶν
624 1348 934 1419 καμηλείων
992 1344 1296 1414 πλέγμασιν
1361 1347 1785 1416 περιεπάτησαν,
1841 1365 1939 1418 κη-

377 1437 658 1508 ρύσσοντες
716 1441 812 1510 τὴν
868 1438 1142 1509 βασιλείαν
1197 1437 1306 1506 (41)
1359 1438 1451 1490 τοῦ
1508 1439 1760 1509 Χριστοῦ.
1838 1439 1940 1490 Λέ-

373 1544 539 1598 γομεν
597 1529 652 1580 δὲ
695 1531 880 1583 Ἠλίαν
943 1531 1035 1582 καὶ
1078 1527 1394 1590 Ἐλισσαῖον,
1449 1529 1703 1600 Ἰεζεκιὴλ
1741 1547 1798 1581 τε
1849 1530 1940 1582 καὶ

383 1618 630 1688 Ἰωάννην
677 1618 804 1689 (12),
849 1622 974 1684 τοὺς
1005 1622 1306 1691 προφήτας.
1363 1619 1418 1670 '0
1454 1621 1560 1690 γάρ
1608 1637 1688 1672 τοι
1727 1640 1744 1670 ι
1790 1619 1939 1688 φίλος

372 1706 504 1760 Θεοῦ
560 1706 647 1758 διὰ
694 1709 871 1762 πίστιν
919 1709 1209 1778 ἐλευθέραν
1263 1706 1481 1774 κληθεὶς
1536 1707 1782 1777 Ἀϐραὰμ
1836 1709 1936 1760 οὐκ

371 1797 582 1868 ἐπῄροη
623 1800 688 1866 τῇ
723 1798 867 1870 δόξῃ·
902 1798 1274 1873 μετριοπαθῶν
1320 1797 1374 1848 δὲ
1409 1797 1616 1864 ἔλεγεν·
1648 1818 1664 1848 ι
1710 1798 1850 1865 Ἐγὼ
1878 1798 1935 1851 δέ

369 1893 483 1959 εἰμι
507 1889 576 1957 γῆ
607 1889 701 1941 καὶ
723 1891 927 1952 σποδός.
972 1911 988 1939 ι
1025 1890 1158 1960 Περί
1183 1906 1242 1940 τε
1269 1888 1362 1939 τοῦ
1397 1887 1514 1938 Ἰὼϐ
1543 1888 1710 1950 οὕτως
1741 1889 1933 1961 γέγρα-

2048 696 2322 758 inventus,
2365 691 2468 746 fuit
2500 691 2829 756 translatus;
2865 701 2920 745 et
2953 689 3085 757 Noe,
3130 689 3225 760 qui
3265 703 3390 742 cum
3439 691 3613 745 credi-

2044 788 2234 850 disset,
2253 783 2353 838 fuit
2385 795 2661 849 servatus;
2687 791 2739 836 et
2760 781 3054 847 Abraham,
3081 783 3172 852 qui
3203 790 3425 852 propter
3453 782 3608 836 iidem

2049 887 2103 933 et
2151 876 2569 946 hospitalitatem
2613 874 2752 930 «Dei
2809 875 3104 940 amicusa,
3135 893 3154 926 ι
3217 884 3370 944 pater
3429 881 3610 928 autem

2043 969 2197 1024 Isaac
2251 977 2335 1022 est
2394 969 2714 1038 appellatus.
2764 965 2989 1036 Propter
3064 965 3480 1033 hospitalitatem
3559 973 3614 1020 et

2046 1061 2300 1129 pietatem
2342 1059 2476 1112 Loth
2515 1056 2620 1110 fuit
2664 1067 2907 1113 servatus
2945 1072 3011 1111 ex
3060 1053 3353 1123 Sodomis;
3391 1064 3613 1127 propter

2044 1152 2204 1206 ﬁdem
2236 1158 2289 1203 et
2329 1151 2749 1220 hospitalitatem
2771 1159 2979 1204 servata
2997 1156 3082 1203 est
3132 1145 3288 1200 Raab
3331 1149 3608 1211 meretrix;

2048 1249 2267 1313 propter
2307 1240 2621 1310 patientiam
2644 1247 2697 1292 et
2725 1237 2906 1303 ﬁdem,
2949 1239 3000 1291 in
3033 1238 3264 1307 pellibus
3292 1237 3528 1306 caprinis
3555 1247 3611 1292 et

2042 1333 2252 1397 ovinis,
2300 1343 2352 1386 et
2415 1348 2480 1386 ex
2539 1331 2873 1385 camelorum
2937 1329 3060 1398 pilis
3115 1330 3384 1384 contextis
3448 1328 3612 1382 vesti-

2041 1425 2144 1478 bus
2183 1424 2546 1485 ambularunt,
2599 1420 2955 1491 praedicantes
2989 1435 3212 1490 regnum
3241 1418 3470 1474 Christi.
3515 1419 3610 1470 Di-

2041 1517 2218 1570 cimus
2264 1525 2440 1566 autem
2485 1513 2656 1565 Etiam
2715 1521 2769 1565 et
2824 1509 3079 1563 Eliszeum
3109 1548 3124 1573 ,
3172 1510 3508 1564 Ezechielem
3554 1517 3611 1561 et

2045 1610 2103 1667 ὦ
2138 1601 2404 1656 Joannem
2428 1642 2442 1665 ,
2491 1602 2800 1668 prophetas.
2846 1600 2950 1665 Qui
2983 1599 3127 1652 enim
3157 1619 3174 1649 ι
3207 1599 3301 1653 Dei
3335 1599 3547 1654 amicus
3582 1617 3601 1651 ι

2041 1703 2263 1761 propter
2297 1693 2454 1744 Iidem
2501 1691 2720 1743 liberam
2750 1699 2975 1745 vocatus
3022 1699 3107 1743 est
3146 1690 3454 1754 Abraham,
3493 1707 3606 1743 non

2040 1784 2141 1838 fuit
2174 1783 2346 1852 gloria
2375 1781 2552 1835 elatus
2573 1819 2587 1838 .
2625 1781 2716 1833 scd
2749 1783 2995 1835 modeste
3021 1781 3196 1834 dixit:
3231 1800 3248 1830 ι
3278 1779 3390 1849 Ego
3426 1791 3604 1833 autem

2041 1890 2159 1927 sum
2193 1883 2336 1927 terra
2374 1880 2427 1925 et
2457 1871 2598 1924 cinis
2639 1869 2688 1923 δ.
2723 1889 2741 1920 ι
2772 1870 2834 1924 Et
2863 1874 2928 1924 de
2951 1871 3054 1926 Job
3085 1872 3165 1926 sic
3196 1871 3458 1940 scriptum
3489 1880 3608 1926 est:

374 1939 480 1959 "r"
519 1939 576 1957 ιν·
731 1939 743 1940 ί
806 1939 926 1952 ν--τ-
1026 1939 1155 1960 --Ἶη
1196 1939 1232 1940 η
1691 1939 1707 1950 ﬂ
1752 1939 1908 1961 ru”

371 1999 498 2034 πται
528 1981 657 2050 (έδλ
694 2000 711 2031 ⁸
766 1982 880 2033 Ἰὼϐ
914 1984 968 2035 δὲ
997 1979 1064 2053 ἦν
1097 1983 1303 2042 δίκαιος
1336 1981 1429 2032 καὶ
1458 1981 1769 2049 ἄμεμπτος,
1802 1981 1930 2050 ἀλη-
1965 1939 2002 1992 Β
2051 1981 2068 2012 ⁸
2100 1962 2134 2016 δι

1965 1939 2002 1992 Β
2051 1981 2068 2012 ι
2100 1962 2201 2017 Job
2237 1973 2418 2015 autem
2452 1968 2569 2014 erat
2598 1960 2812 2029 justus,
2847 1963 3254 2029 reprehensioni
3287 1939 3397 2017 non
3431 1963 3609 2017 obno-

368 2071 511 2134 θινὸς
534 2073 624 2123 καὶ
646 2070 916 2143 θεοσεϐὴς,
953 2073 1285 2142 ἀπεχόμενος
1314 2071 1419 2124 ἀπο
1459 2071 1656 2132 παντὸς
1687 2069 1871 2122 κακοῦ.
1908 2090 1925 2120 ι

368 2159 536 2227 Οὗτος
572 2165 600 2215 ὁ
646 2165 868 2234 νικήσας
901 2166 964 2217 δι’
999 2165 1274 2235 ὑπομονῆς
1306 2163 1398 2214 τὸν
1437 2161 1787 2232 πειράσαντα,
1839 2162 1932 2213 καὶ

369 2256 722 2326 μαρτυρήσας
751 2256 863 2325 ἆμα
896 2257 986 2308 καὶ
1020 2253 1386 2326 μαρτυρηθεὶς
1417 2254 1524 2305 ὑπὸ
1555 2253 1649 2304 τοῦ
1673 2252 1806 2304 Θεοῦ
1826 2269 1838 2281 ·
1873 2251 1932 2313 ὃς

362 2346 855 2416 ταπεινοφροσύνης
889 2349 1164 2417 ἀντέχεται
1197 2346 1329 2416 (14),
1373 2366 1389 2395 ι
1421 2348 1513 2398 καὶ
1542 2345 1708 2412 λέγει·
1742 2343 1932 2406 Οὐδεὶς

363 2438 602 2506 καθαρὸς
631 2437 737 2489 ἀπὸ
776 2438 944 2507 ῥύπου
966 2477 979 2499 ,
1013 2438 1122 2490 οὐδ’
1155 2439 1202 2489 εἰ
1242 2439 1368 2506 μιᾶς
1402 2437 1667 2507 ἡμέραςὴ
1699 2435 1810 2499 ζωὴ
1831 2435 1930 2486 αὺ-

362 2527 475 2579 τοῦ.
511 2547 528 2578 ι
565 2528 817 2596 Μωῦσῆς,
855 2548 870 2575 ι
911 2529 938 2579 ὁ
977 2528 1160 2590 πιστὸς
1204 2527 1455 2598 θεράπων
1489 2527 1598 2597 (45)
1635 2527 1693 2578 ὲν
1725 2526 1830 2595 ὅλῳ
1852 2525 1930 2594 τῷ

361 2620 495 2688 οἴκῳ
519 2618 707 2679 αὑτοῦ,
753 2639 768 2668 ι
805 2620 937 2688 πρὸς
977 2620 1064 2671 τὸν
1098 2617 1500 2690 χρηματίζοντα
1541 2619 1602 2669 ὲκ
1630 2617 1731 2686 τῆς
1768 2616 1928 2685 βάτου

362 2707 533 2763 εἶπεν·
565 2731 583 2762 ‹
628 2712 722 2772 Τίς
750 2711 862 2780 εἰμι
897 2710 1022 2777 ἐγὼ,
1045 2712 1124 2763 ὅτι
1162 2727 1226 2780 με
1249 2711 1516 2779 πέμπειςς
1565 2708 1705 2776 Ἐγὼ
1726 2709 1784 2761 δέ
1815 2710 1924 2778 εἰμι

365 2801 685 2870 ἰσχνόφωνος
725 2802 818 2853 καί
854 2801 1279 2871 βραδύγλωσσος,
1315 2819 1332 2849 ι
1380 2800 1562 2870 φωνὴν
1598 2800 1801 2871 Κυρίου
1841 2798 1929 2852 διὰ

359 2889 609 2960 γλώσσης
645 2891 987 2960 ἀνθρωπίνης
1035 2889 1346 2959 διακονῆσαι
1394 2888 1525 2955 (46).
1574 2890 1680 2940 Καὶ
1725 2889 1922 2942 πάλιν·

363 2998 384 3030 ί
424 2979 565 3047 Ἐγὼ
609 2981 722 3048 (1⁸7)
753 2981 807 3032 δέ
850 2983 962 3050 εἰμι
1007 2981 1168 3049 ἀτμὶς
1214 2980 1322 3032 ἀπὸ
1370 2979 1591 3050 χύτρας.
1641 2980 1772 3042 Θεὸς
1814 2980 1921 3050 γὰρ

358 3069 726 3139 ὑπερηφάνοις
769 3071 1169 3131 ἀντιτάσσεται,
1214 3070 1486 3129 ταπεινοῖς
1519 3067 1573 3119 δὲ
1605 3066 1784 3118 δίδωσι
1819 3068 1920 3136 χὰ-

360 3177 464 3230 ριν.
499 3181 516 3212 ι
565 3179 582 3210 ι
632 3161 746 3212 Ναὶ
783 3160 883 3230 μὴν
919 3160 1026 3228 (48)
1053 3161 1144 3212 καὶ
1161 3158 1342 3218 Δαίῆδ,
1367 3157 1450 3225 ἐφ’
1483 3152 1542 3210 οῦ
1580 3156 1864 3226 μαρτυρῶν
1893 3158 1922 3209 ὁ

2031 2055 2188 2120 xius,
2265 2053 2435 2108 Deum
2506 2053 2609 2106 rite
2689 2053 2906 2115 colens,
2963 2054 3242 2107 abstinens
3312 2055 3380 2108 ab
3445 2056 3596 2108 omni

2031 2146 2174 2198 malo
2210 2155 2290 2197 ε.)
2323 2143 2369 2198 ls
2415 2152 2530 2205 est,
2564 2141 2658 2211 qui
2694 2156 2795 2195 sua
2829 2143 3084 2210 patientia
3117 2143 3390 2211 superavit
3425 2154 3602 2196 tenta-

2029 2245 2232 2299 torem,
2265 2245 2319 2288 ct
2362 2235 2524 2288 simul
2567 2237 2668 2290 fuit
2711 2247 2918 2307 martyr
2963 2251 3057 2291 seu
3104 2234 3299 2297 testis,
3331 2241 3386 2287 et
3425 2249 3453 2286 a
3493 2232 3603 2288 Deo

2031 2326 2238 2394 accepit
2287 2325 2703 2391 testimonium;
2749 2327 2841 2397 qui
2879 2327 3241 2381 humilitatem
3289 2325 3606 2394 amplexus,

2030 2416 2160 2471 dicit
2193 2435 2204 2468 :
2238 2436 2254 2466 ι
2284 2415 2478 2471 Nullus
2509 2428 2590 2471 est
2626 2420 2864 2472 mundus
2892 2434 2922 2472 a
2957 2419 3118 2473 sorde
3140 2457 3153 2480 ,
3191 2432 3260 2470 ne
3294 2416 3338 2470 si
3373 2416 3444 2469 sit
3475 2416 3599 2484 qui-

2029 2507 2150 2561 dem
2197 2508 2358 2560 unius
2386 2508 2493 2561 diei
2528 2509 2634 2562 vita
2665 2509 2784 2576 ejus
2818 2507 2874 2561 ἀ.
2911 2527 2929 2559 ι
2959 2507 3206 2577 Moyses,
3235 2525 3253 2556 ι
3287 2505 3460 2559 lidelis
3489 2520 3606 2558 ser-

2029 2612 2129 2651 vus
2172 2597 2224 2649 in
2270 2606 2380 2651 toto
2425 2598 2590 2651 domo
2636 2597 2763 2666 ejus
2806 2609 2853 2661 ε,
2889 2617 2908 2650 ι
2936 2597 3073 2651 dixit
3111 2597 3177 2651 ad
3213 2612 3368 2659 eum,
3399 2596 3492 2664 qui
3535 2610 3602 2648 ex

2029 2688 2167 2741 rubo
2209 2689 2372 2742 dabat
2415 2704 2715 2758 responsa:
2751 2707 2768 2739 ι
2803 2689 2939 2755 Quis
2977 2705 3078 2759 ego
3115 2705 3238 2744 sum
3264 2729 3281 2754 ,
3324 2689 3471 2758 quod
3513 2703 3599 2742 me

2028 2780 2245 2833 mittis?
2283 2779 2395 2850 Ego
2437 2790 2618 2834 autem
2657 2797 2777 2835 sum
2815 2792 2865 2836 et
2913 2797 3047 2835 voce
3087 2781 3270 2845 tenui,
3312 2789 3364 2834 et
3409 2781 3598 2848 lingua

2029 2871 2254 2924 tardiori
2299 2872 2344 2935 ί,
2383 2891 2401 2923 ι
2432 2881 2488 2925 ut
2528 2871 2742 2925 Domini
2787 2888 2973 2927 vocem
3018 2873 3320 2925 ministrent
3361 2887 3456 2941 per
3491 2872 3596 2924 lin-

2025 2979 2184 3032 guam
2217 2963 2532 3016 humanam.
2566 2961 2630 3015 Et
2665 2979 2856 3017 rursus
2885 2982 2897 3016 :
2931 2982 2949 3013 ι
2981 2961 3092 3031 Ego
3122 2972 3304 3017 autem
3336 2977 3456 3016 sum
3493 2978 3592 3016 ra-

2025 3069 2123 3122 por
2151 3069 2217 3107 ex
2244 3055 2370 3106 olla.
2403 3052 2545 3107 Deus
2573 3055 2715 3107 enim
2747 3053 2998 3122 superbis
3029 3053 3266 3117 resistit,
3297 3054 3594 3108 humiLbus

2023 3161 2202 3203 autem
2245 3149 2336 3201 dat
2377 3149 2607 3217 gratiam
2643 3151 2690 3201 ε.
2727 3168 2744 3199 ›
2773 3147 2892 3200 Jam
2941 3162 3068 3200 vero
3113 3145 3282 3199 David
3331 3162 3587 3215 quoque,

358 3251 559 3321 Κύριος
585 3251 749 3318 λέγει·
789 3272 806 3301 (
849 3249 1016 3321 Εὗρον
1049 3251 1216 3320 ἄνδρα
1246 3249 1384 3302 κατὰ
1411 3248 1506 3318 τὴν
1533 3249 1754 3318 καρδίαν
1793 3265 1916 3318 μου,
1947 3262 1991 3322 C
2023 3240 2090 3292 de
2118 3265 2121 3286 ι

1826 3265 1916 3313 ου,
1947 3262 1991 3322 C
2023 3240 2090 3292 de
2118 3253 2225 3308 quo
2254 3238 2622 3291 testimonium
2656 3239 2833 3292 l'crens
2859 3238 2991 3292 dicit
3021 3236 3279 3291 Dominus
3313 3259 3323 3291 :
3356 3255 3372 3286 ι
3409 3236 3589 3291 lim-ni

355 3342 536 3402 Δαὸὶδ,
576 3343 664 3394 τὸν
689 3343 781 3394 τοῦ
829 3341 1042 3394 Ἰεσσαί·
1091 3343 1148 3392 ὲν
1193 3341 1354 3409 ἐλαίῳ
1399 3341 1536 3409 ἁγίῳ
1585 3339 1696 3407 (49)
1735 3340 1926 3409 ἕχρισα

354 3433 535 3484 αὐτόν·
552 3453 568 3481 )
591 3433 722 3484 ἀλλὰ
741 3433 833 3484 καὶ
860 3433 1020 3494 αὐτὸς
1036 3431 1182 3498 λέγει
1209 3432 1342 3499 πρὸς
1355 3431 1442 3482 τὸν
1461 3429 1612 3482 Θεόν·
1637 3449 1655 3480 ι
1681 3430 1926 3498 Ἐλέησόν

359 3537 445 3588 με,
486 3523 514 3572 ὁ
565 3521 713 3583 Θεὸς,
759 3522 896 3574 κατὰ
935 3523 995 3574 τὸ
1046 3521 1184 3592 μέγα
1215 3521 1358 3582 ἔλεός
1391 3535 1510 3572 σου·
1554 3520 1646 3572 καὶ
1687 3519 1825 3572 κατὰ
1866 3520 1926 3572 τὺ

355 3607 556 3678 πλῆθος
602 3610 707 3662 τῶν
751 3612 1046 3682 οἰκτιρμῶν
1101 3630 1194 3664 σου
1248 3609 1519 3678 ἐξάλειψον
1561 3610 1622 3661 τὸ
1667 3609 1924 3678 ἀνόμημά

357 3717 477 3768 μου·
519 3702 789 3754 ὲπιπλεῖον
821 3703 1016 3756 πλῦνόν
1046 3721 1110 3773 με
1147 3703 1251 3755 ἀπὸ
1277 3703 1372 3772 τῆς
1413 3701 1638 3770 ἀνομίας
1666 3717 1786 3770 μου,
1822 3699 1913 3752 καὶ

354 3791 461 3842 ἀπὸ
483 3791 578 3860 τῆς
611 3792 879 3862 ἁμαρτίας
900 3811 998 3862 μου
1017 3792 1306 3862 καθάρισόν
1331 3807 1415 3860 με·
1451 3790 1532 3841 ὅτι
1559 3789 1654 3860 τὴν
1689 3789 1914 3858 ἀνομίαν

356 3898 456 3949 μου
490 3880 595 3946 ἐγὼ
627 3880 891 3948 γινώσκω,
930 3883 1021 3934 καὶ
1059 3902 1076 3932 ‹
1104 3885 1136 3952 ἡ
1170 3881 1410 3952 ἁμαρτία
1433 3897 1528 3950 μου
1564 3878 1788 3932 ἐνώπιόν
1813 3896 1912 3950 μου

350 3971 467 4024 ἐστι
508 3972 813 4034 διαπαντός.
861 3993 878 4022 ι
937 3974 1166 4024 Ἔπειτα
1217 3972 1316 4041 τὴν
1365 3972 1459 4040 οὐχ
1504 3970 1912 4023 ὑποπίπτουσαν

350 4059 519 4132 Νόμῳ
565 4062 924 4130 αἰνιττόμενος
956 4059 1248 4130 ἁμαρτίαν,
1273 4058 1586 4126 γνωστικῶς
1620 4075 1913 4130 μετριοπα-

350 4146 479 4214 θῶν,
508 4152 751 4222 ἐπιφέρει
776 4152 915 4222 (511)·
948 4170 965 4201 ι
1011 4151 1098 4202 Σοὶ
1129 4149 1272 4219 μόνῳ
1307 4151 1570 4220 ἥμαρτον,
1606 4151 1700 4203 καὶ
1731 4149 1790 4202 τὸ
1814 4166 1911 4201 πο-

425 4335 482 4391 νῈ
524 4329 586 4385 Ρ.
628 4332 720 4384 611
769 4330 874 4383 ED.
917 4328 1208 4384 POTTER.
1331 4341 1355 4369 ι
1387 4328 1503 4384 Jac.
1536 4345 1606 4390 ll,
1641 4328 1731 4381 25.

1842 4327 1869 4364 Β
1909 4325 2101 4378 Cenes.
2143 4340 2310 4387 xvm,
2350 4323 2438 4377 9.7.

2027 3331 2300 3384 hominem
2321 3331 2617 3384 secundum
2634 3345 2727 3384 cor
2744 3346 2920 3382 meum
2938 3369 2952 3392 ,
2976 3330 3138 3382 David
3162 3328 3348 3383 Jesszei
3380 3329 3550 3382 lilium
3573 3369 3589 3394 ,

2021 3420 2077 3473 in
2113 3420 2232 3474 oleo
2259 3429 2448 3474 sancto
2475 3419 2604 3473 unxi
2636 3436 2759 3474 eum
2785 3420 2834 3472 δε
2869 3439 2886 3469 ι
2910 3420 3002 3473 sed
3047 3421 3161 3487 ipse
3190 3434 3410 3488 quoque
3460 3421 3590 3474 dicit

2019 3512 2085 3566 ad
2114 3511 2278 3565 Deum
2302 3531 2313 3564 :
2346 3531 2364 3562 ι
2383 3511 2640 3566 Miserere
2663 3513 2790 3574 mci,
2818 3510 2980 3576 Deus,
3009 3511 3305 3565 secundum
3333 3527 3584 3581 magnam

2017 3602 2446 3656 misericordiam
2496 3611 2688 3667 tuam;
2734 3612 2788 3656 et
2832 3603 3132 3658 secundum
3180 3602 3582 3656 multitudinem

2017 3691 2428 3744 miserationum
2460 3704 2674 3744 tuarum
2706 3693 2823 3746 dele
2857 3692 3198 3760 iniquitatem
3233 3707 3428 3748 meam.
3455 3692 3585 3746 Am—

2016 3783 2159 3852 plius
2189 3783 2307 3836 lava
2337 3798 2422 3836 me
2452 3783 2522 3836 ab
2554 3783 2837 3852 iniquitate
2871 3800 2988 3838 mea
3009 3825 3024 3851 ,
3061 3793 3114 3838 et
3144 3799 3174 3837 a
3204 3793 3434 3854 peccato
3463 3801 3584 3840 meo

2018 3875 2221 3928 munda
2257 3891 2363 3929 me.
2397 3873 2666 3940 Quoniam
2724 3875 3068 3945 iniquitatem
3117 3891 3289 3930 meam
3336 3893 3436 3947 ego
3489 3894 3583 3933 eo-

2016 3978 2250 4034 gnosco,
2297 3973 2350 4017 et
2377 3973 2657 4032 peccatum
2685 3981 2864 4019 meum
2913 3966 2965 4018 in
2994 3977 3290 4034 conspectu
3342 3982 3464 4020 meo
3498 3976 3581 4022 est

2016 4057 2314 4126 semperiu
2338 4055 2540 4110 Deinde
2572 4057 2806 4112 innuens
2836 4068 3137 4126 peccatum,
3159 4057 3304 4127 quod
3332 4057 3432 4128 legi
3467 4073 3577 4112 non

2018 4147 2326 4216 subjicitur,
2371 4148 2616 4220 gnostice
2665 4163 2820 4200 suam
2871 4150 3162 4203 ostendens
3209 4149 3530 4204 modestiam
3558 4189 3574 4215 ,

2553 4333 2574 4360 ο
2620 4320 2721 4374 Joh
2762 4339 2814 4388 ι,
2858 4327 2909 4378 1.
3020 4325 3046 4364 ά
3085 4325 3186 4379 Job
3226 4343 3358 4391 xw,
3399 4331 3467 4389 4,
3517 4332 3570 4384 5.

354 4409 378 4436 ο
416 4398 573 4454 llebr.
617 4417 698 4466 Ill,
739 4401 789 4456 5.
867 4399 886 4438 τ
931 4401 1099 4454 Exod.
1141 4417 1235 4465 ut,
1281 4400 1378 4464 ll;
1424 4417 1496 4465 tv,
1541 4400 1622 4452 10.
1705 4398 1730 4434 ε
1766 4394 1879 4449 Jac.
1919 4393 2082 4459 tv,6;
2124 4393 2142 4445 l
2180 4393 2322 4447 Petr.
2367 4393 2498 4459 n35.
2573 4393 2601 4430 ιι
2641 4391 2784 4447 Psal.
2826 4397 3204 4461 uxxvmﬂl.
3277 4400 3289 4436 ί
3335 4398 3479 4454 Psal.
3516 4416 3568 4462 ι,

349 4473 401 4528 1,
437 4471 491 4532 2,
530 4472 582 4535 3,
623 4472 678 4524 4.

349 4613 841 4732 Β((55).ι1ὺτοῦ,τῇ
875 4630 1004 4682 per.
1037 4613 1092 4665 δ.
1133 4615 1209 4684 Τῇ
1262 4629 1383 4684 μεγ.
1423 4612 1468 4663 δ.
1495 4607 1689 4671 αὑτοῦ,
1729 4605 1899 4659 Clem.

435 4699 508 4732 m.

397 4696 529 4819 ((Ιῖῗθ)
568 4755 676 4807 Καὶ
721 4751 1082 4823 φιλοξενίαν.
1122 4748 1245 4823 Ha'c
1297 4750 1350 4823 in
1396 4747 1642 4823 Romano
1682 4759 1791 4823 non
1819 4758 1906 4822 ex:

349 4815 525 4890 stant;
564 4834 622 4875 ut
654 4815 753 4879 nec
792 4815 958 4884 illud,
1002 4821 1144 4890 quod
1187 4820 1450 4889 sequitur,
1487 4817 1668 4888 πατὴρ
1707 4815 1766 4867 δὲ
1810 4815 1902 4865 τοῦ

359 4889 541 4976 ’ίῖξέεῖε
560 4889 1034 4976 ξτροσηγορεέθηεζ
1108 4960 1145 4976 η
1210 4959 1235 4970 -

417 4954 527 5028 (37)
555 4953 744 5028 «152.105
762 4953 939 5018 ’Θὲοτλ
970 4953 1082 5016 Vox
1106 4959 1237 5012 Θεοῦ
1265 4958 1585 5028 aClemente
1612 4954 1777 5028 Rom.
1806 4953 1904 5028 ho-

346 5025 534 5082 dierno
568 5025 740 5094 abest,
775 5033 860 5086 eui
895 5042 1069 5087 tamen
1119 5047 1185 5084 ex
1237 5031 1339 5083 hoc
1394 5027 1514 5080 loco
1565 5025 1904 5094 restituenda

347 5099 572 5152 videtur.
626 5092 866 5169 Respicit
926 5103 1070 5158 enim
1115 5099 1301 5155 Jacob.
1361 5113 1421 5162 ιι,
1451 5096 1554 5149 25:
1612 5094 1723 5146 Καὶ
1751 5092 1903 5160 φίλος

347 5169 476 5219 Θεοῦ
512 5166 733 5219 ἐκλήθη.

345 5169 476 5223 Θεοῦ
512 5169 733 5289 έκλίὲθη.
1683 5231 1694 5241 ο

357 5238 612 5319 __(53)_Al
692 5239 892 5319 μξλοξ.
944 5239 1125 5295 Haece
1155 5237 1384 5294 Romani
1438 5233 1727 5290 Clementis
1777 5246 1897 5300 cap.

350 5309 598 5378 “petita
629 5314 776 5360 sunt.

417 5381 526 5449 (59)
556 5376 658 5431 Διά
687 5375 854 5430 πίστι
885 5378 1011 5436 Hzec
1035 5396 1103 5436 ex
1134 5379 1375 5451 ejusdem
1410 5391 1528 5446 cap.
1576 5371 1644 5428 12
1679 5379 1896 5438 sumpta

557 5523 634 5576 Δι’
661 5520 988 5605 ῥίτομονήν.
1024 5519 1143 5575 Jam
1169 5521 1365 5577 transit
1384 5518 1450 5575 ad
1475 5511 1765 5574 Clementis
1791 5509 1900 5567 Ro-

343 5597 488 5645 mani
518 5610 637 5662 cap.
672 5594 756 5648 17.

415 5661 522 5732 (41)
557 5665 671 5732 Τὴν
691 5663 1030 5732 βασιλείαν.
1072 5664 1181 5732 Τὴν
1211 5664 1438 5725 ἐλευσιν,
1463 5661 1711 5732 Clemens
1737 5655 1802 5710 Β.

414 5729 526 5797 (Η)
578 5729 874 5801 Ἰωάννην.
936 5729 1561 5801 Baptistatrr-intelligit;
1612 5729 1676 5783 ad
1731 5740 1888 5801 quem

342 5811 566 5874 spectat,
613 5809 754 5872 quod
778 5797 845 5860 de
863 5797 1057 5874 τριχῶν
1082 5799 1389 5874 καμηλείων
1429 5800 1730 5874 πλέγμασιν
1781 5797 1888 5867 jatn

341 5845 683 5941 (illcllllll'ﬂs‘it‘:
701 5845 1230 5941 ﬁeb‘t’rurmkagnosat‘
1267 5845 1608 5941 Clemens

416 5938 523 6004 (.25)
557 5941 902 6010 Γέςγηαπται.
933 5934 1061 6010 Qui:
1091 5950 1387 6010 sequuntur
1416 5955 1477 5991 ex
1510 5937 1683 5991 Veteri
1707 5934 1886 5991 Testa-

2008 4613 2210 4668 mento,
2248 4618 2353 4656 non
2382 4618 2448 4657 ex
2481 4603 2733 4674 versione
2757 4603 2864 4657 τῶν
2884 4609 2962 4667 0',
2990 4603 3168 4674 qualis
3190 4603 3351 4659 hodie
3367 4617 3567 4674 exstat,

1932 4661 1980 4721 ι)
2007 4675 2100 4729 sed
2135 4661 2208 4726 ρκ’
2234 4674 2512 4728 Clemente
2535 4673 2694 4728 Rom.
2726 4675 2888 4729 citata
2916 4661 3063 4730 sunt

2080 4744 2192 4812 (44)
2239 4740 2426 4809 Οὗτος
2457 4748 2628 4798 ὀνικ.
2662 4785 2676 4799 .
2715 4786 2727 4797 .
2767 4745 3096 4813 ἀντέχεται.
3160 4741 3283 4796 Ηῖεο
3324 4744 3564 4798 ΑΙρςίιηο

2005 4814 2146 4867 drini
2191 4815 2351 4867 verba
2397 4824 2525 4868 sunt
2567 4816 2632 4884 ad
2685 4817 3038 4884 martyrium,
3069 4814 3134 4866 de
3166 4827 3274 4880 quo
3306 4817 3564 4880 superius

2005 4892 2209 4953 egerat,
2240 4883 2530 4937 Clementis
2561 4883 2787 4937 Romani
2827 4883 3026 4937 dictum
3077 4886 3562 4953 aceaimmodantis.

2080 4954 2189 5022 (15)
2258 4953 2550 5019 Θεράπων.
2613 4953 2724 5008 lloc
2786 4954 2944 5007 etiam
2993 4969 3021 5004 a
3079 4950 3355 5022 Cletnente
3402 4950 3562 5007 Rom.

2005 5020 2176 5076 abest.
2219 5023 2468 5074 Additum
2498 5023 2711 5076 videtur
2742 5040 2804 5075 cx
2844 5022 3000 5074 Hebr.
3035 5036 3126 5082 Ill,
3150 5020 3182 5073 5
3213 5039 3224 5072 :
3252 5021 3363 5074 Καὶ
3402 5024 3563 5076 llle-

2006 5093 2104 5161 σῆς
2120 5093 2220 5163 μὲν
2249 5091 2434 5163 πιστὸς
2459 5093 2516 5145 ὲν
2543 5092 2648 5163 ὅλῳ
2669 5092 2742 5162 τῷ
2778 5091 2906 5163 οἱξχῳ
2931 5089 3092 5163 αὐτοῦ
3118 5090 3194 5154 ὡς
3221 5091 3489 5163 θεράπων.

2084 5162 2194 5230 (46)
2224 5160 2436 5227 Φωνὴν
2472 5203 2486 5216 .
2509 5201 2522 5214 .
2548 5201 2557 5215 ι
2597 5160 2967 5227 διακονῆσαι.
2996 5160 3122 5215 Haec
3153 5163 3220 5213 ah
3247 5160 3563 5215 Alexandri-

2003 5246 2074 5283 no
2103 5241 2288 5284 nostro
2334 5230 2536 5285 inserta
2576 5248 2682 5286 non
2705 5231 2954 5298 agnoscit
3005 5230 3311 5296 Romanus;
3367 5241 3426 5283 ut
3460 5246 3560 5288 nec

2001 5315 2272 5370 quzemox
2304 5315 2370 5370 ex
2392 5300 2508 5357 Jac.
2537 5318 2608 5364 IV,
2638 5303 2691 5364 6,
2733 5312 3058 5370 sequuntur.

2071 5369 2178 5440 (Π)
2215 5368 2371 5439 Ἐγώ.
2413 5371 2488 5426 De
2511 5373 2594 5426 his
2615 5367 2828 5434 verbis,
2851 5388 2972 5441 qua:
3014 5386 3118 5423 non
3158 5378 3376 5441 exstant
3407 5368 3460 5421 in
3495 5367 3554 5423 S.

2003 5438 2321 5509 Scripturis,
2344 5443 2494 5497 conf.
2521 5457 2641 5510 qua:
2674 5438 2929 5496 adnotata
2956 5449 3082 5494 sunt
3116 5438 3220 5493 sub
3247 5441 3405 5495 linem
3435 5456 3553 5509 cap.

2001 5511 2067 5564 17
2100 5512 2393 5566 Clementis
2421 5512 2600 5570 Rom..
2641 5528 2694 5581 p.
2723 5513 2850 5567 156.

2070 5582 2177 5654 (48)
2215 5582 2344 5654 Il’al_
2380 5579 2690 5654 μήνηρυέθ
2750 5588 3049 5652 sequuntur
3085 5579 3258 5649 petita
3319 5587 3446 5632 sunt
3485 5593 3553 5633 ex

1996 5650 2286 5707 Clementis
2313 5650 2392 5706 Β.
2412 5671 2463 5711 c.
2494 5653 2576 5708 18.

2066 5723 2186 5793 (49)
2219 5721 2409 5789 Ἀγίῳ.
2442 5724 2691 5779 Clemens
2720 5723 2809 5788 IL,
2849 5720 3070 5790 αἰωνίῳ.
3101 5718 3204 5774 Sed
3235 5716 3373 5788 ἁγίῳ
3401 5717 3545 5787 apud

1992 5792 2117 5856 τοὺς
2133 5792 2187 5846 0'
2206 5799 2399 5844 exstat.

2063 5864 2176 5933 (50)
2209 5862 2460 5916 Ἔπειτα.
2491 5903 2503 5915 .
2537 5907 2548 5917 .
2579 5881 2740 5931 μετρ.
2776 5861 3055 5932 ἐπιφέρει.
3084 5860 3194 5917 Hoc
3215 5859 3282 5913 ab
3307 5857 3545 5914 Alexan-

1991 5934 2151 5987 drino
2185 5942 2368 5986 nostto
2399 5934 2661 5987 ins‘ertum
2687 5945 2788 5987 est.
