4464 6612
913 522 1057 580 1555

2059 512 2453 571 CLI‘ZMENTIS
2484 512 2957 575 ALEXANDRINI

4014 518 4155 575 1356

899 633 1256 707 Pythagorei;
1282 647 1408 688 nam
1432 630 1509 687 illi
1531 643 1751 701 quoque
1781 612 1955 701 spem,
1990 639 2248 701 tanquam
2285 634 2466 696 tinem,
2497 630 2543 687 Α
2572 648 2662 700 μεν

2392 646 2466 696 m,
2497 630 2543 687 Α
2572 648 2765 700 μενος·
2823 656 2841 689 ι
2893 633 3234 706 Ἀνθρὼπους
3269 634 3419 704 μένει
3458 637 3827 704 ἀποθανόντας
3875 636 4016 692 ἄσσα
4054 642 4155 693 οὐκ

900 728 1279 801 proponebant
1334 726 1403 782 iis
1434 724 1529 796 qui
1559 724 2114 794 pbi1050phabantur;
2149 742 2274 781 cum
2309 727 2469 781 etiam

901 822 1157 879 Socrates
1205 819 1353 874 dicat
1402 818 1458 873 in
1500 816 1785 883 Plurdone,
1826 836 1845 869 ι
1885 818 2055 873 bonas
2091 819 2305 875 animas
2348 819 2473 874 hinc

899 931 1026 970 eum
1064 918 1122 976 Β
1174 912 1320 967 bona
1375 925 1472 981 spe
1520 909 1814 971 excedere;
1875 928 1894 961 ›
1943 918 1995 963 et
2050 923 2243 965 rursus
2299 910 2473 964 malos

901 1007 1241 1074 vituperans,
1275 1004 1360 1059 eis
1390 1002 1614 1073 opponit
1647 1020 1660 1054 :
1700 1019 1719 1051 ‹
1760 1000 1966 1055 Vivunt
1996 999 2138 1054 enim
2173 1017 2299 1055 eum
2331 1001 2472 1055 mala

900 1114 1018 1167 spe,
1043 1116 1061 1148 ι
1089 1097 1296 1152 dicens.
1321 1094 1383 1148 Ei
1400 1095 1612 1149 videtur
1630 1092 1794 1148 etiam
1819 1093 2121 1148 consentire
2144 1090 2471 1159 Heraclitus,

900 1189 956 1243 in
1009 1189 1099 1253 iis,
1132 1204 1256 1258 quae
1306 1188 1437 1242 dicit
1472 1187 1746 1241 disserens
1780 1187 1848 1242 de
1882 1184 2195 1239 hominibus
2249 1203 2260 1237 :
2304 1203 2323 1236 ι
2366 1182 2473 1237 Πο-

900 1280 1078 1334 mines
1123 1287 1368 1333 mortuos
1417 1286 1678 1341 manent,
1733 1267 1855 1347 quin
1905 1292 2011 1329 non
2063 1284 2319 1344 sperant,
2373 1289 2474 1329 nec

912 1378 1245 1440 exspectant.
1287 1386 1306 1419 ›
1346 1366 1538 1423 Divine
1570 1383 1700 1438 ergo
1731 1368 1932 1422 Paulus
1968 1376 2151 1436 aperte
2185 1367 2374 1422 scribit
2407 1365 2473 1418 ad

902 1458 1180 1515 Romanos
1206 1479 1218 1513 :
1244 1477 1264 1511 ς
1290 1459 1525 1514 Amictio
1557 1459 1869 1529 patientiam
1904 1465 2182 1525 operatur,
2218 1457 2474 1527 patientia

904 1567 1036 1607 vero
1064 1554 1465 1622 probationem,
1496 1550 1745 1621 probatio
1777 1559 1955 1603 autem
1990 1565 2165 1618 spem,
2201 1566 2323 1619 spes
2349 1564 2474 1604 vero

899 1643 1109 1715 pudore
1139 1659 1249 1699 non
1276 1643 1436 1698 allicit
1465 1654 1512 1694 α.
1552 1658 1569 1689 ι
1608 1640 1836 1711 Propter
1870 1657 2022 1711 spem
2055 1643 2200 1696 enim
2235 1641 2472 1696 futuram

901 1742 985 1789 est
1013 1734 1307 1803 patientia;
1354 1752 1373 1784 ‹
1413 1748 1538 1803 spes
1576 1752 1595 1785 ι
1631 1742 1811 1788 autem
1864 1742 1947 1787 est
1990 1733 2150 1786 etiam
2199 1735 2475 1802 :equivoce

901 1826 1013 1894 spei
1061 1824 1292 1879 redditio
1342 1832 1396 1880 et
1446 1824 1752 1889 restitutio;
1799 1840 1919 1893 quae
1975 1826 2138 1878 etiam
2192 1841 2210 1873 ι
2266 1824 2474 1891 pudore

900 1932 1011 1971 non
1045 1915 1229 1981 allicit,
1283 1935 1302 1967 ›
1336 1926 1397 1970 ut
1442 1931 1563 1985 quae
1614 1916 1828 1985 probris
1873 1923 1927 1968 et
1970 1914 2314 1970 contumeliis
2363 1931 2471 1969 non

901 2007 1135 2076 amplius
1168 2005 1452 2061 afﬁciatur.
1488 2005 1591 2072 Qui
1614 2016 1792 2061 autem
1820 2006 1978 2060 nuda:
2010 2005 2301 2071 vocationi,
2334 2021 2471 2074 qua-

901 2108 1058 2154 tenus
1089 2107 1315 2154 vocatus
1348 2108 1452 2161 est,
1488 2098 1695 2161 obedit,
1747 2098 1794 2153 is
1825 2114 1999 2167 neque
2050 2110 2271 2167 pr0pter
2304 2099 2468 2151 timo-

904 2205 1037 2255 rem,
1069 2205 1247 2259 neque
1277 2199 1500 2259 propter
1533 2190 1858 2259 voluptates,
1894 2188 2065 2243 tendit
2097 2190 2161 2243 ad
2199 2190 2468 2259 cognitio-

902 2297 1047 2338 nem.
1081 2281 1198 2335 Non
1229 2282 1371 2334 enim
1396 2282 1705 2335 considerat
1756 2297 1824 2334 an
1856 2282 2075 2351 aliquod
2106 2282 2236 2335 utile
2258 2282 2470 2335 lucrum

900 2374 985 2427 vel
1025 2372 1312 2428 delectatio
1358 2370 1540 2439 aliqua
1572 2372 1914 2426 extrinsecus
1948 2381 2339 2439 consequatur,
2375 2372 2470 2426 sed

904 2474 1108 2521 tractus
1136 2481 1167 2519 a
1199 2465 1488 2519 dilectione
1520 2463 1660 2530 ejus,
1696 2463 1789 2532 qui
1824 2478 1950 2517 vere
1982 2472 2066 2517 est
2096 2464 2370 2526 amabilis,
2420 2475 2474 2517 et

902 2556 970 2611 ad
1020 2556 1097 2623 id,
1129 2556 1277 2625 quod
1321 2557 1439 2609 lieri
1483 2561 1715 2624 oportet,
1751 2554 2040 2621 adductus,
2072 2556 2196 2624 pius
2243 2564 2328 2609 est
2377 2553 2472 2607 Dei

902 2648 1099 2703 cultor.
1136 2644 1292 2701 Unde
1325 2662 1424 2701 nec
1455 2647 1500 2701 si
1532 2662 1627 2715 per
1656 2647 1984 2717 hypothesin
2016 2663 2047 2701 a
2091 2646 2202 2701 Deo
2247 2662 2474 2716 accepe-

904 2729 977 2794 rit
1026 2747 1345 2808 potestatem
1401 2735 1636 2792 faciendi
1700 2753 1785 2801 ea,
1827 2754 1949 2807 quae
1999 2747 2127 2793 sunt
2176 2739 2475 2807 prohibita,

905 2835 1041 2888 citra
1074 2833 1241 2887 ullam
1286 2846 1550 2901 poenam;
1585 2846 1763 2900 neque
1796 2831 1841 2884 si
1876 2840 2158 2900 propterea
2195 2832 2473 2884 beatorum

903 2926 1049 2981 bona
1083 2936 1437 2997 accepturum
1469 2942 1592 2981 eum
1626 2940 1770 2991 esse,
1804 2924 1853 2978 ei
1886 2926 2216 2992 promissum
2268 2925 2434 2980 fuerit
2462 2945 2476 2991 ;

906 3018 1004 3075 sed
1049 3034 1151 3074 nec
1184 3018 1230 3074 si
1260 3034 1584 3089 persuasum
1618 3017 1871 3071 habuerit
1903 3015 2042 3082 fore,
2080 3024 2139 3070 ut
2172 3016 2344 3072 Deum
2396 3019 2477 3072 la-

910 3120 1060 3166 teant
1088 3127 1152 3166 ea
1181 3128 1303 3182 qua:
1333 3113 1471 3183 gerit
1504 3110 1671 3182 (quod
1705 3110 1925 3180 quidem
1956 3109 2074 3164 ﬁeri
2103 3126 2213 3164 non
2248 3115 2475 3180 potest),

910 3203 963 3257 in
996 3204 1239 3258 animum
1267 3219 1507 3274 unquam
1540 3210 1623 3257 est
1651 3201 1997 3267 inducturus,
2038 3213 2098 3255 ut
2130 3202 2333 3270 aliquid
2358 3212 2483 3272 agat

2576 721 2846 789 ἔλπονται,
2886 724 3005 778 οὐδὲ
3057 724 3352 776 δοκέουσιν.
3400 722 3571 791 Θείως
3605 728 3698 784 οὖν
3729 734 3757 784 ό
3783 730 3993 793 Παῦλος
4022 729 4159 784 Ῥω-

2578 818 2760 886 μαὶοις
2806 821 3061 890 ἄντικρυς
3107 819 3426 872 ἐπιστέλλει·
3472 838 3490 871 ι
3543 822 3607 873 Ἦ
3652 823 3829 893 θλίψις
3875 823 4155 895 ὑπομονὴν

2575 912 2989 979 κατεργάζεται,
3026 913 3059 981 ἡ
3099 911 3153 963 δὲ
3192 911 3434 983 ὑπομονὴ
3471 911 3720 983 δοκιμὴν,
3768 918 3802 986 ἡ
3856 917 3914 969 δὲ
3956 915 4153 987 δοκιμὴ

2575 1002 2802 1056 ἐλπίδα·
2842 1007 2874 1076 ἡ
2909 1006 2965 1058 δέ
3002 1006 3154 1069 ἐλπὶς
3190 1006 3250 1057 οὑ
3287 1004 3662 1075 καταισχύνει,
3700 1026 3717 1057 ι
3750 1007 3815 1060 δι’
3843 1010 4032 1064 ἐλπίδα
4057 1010 4157 1081 μὲν

2576 1093 2684 1165 γὰρ
2716 1095 2813 1166 τὴν
2854 1097 3150 1167 μέλλουσαν
3189 1099 3221 1169 ἡ
3260 1099 3524 1169 ὑπομονὴ.
3567 1098 3750 1161 Ἐλπὶς
3778 1100 3890 1170 (25)
3918 1102 3974 1154 δὲ
4009 1105 4156 1172 ὁμω-

2576 1185 2762 1257 νύμως
2798 1189 2891 1241 καὶ
2923 1192 2956 1259 ή
2993 1192 3092 1261 τῆς
3131 1190 3339 1253 ἐλπίδος
3380 1189 3634 1251 ἀπῶοσὶς
3662 1206 3720 1240 τε
3761 1191 3852 1242 καὶ
3879 1191 4158 1245 ἀποκατά-

2579 1296 2782 1343 στασις·
2811 1282 2844 1351 ἢ
2872 1284 2964 1335 καὶ
2998 1301 3014 1332 ι
3038 1284 3096 1334 οὑ
3118 1279 3486 1349 καταισχύνει,
3515 1300 3531 1329 ›
3561 1278 3633 1349 μὴ
3667 1277 4026 1349 ὀνειδιζομένη
4052 1280 4151 1333 ἔτι.

2589 1370 2644 1422 Ὀ
2666 1371 2721 1422 δὲ
2743 1370 2869 1441 ψιλῇ
2904 1372 3113 1440 κλήσει,
3139 1371 3269 1424 καθὸ
3290 1369 3569 1438 κέκληται,
3596 1367 3884 1420 ὑπακούων
3918 1367 4038 1420 οὔτε
4067 1369 4155 1421 διὰ

2578 1462 2739 1531 φόϐον
2780 1462 2901 1514 οὔτε
2934 1462 3022 1514 διὰ
3055 1462 3245 1532 ἡδονὰς
3283 1461 3372 1514 ἐπὶ
3400 1462 3497 1530 τὴν
3524 1459 3723 1524 γνῶσιν
3752 1459 3908 1511 ἵεται·
3944 1460 4003 1511 οὑ
4044 1459 4156 1530 γὰρ

2577 1554 3019 1624 περισκέπτεται,
3068 1554 3187 1606 εἴτι
3212 1553 3483 1614 λυσιτελὲς
3522 1550 3716 1613 ἔξωθεν
3755 1550 3941 1603 ἕπεται
3965 1551 4156 1619 κέρδος

2575 1644 2608 1715 ἦ
2653 1645 2948 1709 ἀπόλαυσις
2979 1646 3088 1716 (9.6)
3125 1646 3267 1715 αὑτῷ
3290 1663 3302 1674 ·
3350 1645 3536 1715 ἀγάπῃ
3581 1642 3635 1693 δὲ
3665 1641 3758 1693 τοῦ
3793 1642 3957 1705 ὄντως
4002 1642 4155 1704 ὗντος

2577 1734 2803 1805 ἐραστοῦ
2832 1736 3136 1807 ἑλκόμενος,
3166 1736 3255 1787 καὶ
3280 1734 3411 1803 προς
3446 1733 3505 1784 τὸ
3525 1732 3642 1783 δέον
3670 1732 3952 1800 ἀγόμενος,
3977 1732 4155 1784 θεοσε-

2578 1826 2680 1880 ϐεῖ.
2720 1828 2880 1881 Ὅθεν
2908 1829 3013 1881 οὐδ’
3046 1831 3093 1881 εἰ
3129 1827 3246 1881 καθ’
3279 1826 3530 1878 ὑπόθεσιν
3563 1824 3808 1889 ἐξουσίαν
3826 1824 3977 1878 λάϐοι
4001 1821 4155 1895 παρὰ

2576 1921 2670 1973 τοῦ
2692 1921 2829 1975 Θεοῦ
2864 1923 3122 1992 πράττειν
3154 1920 3222 1971 τα
3244 1919 3688 1989 ἀπηγορευμένα,
3727 1917 4071 1988 ἀτιμώρητός
4090 1932 4153 1968 τε

2574 2011 2668 2077 ὢν,
2712 2015 2884 2067 οὑδέἱ
2908 2016 2999 2068 καὶ
3028 2013 3213 2084 μισθὸν
3247 2010 3314 2063 τὰ
3363 2012 3625 2083 μακάρων
3674 2010 3851 2079 ἀγαθὰ
3890 2008 4152 2080 λήψεσθαι

2574 2103 2666 2155 ἐπὶ
2698 2104 2874 2156 τοῖσδε
2915 2101 3244 2170 ἐπαγγελίαν
3282 2100 3596 2170 προσλάϐοι,
3639 2100 3750 2153 ἀλλ’
3780 2101 3826 2152 εἰ
3865 2099 3959 2152 καὶ
3983 2099 4149 2168 λήσε-

2577 2192 2700 2246 σθαι
2732 2193 2821 2247 τὸν
2848 2194 2977 2247 Θεὸν
3008 2194 3091 2261 ἐφ’
3120 2187 3201 2254 οἷς
3236 2192 3463 2262 πράττει
3499 2192 3745 2261 πεισθείη
3767 2208 3779 2220 ·
3824 2190 3979 2259 (ὅπερ
4023 2187 4150 2240 ἀδύ-

2574 2285 2781 2351 νατον·)
2803 2283 3005 2355 πρᾶξαί
3033 2301 3087 2335 τι
3124 2282 3272 2352 παρὰ
3293 2283 3381 2335 τὸν
3414 2282 3571 2349 λόγον
3592 2282 3682 2334 τὸν
3707 2280 3862 2350 όρθὸν
3896 2278 4151 2346 ἐθελήσαι

2574 2379 2690 2430 ποτ’
2721 2377 2806 2440 ἂν,
2844 2378 2903 2430 τὸ
2928 2379 3090 2437 ὅντως
3122 2374 3283 2427 καλὸν
3318 2378 3407 2427 καὶ
3434 2376 3652 2445 αἱρετὸν
3690 2374 3747 2440 ἐξ
3792 2372 4004 2432 ἐαυτοῦ,
4054 2367 4153 2421 καὶ

2574 2469 2746 2541 ταύτῃ
2783 2469 3062 2540 ἀγαπητὸν
3107 2464 3243 2519 εἶναι
3297 2467 3442 2530 ama
3491 2468 3760 2536 ἐλόμενος.
3808 2465 3882 2517 Οὑ
3933 2463 4040 2532 γὰρ
4088 2463 4151 2512 ἐν

2576 2562 2809 2630 γαστρὸς
2844 2558 3069 2631 βορᾷ;τὸ
3111 2558 3344 2628 χρηστὸν
3385 2555 3523 2611 εἶναι
3565 2558 3936 2627 διειλήφαμεν.
3989 2554 4152 2622 Ἀκήο

2579 2669 2672 2704 κοε
2734 2652 2777 2705 δ’
2803 2654 3021 2713 ἐκεῖνος,
3047 2651 3121 2712 ὡς
3161 2650 3355 2719 βρῶμα
3381 2652 3526 2720 ἡμᾶς
3553 2653 3613 2703 οὑ
3642 2649 4000 2719 παραστήσει,
4028 2644 4152 2696 οὑδέ

2583 2747 2688 2816 μὴν
2714 2744 2909 2813 γάμος,
2941 2742 3053 2795 ἀλλ’
3079 2742 3199 2793 οὑδέ
3230 2742 3409 2811 ἀποχὴ
3440 2743 3617 2811 γάμου
3654 2741 3764 2809 (27)
3798 2743 3854 2792 ἐν
3881 2738 4151 2807 ἀγνωσία,

2579 2836 2713 2888 ἀλλὰ
2739 2835 2799 2887 τὸ
2835 2838 2949 2887 κατ’
2986 2834 3181 2904 ἀρετὴν
3208 2832 3365 2904 ἔργον
3400 2834 3459 2885 τὸ
3492 2834 3806 2900 γνωστικόν·
3846 2831 3966 2882 ἐπεὶ
3996 2830 4090 2882 καὶ
4126 2831 4155 2881 ὁ

2581 2927 2835 2987 κὺων,τδ
2886 2925 3015 2989 ζῶον
3066 2924 3125 2975 τδ
3168 2924 3378 2990 ἄλογον,
3432 2924 3694 2994 ἐγκρατὲς
3746 2921 4004 2988 λεγέσθω,
4059 2920 4155 2971 τὸν

2581 3020 2934 3090 ἐπαιρόμενον
2960 3019 3052 3089 τὴν
3084 3018 3381 3088 βακτηρίαν
3404 3017 3591 3079 δεδιὸς,
3630 3017 3722 3066 καὶ
3754 3013 3840 3065 διὰ
3870 3012 4027 3064 τοῦτο
4056 3010 4153 3062 τοῦ

2581 3112 2712 3180 ὄψου
2752 3108 3236 3180 ἁπεχόμενον.Τῶν
3263 3108 3538 3170 τοιούτων,
3566 3102 3621 3159 εὖ
3665 3105 3793 3166 ἴσθι,
3827 3105 3908 3155 ὅτι
3943 3119 4157 3171 περιαι-

2588 3204 2803 3276 ρεθεῖσα
2828 3205 2859 3272 ἡ
2894 3203 3179 3270 ὑπόσχεσις
3205 3202 3237 3270 ἡ
3278 3198 3787 3270 προεπηγγελμένη,
3816 3197 3907 3248 καὶ
3936 3196 3963 3246 ό
3994 3194 4156 3261 φόϐος

906 3303 1101 3365 ιιι-πίει·
1145 3305 1346 3350 rectam
1398 3296 1687 3357 rationem,
1738 3309 1862 3347 cum
1918 3292 1994 3358 id,
2029 3293 2174 3361 quod
2221 3309 2347 3347 vere
2397 3303 2479 3348 est
2507 3314 2547 3369 (ε
2584 3311 2669 3364 πεί

2397 3303 2479 3348 est
2507 3314 2547 3369 (ς
2584 3293 2937 3364 περιγραφεὶς
2968 3295 2995 3344 ὁ
3017 3291 3472 3360 ἐπηπειλημένος,
3506 3291 3598 3342 καὶ
3620 3288 3905 3359 χωρισθεὶς
3932 3289 3960 3339 ὁ
3984 3285 4157 3338 κίνδυ-

909 3383 1222 3448 honestum,
1255 3391 1308 3435 et
1357 3399 1421 3436 ex
1474 3383 1652 3450 scipso
1690 3380 2021 3448 eligendum,
2057 3389 2111 3434 et
2155 3397 2217 3435 ea
2265 3384 2478 3438 ratione
2586 3401 2672 3446 νος

2063 3389 2111 3434 ει
2155 3397 2217 3435 ea
2265 3384 2478 3438 ratione
2586 3401 2673 3446 νος
2712 3384 2739 3434 ὁ
2766 3383 3280 3453 ἐπηρτημένος,τὴν
3305 3383 3558 3454 πρόθεσιν
3598 3379 3826 3449 ἐλέγχει.

907 3478 1266 3547 expetendum
1293 3475 1901 3545 amandumque,semel
1925 3475 2168 3544 elegerit.
2186 3474 2304 3531 Non
2332 3484 2476 3532 enim
2510 3480 2566 3532 in
2600 3493 2724 3531 esca
2763 3476 2965 3530 ventris
2998 3477 3195 3528 bonum
3253 3490 3374 3528 esse
3432 3475 3594 3527 situm
3653 3469 3980 3538 accepimus.
4039 3468 4153 3521 Au-

906 3570 1041 3627 divit
1091 3578 1271 3624 autem
1312 3569 1419 3633 ille,
1470 3569 1617 3638 quod
1677 3587 1695 3619 ι
1735 3568 1888 3621 cibus
1950 3582 2050 3620 nos
2094 3583 2203 3621 non
2253 3570 2655 3624 commendabit
2686 3570 2735 3631 b,
2795 3583 2969 3638 neque
3032 3566 3460 3629 matrimonium,
3497 3565 3590 3619 sed
3648 3578 3819 3631 neque
3874 3562 4158 3616 abstinen-

907 3667 981 3721 tia
1012 3683 1044 3721 a
1075 3665 1423 3719 matrimonio
1471 3663 1527 3716 in
1560 3660 1920 3731 ignoratione,
1953 3660 2048 3715 sed
2082 3676 2218 3729 opus
2262 3663 2570 3731 gnosticum
2601 3677 2668 3715 ex
2700 3659 2915 3713 virtute.
2968 3656 3105 3712 Nam
3160 3658 3313 3712 canis
3367 3670 3619 3726 quoque,
3674 3652 3766 3721 qui
3820 3660 3902 3705 est
3952 3652 4155 3707 animal

908 3771 1103 3825 expers
1152 3753 1405 3816 rationis,
1439 3752 1517 3806 sic
1568 3751 1779 3806 dicatur
1827 3764 1947 3805 esse
2000 3751 2305 3813 continens,
2343 3752 2472 3805 dum
2494 3767 2619 3806 eum
2649 3752 2801 3805 timet
2827 3750 2917 3821 qui
2953 3749 3091 3802 tollit
3121 3748 3405 3813 baculum,
3440 3757 3494 3800 et
3548 3746 3669 3798 ideo
3726 3758 3754 3796 a
3800 3743 3920 3795 cibo
3981 3743 4152 3797 absti-

910 3856 1022 3903 net.
1057 3844 1215 3914 Quod
1249 3844 1295 3900 si
1323 3843 1502 3898 ablata
1534 3839 1699 3895 fuerit
1742 3840 2036 3911 promissio
2081 3840 2186 3895 illis
2248 3840 2412 3905 facta,
2466 3840 2511 3894 si
2564 3840 2727 3895 timor
2776 3841 3073 3893 intentatus
3106 3838 3367 3906 praecisus
3424 3834 3586 3889 fuerit
3618 3843 3671 3887 et
3715 3832 4012 3901 periculum
4046 3832 4152 3886 im-

911 3942 1152 4014 pendens
1177 3938 1481 4002 evanuerit,
1511 3944 1627 3991 tum
1661 3943 1813 3991 certo
1857 3935 1999 3991 scias
2026 3935 2207 3989 statim
2259 3934 2629 4003 appariturum
2662 3934 2776 3988 fore
2811 3934 3028 3987 illorum
3055 3931 3419 3999 propositum.

2349 4086 2576 4141 CAPUT
2602 4086 2790 4141 XXIII.

917 4210 994 4268 0b
1033 4226 1190 4281 quam
1221 4210 1476 4262 rationem
1527 4200 1770 4275 perfectis
1819 4219 1854 4257 a
1887 4202 2040 4258 rebus
2080 4203 2255 4255 sensui
2292 4201 2761 4283 jucundis,.quant
2807 4202 3031 4254 maxime
3058 4209 3246 4267 potest,
3290 4197 3574 4258 abstineat,
3632 4192 3904 4246 meliorum
3955 4196 4159 4249 scilicet

2458 4283 2676 4326 tntuttu.

982 4399 1102 4456 Non
1150 4397 1296 4454 enim
1348 4394 1450 4466 ipsi
1501 4392 1579 4447 rei
1611 4398 1819 4444 naturae
1870 4403 1928 4443 se
1962 4388 2394 4452 accommodant,
2424 4394 2484 4439 ut

915 4506 1102 4548 revera
1144 4488 1390 4559 gnostice
1420 4478 1907 4553 comprehendant,
1938 4493 2062 4532 esse
2090 4476 2310 4547 quidem
2338 4476 2483 4530 bona

914 4582 1123 4645 omnia,
1155 4594 1276 4650 quae
1305 4589 1485 4633 creata
1515 4582 1637 4630 sunt
1675 4572 1744 4627 ad
1780 4584 1944 4624 usum
1973 4578 2225 4623 nostrum
2251 4585 2266 4633 ;
2292 4577 2352 4621 ut
2375 4582 2487 4621 ma-

917 4672 1256 4737 trimonium,
1285 4668 1434 4723 verbi
1473 4668 1662 4738 gratia,
1703 4672 1757 4720 et
1803 4661 2099 4717 liberorum
2148 4658 2483 4728 procreatio-
2516 4696 2560 4751 Β

915 4782 1062 4834 nem,
1112 4764 1158 4821 si
1197 4764 1265 4820 iis
1306 4770 1584 4818 uteremur
1608 4774 1730 4812 cum
1756 4755 2131 4827 temperantia,
2156 4753 2359 4807 bonum
2390 4766 2487 4807 au-

918 4867 1024 4914 tem
1054 4864 1113 4922 >14
1148 4871 1270 4912 esse
1294 4854 1512 4920 melius,
1552 4859 1611 4905 ut
1640 4849 1761 4919 quis
1785 4863 1879 4917 per
1900 4862 2043 4913 eam,
2078 4860 2201 4915 quae
2231 4852 2318 4898 est
2351 4842 2481 4908 Deo,

919 4947 1389 5013 assimilationem,
1423 4943 1617 5001 evadat
1647 4938 1962 5009 impatibilis
1992 4948 2045 4992 et
2066 4937 2265 4992 virtute
2289 4934 2483 5004 pradi-

994 5069 1053 5127 ᾕι
1098 5062 1161 5116 1³.
1201 5063 1307 5117 650
1350 5061 1461 5115 ED.
1501 5053 1803 5119 POTTER,
1847 5053 2087 5127 ὅδε-ξ’ὅῦ
2118 5053 2227 5107 ΕΙ).
2261 5050 2487 5106 PARIS.

927 5152 952 5180 ιι
980 5124 1141 5189 Rom.
1167 5148 1221 5198 ν,
1252 5133 1309 5194 3,
1334 5133 1390 5198 4,
1427 5133 1481 5188 5.
1558 5131 1587 5171 ι)
1617 5131 1637 5185 l
1667 5127 1796 5183 Cor.
1831 5140 1950 5187 vm,
1983 5124 2035 5177 8.

992 5247 1106 5321 (25)
1159 5246 1380 5311 Ἐλπίς.
1407 5243 1543 5321 _Yult
1568 5253 1757 5321 auctor
1783 5248 1885 5297 bac
1910 5240 2337 5321 voccdenotari,
2383 5254 2494 5292 non

923 5311 1101 5375 solum
1133 5338 1151 5370 ι
1190 5314 1446 5387 sperandi
1490 5333 1508 5365 ›
1543 5315 1835 5379 actionem,
1868 5311 1984 5387 se_d_
2006 5311 2164 5387 etiam
2197 5311 2272 5365 rei
2309 5330 2327 5387 ς
2370 5322 2495 5387 spc-

931 5398 1060 5445 ratm
1136 5378 1603 5455 acduisitionem:
1649 5378 2185 5455 quamquifelieiter
2237 5379 2492 5450 attigerit,

927 5451 1272 5517 contumeliis
1303 5455 1559 5522 deinceps
1587 5451 1834 5521 superior
1873 5451 2000 5522 erit.

999 5526 1111 5600 (26)
1139 5522 1429 5600 Κέρδοςῆ
1460 5516 1830 5600 ﬂama-vate
1870 5519 2021 5600 Flor.
2054 5516 2422 5600 θᾱὶιηριέρδτρς
2453 5517 2487 5588 ἠ

925 5585 1247 5663 edacium,
1280 5585 1513 5650 ar'tic'ulo
1545 5606 1644 5661 pro
1672 5585 2062 5662 conjunctione
2101 5585 2314 5657 posito."
2357 5585 2488 5640 Sus

878 5795 890 5808 ,
927 5684 1113 5817 sua?)
1154 5731 1537 5817 deéAdxoxr‘z
1570 5753 1624 5804 γ.
1670 5729 1828 5787 Conf.
1871 5729 2126 5802 superius
2168 5726 2368 5782 Strom.
2401 5740 2486 5792 ιιι,

927 5824 983 5879 p.
1007 5806 1140 5875 '531,
1170 5807 1271 5862 lin.
1307 5806 1396 5861 27.
2352 5865 2365 5876 ο

999 5879 1122 5950 (‘28)_
1154 5877 1497 5950 Οὶκειοῦζαι.
1529 5872 1828 5950 Ιηιενντεεη
1842 5871 2023 5950 vertit,
2064 5868 2216 5950 acdsi
2262 5867 2484 5950 legisset

923 5937 1246 6005 οέκειόῦντσι
1276 5950 1330 6003 in
1371 5946 1568 6019 plurali
1608 5937 1760 6000 nuit).
1790 5941 1942 6008 Quod
1981 5943 2024 5995 si
2066 5939 2362 5993 retineatur
2405 5937 2483 5985 οἰ-

2671 4385 2744 4438 Οὺ
2784 4383 2891 4455 γὰρ
2926 4382 3062 4453 αὐτῇ
3109 4384 3175 4452 τῇ
3223 4380 3380 4449 φύσει
3425 4373 3520 4428 τοῦ
3562 4372 3883 4443 πράγματος
3927 4378 4159 4431 οἰκειοῦ-

2586 4494 2675 4529 ται
2725 4475 2867 4547 (9.8),
2925 4473 2999 4536 ὡς
3047 4471 3124 4542 τῷ
3176 4472 3292 4524 ὄντι
3351 4462 3663 4536 γνωστικῶς
3729 4465 4158 4531 καταλαϐέσθαι,

2588 4568 2728 4622 καλὰ
2772 4569 2869 4637 μὲν
2905 4561 3042 4617 εἶναι
3076 4563 3273 4625 πάντα,
3323 4560 3424 4610 ὅσα
3464 4558 3544 4618 εἰς
3582 4554 3776 4625 χρῆσιν
3815 4555 3967 4624 ήμῶν
4010 4558 4159 4611 ἐκτί..

2590 4660 2724 4729 σθη·
2786 4659 2862 4721 ὡς
2916 4657 3128 4725 γάμον,
3176 4652 3307 4720 φέρε
3355 4648 3566 4709 εἰπεῖν,
3628 4647 3720 4698 καὶ
3781 4648 4159 4711 παιδοποιίαν,

2591 4752 2728 4823 μετὰ
2787 4748 3139 4820 σωφροσύνης
3193 4737 3633 4812 παρειλημμένα·
3696 4739 3858 4793 καλοῦ
3909 4741 3964 4794 δὲ
4020 4739 4162 4797 εἶναι

2586 4844 2805 4913 ἄμεινον
2856 4839 2964 4909 (29)
3000 4837 3097 4906 τὴν
3151 4833 3284 4902 πρὸς
3338 4829 3399 4881 τὸ
3449 4830 3599 4879 Θεῑον
3656 4829 3972 4899 ἐξομοίωσιν
4018 4834 4165 4885 ἀπα-

2587 4934 2655 5004 θῆ
2686 4933 2793 5004 (50)
2844 4931 2937 4984 καὶ¹
2972 4929 3227 4998 ἐνάρετον
3271 4919 3544 4990 γενέσθαι.
3579 4920 3701 4985 Τοῖς
3739 4922 3795 4974 δὲ
3845 4923 4041 4986 ἔξωθεν
4070 4924 4162 4973 εὑ-

2592 5055 2651 5112 ›Ι‹
2696 5048 2757 5102 Ρ.
2817 5046 2913 5099 651
2968 5042 3079 5097 ΕΙ).
3129 5035 3421 5100 ΡΟΤΤΕΒ,
3479 5036 3717 5091 555-554
3770 5036 3880 5090 ΕΙ).
3934 5031 4159 5088 PARIS.

2591 5233 2854 5295 κειοῦται,
2888 5227 3155 5283 referetur
3184 5221 3256 5295 ad
3294 5220 3547 5295 πρόθεσιν
3592 5222 3647 5277 in
3676 5220 3907 5293 praeced.
3942 5225 4153 5273 senten-

2594 5306 2689 5367 tia,
2739 5289 2852 5357 hoc'
2886 5312 3050 5352 sensu
3082 5312 3094 5346 :
3132 5311 3150 5343 α
3184 5289 3299 5345 Νοη
3339 5289 3485 5346 enim
3526 5289 3707 5348 rerum
3739 5301 3948 5347 natura:
3976 5301 4034 5341 se
4068 5300 4162 5337 ac-

2590 5372 2919 5429 commodat.
2951 5386 2969 5416 ι

2661 5443 2773 5515 (29)
2812 5434 3014 5515 Κειλοῦ
3058 5431 3125 5484 δὲ
3156 5426 3596 5515 εζναιιᾷμεινογ.
3634 5431 3774 5515 Dicit
3806 5448 3825 5480 ‹
3881 5431 4162 5515 creaturas

2589 5502 2713 5568 esse
2756 5523 2844 5562 res
2891 5506 3085 5568 bonas,
3116 5503 3214 5575 sed
3260 5502 3410 5575 {bis
3442 5503 3597 5575 bonis
3639 5503 3835 5557 melius
3859 5508 4067 5575 fnesse,

2589 5564 2705 5637 ba;
2732 5592 2828 5646 per
2860 5564 3125 5646 virtutem
3172 5571 3378 5646 similes
3423 5574 3756 5646 evadamus._
3801 5588 3820 5619 ι
3858 5564 3948 5617 Sic
3980 5576 4079 5646 ,ραι

2588 5632 2929 5721 figis-ﬁgam.
2966 5640 3219 5721 καλλίονα
3262 5642 3699 5721 dix__it.__Sed_hoc
3743 5639 3861 5721 loco
3906 5632 4072 5715 καλὸν

2594 5705 2734 5771 ἒῖναι
2768 5715 2865 5785 ἄμ.
2917 5712 2990 5785 ἰηᾷ
3015 5712 3283 5785 editiones
3333 5714 3692 5785 Sylburgiana
3726 5705 4060 5778 posteriores

2585 5781 2820 5851 Latina,
2852 5792 2909 5836 ut
2944 5782 3176 5851 videtur,
3215 5781 3465 5838 versione
3499 5781 3736 5850 irrepsit.

2657 5857 2767 5979 (15(1)
2790 5844 3049 5921 ”Λπαθῆ.
3078 5844 3232 5908 Cotti.
3265 5851 3483 5925 Pwdag.
3509 5844 3681 5914 libft,
3699 5861 3819 5917 cap.
3841 5844 4035 5916 Ἆρες.
4063 5846 4078 5875 ⁴

2584 5936 2697 5982 ηοῑ.
2726 5936 2779 5979 4.
