4464 6612
357 547 490 603 1557

1584 545 2011 606 STROMATUM
2045 549 2172 603 LlB.
2209 549 2300 604 IV.

3451 549 3585 606 1358

355 671 606 742 χρήστοις
655 664 688 732 ἢ
740 663 1095 735 δυσχρήστως
1136 669 1586 741 προσαγομένοις,
1659 667 1769 720 τῶν
1821 671 1916 738 μὲν
1945 678 1991 732 Α
2020 679 2118 724 tus.

1821 671 1916 738 μὲν
1945 678 1991 732 Α
2020 679 2126 724 tus.
2162 667 2267 723 Sed
2291 683 2357 724 ex
2384 670 2469 736 iis,
2498 684 2621 741 quae
2655 665 2992 724 extrinsecus
3014 665 3370 737 adducuntur,
3421 669 3583 725 bonis

355 760 664 828 ἀπέχονται,
693 753 801 805 τῶν
841 753 885 806 δ’
917 754 998 809 οὐ.
1046 758 1202 813 Ἀλλά
1229 761 1321 813 καὶ
1355 757 1429 812 ὧν
1467 757 1788 826 ἀφίστανται
1819 776 1918 828 μυ-

356 850 689 917 σαττόμενοι,
717 845 888 899 ταῦτα
919 849 1194 918 φαίνονται
1224 852 1324 923 τὴν
1363 850 1538 903 κτίσιν
1572 847 1667 900 καὶ
1692 848 1783 900 τὸν
1813 852 1918 919 Δη-

359 938 610 1012 μιουργὸν
640 936 1010 1004 διαϐάλλοντες
1029 959 1042 972 °
1075 942 1177 996 κᾶν
1217 942 1296 1012 τῷ
1321 941 1492 994 δοκεῖν
1540 938 1743 1002 πιστῶς
1788 941 1920 993 ἁνα-

357 1030 721 1100 στρέφωνται,
765 1033 864 1104 τὴν
914 1034 1095 1106 κρίσιν
1149 1035 1359 1104 ἔχουσιν
1414 1030 1641 1083 ἀνόσιον.
1696 1032 1770 1085 Τὸ
1822 1031 1915 1094 δὲ,

359 1143 377 1174 ι
417 1122 530 1174 Οὐκ
558 1121 932 1194 ἐπιθυμήσεις,
973 1146 992 1178 ι
1025 1125 1148 1178 οὐτε
1197 1124 1440 1190 ἀνάγκης
1488 1121 1586 1192 τῆς
1636 1124 1700 1174 ἐκ
1749 1121 1915 1189 φόϐου

351 1214 542 1275 δεῖται,
591 1213 689 1282 τῆς
740 1215 1062 1288 βιαζομένης
1093 1211 1389 1282 ἀπέχεσθαι
1428 1211 1535 1264 τῶν
1571 1212 1913 1282 ήδέων,”οὐτε

355 1302 567 1374 μισθοῦ,
595 1305 686 1358 τοῦ
717 1306 784 1360 δι’
833 1306 1158 1376 ἐπαγγελίας
1193 1302 1324 1373 (3i),
1353 1303 1735 1367 ἀναπείθοντος
1781 1305 1912 1357 ἀνα-

352 1397 570 1451 κόπτειν
593 1398 688 1461 τὰς
713 1400 908 1469 ὁρμάς.
941 1397 1077 1450 Οὐτε
1108 1397 1206 1464 τὴν
1236 1394 1479 1463 ὑπακοὴν
1515 1393 1604 1447 διὰ
1643 1396 1740 1464 τὴν
1767 1397 1913 1449 ἐντο-

351 1490 466 1560 λὴν,
499 1489 586 1542 διὰ
631 1489 686 1542 δὲ
727 1491 823 1561 τὴν
877 1487 1204 1555 ἐπαγγελίαν
1263 1486 1541 1556 αἱροῦνται
1591 1487 1640 1538 οἱ
1679 1487 1764 1541 διὰ
1814 1491 1912 1562 τῆς

351 1579 675 1648 ἐπαγγελίας
722 1579 1091 1644 ὐπακηκοότες
1147 1575 1224 1645 τῷ
1277 1576 1418 1646 Θεῷ,
1465 1576 1669 1630 δελέατι
1718 1579 1910 1650 ἡδονῆς

351 1669 630 1739 ᾑρημένοι.
649 1669 778 1722 Οὐδὲ
800 1669 902 1739 μὴν
919 1665 1066 1736 ἡτῶν
1085 1665 1351 1733 αἰσθητῶν
1381 1667 1694 1738 ἀποστροφὴ
1721 1671 1818 1742 τὴν
1842 1672 1907 1725 τὰ

353 1762 486 1833 πρὸς
501 1761 569 1812 τὰ
584 1762 744 1830 νοητὰ
759 1759 1026 1813 οἰκείωσιν
1041 1757 1345 1820 ἀκολούθως
1363 1759 1538 1830 ποιοίη
1556 1761 1619 1814 ἄν
1637 1778 1651 1792 ο
1675 1763 1906 1832 ἔμπαλιν

349 1859 424 1920 δὲ,
453 1861 484 1929 ή
517 1860 653 1930 πρὸς
683 1859 749 1912 τὰ
773 1855 935 1926 νοητὰ
962 1855 1228 1917 οἰκείωσις
1247 1855 1383 1908 κατὰ
1403 1857 1558 1925 φύσιν
1588 1861 1904 1930 περιαγωγὴ

350 1951 427 2020 τῷ
461 1950 739 2018 γνωστικῷ
770 1947 874 2000 ἀπὸ
909 1944 1016 1996 τῶν
1045 1945 1311 2015 αἰσθητῶν
1343 1947 1566 2014 γίνεται,
1608 1950 1724 2002 κατ’
1754 1949 1906 2002 ἐκλο-

2021 762 2106 815 vel
2121 760 2296 827 malis,
2313 763 2382 817 ab
2409 763 2533 817 aliis
2549 763 2766 832 quidem
2787 762 3080 828 abstinent,
3108 763 3178 818 ab
3199 761 3322 816 aliis
3343 776 3468 816 vero
3483 761 3586 815 mi-

2021 854 2184 910 nime.
2219 855 2417 911 Verum
2447 857 2584 912 iniis
2621 872 2652 911 a
2677 857 2874 927 quibus
2893 857 3163 913 abstinent
3189 858 3583 923 abhorrentes,

2019 955 2324 1003 creaturam
2350 957 2404 1004 et
2429 947 2679 1018 opiﬁcem
2713 957 3010 1004 cernuntur
3051 965 3340 1016 accusare;
3373 957 3428 1004 et
3461 949 3588 1004 licet

2018 1037 2133 1106 ipsa
2155 1040 2335 1109 specie
2350 1049 2636 1095 versentur
2659 1039 2904 1104 tideliter,
2937 1040 3135 1094 habent
3157 1050 3336 1096 tamen
3357 1043 3586 1111 impium

2016 1130 2294 1194 iudicium.
2331 1131 2461 1187 Illud
2497 1140 2721 1187 autem:
2756 1152 2776 1184 ι
2805 1131 2923 1188 Νοιι
2951 1133 3321 1202 concupisces,
3359 1153 3377 1185 ι
3409 1149 3586 1204 neque

2015 1225 2337 1279 necessitate
2365 1231 2505 1294 eget,
2541 1237 2664 1292 quae
2696 1238 2790 1292 per
2839 1226 3092 1280 timorem
3143 1223 3384 1286 incussa,
3440 1226 3585 1292 cogit

2013 1313 2290 1369 abstinere
2309 1329 2340 1368 a
2365 1313 2660 1377 suavibus;
2688 1327 2862 1382 neque
2892 1316 3160 1378 mercede,
3183 1330 3304 1384 quae
3330 1329 3426 1383 per
3457 1329 3585 1383 pro-

2012 1405 2326 1459 missionem
2346 1406 2669 1475 persuadeat
2689 1405 2981 1474 reprimere
3000 1408 3375 1476 appetitiones.
3399 1405 3585 1476 Neque

2010 1496 2370 1550 obedientiam
2387 1505 2603 1566 propter
2620 1497 2958 1560 mandatum,
2976 1499 3066 1550 sed
3101 1507 3320 1566 prepter
3351 1498 3586 1566 promis-

2009 1589 2216 1642 sionem
2238 1587 2461 1655 eligunt,
2493 1589 2584 1654 qui
2605 1586 2715 1642 Deo
2739 1596 2957 1656 propter
2973 1589 3234 1657 promissa
3254 1588 3531 1648 obediunt,
3552 1601 3585 1640 a

2007 1679 2280 1746 voluptate
2295 1679 2538 1734 inescati.
2559 1678 2661 1732 Sed
2680 1695 2852 1747 neque
2870 1679 3139 1733 aversatio
3161 1695 3191 1732 a
3218 1681 3380 1734 rebus
3410 1679 3585 1733 sensi-

2005 1769 2148 1822 libus
2164 1766 2470 1821 necessario
2487 1767 2648 1820 infert
2661 1767 3098 1836 conjunctionem
3112 1781 3234 1820 cum
3252 1767 3318 1820 iis
3328 1780 3444 1833 qum
3462 1779 3588 1833 per-

2005 1860 2279 1928 cipiuntur
2299 1858 2672 1927 intelligentia;
2696 1867 2884 1912 contra
2909 1866 3110 1920 autem,
3131 1856 3442 1925 conjunctio
3459 1870 3584 1909 cum

2004 1951 2091 2014 iis,
2108 1967 2227 2020 qua:
2243 1950 2588 2020 intelligentia
2602 1949 3266 2019 percipiuntur,hominem
3280 1947 3585 2017 gnosticum

351 2043 452 2112 γὴν
475 2043 582 2094 τῶν
608 2041 781 2093 καλῶν
807 2037 1042 2104 τάγαθὸν
1069 2038 1303 2108 ἑλομένῳ
1329 2040 1660 2107 γνωστικῶς,
1703 2040 1910 2110 θαυμά-
1940 2039 1984 2094 Β
2010 2050 2114 2095 natl

1824 2041 1910 2092 ιά-
1940 2039 1984 2094 Β
2010 2041 2331 2095 naturaliter
2352 2041 2617 2093 convertit
2631 2055 2660 2092 a
2679 2041 2839 2094 rebus
2861 2039 3151 2094 sensilibus
3165 2045 3262 2104 ;¹ιιι
3276 2037 3368 2106 qui
3385 2052 3478 2106 per
3495 2051 3587 2090 eo-

351 2131 495 2195 ζοντι
548 2133 642 2201 μὲν
688 2130 791 2200 τὴν
824 2129 1054 2196 γένεσιν,
1093 2131 1186 2181 καὶ
1216 2130 1487 2196 άγιάζοντι
1528 2133 1617 2184 τὸν
1661 2131 1907 2201 ποιητὴν,

353 2223 625 2290 ἁγιάζοντι
665 2222 719 2272 δέ
753 2220 850 2286 τὴν
883 2221 1017 2290 πρὸς
1051 2221 1111 2273 τὸ
1154 2221 1304 2274 Θεῖον
1351 2222 1680 2292 ἐξομοίωσιν.
1747 2223 1910 2294 Ἀτὰρ

349 2314 458 2379 ἐγὼ
490 2314 585 2382 ἐμὲ
618 2311 846 2380 λύσομαι
868 2311 966 2379 τῆς
1002 2310 1306 2381 ἐπιθυμίας,
1332 2314 1496 2382 φήσαι
1528 2313 1656 2382 (52),
1699 2313 1786 2365 διὰ
1813 2312 1910 2382 τὴν

349 2404 481 2472 πρὸς
511 2403 569 2453 σὲ
601 2401 889 2462 οἰκείωσιν,
921 2401 1090 2471 Κύριε
1116 2418 1129 2430 ·
1177 2401 1312 2471 καλὴ
1340 2401 1446 2472 γὰρ
1473 2405 1505 2471 ἡ
1540 2401 1818 2455 κτισθεῖσα
1845 2403 1909 2473 δὴ

347 2493 643 2563 οἰκονομία,
674 2494 767 2545 καὶ
811 2494 984 2546 πάντα
1016 2488 1074 2545 εὖ
1109 2492 1406 2552 διοικεῖται,
1455 2493 1606 2544 οὐδὲν
1653 2494 1911 2556 ἀναιτίως

348 2584 574 2650 γίνεται.
632 2584 717 2634 Ἐν
768 2586 879 2645 τοῖς
912 2587 1020 2646 σοῖς
1069 2579 1206 2634 εἶναί
1251 2599 1316 2652 με
1344 2583 1441 2644 δεῖ,
1493 2582 1906 2654 Παντοκρὰτορ·

349 2676 448 2728 κᾶν
483 2675 710 2728 ἐνταῦθα
755 2669 820 2737 ὦ,
856 2675 1005 2745 παρὰ
1034 2677 1116 2727 σοὶ
1143 2675 1287 2744 εἰμί’
1323 2675 1482 2744 ἀδεὴς
1516 2673 1560 2724 δ’
1589 2670 1724 2725 εῖναι
1750 2674 1909 2738 θέλω,

348 2767 433 2818 ἵνα
465 2783 544 2817 σοι
583 2763 914 2832 συνεγγίζειν
956 2764 1184 2835 δυνηθῶ,
1229 2763 1428 2830 ὀλίγοις
1478 2764 1572 2814 καὶ
1605 2763 1910 2832 ἀρκεῖσθαι.

350 2857 585 2926 μελετῶν
616 2858 712 2928 τὴν
742 2857 836 2926 σὴν
863 2856 1089 2926 ἐκλογὴν
1107 2855 1204 2925 τὴν
1228 2854 1436 2906 δικαίαν
1465 2853 1571 2904 τῶν
1599 2853 1779 2906 καλῶν
1807 2853 1914 2906 ἀπὸ

344 2950 451 3001 τῶν
479 2949 696 3017 ὁμοίων.
727 2946 1121 3000 Μυστικώτατα
1158 2946 1250 2997 καὶ
1275 2943 1542 2996 ὁσιώτατα
1585 2946 1612 2995 6
1658 2945 1914 2998 Ἀπόστο-

348 3039 458 3102 λος,
485 3040 746 3091 διδάσκων
777 3039 919 3106 ἡμᾶς
946 3037 1042 3106 τὴν
1072 3035 1283 3105 άληθῶς
1327 3035 1642 3106 εὐχάριστον
1666 3036 1908 3106 ἐκλογὴν,

347 3135 406 3185 οὐ
441 3133 560 3185 κατ’
609 3131 915 3199 ἁπεκλογὴν
949 3128 1056 3180 τῶν
1085 3127 1286 3198 ἐτέρων
1319 3128 1392 3189 ὡς
1418 3128 1651 3194 φαύλων,
1682 3127 1792 3179 ἀλλ’
1836 3127 1910 3188 ὼς

345 3224 524 3278 καλῶν
553 3223 800 3276 καλλίονα
831 3221 1112 3282 ποιεῖσθαι,
1139 3221 1447 3289 μεμήνυκεν
1469 3217 1635 3270 εἰπών
1655 3235 1669 3249 ο
1698 3236 1717 3268 ι
1749 3218 1909 3269 Ὥστε

347 3316 440 3367 καὶ
464 3317 491 3365 6
515 3312 760 3382 γαμίζων
784 3311 882 3379 τὴν
912 3309 1178 3379 παρθένον
1203 3309 1365 3360 αὐτοῦ
1392 3309 1500 3376 (51⁷))
1524 3307 1701 3370 καλῶς
1733 3309 1873 3359 ποιεῖ
1891 3323 1903 3335 °

2012 2148 2292 2202 rum,quaa
2317 2141 2444 2186 sunt
2473 2132 2719 2199 pulchra,
2757 2131 3312 2191 electionem,bonum
3339 2131 3586 2198 gnostice

2010 2226 2324 2294 elegerit,et
2369 2223 2666 2276 admiretur
2712 2223 3136 2290 generationem,
3180 2227 3236 2274 et
3287 2221 3586 2274 sanetiticet

2011 2316 2350 2379 Creatorem,
2386 2328 2490 2367 una
2519 2323 2698 2366 tamen
2729 2312 3028 2366 sanctilicet
3051 2326 3193 2373 eam,
3217 2325 3338 2379 qua:
3366 2310 3425 2362 lit
3452 2308 3584 2374 Deo,

2012 2407 2483 2463 assimilationem.
2511 2403 2616 2458 Sed
2647 2419 2746 2473 ego
2777 2419 2863 2457 me
2891 2402 3150 2467 liberabo,
3172 2401 3390 2466 dixerit,
3421 2415 3452 2454 a
3491 2417 3587 2454 cu-

2011 2499 2255 2568 piditate,
2284 2513 2317 2552 o
2348 2495 2592 2559 Domine,
2625 2503 2685 2549 ut
2716 2494 2848 2548 mihi
2876 2503 3053 2548 tecum
3103 2491 3400 2546 intercedat
3448 2506 3582 2544 con-

2007 2590 2251 2660 junctio:
2275 2589 2503 2658 pulchra
2532 2588 2678 2641 enim
2722 2595 2825 2650 est,
2866 2601 2988 2655 qua:
3023 2585 3209 2654 utique
3240 2593 3422 2638 creata
3475 2593 3581 2646 est,

2013 2679 2372 2747 dispensatio,
2405 2686 2460 2732 et
2485 2677 2671 2730 omnia
2697 2686 2842 2731 recte
2867 2676 3345 2738 administrantur,
3371 2683 3424 2726 et
3451 2674 3586 2726 nihil

2014 2770 2074 2822 lit
2125 2769 2242 2823 sine
2273 2785 2459 2822 causa.
2490 2769 2547 2821 In
2576 2768 2684 2822 tuis
2719 2783 2804 2822 me
2829 2783 2948 2823 esse
2973 2778 3203 2836 oportet,
3253 2783 3286 2820 ο
3319 2765 3586 2834 Οιηηίρο-

2017 2867 2156 2919 tens,
2187 2866 2241 2910 et
2270 2857 2395 2911 licet
2426 2857 2513 2910 hic
2547 2855 2722 2923 fuero,
2753 2872 2873 2911 sum
2908 2857 3050 2925 apud
3082 2864 3162 2920 te;
3199 2855 3292 2910 sed
3323 2856 3446 2910 volo
3492 2872 3586 2907 ex-

2016 2964 2142 3020 pers
2165 2963 2286 3002 esse
2309 2958 2506 3010 metus,
2537 2957 2596 3000 ut
2621 2947 2687 3001 ad
2717 2957 2769 3001 te
2800 2947 3006 3016 possim
3049 2946 3500 3015 appropinquare,
3531 2955 3586 2998 et

2013 3040 2201 3107 paucis
2241 3039 2405 3093 etiam
2429 3046 2742 3102 contentus,
2803 3042 2951 3092 tuam
3004 3037 3583 3106 imitansjustamelc-

2014 3132 2271 3196 ctionem,
2295 3147 2418 3200 qua:
2442 3131 2618 3184 bonos
2649 3147 2681 3184 a
2715 3131 2990 3186 similibus
3033 3129 3314 3183 discernit.
3367 3128 3586 3200 Mystice

2014 3224 2301 3278 admodum
2324 3232 2376 3278 et
2407 3231 2595 3278 sancte
2620 3237 2720 3276 nos
2747 3222 2952 3276 docens
2975 3221 3269 3289 Apostolus
3297 3236 3438 3284 eam,
3464 3236 3586 3290 quae

2014 3329 2136 3368 vere
2162 3321 2309 3383 grata
2335 3321 2438 3374 est,
2465 3314 2807 3376 electionem,
2853 3328 2964 3365 non
3007 3312 3110 3364 alia
3155 3320 3409 3379 tanquam
3442 3309 3583 3363 mala

347 3407 440 3458 καὶ
465 3408 494 3457 6
522 3406 594 3474 μὴ
625 3400 870 3472 γαμίζων
912 3405 1160 3471 κρεῖσσον
1189 3403 1331 3452 ποιεῖ
1379 3401 1510 3470 πρὸς
1541 3401 1600 3452 τὸ
1639 3399 1909 3470 εὔσχημον
1935 3384 1979 3440 C
2014 3421 2108 3474 rep

1819 3417 1909 3470 μον
1935 3384 1979 3440 C
2014 3404 2372 3474 reprobanda,
2397 3405 2491 3459 sed
2523 3404 2681 3460 bonis
2727 3405 2831 3457 alia
2885 3405 3154 3457 censenda
3185 3417 3308 3455 esse
3339 3401 3582 3465 meliora,

348 3498 440 3548 mi.
484 3494 810 3563 εὐπάρεδρον
855 3492 932 3562 τῷ
964 3493 1151 3562 Κυρίῳ
1183 3491 1619 3562 ἀπερισπάστως.
1671 3509 1689 3541 ι
1727 3492 1912 3560 Ἵσμεν

347 3586 402 3638 δὲ
422 3585 492 3638 τὰ
521 3585 616 3655 μὲν
645 3584 970 3652 δυσπόριστα
999 3585 1096 3636 οὐκ
1124 3585 1417 3650 ἀναγκαῖα·
1448 3583 1515 3634 τὰ
1543 3582 1599 3634 δὲ
1646 3583 1912 3648 ἀναγκαῖα

348 3679 639 3746 εὐπόριστα
685 3675 1010 3743 γεγενῆσθαι
1058 3674 1365 3742 φιλαγάθως
1411 3676 1558 3743 παρὰ
1609 3673 1699 3725 τοῦ
1753 3673 1908 3725 Θεοῦ.

348 3771 545 3838 Διόπερ
569 3770 596 3819 6
624 3767 959 3836 Δημόκριτος
993 3761 1051 3817 εὖ
1078 3765 1243 3833 λέγει,
1273 3767 1347 3827 ὡς
1382 3784 1399 3816 ι
1435 3767 1466 3834 ή
1513 3763 1672 3832 φύσις
1711 3781 1769 3816 τε
1820 3765 1912 3817 καὶ

348 3861 531 3930 διδαχὴ
576 3859 946 3928 παραπλήσιόν
989 3862 1138 3912 ἐστι·
1186 3878 1203 3910 ι
1237 3859 1325 3910 καὶ
1364 3859 1460 3927 τὴν
1509 3859 1683 3909 αἰτίαν
1725 3859 1912 3912 συντό-

353 3971 469 4021 μως
499 3949 1085 4022 προσαποδεδῶκαμεν·
1139 3953 1233 4004 καὶ
1277 3950 1443 4019 γὰρὴ
1485 3949 1670 4020 διδαχὴ
1709 3954 1911 4020 μεταρ-

353 4045 599 4116 ρυθμίζει
628 4046 713 4097 τὸν
739 4043 1056 4115 ἄνθρωπον·
1103 4042 1552 4114 μεταρρυθμοῦσα
1599 4042 1676 4105 δὲ,
1731 4059 1918 4110 φυσιο-

349 4141 490 4189 ποιεῖ
528 4155 540 4166 ·
599 4137 688 4190 καὶ
733 4137 1010 4206 διήνεγκεν
1058 4135 1237 4198 οὐδὲν,
1297 4134 1329 4203 ἦ
1391 4134 1548 4202 φύσει
1609 4135 1916 4206 πλασθῆναι

347 4229 610 4298 τοιόνδε,ἦ
638 4229 812 4299 χρόνῳ
844 4230 936 4280 καὶ
967 4227 1197 4296 μαθήσει
1229 4225 1776 4296 μετατυπωθῆναι.”Α
1789 4245 1914 4298 μφω

348 4319 405 4370 δὲ
437 4321 464 4371 6
492 4318 690 4389 Κύριος
720 4320 1058 4387 παρέσχηται
1078 4333 1091 4345 ·
1142 4316 1202 4366 τὸ
1241 4316 1335 4384 μὲν
1366 4315 1505 4368 κατὰ
1533 4317 1626 4387 τὴν
1655 4316 1914 4389 δημιουρ-

348 4413 493 4478 γίαν,
520 4411 580 4463 τὸ
615 4411 668 4462 δὲ
701 4411 842 4463 κατὰ
865 4411 954 4462 τὸν
989 4413 1053 4460 ἐκ
1080 4409 1176 4476 τῆς
1207 4406 1480 4477 Διαθήκης
1523 4409 1804 4461 ἀνάκτισίν
1853 4426 1913 4461 τε

349 4504 444 4554 καὶ
497 4503 806 4554 ἀνανέωσιν.
871 4501 943 4552 Τὸ
995 4500 1051 4550 δὲ
1099 4497 1373 4568 συμφέρον
1429 4498 1506 4568 τῷ
1564 4500 1909 4570 κυριωτέρῳ,

347 4593 504 4645 τοῦτο
527 4594 877 4666 αἱρετώτερον
901 4611 912 4622 ·
945 4589 1273 4660 κυριώτατον
1303 4590 1357 4641 δὲ
1387 4591 1599 4642 πάντων
1623 4593 1656 4660 ή
1683 4591 1908 4644 διάνοια.

2013 3493 2339 3563 significavit
2368 3495 2554 3548 dicens
2581 3512 2594 3548 :
2634 3513 2652 3544 ι
2689 3492 2869 3559 Quare
2890 3501 2942 3546 et
2971 3492 3063 3560 qui
3088 3492 3434 3545 matrimonio
3457 3491 3587 3560 jun-

2012 3586 2090 3654 git
2122 3585 2385 3656 virginem
2409 3599 2587 3648 suam,
2621 3585 2758 3638 bene
2790 3582 2956 3647 facit;
2989 3592 3041 3636 et
3081 3582 3172 3650 qui
3226 3597 3332 3634 non
3383 3583 3586 3651 jungit,

2012 3675 2206 3729 melius
2233 3674 2448 3736 facit,atl
2475 3675 2546 3737 id,
2580 3675 2722 3742 quod
2743 3674 3028 3726 honestum
3047 3683 3130 3726 est
3156 3672 3320 3742 229
3337 3681 3391 3726 et
3413 3671 3585 3726 facul-

2012 3775 2174 3821 tatem
2203 3766 2403 3834 praebet
2431 3765 2700 3819 indivulse
2751 3763 2983 3818 Domino
3012 3765 3285 3818 assidendi
3315 3777 3364 3816 ει.
3421 3784 3438 3814 ι
3476 3764 3586 3818 Sci-

2011 3871 2134 3908 mus
2161 3864 2340 3909 autem
2365 3870 2450 3916 ea,
2479 3869 2603 3923 qua:
2649 3853 2934 3907 difﬁculter
2979 3853 3196 3922 quidem
3251 3854 3428 3922 parari
3460 3869 3588 3922 pos-

2013 3956 2159 4012 sunt,
2187 3962 2297 4002 non
2317 3963 2438 4002 esse
2461 3947 2807 4013 necessaria;
2842 3962 2963 4016 qua:
2989 3956 3168 4000 autem
3225 3956 3353 4000 sunt
3398 3963 3582 4002 neces-

2012 4043 2176 4106 saria,
2193 4050 2382 4111 paratu
2405 4039 2584 4095 facilia
2598 4039 2926 4108 benignitate
2945 4037 3033 4092 Dei
3052 4053 3172 4091 esse
3196 4037 3355 4091 facta.
3383 4038 3584 4103 Quam-

2013 4135 2196 4188 obrem
2248 4134 2383 4188 bene
2435 4131 2570 4185 dicit
2622 4129 2984 4195 Democritus,
3029 4148 3046 4180 ι
3102 4138 3353 4183 naturam
3400 4141 3452 4184 et
3481 4129 3582 4184 do-

2013 4227 2242 4281 ctrinam
2274 4239 2390 4278 rem
2428 4238 2547 4278 esse
2571 4221 2927 4292 persimilem.
2954 4241 2974 4274 ι
3005 4223 3238 4277 Causam
3265 4232 3445 4276 autem
3469 4223 3586 4278 bre-

2011 4311 2784 4371 viterreddidimus.Doctrina
2809 4314 2952 4368 enim
2986 4315 3259 4368 hominem
3295 4315 3584 4370 concinnat

2012 4419 2065 4461 et
2089 4405 2398 4475 componit;
2427 4407 2771 4460 concinnans
2797 4415 2979 4459 autem
3009 4421 3072 4460 ac
3101 4421 3452 4473 componens,
3483 4421 3583 4460 na-

2013 4509 2188 4554 turam
2217 4500 2264 4553 ei
2293 4498 2523 4563 tribuit;
2559 4513 2735 4567 neque
2769 4499 3013 4561 interest,
3046 4513 3115 4550 an
3169 4495 3333 4550 fuerit
3385 4506 3582 4553 natura

2013 4591 2238 4644 effectus
2265 4590 2410 4657 talis,
2467 4605 2537 4643 an
2569 4597 2808 4657 tempore
2829 4599 2882 4642 et
2905 4589 3191 4658 disciplina
3222 4588 3585 4644 transforma-

350 4687 504 4738 Οὕτω
539 4690 715 4741 τοίνυν
753 4688 832 4757 τῷ
881 4687 991 4739 ὄντι
1039 4683 1176 4736 καλὰ
1221 4683 1466 4750 φαίνεται
1517 4682 1728 4750 ἥδιστα,
1782 4686 1909 4754 παρ’
1944 4727 1988 4780 D
2016 4693 2113 4737 tus.

1820 4686 1909 4754 αρ’
1944 4727 1988 4780 D
2016 4693 2124 4737 tus.
2151 4681 2453 4750 Utrumque
2481 4691 2658 4734 autem
2675 4680 2912 4780 Iprazbuit
2958 4679 3242 4743 Dominus,
3279 4681 3407 4734 illud
3460 4681 3583 4750 qui-

349 4778 510 4830 αὐτοῦ
546 4779 600 4830 δὲ
635 4780 912 4849 πορίζεται
957 4777 1066 4846 (54)
1101 4775 1158 4826 ὃν
1201 4774 1355 4826 ποθεῖ
1397 4775 1624 4843 καρπὸν,
1667 4777 1766 4846 τὴν
1809 4778 1909 4848 τῆς

347 4869 519 4936 ψυχῆς
554 4869 662 4938 (55)
695 4870 1032 4922 εὐστάθειαν.
1082 4884 1100 4916 ι
1149 4865 1205 4916 Ὀ
1237 4864 1293 4915 δὲ
1338 4862 1470 4932 ἐμοῦ
1515 4865 1758 4929 ἀκούων,
1803 4883 1908 4936 φη-

2013 4774 2136 4829 dem
2168 4789 2264 4843 per
2292 4773 2640 4834 creationem,
2675 4771 2778 4826 hoc
2805 4787 2932 4825 vero
2957 4788 3052 4841 per
3082 4774 3471 4826 recreationem
3518 4779 3576 4836 >14

2014 4879 2063 4921 et
2099 4864 2521 4926 renovationem,
2553 4878 2676 4932 quae
2714 4863 2774 4918 fit
2799 4879 2864 4918 ex
2894 4862 3264 4918 Testamento.
3298 4863 3451 4929 Quod
3477 4880 3581 4917 au-

417 4969 619 5032 alCor.
649 4979 951 5040 VII,38,'55.
1022 4989 1078 5046 ὦ
1121 4979 1179 5034 Ρ.
1221 4979 1326 5032 6'59.
1352 4977 1454 5030 El).
1489 4975 1781 5044 POTTER,
1821 4977 2057 5034 554-555
2082 4976 2188 5030 ED.
2240 4973 2461 5029 PABIS.

421 5103 530 5169 ('51)
571 5104 969 5173 Ἐπατ-γελιάς.
1006 5103 1284 5158 Editiones
1333 5099 1688 5173 Sylburgiana
1719 5117 1908 5156 recen-

349 5176 512 5228 tiores
540 5171 874 5241 ἀπαγγελίας
904 5189 1179 5243 perperam
1205 5171 1478 5243 exhibent.

419 5245 528 5312 (5‘2)
565 5237 774 5306 Φήονὰι.
814 5237 925 5298 Ειεῖ
976 5237 1268 5312 optativum
1302 5240 1470 5312 φήσαι
1526 5237 1654 5291 ferri
1707 5250 1903 5312 potest,

348 5325 529 5370 tamen
565 5315 610 5366 si
637 5315 759 5380 quis
784 5311 1130 5366 indit-alivum
1158 5315 1314 5382 φήσει
1344 5311 1512 5382 malit,
1535 5323 1630 5382 per
1651 5325 1734 5382 me
1759 5311 1902 5365 licet.

347 5384 556 5439 Allusio
576 5379 748 5435 autem
766 5392 849 5435 est
879 5385 943 5435 ad
982 5379 1323 5437 Homericum
1352 5381 1480 5434 illud
1508 5397 1520 5444 ;
1545 5379 1730 5448 Αὐτὰρ
1764 5383 1906 5447 ἐγὼν

347 5456 510 5517 αὐτὸς
540 5453 636 5522 ἐμὲ
661 5453 907 5522 λύσομαι.
943 5453 1202 5508 SvLBunG.

419 5516 530 5593 (55)
562 5516 622 5576 Ὅ
648 5516 897 5593 γαμίζων
922 5523 1033 5589 τὴν
1055 5523 1349 5590 παρθένον
1373 5517 1573 5593 αὑτοῦ.
1605 5516 1774 5593 LCor.
1795 5535 1902 5593 vn,

342 5600 373 5649 6
398 5588 733 5666 ἐκγαμίζωνζ
754 5591 959 5666 omisso
983 5588 1294 5647 commotio
1325 5593 1436 5655 illo,
1482 5591 1576 5657 τὴν
1631 5588 1902 5666 παρθένον

345 5660 700 5733 αὐτοῦ-ἰιιιοὰ
731 5665 998 5733 glossema
1047 5678 1166 5715 esse
1200 5666 1444 5716 videtur:
1503 5668 1554 5712 et
1573 5674 1734 5733 mox.
1781 5661 1809 5711 ὁ
1845 5660 1903 5712 δὲ

349 5739 420 5805 μὴ
453 5728 781 5806 ἐκγαμέζων.
833 5732 1093 5806 vaunc.
1124 5760 1192 5770 -—-
1222 5733 1374 5794 Dein,
1419 5728 1774 5802 εὐπρόσεδρον
1807 5745 1905 5798 pro

346 5805 700 5878 εὐπάρεδρον.
745 5805 875 5878 Ibid.

416 5869 526 5944 (54')
545 5869 683 5943 [Tap’
713 5873 897 5930 αὑτοῦ
917 5871 982 5944 δὲ
1003 5870 1183 5944 πορίζ.
1219 5871 1284 5944 ξε.
1313 5869 1733 5944 insertacopula
1759 5869 1908 5944 legit,

346 5939 440 5996 atati
476 5949 605 6014 παρ’
630 5939 815 6000 ἀὐτοῦ
849 5943 1040 6014 πορίς.
1061 5942 1204 6002 Mox,
1227 5939 1382 6014 vulg.
1421 5942 1554 6014 Bibl.
1586 5939 1909 6014 Proverb.__t,

345 6010 754 6078 κατασκὴνὼσει
785 6017 869 6068 ἐπ’
900 6010 1068 6066 ἐλπίδι
1101 6010 1394 6078 πεποιθώς.
1437 6013 1697 6065 St'LBUttG.
1731 6039 1799 6050 -—-
1834 6010 1910 6064 lbi

2013 5115 2142 5155 vero
2165 5096 2461 5151 Flaminius
2484 5094 2730 5149 Nobilius
2751 5109 2780 5146 e
2804 5091 3011 5145 scholio
3027 5090 3263 5159 quodam
3283 5089 3398 5159 haec
3415 5088 3580 5142 verba

2011 5169 2320 5224 adnotavit:
2357 5167 2731 5220 ἀναπαύσεται
2759 5164 2816 5214 ἐν
2849 5158 3364 5232 εἰρήνῃίπεποιθώς.

2081 5239 2190 5308 (35)
2221 5235 2332 5303 Τῆς
2357 5236 2585 5305 ψυχῆς.
2626 5235 2833 5308 Rursus
2857 5229 3228 5308 Democritum
3264 5229 3463 5308 imitari
3493 5229 3580 5308 vi-

2011 5299 2202 5363 deiur':
2221 5299 2598 5377 νιιιιιῃίιιὲἷτῆν
2624 5301 2823 5377 εὐεστὼ
2851 5317 3129 5377 summum
3173 5301 3379 5377 bonurn
3401 5299 3575 5377 dixit:

2009 5379 2175 5440 Τέλος
2212 5376 2265 5428 δὲ
2299 5372 2436 5429 εἶναι
2457 5364 2568 5446 τῆν’
2588 5373 2870 5446 εὐθυμίαν,
2906 5372 2982 5446 οὐ.
3006 5372 3103 5446 τήν
3137 5364 3485 5446 αὐτὴν-οὐσαν
3507 5367 3574 5446 τῇ

2045 5437 2169 5517 δονῇ
2182 5447 2253 5508 ὡς
2271 5447 2420 5519 gem,
2442 5437 2905 5519 παρακούσαντες,
2927 5437 3267 5519 ἐξεδέξαντο,
3287 5437 3422 5519 αλλὰ
3455 5438 3557 5519 καθ

2008 5508 2074 5588 ἧν
2097 5508 2340 5586 γαληνῶς
2366 5508 2460 5571 καὶ
2494 5508 2767 5574 εὐσταθῶς
2864 5511 3238 5588 ψυχὴᾳδιάγει,
3276 5511 3384 5588 ἁπύ
3421 5508 3580 5588 μηδε-

2011 5579 2506 5657 νὸςταραττομένη
2543 5588 2728 5657 φόϐου,
2783 5579 3304 5657 ᾓίδεισιδαιμονίας,
3347 5581 3380 5650 ἦ
3420 5579 3576 5657 άλλου

2005 5646 2145 5722 τιν’ὸς
2176 5646 2400 5719 πάθους.
2424 5646 2590 5711 Καλέῖ
2627 5656 2681 5708 δέ
2739 5646 2910 5724 αὐτὴν
2941 5646 3164 5713 εὐεστὼ,
3221 5653 3316 5704 καὶ
3367 5646 3579 5724 πολλοῖς

2008 5721 2184 5791 ἄλλοις
2215 5728 2492 5797 ὀνόμασιν.
2533 5749 2551 5780 ι
2577 5727 2762 5780 Finem
2783 5721 2917 5797 vero?
2930 5739 3049 5776 esse
3068 5731 3280 5797 rectum
3305 5721 3581 5797 quietum-

2009 5817 2117 5867 que
2143 5790 2320 5852 ιιιιίιηῖ
2341 5807 2564 5861 statum,
2591 5813 2711 5866 qua:
2741 5810 2844 5847 non
2871 5796 3009 5846 idem
3036 5793 3107 5845 sit
3131 5793 3274 5860 quod
3303 5790 3578 5867 voluptas,

2012 5860 2071 5925 ut
2097 5869 2313 5936 quidam
2347 5860 2566 5937 oblique
2592 5860 3033 5937 interpretantur.
3061 5878 3244 5915 verum
3275 5860 3577 5937 secundum

2012 5931 2175 6006 quam
2230 5938 2448 5992 animus
2478 5931 2694 6003 'niagna
2746 5934 3132 6003 tranquillitate
3164 5931 3579 6006 constantiaque

2015 6003 2205 6066 beatus
2233 6017 2338 6075 est,
2362 6009 2490 6063 dum
2525 6008 2674 6064 nullo
2690 6005 3022 6072 metu,nulla
3051 6003 3454 6071 superstitione,
3486 6009 3578 6053 aut
