4464 6612
866 513 1002 571 1359
2027 514 2416 571 CLEMENTIS
2451 514 2629 571 ALEX

2361 514 2416 571 lS
2451 514 2928 576 ALEXANDRINI
3984 533 4124 587 £360

861 640 971 688 tem
999 630 1261 686 conducit
1277 631 1348 694 ei,
1377 628 1522 700 quod
1551 639 1635 686 est
1681 631 1854 702 magis
1907 631 2226 703 principale,
2271 634 2324 689 id
2355 643 2440 689 est
2464 648 2514 706 Α
2543 636 2624 690 σὶν

2355 643 2440 689 est
2464 648 2514 706 Α
2543 636 2645 701 σὶν,
2675 639 3046 694 ἀναπαύσεται
3070 642 3158 694 ἐπ’
3183 646 3372 719 είρήνῃ
3409 648 3702 714 πεποιθὼς,
3727 650 3820 705 καὶ
3852 651 4113 722 ἡσυχάσει

861 722 1037 793 magis
1102 722 1442 793 eligendum;
1495 732 1579 776 est
1649 730 1830 777 autem
1886 724 2130 779 omnium
2212 726 2448 782 maxime
2544 729 2624 797 ἀφ

2353 729 2448 782 ime
2544 729 2762 797 ἀφόϐως
2801 732 2909 787 ἀπὸ
2939 734 3135 796 παντὸς
3180 739 3367 791 κακοῦ.
3405 738 3546 791 Ἵσθι
3595 744 3867 808 πεποιθὼς
3915 744 3973 797 ἐν
4018 744 4116 815 ὅλῃ

862 814 1193 886 principale,
1251 827 1429 869 mens.
1491 812 1583 869 Sic
1640 827 1771 882 ergo
1834 815 2087 871 videntur
2142 830 2207 871 ea
2237 854 2252 880 ,
2325 831 2447 887 qua
2542 845 2625 900 και

2345 831 2447 887 1υὲ
2542 829 2740 903 καρδίᾳ
2775 849 2866 885 σου
2913 832 3006 885 καὶ
3044 834 3109 902 τῇ
3159 834 3366 908 διανοίᾳ
3407 855 3497 891 σου
3528 838 3636 908 (56)
3667 843 3759 895 ἐπὶ
3802 844 3881 908 τῷ
3909 842 4045 908 Θεῷ.

861 920 988 961 vere
1047 906 1190 960 bona
1256 915 1389 960 sunt
1422 947 1438 971 ,
1496 921 1617 962 esse
1684 904 2117 975 iucundissima;
2173 916 2229 963 et
2274 924 2340 963 ex
2383 923 2444 964 se
2539 918 2624 970 To:

2383 923 2444 964 se
2539 918 2725 991 Τούτῳ
2750 921 2966 975 δυνατὸν
2987 920 3065 990 τῷ
3087 922 3274 993 τρόπῳ
3297 928 3388 979 τὸν
3411 929 3709 996 γνωστικὸν
3738 932 3837 1002 ἤδη
3854 902 4112 1001 ’γενέσθαι

860 995 1101 1066 praebent
1147 1010 1296 1061 eum,
1353 1012 1515 1066 quem
1576 997 1904 1063 desiderant,
1937 997 2172 1053 fructum
2198 1038 2213 1064 ,
2245 1015 2441 1070 nempe
2535 1002 2623 1056 Θει

2347 1015 2441 1070 ape
2535 1002 2667 1058 Θεόν
2701 1007 2832 1079 (57).
2875 1027 2893 1060 ι
2942 1006 3081 1076 Ἐγὼ
3112 1007 3275 1062 εἶπα’
3316 995 3440 1069 Θεοί
3477 1018 3599 1070 ἐστε
3639 1017 3733 1069 καὶ
3760 995 3894 1073 ὐίοῖ
3954 1023 4110 1094 Ὑψί-

858 1090 1059 1145 anima:
1115 1090 1582 1160 tranquillitatem.
1648 1106 1668 1140 ι
1709 1088 1815 1156 Qui
1870 1098 2049 1145 autem
2098 1106 2186 1146 me
2214 1093 2424 1157 audit,»

860 1179 1058 1249 inquit,
1118 1198 1137 1232 ι
1166 1180 1471 1249 requiescet
1523 1179 1577 1232 in
1645 1193 1779 1249 pace
1831 1178 2109 1234 conﬁdens
2138 1222 2153 1245 ,
2202 1192 2256 1235 et
2312 1184 2429 1237 sine

858 1279 1006 1326 metu
1058 1272 1409 1341 conquiescet
1438 1270 1508 1324 ab
1534 1271 1685 1325 omni
1715 1272 1857 1325 malo
1877 1282 1923 1323 ι.
1964 1269 2188 1326 Conlide
2213 1273 2270 1327 in
2318 1283 2431 1328 toto

2537 1111 2679 1150 στου.
2720 1118 2740 1151 D

2606 1186 2745 1257 Φησὶ
2786 1188 2842 1241 δὲ
2891 1190 2983 1242 καὶ
3010 1190 3037 1243 6
3077 1189 3445 1265 Ἐμπεδοκλῆς
3476 1196 3607 1265 (38),
3635 1193 3746 1247 τῶν
3790 1196 3967 1264 σοφῶν
4009 1201 4113 1264 τὰς

2536 1276 2714 1347 ψυχὰς
2743 1279 2896 1343 θεοὺς
2920 1280 3183 1348 γίνεσθαι,
3221 1277 3322 1337 ὦδέ
3352 1304 3469 1351 πως
3493 1288 3737 1358 γράφωνο

855 1363 1020 1419 corde
1045 1372 1140 1419 tuo
1163 1370 1218 1416 et
1240 1372 1423 1418 mente
1450 1374 1542 1418 tua
1576 1363 1629 1416 in
1660 1362 1769 1416 Deo
1790 1361 1837 1415 δ.
1870 1381 1889 1413 ι
1946 1360 2061 1417 Hoc
2116 1364 2280 1418 modo
2310 1365 2425 1418 ﬁeri
2469 1377 2653 1435 potest
2701 1381 2760 1427 ut
2800 1373 2885 1426 vir
2929 1373 3206 1441 gnosticus
3222 1374 3334 1444 jam
3359 1376 3501 1433 Deus
3518 1378 3766 1433 evaserit.
3795 1399 3813 1430 ι
3839 1377 3952 1446 Ego
3970 1381 4082 1438 dixi
4104 1423 4119 1444 ,

852 1457 928 1512 dii
952 1456 1105 1521 estis,
1144 1463 1209 1528 et
1263 1455 1357 1511 lilii
1415 1455 1679 1510 Altissimi
1707 1466 1754 1507 ε.
1792 1473 1811 1504 ι
1869 1452 2009 1509 Dicit
2036 1464 2218 1509 autem
2269 1456 2624 1527 Empedocles
2675 1480 2892 1535 quoque
2917 1464 3241 1534 sapientium
3271 1468 3484 1525 animas
3501 1471 3630 1527 deos
3653 1471 3789 1537 ﬁeri,
3818 1472 3921 1527 hoc
3942 1478 4107 1530 modo

854 1549 1099 1605 scribens
1119 1566 1133 1602 :

922 1662 1387 1733 Postremovates,
1415 1671 1461 1715 et
1484 1662 1573 1732 qui
1607 1662 1823 1731 hymnos
1856 1664 2088 1717 carmine
2112 1674 2349 1733 cantant,

922 1733 992 1803 Et
1020 1734 1330 1803 medicique,
1357 1732 1614 1803 ducesque
1640 1733 1766 1786 viris
1792 1734 2106 1787 mortalibus
2137 1732 2352 1789 adsunt.

924 1802 1336 1875 Πίησβιτείσιιιηι
1368 1803 1465 1867 dii,
1498 1812 1621 1856 sunt
1644 1819 1869 1872 quorum
1896 1805 2123 1858 maxime
2153 1807 2391 1861 honores.

914 2003 1092 2073 Atque
1116 2002 1280 2056 homo
1300 2000 1520 2071 quidem
1546 2000 1793 2055 absolute
1825 2016 1890 2056 ac
1918 2004 2215 2071 generatim
2267 2019 2418 2059 sum-

2532 1667 2637 1732 Είς
2682 1665 2750 1719 δὲ
2790 1666 2981 1731 τέλος,
3008 1665 3250 1733 μάντεις
3300 1683 3396 1732 τε,
3442 1669 3537 1722 καὶ
3586 1669 3947 1738 ὑμνεπόλοι,
4000 1675 4097 1725 καὶ

2529 1806 2637 1859 Καὶ
2674 1809 2885 1874 πρόμοι
2919 1802 3319 1875 ἀνθρώποισιν
3357 1807 3750 1875 ἐπιχθονίοισι
3772 1737 4097 1864 πέὲῗζξριῖἷ

2530 1877 2747 1930 ’Ἔνθεν
2773 1874 3223 1931 ἀναᾱίιιστοῦσι
3255 1875 3362 1946 (59)
3408 1874 3529 1931 θεοὶ
3574 1878 3775 1949 τιμῇσι
3806 1879 4092 1947 φέριστοι.

2536 2013 2596 2065 Ὀ
2629 2013 2728 2082 μὲν
2759 2007 2851 2065 οὖν
2884 2010 3166 2080 ἄνθρωπος
3194 2009 3381 2074 ἁπλῶς
3414 2006 3567 2077 οὗτος
3598 2017 3720 2068 κατ’
3745 2015 3886 2069 ἰδέαν
3918 2017 4093 2071 πλάσ-

844 2104 972 2166 ptus
994 2092 1265 2149 formatur
1292 2092 1595 2147 secundum
1625 2093 1801 2147 ideam
1839 2095 2066 2163 spiritus
2096 2096 2199 2151 sibi
2220 2112 2418 2168 conge-
2449 2112 2490 2165 B
2524 2120 2607 2155 σετ

2328 2113 2418 2168 ge-
2449 2112 2490 2165 Β
2524 2120 2671 2156 σεται
2710 2103 2806 2156 τοῦ
2839 2101 3115 2171 συμφυοῦς
3161 2102 3470 2171 πνεύματος
3491 2121 3506 2135 ·
3552 2107 3671 2159 οὐδέ
3699 2109 3807 2179 γὰρ
3836 2110 4091 2176 ἁνείδεος,

842 2188 962 2243 niti.
998 2186 1186 2258 Neque
1213 2187 1361 2242 enim
1387 2187 1506 2242 sine
1528 2185 1705 2241 forma
1735 2198 1790 2243 et
1819 2190 1999 2259 specie
2021 2201 2234 2246 creatur
2256 2194 2308 2247 in
2336 2193 2421 2249 of-

842 2281 1005 2336 ﬁcina
1039 2290 1271 2345 naturae,
1307 2279 1401 2335 ubi
1450 2278 1690 2334 hominis
1737 2282 2015 2349 generatio
2044 2284 2269 2353 mystice
2296 2300 2421 2355 per-

840 2372 1043 2435 ﬁcitur,
1089 2387 1213 2427 cum
1260 2371 1332 2427 sit
1379 2371 1688 2427 communis
1709 2379 1763 2425 et
1782 2387 1871 2427 ars
1891 2381 1944 2426 et
1964 2375 2221 2428 essentia.
2241 2374 2418 2433 Homo

839 2472 1019 2520 autem
1049 2464 1138 2519 hic
1168 2463 1462 2534 quispiam,
1514 2479 1610 2518 seu
1661 2464 1826 2519 homo
1876 2464 2188 2535 singularis,
2224 2470 2420 2522 chara-

836 2565 1041 2613 cterem
1067 2555 1295 2626 suscipit
1320 2570 1388 2611 ex
1416 2554 1589 2611 forma
1620 2556 1819 2610 anima:
1886 2555 2052 2612 insita
2080 2574 2145 2612 ex
2206 2559 2271 2613 iis
2296 2574 2419 2629 quae

835 2646 1077 2716 elegerit.
1105 2644 1222 2712 Qua
1252 2646 1462 2701 ratione
1486 2645 1659 2702 Adam
1711 2661 1931 2716 quoque
1977 2648 2213 2704 dicimus
2243 2650 2413 2705 luisse

836 2740 1355 2810 perfectumﬂquod
1418 2741 1614 2795 attinet
1669 2741 1736 2795 ad
1790 2740 2217 2810 formationem;
2273 2745 2408 2802 nihil

835 2830 981 2884 enim
1004 2830 1053 2885 ei
1080 2828 1257 2884 defuit
1306 2846 1373 2885 ex
1413 2830 1479 2885 iis
1511 2845 1633 2899 quae
1674 2830 1883 2884 homini
1923 2830 2113 2886 forma:
2140 2841 2192 2885 et
2214 2835 2413 2903 speciei

835 2922 1204 2977 characterem
1233 2923 1503 2976 tribuunt.
1535 2920 1691 2987 Quod
1725 2931 1906 2977 autem
1943 2923 2071 2977 dum
2115 2923 2285 2987 fieret,
2319 2940 2413 2981 ac-

837 3013 981 3082 cepit
1007 3012 1419 3082 perfectionem,
1450 3021 1503 3068 et
1525 3013 1881 3082 justiiicatum
1913 3023 1996 3069 est
2028 3029 2124 3084 per
2147 3015 2412 3071 obedien-

836 3103 988 3169 tiam,
1012 3104 1118 3160 hoc
1145 3115 1282 3168 erat,
1310 3105 1454 3175 quod
1481 3104 1533 3159 in
1558 3104 1737 3159 virum
1777 3106 2078 3171 crescebat,
2109 3123 2304 3177 nempe
2333 3109 2408 3174 id,

832 3194 978 3264 quod
1008 3195 1063 3249 in
1088 3194 1206 3265 ejus
1227 3203 1495 3266 potestate
1524 3204 1641 3249 erat
1670 3196 1859 3260 situm,
1891 3213 1988 3253 seu
2034 3199 2268 3254 liberum
2315 3216 2408 3255 ar-

832 3285 1077 3341 bitrium.
1108 3284 1262 3352 Quod
1296 3293 1478 3341 autem
1510 3285 1939 3357 elegerit,atque
1955 3290 2246 3361 adeoquod
2271 3293 2409 3348 veti-

829 3384 946 3430 tum
961 3376 1201 3447 elegerit,
1225 3391 1333 3429 non
1356 3385 1440 3431 est
1458 3376 1613 3445 culpa
1636 3377 1690 3431 in
1708 3376 1900 3445 Deum,
1927 3381 2020 3435 sed
2045 3381 2100 3435 in
2118 3382 2407 3452 eligentem:

2523 2193 2631 2245 οὐδ’
2680 2193 3080 2263 ἀσχημάτιστος
3121 2191 3179 2243 ἐν
3223 2191 3302 2260 τῷ
3342 2192 3443 2261 τῆς
3487 2194 3701 2262 φύσεως
3746 2200 4094 2273 ἐργαστηρίῳ

2521 2284 2948 2355 δημιουργεῖται,
2981 2280 3107 2334 ἔνθα
3151 2284 3425 2351 μυστικῶς
3465 2286 3748 2357 ἀνθρώπου
3794 2292 4094 2347 ἐκτελεῖται

2523 2375 2754 2442 γένεσις,
2801 2373 2983 2441 κοινῆς
3022 2370 3187 2442 οὔσης
3247 2373 3341 2425 καὶ
3385 2374 3481 2443 τῆς
3509 2377 3704 2447 τέχνης
3732 2381 3824 2431 καὶ
3860 2381 3960 2450 τῆς
3994 2384 4091 2435 οὐ-

2523 2465 2644 2528 σίας
2666 2483 2680 2497 '
2714 2467 2743 2517 6
2784 2466 2840 2517 δὲ
2873 2465 2956 2526 τις
2998 2462 3283 2533 ἄνθρωπος
3320 2466 3462 2518 κατὰ
3490 2467 3730 2520 τύπωσιν
3753 2470 3848 2539 τὴν
3880 2473 4092 2539 ἐγγινο-

2522 2556 2689 2626 μένην
2719 2558 2784 2625 τῇ
2820 2555 2985 2623 ψυχῇ,
3033 2547 3107 2605 ὧν
3143 2553 3207 2606 ἂν
3254 2557 3568 2626 αἱρήσηται,
3598 2562 4085 2631 χαρακτηρίζεται.

2518 2640 2594 2717 ’ᾞ
2638 2646 2731 2699 καὶ
2773 2645 2863 2699 τὸν
2903 2644 3072 2714 Ἀδάμ
3104 2645 3308 2698 τέλειον
3357 2648 3454 2715 μὲν
3485 2648 3561 2711 ὡς
3587 2649 3722 2718 πρὸς
3764 2650 3861 2721 τὴν
3890 2651 4089 2705 πλάσιν

2517 2737 2795 2804 γεγονέναι
2829 2736 3003 2806 φαμέν
3027 2752 3038 2762 ·
3086 2735 3238 2788 οὐδὲν
3278 2736 3387 2807 γὰρ
3426 2737 3534 2790 τῶν
3575 2740 4087 2809 χαρακτηριζόντων

2516 2828 2612 2897 τὴν
2640 2828 2923 2898 ἀνθρώπου
2962 2827 3101 2880 ἰδέαν
3127 2844 3185 2879 τε
3211 2828 3305 2880 καὶ
3342 2828 3549 2898 μορφὴν
3593 2829 3870 2898 ἐνεδέησεν
3897 2832 4045 2901 αὐτῷ
4066 2850 4080 2862 ·

2514 2921 2542 2973 ὂ
2568 2922 2624 2974 δὲ
2652 2923 2708 2973 ἐν
2732 2920 2810 2991 τῷ
2836 2920 3076 2989 γίνεσθαι
3102 2919 3201 2989 τὴν
3231 2919 3505 2971 τελείωσιν
3558 2919 3849 2989 ἐλάμϐανε,
3891 2924 3983 2975 καὶ
4012 2924 4082 2976 δι’

2515 3014 2759 3083 ὑπακοῆς
2786 3011 3101 3073 ἐδικαιοῦτο,
3134 3011 3293 3062 τοῦτο
3326 3006 3393 3080 ἦν
3426 3011 3882 3082 ἀπανδρούμενον,
3910 3014 3971 3065 τὸ
3994 3016 4083 3068 ἐπ’

2513 3104 2661 3174 αὑτῷ
2687 3103 2963 3173 κείμενον·
2994 3102 3139 3154 αἰτία
3166 3101 3277 3171 (40)
3306 3101 3361 3153 δὲ
3390 3102 3663 3171 ἑλομένου,
3691 3104 3781 3155 καὶ
3822 3103 3902 3155 ἔτι
3943 3106 4082 3173 μᾶλ-

2512 3196 2601 3249 λον
2631 3196 2691 3248 τὸ
2713 3194 2949 3247 κωλυθὲν
2977 3194 3253 3263 ἐλομένοψ
3277 3196 3304 3245 6
3321 3192 3455 3255 Θεὸς
3467 3193 3722 3257 ἀναίτιος.
3744 3194 3902 3265 Διττὴ
3922 3197 4029 3267 γὰρ
4046 3199 4081 3267 ὴ

2511 3289 2739 3357 γένεσις,
2836 3288 2932 3358 μὲν
2954 3287 3062 3339 τῶν
3094 3286 3463 3356 γεννωμένων,
3491 3287 3523 3355 ἡ
3545 3286 3601 3338 δὲ
3627 3287 3733 3339 τῶν
3757 3290 4074 3357 γινομένων.

2510 3378 2618 3431 Καὶ
2660 3380 2691 3447 ὴ
2745 3377 2842 3447 μὲν
2871 3375 2965 3429 τοῦ
2996 3376 3280 3445 ἀνθρώπου
3310 3375 3549 3444 ἀνδρεία,
3592 3374 3870 3444 ἑμπαθοῦς
3902 3378 4077 3441 ὄντος,

829 3465 1184 3523 conferenda.
1217 3465 1428 3536 Duplex
1460 3468 1606 3521 enim
1651 3476 1734 3522 est
1765 3470 2084 3538 generatio:
2131 3488 2237 3527 una
2284 3475 2408 3544 qui-
2433 3455 2475 3509 (ἶ
2510 3486 2592 3538 φαι

2310 3475 2408 3544 [ui—
2433 3455 2475 3509 (ἶ
2510 3486 2663 3538 φασι,
2682 3470 2820 3522 κατὰ
2836 3470 2934 3540 τὴν
2956 3469 3161 3531 οὐσίαν,
3185 3466 3382 3535 ἄςοεον
3410 3467 3503 3517 καὶ
3532 3468 3793 3537 ἀήττητον
3823 3467 3913 3520 τὸν
3941 3486 4073 3538 μετ-

826 3560 952 3614 dem
982 3573 1169 3613 eorum
1200 3558 1294 3628 qui
1333 3558 1651 3629 gignuntur,
1682 3560 1853 3614 altera
1882 3577 2011 3616 vero
2042 3579 2230 3618 eorum
2283 3581 2405 3634 qua:

826 3653 985 3707 ﬁunt.
1016 3650 1081 3705 Et
1115 3651 1354 3706 hominis
1374 3651 1593 3721 quidem
1626 3653 1855 3707 virilitas
1882 3663 1936 3707 et
1964 3654 2243 3721 fortitudo,
2275 3672 2399 3711 cum

824 3742 918 3806 sit,
942 3748 1004 3795 ut
1022 3741 1193 3806 aiunt,
1215 3756 1313 3796 sua
1332 3742 1565 3797 essentia
1583 3744 2088 3812 perturbationibus
2104 3746 2397 3815 obnoxius,

824 3832 1003 3889 reddit
1028 3842 1206 3887 metus
1218 3842 1491 3902 expertem
1514 3842 1567 3888 et
1589 3834 2011 3903 insuperabilem
2033 3851 2179 3900 eum,
2203 3840 2293 3907 qui
2317 3849 2401 3895 est

820 3925 944 3994 ejus
956 3924 1243 3996 particeps,
1260 3925 1398 3980 adeo
1419 3935 1479 3980 ut
1502 3926 1583 3981 ira
1606 3926 1678 3981 sit
1695 3936 1954 3996 tanquam
1973 3930 2169 3984 mentis
2182 3931 2397 3987 satelles

824 4017 877 4070 in
895 4015 1172 4086 patientia,
1192 4026 1247 4071 ct
1264 4016 1577 4083 tolerantia,
1592 4026 1645 4071 et
1662 4017 1728 4072 iis
1749 4033 1872 4088 qua:
1900 4027 2027 4073 sunt
2054 4020 2274 4085 similia;
2304 4036 2400 4075 cu-

824 4107 1038 4177 piditati
1092 4116 1274 4161 autem
1311 4108 1608 4178 praeficitur
1658 4111 2017 4180 temperantia
2046 4120 2099 4166 et
2141 4112 2397 4167 salutaris

823 4198 1295 4268 prudentia.Deus
1319 4209 1497 4253 autem
1539 4209 1622 4256 est
1673 4201 2011 4271 impatibilis,
2054 4204 2255 4274 iraeque
2302 4218 2399 4259 ex-

823 4306 946 4359 pers
994 4298 1049 4345 et
1107 4288 1441 4359 cupiditatis.
1498 4287 1550 4344 Is
1611 4297 1791 4343 autem
1845 4307 1955 4345 non
2012 4291 2132 4345 ideo
2196 4291 2397 4345 dicitur

826 4387 885 4444 >14
921 4389 1097 4436 metus
1123 4395 1351 4450 expers,
1379 4379 1525 4449 quod
1549 4378 1783 4433 declinat
1803 4394 1925 4448 quae
1952 4388 2079 4433 sunt
2109 4380 2390 4437 terribilia.

822 4471 927 4527 Sed
949 4487 1125 4542 neque
1143 4480 1228 4526 est
1244 4481 1576 4541 temperans,
1605 4485 1712 4539 qua
1727 4469 2389 4540 imperatcupiditatibus;

821 4579 997 4633 neque
1041 4564 1187 4618 enim
1226 4564 1283 4617 in
1316 4564 1555 4618 terribile
1588 4562 1794 4633 aliquid
1836 4561 1930 4618 Dei
1961 4572 2155 4617 natura
2188 4564 2392 4618 incide-

818 4657 910 4723 rit,
940 4671 1118 4727 neque
1148 4653 1288 4726 fugit
1316 4654 1459 4710 Deus
1494 4656 1787 4723 timorem;
1832 4656 1975 4712 sicut
2009 4669 2110 4709 nec
2131 4655 2390 4724 concupi-

817 4758 958 4817 scet,
990 4758 1051 4805 ut
1075 4748 1126 4805 ei
1166 4763 1390 4804 necesse
1425 4746 1498 4803 sit
1530 4748 1797 4817 imperare
1831 4747 2138 4818 cupiditati.
2169 4746 2390 4818 Mystice

890 4893 919 4924 ι
949 4880 1108 4937 Prov.
1136 4894 1183 4948 ι,
1210 4882 1300 4936 55.
1377 4878 1407 4921 ι’
1433 4878 1596 4936 Prov.
1628 4895 1710 4944 ιιι,
1750 4881 1803 4935 5.
1880 4890 1904 4919 ε
1935 4878 2141 4935 Psalm.
2172 4895 2356 4946 Lxxm,
2382 4879 2435 4934 6.

818 5019 929 5074 alia
957 5015 1573 5087 quavispcrturbatione
1594 5014 1851 5087 agitatur.
1871 5010 2129 5087 Eamdem
2149 5027 2277 5068 vero
2303 5012 2389 5064 εὑ-

817 5082 1604 5156 3nm'appellanttmultisque
1633 5082 1755 5156 aliis
1783 5082 2114 5156 nominibus.

879 5156 1000 5282 I(’56)
1027 5151 1140 5210 Καὶ
1174 5153 1248 5223 τῇ
1279 5151 1675 5236 διανοίᾳξσου.
1703 5154 1826 5208 Haec
1847 5152 2031 5212 verba,
2058 5168 2178 5220 quae
2194 5151 2393 5207 absunt

924 5243 1039 5282 rov.
1076 5241 1159 5282 ιιι.
1189 5226 1244 5282 5.
1276 5224 1416 5279 forte
1448 5226 1645 5282 adiecnt
1669 5233 1863 5278 auctor
1893 5237 1959 5276 ex
2003 5220 2194 5277 Matth.
2248 5237 2388 5282 χχιι,

818 5245 850 5284 a
879 5220 1039 5282 Prov.
1076 5241 1159 5292 ιιι,
1189 5220 1244 5293 5,
1276 5224 1416 5279 forte
1448 5220 1645 5292 adjecit
1669 5233 1863 5293 auctor
1893 5237 1959 5276 ex
2003 5220 2194 5277 Matth.
2243 5237 2388 5293 χχιι,

820 5298 909 5361 57,
954 5297 1037 5352 vel
1067 5295 1200 5350 Luc.
1235 5311 1285 5357 ιι,
1314 5294 1405 5357 27,
1430 5294 1519 5348 ubi
1547 5296 1803 5353 Christus
1830 5292 2000 5346 Deum
2025 5307 2208 5346 amare
2234 5292 2391 5361 jubet

820 5371 879 5422 ἐν
903 5366 961 5420 ὄλ
1124 5365 1322 5438 καρδίᾳ.
1355 5380 1469 5425 σου,
1498 5365 1589 5416 καὶ
1621 5365 1679 5417 ἐν
1711 5364 1806 5435 ὅλῃ
1839 5363 1903 5432 τῇ
1942 5361 2145 5431 διανοίᾳ
2178 5378 2292 5414 σου.

890 5381 1005 5489 (5"?)
1029 5368 1308 5489 Ῥενέσθαι
1359 5434 1511 5489 θεόν.
1574 5433 1739 5489 Conf.
1799 5432 2118 5489 Protreptici
2177 5448 2229 5489 ι).
2279 5430 2292 5482 l

890 5428 1008 5509 (5⁷1)
1053 5428 1308 5490 Ϋενέσθαί
1359 5434 1511 5489 θεόν.
1574 5433 1739 5489 Conf.
1781 5428 2128 5499 'Pr'otreptici'
2176 5448 2229 5501 p.
2279 5428 2385 5496 88,

819 5507 933 5562 not.
975 5507 1030 5561 7.

886 5576 1001 5649 (38)
1040 5571 1467 5649 Ἐμπεδοκλῆς·
1490 5570 1602 5649 ξίοὲ
1630 5570 1971 5649 Empedoclis
1987 5586 2175 5625 versus
2194 5568 2384 5649 recitat

819 5637 1193 5716 Theodorettis
1219 5645 1292 5696 De
1310 5637 1750 5716 manuum:
1775 5640 1974 5716 aﬂ'ect.,
2006 5656 2170 5696 serui.
2203 5640 2258 5701 8,
2287 5637 2381 5706 qui

826 5716 892 5773 de
922 5714 1250 5786 martyribus
1278 5714 1411 5786 agit,
1440 5727 1494 5786 ρ.
1526 5713 1649 5768 599.

887 5786 998 5857 (59)
1021 5778 1250 5857 ξῈνθεν
1302 5778 1771 5850 ἇναρἷέιστοῦσι.
1828 5779 1963 5833 Ἔνθ’
2038 5778 2381 5836 ἀναϐλαστά-

820 5854 1002 5920 νουσι,
1020 5854 1346 5909 Theodoret.

890 5917 1000 5996 H0)
1035 5926 1219 5996 Αιτια.
1242 5920 1402 5996 Conf.
1458 5920 1659 5996 stram:
1691 5937 1732 5987 ι,
1765 5934 1819 5996 p.
1843 5922 1968 5996 5l8,
2001 5929 2117 5975 not.
2147 5917 2201 5972 5.

888 5989 1001 6067 (tl)
1025 5995 1134 6049 Kal
1159 5996 1230 6047 οὺ
1262 5994 1443 6061 ταύτῃ
1491 5992 1731 6062 ἄφοϐος.
1782 5991 1907 6063 Legi
1960 5998 2145 6061 posset
2188 5989 2376 6055 etiam,

2507 3563 2697 3631 έχοντα
2748 3562 2915 3632 αὐτῆς
2947 3562 3108 3621 ποιεῖ,
3156 3559 3250 3611 καὶ
3297 3558 3413 3609 ἔστι
3456 3557 3747 3628 δορυφόρος
3792 3563 3885 3612 τοῦ
3926 3560 4016 3613 νοῦ
4044 3563 4078 3614 6

2505 3654 2672 3724 θυμὸς
2704 3656 2761 3707 ἐν
2800 3655 3067 3723 ὑπομονῇ,
3114 3650 3207 3704 καὶ
3247 3649 3529 3719 καρτερίᾳ,
3566 3650 3795 3712 καὶτοῖς
3824 3651 4030 3719 ὁμοίοις
4054 3668 4069 3682 ·

2501 3747 2593 3800 ἐπὶ
2620 3747 2675 3799 δὲ
2712 3748 2779 3816 τῇ
2813 3744 3076 3815 ἐπιθυμίᾳ
3122 3744 3371 3796 τάττεται
3400 3742 3547 3810 καὶὴ
3585 3742 3922 3811 σωφροσύνη,
3975 3744 4075 3796 καὶ

2505 3841 2769 3909 σωτήριος
2821 3837 3097 3906 φρόνησις.
3162 3833 3291 3896 Θεὸς
3345 3833 3402 3886 δέ
3457 3832 3703 3902 ἀπαθὴς,
3750 3834 3954 3904 ἄθυμός
4006 3850 4070 3886 τε

2501 3932 2595 3984 xal.
2642 3929 3061 3999 ἀνεπιθύμητος.
3121 3927 3230 3978 Καὶ
3275 3925 3333 3976 οὑ
3373 3924 3539 3994 ταύτῃ
3590 3926 3788 3993 ἄςοὸος
3842 3925 3986 3995 (41),

2500 4023 2568 4075 τὰ
2599 4023 2746 4075 δεινὰ
2778 4022 3013 4074 ἐκκλίνει
3044 4018 3177 4087 (42y
3198 4018 3317 4070 οὐδὲ
3351 4018 3453 4088 μὴν
3489 4017 3738 4087 σώφρων,
3828 4017 3932 4069 τῶν
3953 4018 4069 4067 ἐπι-

2501 4113 2710 4184 θυμιῶν
2755 4113 2944 4184 ἄρχει·
2977 4109 3098 4164 οὔτε
3133 4109 3240 4181 γὰρ
3270 4109 3334 4163 ἂν
3378 4110 3660 4180 περιπέσοι
3698 4110 3802 4162 τινὶ
3839 4106 3995 4175 δεινῷ
4030 4108 4067 4176 ἡ

2502 4207 2595 4260 τοῦ
2629 4205 2762 4258 Θεοῦ
2800 4206 2979 4273 φύσις,
3019 4202 3143 4255 οὔτε
3181 4202 3368 4269 φεύγει
3407 4205 3435 4254 6
3462 4203 3594 4264 Θεὸς
3621 4201 3838 4254 δειλίαν·
3876 4198 4064 4267 ὥσπερ

2499 4300 2617 4353 οὐδὲ
2658 4299 3002 4367 ἐπιθυμήσει,
3038 4296 3121 4346 ἵνα
3152 4296 3244 4347 καὶ
3272 4295 3407 4368 ἄρξῃ
3434 4295 3743 4364 ἐπιθυμίας.
3775 4291 4064 4354 Μυστικῶς

2497 4370 2587 4445 οδν
2613 4391 2697 4458 ἐφ’
2726 4388 2883 4460 ἡμῶν
2911 4387 3005 4441 καὶ
3031 4387 3089 4439 τὸ
3105 4385 3465 4456 Πυθαγόρειον
3496 4385 3728 4451 ἐλέγετο,
3754 4401 3770 4431 ι
3799 4382 3891 4434 ἕνα
3913 4382 4065 4448 γενέ-

2499 4482 2621 4535 σθαι
2648 4480 2741 4533 καὶ
2772 4479 2862 4531 τὸν
2884 4477 3162 4547 ἄνθρωπον
3181 4477 3308 4530 δεῖν·
3336 4497 3353 4529 ι
3375 4477 3497 4530 ἐπεὶ
3520 4477 3613 4529 καὶ
3644 4473 3803 4535 αὐτὸς
3823 4475 3851 4524 6
3877 4474 4063 4543 ἀρχιε-

2501 4575 2626 4643 ρεὺς
2665 4567 2765 4634 εἷς,
2808 4571 2924 4632 ἐνὸς
2955 4569 3104 4632 ὄντος
3141 4568 3233 4621 τοῦ
3280 4569 3415 4622 Θεοῦ
3447 4566 3588 4620 κατὰ
3619 4566 3717 4633 τὴν
3757 4565 4061 4636 ἀμετάτρε-

2500 4677 2630 4713 πτον
2666 4659 2760 4713 τοῦ
2786 4661 2871 4712 ἀεὶ
2906 4678 2924 4709 ι
2961 4659 3071 4712 θεῖν
3108 4680 3124 4710 ι
3157 4660 3268 4729 (45)
3306 4659 3374 4712 τὰ
3422 4656 3601 4723 ἀγαθὰ
3637 4654 3768 4717 ἕξιν.
3799 4655 4003 4708 Αὐτίκα
4029 4658 4062 4707 6

2424 4712 2470 4770 Β
2500 4749 2688 4820 Σωτὴρ
2732 4749 2820 4801 διὰ
2861 4749 2958 4818 τῆς
3005 4712 3295 4820 ἐπιθυμίας
3345 4712 3481 4819 (εΗ)¹
3510 4712 3797 4812 συνανῇρει
3842 4745 4058 4796 καὶτὸν

2550 4885 2609 4943 ›Ῑ‹
2640 4879 2700 4934 Ρ.
2733 4880 2835 4935 655
2889 4879 2994 4936 ED.
3028 4880 3325 4947 POTTER,
3382 4874 3618 4933 555-556
3667 4873 3773 4929 ΕΙ).
3831 4874 4053 4933 PARIS.

2491 5010 2819 5080 transrgosita
2852 5014 3117 5080 negativa,
3148 5014 3242 5067 καὶ
3273 5010 3443 5077 ταύτῃ
3475 5007 3573 5058 οὐκ
3591 5006 3750 5076 ἄφοὸ.
3784 5008 4029 5065 Sanuuc

2493 5073 2682 5127 —Sed
2709 5078 2849 5130 nulla
2877 5073 3174 5137 mutatione
3204 5093 3341 5145 opus
3368 5073 3470 5129 est.

2561 5149 2672 5218 (42)
2709 5152 2780 5204 Τὰ
2811 5151 2975 5204 δεινὰ
3007 5154 3284 5205 ἐκκλίνει.
3329 5145 3682 5218 scribendum
3724 5152 3932 5216 potius.
3982 5150 4050 5202 τῆι

2486 5216 2781 5274 Samiosz
2828 5223 3064 5275 ἐκκλίνει
3096 5261 3110 5283 ,
3166 5237 3182 5266 ι
3229 5232 3333 5269 non
3379 5216 3513 5283 fugit
3548 5218 3825 5274 terribilia.
3874 5241 3891 5270 ι
3931 5218 4058 5272 Vult

2486 5290 2652 5353 enim,
2686 5289 2849 5345 Deum
2882 5307 2988 5345 non
3010 5332 3024 5355 ,
3060 5286 3368 5358 perindeut
3387 5284 3656 5350 homines,
3689 5288 3891 5358 ἄφοϐον
3917 5291 4051 5351 diri,

2486 5372 2551 5411 eo
2600 5362 2742 5428 quod
2772 5379 2792 5412 ι
2839 5377 2946 5414 ηοιι
2986 5355 3122 5427 fugit
3151 5355 3448 5428 terribilia;
3488 5374 3506 5406 ι
3543 5367 3599 5411 ιιι
3639 5355 3814 5426 nmine
3850 5378 3869 5409 ι
3917 5369 4053 5410 Irm-

2485 5425 2679 5495 peraits
2715 5451 2735 5484 ι
2766 5432 2987 5495 dicitur,
3018 5425 3162 5483 sicut
3193 5425 3458 5498 homines,
3494 5441 3556 5480 eo
3598 5425 3741 5498 quod
3778 5447 3797 5479 ι
3833 5428 4046 5498 cupiit.

2488 5493 2647 5555 hibus
2675 5502 2902 5569 imperet
2934 5518 2949 5553 :
2975 5493 3003 5549 ⁷»
3048 5511 3171 5550 cum
3202 5493 3257 5569 e_i_
3280 5493 3353 5546 nil
3382 5493 3629 5569 terribile.
3654 5500 3754 5561 sit,
3796 5493 4048 5549 nec'ullis

2489 5570 2558 5622 sit
2587 5563 2870 5625 affectibus
2895 5569 3181 5622 obnoxius.
3225 5563 3483 5632 Superius
3508 5571 3669 5621 etiam
3702 5569 4047 5620 observatum

2484 5642 2896 5709 est,negativam
2916 5636 3234 5709 particulam
3237 5635 3729 5709 excidisse,p.55i,
3734 5634 3820 5709 ubi
3843 5633 4049 5709 ἀδικεῖν

2484 5723 2584 5777 pro
2620 5704 2720 5764 οὐκ
2745 5709 2984 5777 ἀδικεῖν,
3017 5716 3069 5758 et
3114 5722 3165 5773 p.
3200 5704 3322 5770 529,
3358 5708 3450 5762 ubi
3482 5704 3557 5770 ὡς
3601 5704 3809 5773 ἀγαθὴν
3842 5719 3940 5773 pro
3969 5704 4049 5772 ὡς

2482 5775 2840 5859 essenon»),
2883 5775 3143 5859 scripturn
3178 5785 3279 5829 est.

2556 5843 2667 5920 (ἄδι
2694 5843 3040 5920 Θεῖν.-(]οι-ιί.
3077 5844 3482 5920 Protreptici_p.
3513 5846 3606 5909 22,
3639 5853 3754 5920 not.

2555 5914 2663 5988 (44)
2694 5918 2798 5970 Διὰ
2821 5914 2929 5988 τῇς
2960 5914 3289 5986 ἐπιθυμίας.
3322 5937 3342 5972 ι
3394 5914 3498 5973 Per
3528 5914 3837 5984 cupiditatis
3861 5914 4049 5987 probi-

2484 5984 2770 6045 bitionem.
2794 6005 2826 6038 δ
2849 5984 3073 6040 Low'ru.
