4464 6612
359 541 497 594 1565

1581 528 2014 589 STROMATUM
2049 531 2173 585 LIB.
2206 529 2296 584 IV.

3451 527 3472 579 l
3486 521 3583 581 566

350 661 462 720 τοῖς
486 656 697 709 εἴδεσιν·
724 666 743 700 σ
776 642 886 711 οἶός
915 646 1062 700 ἐστιν
1097 649 1126 701 6
1149 649 1306 721 ἓντῴ
1331 670 1349 703 ι
1388 650 1670 722 Θεαιτήτῳ
1705 671 1724 703 ι
1762 668 1916 722 κορυ-
1945 654 1986 708 Α
2017 650 2113 704 sim

1812 668 1916 722 ›ρυ-
1945 654 1986 708 A
2017 650 2245 715 similes,
2271 650 2364 719 qui
2387 650 2443 705 in
2471 650 2636 705 urbes
2664 649 2946 704 ventitant.
2972 644 3202 712 Quando
3222 644 3366 698 enim
3395 644 3575 699 anima

353 750 509 815 ῳαῖος
556 743 702 813 (57)·
754 734 864 794 οἷον
897 738 1125 809 ἄγγελος
1159 740 1270 813 (58)
1315 742 1415 813 ἤδη
1453 743 1773 813 γενόμενος,
1819 744 1915 795 σὺν

352 834 570 907 Χριστῷ
592 850 652 885 τε
680 831 853 897 ἔσται,
879 832 1210 904 θεωρητικὸς
1238 832 1335 898 ὢν,
1354 837 1441 889 ἀεὶ
1470 835 1534 887 τὸ
1561 833 1803 905 βούλημα
1820 832 1914 886 τοῦ

348 924 484 977 Θεοῦ
523 921 761 987 σκοπῶν,
783 922 862 994 τῷ
888 923 1003 978 ὄντι

2017 742 2359 796 transcendit
2416 749 2476 807 iis
2521 740 2955 811 generationem,
2988 747 3043 794 et
3083 752 3180 808 per
3220 750 3278 791 se
3314 735 3498 801 fuerit,
3528 745 3584 792 et

2020 847 2146 887 cum
2193 833 2385 888 formis
2418 847 2517 889 seu
2551 831 2687 888 ideis
2717 839 2988 895 versatur,
3042 847 3063 883 ι
3116 826 3295 892 qualis
3323 834 3445 891 est,
3485 827 3581 894 qui

2015 929 2334 1000 corypbazus
2375 926 2580 983 dicitur
2605 926 2661 980 in
2712 924 2990 990 Thewteto,
3037 925 3084 978 is
3122 921 3300 977 factus
3324 927 3582 987 tanquam

350 1016 599 1086 angelus,
662 1017 767 1073 erit
805 1033 929 1073 cum
978 1016 1200 1074 Christo
1228 1061 1244 1085 ,
1292 1015 1601 1073 versabitur
1644 1016 1700 1070 in
1746 1020 2219 1089 contemplatione,
2272 1036 2485 1093 semper
2522 1017 2618 1073 Dei
2656 1020 2987 1075 voluntatem
3037 1015 3431 1078 considerans;
3489 1023 3581 1066 re-

349 1123 477 1163 vera
523 1109 612 1165 hic

422 1221 558 1291 Οἷος
575 1224 686 1295 (59)
701 1225 1098 1295 πεπνυμένος,
1116 1225 1203 1277 τοὶ
1222 1223 1274 1276 δ’
1289 1223 1370 1288 ὡς
1389 1223 1552 1276 σκιαὶ
1569 1224 1750 1279 ἀΐσσο
1758 1243 1914 1282 υσιν.

351 1338 554 1410 Νεκρο).
607 1337 715 1408 (60)
770 1336 878 1408 γὰρ
930 1337 1056 1399 τοὺς
1111 1333 1317 1388 ἑαυτῶν
1361 1333 1622 1389 θάπτουσι
1675 1339 1915 1410 νεκρούς.

352 1429 513 1483 Ὅθεν
569 1419 833 1500 Ἱερεμίας
885 1429 1049 1497 λέγει·
1114 1445 1133 1477 ι
1183 1424 1462 1497 Πληρώσω
1507 1428 1673 1501 αὐτὴν
1715 1433 1919 1503 νεκρῶν

350 1520 595 1602 γηῖενῶν
626 1519 757 1591 (61),
788 1518 882 1582 οὓς
914 1516 1194 1586 ἑπαισενή
1234 1517 1368 1589 ὀργή
1416 1535 1537 1591 μου.
1592 1521 1650 1573 'U
1693 1523 1789 1592 μὲν
1827 1520 1918 1577 οὖν

347 1612 483 1676 Θεὸς
514 1610 643 1682 (62),
676 1610 1060 1671 ἀναπόδεικτος
1102 1606 1197 1673 ὢν,
1239 1610 1338 1663 οὐκ
1386 1611 1529 1667 ἔστιν
1573 1615 1919 1687 ἐπιστημονι-

349 1704 462 1767 κόςο
492 1706 520 1756 ὁ
547 1704 602 1756 δὲ
631 1704 758 1765 Υἱδς
788 1699 944 1768 σοφία
959 1698 1017 1751 τέ
1051 1699 1189 1763 ἐστι,
1220 1702 1312 1754 καὶ
1342 1703 1635 1776 ἐπιστήμη,
1667 1707 1760 1759 καὶ
1788 1707 1919 1777 ἀλή-

351 1793 490 1857 θεια,
525 1795 617 1847 καὶ
644 1794 744 1845 ὅσα
772 1790 905 1845 ἄλλα
932 1788 1105 1859 τούτῳ
1140 1793 1392 1863 συγγενῆ.
1428 1795 1536 1848 Καὶ
1575 1795 1638 1866 δὴ
1668 1796 1761 1848 καὶ
1788 1796 1922 1849 ἀπό-

348 1884 510 1948 δειξιν
542 1884 674 1953 ἔχει,
702 1882 793 1934 καὶ
821 1879 1066 1943 διέξοδονο
1100 1882 1270 1935 πᾶσαι
1294 1881 1349 1935 δὲ
1375 1887 1429 1936 αἱ
1468 1885 1722 1957 δυνάμεις
1753 1888 1920 1941 Πνεῦ-
1952 1873 1991 1927 Β

354 1994 540 2046 ματος,
582 1972 876 2043 συλλήϐδην
910 1972 1007 2043 μὲν
1037 1972 1093 2026 εν
1120 1991 1171 2025 τι
1201 1977 1429 2046 πρᾶγμα
1458 1979 1763 2047 γενόμεναι,
1798 1997 1919 2031 συν-

349 2068 590 2119 τελοῦσιν
620 2068 699 2128 εἰς
724 2065 784 2117 τὸ
812 2065 959 2129 αὐτὸ,
994 2065 1084 2118 τὸν
1121 2066 1266 2119 Υἱόψ
1298 2067 1689 2139 ἀπαρέμφατος
1716 2068 1772 2121 δέ
1805 2070 1919 2123 ἐστι

350 2161 448 2228 τῆς
479 2159 607 2229 περὶ
641 2156 875 2227 ἑκάστης
898 2155 1063 2209 αὐτοῦ
1093 2156 1198 2209 τῶν
1234 2157 1513 2227 δυνάμεων
1541 2159 1762 2221 ἑννοίας.
1813 2160 1921 2212 Καὶ

347 2250 411 2319 δὴ
439 2249 500 2301 οὐ
540 2250 746 2316 γίνεται
789 2249 1024 2318 ἀτεχνῶς
1052 2247 1108 2300 ἓν
1147 2249 1221 2311 ὡς
1251 2248 1328 2313 ἓν,
1363 2249 1470 2320 (65)
1502 2250 1620 2302 οὐδὲ
1651 2249 1818 2303 πολλὰ
1846 2252 1921 2314 ὼς

352 2339 490 2411 μέρη
519 2342 547 2392 6
578 2340 724 2403 Υἱὸς,
763 2339 875 2393 ἀλλ’
919 2339 994 2402 ὼς
1047 2340 1222 2393 πάντα
1260 2341 1335 2393 ἓν·
1386 2341 1534 2393 ἔνθεν
1577 2339 1671 2395 καὶ
1721 2342 1915 2395 πάντα*

348 2431 543 2495 κύκλος
575 2430 681 2503 γὰρ
712 2433 741 2484 6
769 2432 930 2495 αὐτὸς
970 2431 1156 2484 πασῶν
1184 2432 1289 2484 τῶν
1317 2432 1594 2503 δυνάμεων
1637 2433 1716 2495 εἰς
1762 2433 1819 2485 ἓν
1846 2436 1920 2487 εἰ·

346 2523 619 2593 λουμένων
666 2524 759 2577 καὶ
791 2524 1107 2594 ἐνουμένων·
1143 2523 1231 2576 διὰ
1271 2524 1428 2576 τοῦτο
1477 2544 1495 2576 ι
1545 2526 1587 2575 Α
1627 2525 1720 2577 καὶ
1759 2526 1799 2577 Ω
1835 2545 1852 2577 ι
1890 2527 1918 2578 6

348 2614 519 2681 Λόγος
546 2614 777 2685 εἴρηται·
807 2612 867 2666 οὗ
906 2616 1064 2685 μόνου
1094 2615 1154 2667 τὺ
1180 2614 1331 2678 τέλος
1370 2615 1511 2685 ἁρχὴ
1552 2616 1781 2682 γίνεται,
1825 2619 1916 2671 καὶ

346 2705 571 2776 τελευτᾷ
601 2705 761 2759 πάλιν
790 2707 881 2759 ἐπὶ
921 2707 1021 2776 τὴν
1062 2706 1264 2759 ἄνωθεν
1307 2707 1500 2776 ἀρχὴν,
1533 2707 1766 2776 οὐδαμοῦ
1804 2708 1916 2761 διά-

350 2814 535 2850 στασιν
562 2797 755 2849 λαϐὼν.
792 2797 881 2849 Διὸ
908 2797 969 2866 δὴ
998 2797 1165 2849 καὶτὸ
1187 2800 1262 2859 εἰς
1279 2798 1436 2849 αὐτὸν
1454 2797 1544 2849 καὶ
1569 2796 1631 2849 τὸ
1659 2797 1723 2849 δι’
1755 2799 1917 2852 αὑτοῦ

348 2887 632 2940 πιστεῦσαι
651 2888 931 2959 μοναδικόν
956 2888 1061 2957 (64)
1076 2890 1189 2939 ἐστι
1206 2887 1478 2955 γενέσθαι,
1500 2888 1918 2959 ἀπερισπάστως

347 2980 630 3048 ἑνούμενον
673 2981 731 3030 ἐν
774 2978 938 3047 αὐτῷ·
989 2978 1050 3029 τὸ
1089 2978 1141 3029 δὲ
1188 2978 1483 3047 ἀπιστῆσαι
1512 2978 1753 3032 διστάσαι
1780 2982 1915 3043 ἐστὶ,

346 3071 439 3123 καὶ
466 3072 760 3140 διαστῆναι,
788 3071 880 3122 καὶ
913 3069 1248 3139 μερισῦἧναι.
1290 3090 1308 3120 ι
1350 3070 1448 3123 Διὰ
1488 3072 1642 3124 τοῦτο
1668 3073 1789 3125 τάδε
1832 3073 1917 3125 λέ-

346 3178 430 3227 γει
459 3160 660 3229 Κύριος
709 3161 834 3229 (65)·
890 3162 1004 3223 Ilii;
1049 3161 1163 3223 υἱὸς
1208 3160 1514 3231 ἀλλογενὴς,
1549 3164 1916 3234 ἀπερίτμητος

346 3253 560 3323 καρδίᾳ,
593 3254 683 3305 καὶ
705 3251 1077 3323 ἀπερίτμητος
1107 3254 1219 3305 ἐστι
1245 3253 1425 3323 σαρκί’
1453 3255 1747 3317 τουτέστιν,
1782 3256 1915 3309 ἀκά-

347 3345 541 3413 Οτιρτος
573 3343 780 3414 σώματί
828 3361 885 3395 τε
928 3345 1021 3395 καὶ
1060 3344 1344 3414 πνεῦμα-δι’
1411 3346 1511 3398 οὐκ
1553 3347 1914 3401 εἰσελεύσεται

348 3437 425 3495 εἱς
446 3434 514 3487 τὰ
545 3435 674 3500 ἆγια
715 3436 821 3487 ἀπὸ
850 3433 957 3486 τῶν
988 3433 1285 3501 ἀλλογενῶν
1329 3436 1386 3487 ὲν
1433 3436 1581 3506 μέσῳ
1612 3437 1758 3489 οἴκου
1814 3440 1916 3491 Ἰσι-

347 3526 503 3596 ραήλ,
539 3526 648 3578 ἀλλ’
674 3526 706 3597 ἢ
735 3528 782 3578 oi
813 3529 1045 3580 Λευῖται.
1068 3526 1390 3594 Ἀλλογενεῖς
1417 3547 1434 3576 ι
1454 3528 1510 3579 δὲ
1540 3528 1760 3599 εἴρηκεν
1788 3530 1915 3593 τοὺς

351 3618 425 3686 μὴ
456 3616 737 3671 πιστεῦσαι
770 3619 1140 3688 βουληθέντας,
1174 3619 1284 3672 ἀλλ’
1318 3620 1562 3672 ἀπιστεῖν
1612 3619 1911 3684 ἐθέλοντας.

346 3709 513 3762 Μόνοι
558 3709 733 3763 τοίνυν
773 3712 821 3763 οἱ
860 3710 1114 3782 καθαρῶς
1158 3711 1395 3781 βιοῦντες
1439 3713 1600 3782 ἱερεῖς
1626 3712 1793 3775 ὅντως
1820 3714 1914 3766 τοῦ

419 3827 476 3883 >14
513 3820 575 3876 Ρ.
608 3822 711 3876 655
747 3821 853 3875 ED.
891 3821 1185 3889 POTTER,
1215 3824 1319 3878 557
1357 3822 1461 3876 ΕΙ).
1498 3822 1715 3878 PARIS.

412 4001 681 4071 Παντοῖοι
704 4001 1067 4068 τελέθοντες,
1108 4002 1520 4071 ἐπιστρωφῶσι
1557 4005 1806 4070 πόληας,

425 4070 760 4139 Ἀνθρώπων
789 4072 958 4138 ὓϐριν
997 4089 1061 4125 τε·
1090 4074 1186 4126 καὶ
1232 4070 1519 4141 εὐνομίην
1556 4073 1903 4142 ἐφορῶντες.

416 4163 483 4233 Et
509 4163 586 4215 dii
612 4162 901 4233 hospitibus
920 4163 1115 4217 similes
1136 4166 1445 4233 peregrinis.

415 4232 701 4304 anifarii
726 4232 1052 4304 exsistentes,
1077 4232 1348 4288 versantur
1371 4252 1463 4304 per
1484 4235 1735 4303 civitates,

414 4302 702 4357 Hominum
732 4302 911 4373 fasque
946 4304 1196 4373 nefasque
1225 4302 1576 4373 inspicienles.

411 4392 522 4460 (57)
557 4392 904 4461 Κορυφαῖος.
931 4391 1082 4447 Plato
1110 4393 1165 4446 in
1194 4393 1453 4448 Tlieazteto
1476 4410 1528 4462 p.
1558 4395 1660 4447 19.7
1690 4414 1703 4448 :
1731 4395 1908 4462 Λέγω-

344 4479 443 4532 μεν
467 4463 699 4536 Cipi-grta
723 4464 803 4516 σοι
835 4478 896 4529 γε
916 4463 1231 4536 δοκεῖμττερὶ
1258 4465 1365 4518 τῶν
1393 4464 1730 4536 κορυφαίων,
1757 4482 1777 4514 ι
1819 4463 1908 4536 Di-

340 4547 529 4608 camus
554 4533 737 4598 igitur,
767 4533 1021 4603 quoniam
1046 4534 1141 4586 tibi
1171 4536 1401 4603 videtur,
1434 4533 1499 4588 de
1523 4536 1604 4589 his
1642 4534 1734 4603 qui
1757 4535 1908 4603 prin-

340 4617 487 4669 etpes
518 4612 662 4669 sunt.
700 4622 719 4653 ι

414 4668 1303 4768 (ςὲἓξξὶρὶοζηξῖηοελρςὲρβρξρίοξι
1352 4671 1719 4757 forteMattb.
1765 4689 1903 4743 xx",
1939 4712 1985 4768 Β

339 4741 580 4820 ὖυλξωᾯς
600 4741 951 4820 inebrae?)
978 4742 1110 4820 Θεοῦ
1145 4741 1201 4797 ὲν
1226 4743 1438 4816 οὐρανῷ
1469 4746 1593 4797 εἱσι.

412 4810 522 4875 (59)
589 4809 743 4876 Οἷος.
818 4813 1034 4868 Hotneri
1084 4809 1425 4880 versus'est,
1467 4829 1533 4867 ex
1594 4811 1784 4883 Odyss.
1831 4816 1901 4873 Κ.

342 4879 605 4934 Summe.

387 4894 605 4934 YLBURG.

412 4950 522 5021 (60)
562 4952 794 5023 Νεκροί.
830 4951 1070 5023 Respicit
1100 4948 1315 5023 _Matth.
1369 4969 1512 5023 νηί,
1538 4950 1607 5003 22
1658 4969 1672 5005 :
1737 4953 1908 5023 Ἄφες

337 5021 713 5095 τοὺς-νεκροὺς
747 5022 915 5095 βάψαι
943 5022 1066 5095 τοῦς
1092 5021 1298 5075 ἑαυτῶν
1326 5021 1568 5095 νεκρούς.

409 5090 520 5158 (61)
560 5090 860 5155 Πληρὼσω
890 5090 1081 5157 αὐτὴν
1103 5107 1228 5143 rex.
1263 5111 1315 5157 γ.
1358 5090 1555 5146 Jei'em.
1593 5107 1785 5158 xxviii,
1822 5094 1856 5147 5
1889 5114 1902 5148 :

337 5162 449 5214 Καὶ
506 5158 787 5231 πληρῶσαι
829 5161 996 5231 αὐτὴν
1042 5160 1251 5231 νεκρῶν
1291 5163 1400 5215 τῶν
1443 5161 1760 5231 ἀνθρώπων,
1812 5163 1905 5227 οὓς

336 5226 681 5292 ἐπάταξαὲν
715 5232 850 5302 ὀργῇ
885 5226 1002 5302 μοί).
1036 5226 1266 5302 Latina:
1306 5251 1325 5284 ι
1368 5226 1706 5286 Venicntium
1729 5243 1787 5286 ut
1819 5226 1905 5286 di;

337 5302 540 5355 micent
561 5314 684 5352 cum
719 5299 1011 5363 Chaldaeis,
1045 5311 1099 5353 et
1128 5299 1389 5363 impleant
1417 5318 1511 5357 eas
1549 5302 1904 5358 cadaveribus

336 5370 643 5431 hominum,
680 5386 819 5437 quos
840 5371 1081 5441 percussi
1111 5370 1162 5422 in
1189 5370 1382 5441 furore
1421 5388 1539 5427 meo
1598 5372 1726 5424 etin
1766 5373 1907 5426 indi-

337 5441 590 5511 gnatione
614 5454 754 5511 mea.
783 5460 802 5491 ι
838 5437 1069 5508 Quidam
1091 5455 1156 5493 ex
1188 5437 1413 5511 Hebraeo
1444 5443 1863 5508 interpretantur
1888 5462 1902 5497 :

342 5508 361 5563 ἱ
403 5511 664 5565 Dominus
712 5510 849 5582 dixit
892 5513 957 5565 ad
999 5513 1190 5573 domos
1236 5508 1394 5577 Juda,
1443 5527 1562 5582 quae
1614 5511 1906 5582 destructa:

336 5589 496 5643 smit;
534 5594 599 5634 eo
636 5581 778 5645 quod
809 5582 1144 5636 habitatores
1175 5595 1360 5634 earum
1405 5581 1689 5646 venerunt,
1725 5590 1783 5635 ut
1822 5581 1907 5636 di-

336 5653 601 5705 micarent
624 5664 746 5701 cum
770 5650 1059 5717 Chaldaeis,
1086 5661 1145 5705 ut
1172 5650 1461 5719 implerent
1480 5669 1571 5706 eas
1597 5651 1790 5705 domos
1812 5668 1907 5706 ca-

336 5722 644 5783 daveribus,
673 5727 725 5773 et
756 5722 943 5777 multis
976 5721 1175 5776 Judmis
1202 5721 1356 5774 etesis
1386 5723 1675 5787 edicerent,
1712 5730 1771 5774 ut
1798 5722 1902 5775 im-

336 5792 691 5861 plet-cutura)
722 5789 853 5855 Quae
880 5806 1006 5861 vero
1028 5792 1188 5861 paulo
1205 5801 1330 5845 ante
1359 5793 1513 5857 dixit,
1550 5810 1568 5843 ι
1599 5807 1786 5845 revera
1805 5792 1904 5851 ,hic

337 5854 491 5915 solus
530 5854 786 5931 prudens.
833 5881 852 5909 ι
887 5859 983 5916 Gr.
1009 5854 1174 5924 εὈῖος
1202 5854 1560 5931 πεπνυμένος,
1578 5861 1729 5915 τοὶδὲ
1750 5863 1904 5931 σκιαὶ

337 5930 637 6002 ἁῖσσουσιν,
671 5930 737 5984 ad
764 5947 993 6002 versum
1011 5933 1280 6002 pertinent
1313 5930 1506 6002 Odyss.
1532 5934 1612 6002 Κ,
1637 5933 1703 5986 de
1749 5930 1898 5987 Tire-

340 6001 420 6053 sia
468 6010 605 6068 vate,
649 6021 666 6053 ι
717 6001 801 6057 cui
836 6002 927 6057 uni
977 6000 1297 6070 Proserpina
1339 6000 1537 6060 dicitur
1586 6001 1800 6061 dedisse
1845 6011 1904 6059 ut

1807 3838 1832 3865 α
1860 3824 2055 3884 Jerem.
2092 3848 2288 3897 χχχιιι,
2324 3832 2376 3885 5.
2452 3832 2480 3870 δ
2519 3829 2686 3899 Δροοο
2714 3845 2753 3895 1,
2790 3830 2843 3884 3-

2200 1230 2356 1284 Solus
2386 1228 2639 1300 prudens,
2676 1225 2767 1277 isti
2794 1222 3013 1277 volitant
3035 1222 3170 1275 velut
3199 1220 3415 1275 umbrae.

2019 1343 2213 1397 Mortui
2260 1342 2403 1396 enim
2446 1336 2714 1408 sepeliunt
2767 1343 3013 1389 mortuos
3054 1349 3205 1389 suos.
3254 1330 3408 1387 Unde
3448 1333 3579 1389 dicit

2017 1435 2322 1490 Jeremias:
2380 1453 2398 1484 (
2443 1430 2684 1501 lmplebo
2721 1427 2891 1497 ipsam
2927 1428 3155 1481 mortuis
3193 1436 3333 1480 terra
3365 1427 3580 1498 genitis,

2019 1542 2157 1597 quos
2186 1524 2452 1595 percussit
2490 1523 2569 1576 ira
2616 1534 2737 1575 mea
2767 1530 2814 1570 ι.
2861 1537 2880 1569 ι
2922 1519 3094 1587 Atque
3153 1517 3295 1572 Deus
3340 1517 3580 1587 quidem,

2020 1633 2142 1671 cum
2174 1613 2535 1669 demonstrari
2570 1619 2819 1681 nequeat,
2848 1625 2951 1663 non
2983 1617 3162 1679 potest
3198 1624 3318 1663 esse
3343 1608 3583 1663 scientia:

2019 1708 2291 1777 objeetum
2319 1703 2528 1770 ;Fi|ius
2550 1713 2729 1755 autem
2764 1710 2920 1755 estet
2944 1702 3227 1770 sapientia,
3258 1700 3579 1771 etscientia,

2018 1811 2069 1855 et
2100 1798 2317 1862 veritas,
2365 1805 2417 1850 et
2462 1810 2797 1865 quiscunque
2843 1810 2965 1850 cum
3027 1796 3129 1847 hoc
3174 1794 3337 1846 ullam
3382 1792 3584 1847 habent.

2021 1889 2420 1960 cognationem.
2493 1884 2805 1951 Quinetiam
2847 1883 3010 1937 habet
3049 1882 3582 1947 demonstrationem,

2020 1990 2074 2034 et
2106 1981 2211 2033 \im
2260 1976 2640 2032 ratiocinandi.
2700 1974 2901 2029 Omnes
2934 1981 3112 2027 autem
3163 1970 3399 2041 Spiritus
3431 1980 3585 2040 pote-

2020 2079 2207 2132 states,
2245 2086 2366 2123 cum
2407 2068 2568 2123 simul
2611 2082 2717 2120 una
2758 2081 2843 2118 res
2883 2063 3039 2117 facta:
3085 2062 3304 2127 fuerint,
3338 2063 3403 2114 ad
3441 2061 3581 2114 idem

2021 2161 2332 2224 conferunt,
2392 2174 2584 2228 nempe
2623 2158 2688 2211 ad
2729 2156 2948 2210 Filium.
2994 2157 3087 2210 Est
3117 2164 3295 2208 autent
3338 2154 3584 2208 inﬁnitus

2021 2266 2348 2323 unaquaque
2383 2266 2604 2306 suarum
2636 2257 2961 2318 potestatum
2991 2247 3228 2301 notione.
3262 2246 3580 2315 Quanquam

2020 2361 2127 2400 non
2158 2346 2229 2398 sit
2261 2359 2387 2398 vere
2423 2359 2615 2409 unum,
2648 2352 2707 2396 ut
2739 2356 2931 2405 unum,
2970 2356 3146 2409 neque
3178 2340 3348 2392 multa
3382 2348 3584 2406 utpar-

2020 2442 2100 2488 tes
2134 2433 2327 2498 Filius,
2361 2434 2453 2488 sed
2496 2442 2552 2486 ut
2582 2433 2763 2486 omnia
2791 2447 2983 2494 unum,
3018 2430 3159 2484 unde
3182 2429 3345 2483 etiam
3378 2428 3581 2481 omnia.

2018 2527 2113 2581 Est
2144 2526 2286 2579 enim
2329 2524 2470 2579 idem
2523 2525 2761 2580 circulus
2794 2523 3036 2577 omnium
3069 2529 3420 2591 potestatum,
3462 2535 3586 2588 quae

2018 2622 2072 2674 in
2099 2635 2262 2674 unum
2297 2618 2794 2672 circumvolvuntur
2823 2626 2875 2669 et
2905 2615 3186 2668 uniuntur.
3217 2611 3282 2665 Et
3314 2611 3436 2665 ideo
3473 2610 3581 2666 Lo-

2018 2725 2114 2781 gos
2143 2710 2319 2763 dictus
2365 2716 2447 2761 est
2482 2727 2500 2759 ι
2543 2706 2700 2777 alpha
2723 2716 2777 2760 et
2813 2721 3003 2775 omcga
3042 2704 3096 2770 δ,
3136 2722 3153 2754 ι
3209 2703 3367 2771 cujus
3412 2703 3583 2756 solius

2018 2801 2144 2855 linis
2212 2801 2281 2855 sit
2316 2800 2663 2869 principium,
2697 2807 2751 2853 et
2793 2814 2984 2853 rursus
3020 2797 3217 2851 desinit
3253 2797 3306 2849 in
3348 2796 3399 2850 id
3438 2796 3582 2864 quod

2016 2902 2101 2948 est
2134 2902 2289 2946 antea
2338 2892 2689 2961 principium,
2749 2906 3015 2961 nusquam
3066 2890 3380 2944 distantiam
3436 2889 3581 2942 acci-

2016 2986 2171 3056 piens
2200 2994 2253 3038 et
2296 2984 2709 3039 dimensionem.
2753 2982 3115 3048 Quamobrem
3148 2989 3202 3035 et
3235 2982 3287 3034 in
3317 2982 3495 3050 ipsum
3529 2987 3583 3034 et

2017 3092 2113 3147 per
2151 3078 2327 3155 ipsum
2357 3078 2598 3141 credere,
2620 3085 2698 3130 est
2736 3075 2956 3128 unicum
2988 3074 3126 3136 ﬁeri,
3151 3073 3355 3127 scilicet
3389 3072 3442 3125 in
3466 3073 3582 3141 ipsa

2018 3170 2282 3224 indivulse
2314 3171 2562 3233 unitum;
2590 3185 2696 3223 non
2724 3169 2944 3222 credere
2973 3177 3174 3233 autem,
3210 3176 3291 3221 est
3323 3165 3580 3229 discerni,

2018 3262 2298 3331 spatioque
2330 3261 2565 3331 disjttngi
2593 3272 2646 3315 et
2694 3261 2881 3314 dividi.
2925 3280 2941 3310 ε
2983 3259 3272 3328 Propterea
3308 3259 3421 3312 lucc
3452 3257 3585 3312 dicit

2013 3350 2272 3404 Dominus
2306 3369 2319 3404 :
2348 3350 2539 3404 Omnis
2563 3350 2704 3404 ﬁlius
2736 3349 3034 3419 alienigena
3061 3358 3141 3403 est
3170 3348 3584 3401 inrircumcisus

2011 3441 2193 3506 corde,
2224 3449 2278 3495 et
2315 3441 2728 3496 incircumcisns
2749 3456 2932 3505 carne,
2976 3460 2994 3490 ι
3025 3440 3128 3493 hoc
3155 3448 3239 3493 est
3268 3440 3584 3493 immundus

2009 3540 2059 3585 et
2080 3545 2306 3600 corpore
2339 3540 2392 3583 et
2426 3532 2654 3601 spiritu,
2701 3551 2719 3582 ι
2772 3546 2880 3584 non
2917 3530 3248 3601 ingredietur
3289 3529 3341 3582 in
3393 3536 3580 3582 sancta

2011 3639 2074 3677 ex
2103 3622 2419 3691 alienigenis
2456 3625 2509 3676 in
2544 3624 2725 3677 medio
2765 3623 2960 3677 domus
2999 3621 3182 3688 lsrael,
3219 3631 3579 3691 prmterqtiam

2011 3712 2207 3767 Levita:
2253 3715 2303 3766 °.
2372 3714 2714 3783 Alienigenas
2744 3732 2762 3765 ι
2785 3723 2962 3767 autem
2985 3713 3121 3767 dixit
3140 3728 3253 3778 eos,
3277 3713 3369 3781 qui
3395 3711 3583 3767 nolue-

2951 3838 2973 3867 ο
3010 3827 3205 3880 Εῑεοιι.
3229 3842 3374 3888 xuv,
3402 3826 3455 3887 9,
3490 3823 3575 3878 l0.

2011 4007 2171 4061 etiam
2195 4005 2484 4061 defunctus
2517 4006 2712 4074 sapiat,
2748 4006 2986 4073 reliquas
3017 4012 3197 4058 autem
3237 4004 3460 4057 umbras
3482 4019 3577 4058 vo-

2018 4078 2196 4131 litare.
2241 4095 2259 4126 ι
2294 4076 2626 4144 Usnrpatum
2666 4084 2750 4143 est
2782 4076 2882 4129 boc
2915 4075 3106 4128 deinde
3133 4074 3185 4144 in
3218 4074 3579 4144 Chrysippum

2020 4148 2302 4215 magniﬁce
2332 4149 2396 4215 de
2419 4142 2474 4199 se
2502 4142 2844 4206 sentientem,
2871 4155 2929 4197 ut
2962 4144 3126 4197 refert
3159 4142 3309 4215 Diog.
3332 4142 3583 4199 Laertius

2018 4218 2055 4269 Ι.
2091 4211 2184 4278 vit,
2209 4217 2337 4269 etin
2380 4214 2687 4282 Scipionem
2724 4215 3015 4283 juniorem,
3059 4223 3118 4268 ut
3162 4211 3488 4269 Plutarchus
3525 4215 3578 4268 in

2016 4284 2261 4338 Palilicis
2289 4286 2559 4354 praeceptis
2580 4300 2599 4338 .'

2085 4394 2220 4463 ΟΤος
2252 4399 2565 4462 πέπνυται,
2601 4398 2691 4450 τοὶ
2714 4396 2781 4449 δὲ
2806 4396 2970 4450 σκιαὶ
3005 4398 3351 4451 ἀΐσσουσιν.

2085 4489 2188 4545 Ille
2216 4492 2355 4560 sapit
2385 4491 2549 4555 solus,
2581 4493 2801 4545 volitant
2838 4492 2933 4545 alii
2958 4497 3093 4543 velut
3120 4491 3339 4543 umbrw.

2020 4603 2152 4658 Vide
2171 4604 2430 4659 Proverb.
2464 4605 2552 4666 55,
2578 4612 2718 4655 cent.
2742 4604 2795 4667 5,
2830 4604 2958 4657 Cilll.
2993 4603 3048 4655 ΕΒ.
3083 4603 3354 4655 (Σοιιεετ.

2082 4676 2194 4742 (6‘2)
2266 4675 2328 4727 Ὀ
2370 4672 2486 4742 μὲν
2529 4670 2643 4727 οὖν
2678 4676 2839 4737 Θεὸς.
2888 4673 3069 4726 Sancti
3121 4672 3303 4742 Patre:l
3339 4670 3576 4742 tradunt,

2010 4740 2184 4799 Deum
2208 4740 2415 4798 Patrem
2447 4758 2724 4809 nunquam
2765 4745 3100 4811 apparuisse,
3132 4742 3223 4795 sed
3266 4740 3463 4794 Filiqu
3494 4756 3581 4795 so-

2011 4816 2145 4870 lum.
2189 4814 2347 4867 Conl.
2380 4812 2441 4866 D.
2492 4812 2630 4866 Bulli
2663 4812 2907 4881 Defensio
2951 4814 3076 4882 ﬁdei
3133 4811 3389 4877 Nica’nw,
3424 4826 3477 4879 p.
3511 4811 3579 4865 90

2010 4886 2139 4940 edit.
2166 4883 2263 4936 fol.
2298 4882 2546 4936 London.

2079 4955 2191 5021 (6'5)
2237 4952 2448 5018 ’Ἐνώς
2487 4953 2574 5006 ἓν.
2627 4952 2763 5006 Dicit
2813 4953 3007 5005 Filium
3048 4968 3154 5005 non
3195 4966 3317 5005 esse
3351 4970 3370 5001 ι
3407 4967 3577 5006 unum

2010 5032 2265 5092 tanquam
2297 5038 2486 5087 unum;
2543 5042 2560 5074 ι
2598 5025 2697 5076 hoc
2730 5032 2830 5085 est,
2868 5039 2932 5076 eo
2972 5022 3157 5085 modo,
3194 5038 3304 5089 quo
3332 5037 3417 5075 res
3449 5022 3573 5088 illae,

2008 5110 2125 5161 qua:
2148 5102 2297 5145 certo
2326 5092 2447 5145 lero
2473 5095 2822 5153 deﬁniuntur,
2851 5109 3019 5145 unum
3054 5101 3214 5157 sunt;
3250 5106 3350 5144 nec
3388 5101 3570 5145 tamen

2008 5179 2129 5216 esse.
2157 5180 2175 5212 ι
2209 5162 2461 5225 multum,
2497 5183 2514 5213 ι
2552 5178 2643 5216 seu
2678 5162 2862 5215 muitis
2910 5163 3153 5222 partibus
3200 5171 3571 5225 constantem;

2009 5233 2100 5287 sed
2134 5232 2186 5285 in
2242 5247 2364 5301 vera
2408 5247 2469 5286 ac
2503 5231 2716 5301 propria
2752 5250 2770 5281 ‹
2810 5232 3013 5286 unitate
3054 5234 3235 5286 omnia
3271 5250 3289 5282 ›
3322 5247 3575 5298 compre-

2009 5301 2259 5355 liendere.
2287 5298 2519 5356 Proinde
2554 5320 2571 5351 ι
2602 5298 2821 5355 circulo
2862 5322 2879 5353 ι
2924 5302 3073 5355 illum
3106 5308 3416 5369 comparat;
3452 5317 3577 5368 qua:

2008 5371 2179 5439 ﬁgura
2209 5385 2306 5425 nec
2349 5373 2559 5426 initium
2610 5386 2709 5425 nec
2746 5376 2903 5426 tinem
2936 5373 3116 5432 habet,
3156 5386 3344 5423 verum
3374 5386 3403 5422 a
3432 5386 3575 5439 quo-

2006 5456 2219 5507 cunque
2255 5443 2373 5510 ejus
2400 5450 2598 5510 puncto
2636 5442 2852 5496 initium
2877 5444 3127 5504 ducatur,
3166 5441 3220 5493 in
3246 5442 3436 5494 eodem
3475 5440 3573 5492 de-

2011 5510 2296 5565 sinendum
2329 5509 2430 5565 est.
2469 5512 2643 5580 Atque
2684 5511 2789 5566 hoc
2828 5515 2990 5565 modo
3020 5512 3200 5564 divina
3226 5509 3574 5580 immensitas

2006 5581 2406 5651 quodammodo
2428 5578 2737 5635 adumbrari
2765 5583 2919 5635 solet.
2942 5580 3100 5635 Conf.
3127 5580 3191 5634 D.
3214 5579 3422 5641 Bullus,
3447 5578 3569 5632 libri

2008 5650 2258 5721 Superius
2285 5650 2415 5721 dicti
2446 5667 2501 5719 p.
2534 5651 2652 5711 189,
2682 5651 2803 5721 100.

2077 5717 2188 5789 (lii)
2217 5717 2574 5776 Μοναδιὲιόν.
2603 5720 2761 5791 (Σᾼοηΐ.
2801 5739 2918 5791 pag.
2957 5720 3081 5791 555,
3116 5729 3171 5774 et
3208 5733 3329 5788 quae
3360 5718 3434 5773 ibi
3476 5717 3573 5773 ad-

2007 5800 2189 5846 notata
2218 5799 2365 5853 sunt,
2402 5806 2523 5858 pag.
2557 5789 2678 5851 582,
2715 5790 2816 5844 726
2843 5789 2969 5845 edit.
3001 5790 3172 5845 Paris.

2079 5862 2190 5931 (65)
2225 5860 2327 5913 Διὰ
2357 5855 2530 5913 τόῦτο
2563 5859 2702 5931 τάδε
2740 5861 2900 5930 λέγει
2948 5863 3191 5928 Κύριος.
3231 5857 3390 5931 Vulg.
3428 5855 3567 5912 Bibl.

2007 5929 2206 6003 Ezecb.
2239 5946 2398 5985 XLIV:
2431 5932 2591 5998 Λέγει
2626 5929 2851 6003 ’ᾼδωναὶ
2879 5932 3080 6003 Κύριος
3102 5929 3305 6003 ὀγΘεόςο
3335 5939 3390 5983 et
3420 5943 3567 6003 mox,

2007 5999 2375 6076 ἀπερίτμητος
2398 5997 2579 6072 σαρκὶ,
2620 6002 2824 6073 absque
2849 5997 3009 6061 verbo
3037 6002 3168 6057 ἐστί’
3200 6002 3346 6071 dein,
3387 5999 3463 6063 εἱς
3501 5997 3570 6051 τὰ
