  <div class='ocr_page' id='page_1' title='image "/cluster/home/n/w/nwhite01/storage/ocr_20150623/8/nnc1.0065752333/707.png"; bbox 0 0 4464 6612; ppageno 0'>
   <div class='ocr_carea' id='block_1_1' title="bbox 836 564 976 619">
    <p class='ocr_par' dir='ltr' id='par_1_1' title="bbox 836 564 976 619">
     <span class='ocr_line' id='line_1_1' title="bbox 836 564 976 619; baseline 0.007 -1"><span class='ocrx_word' id='word_1_1' title='bbox 836 564 976 619; x_wconf 73' lang='grc' dir='ltr'><strong>13ἳό</strong></span> 
     </span>
    </p>
   </div>
   <div class='ocr_carea' id='block_1_2' title="bbox 1967 532 2859 641">
    <p class='ocr_par' dir='ltr' id='par_1_2' title="bbox 1967 532 2859 641">
     <span class='ocr_line' id='line_1_2' title="bbox 1967 532 2859 641; baseline 0.002 -20"><span class='ocrx_word' id='word_1_2' title='bbox 1967 566 2859 641; x_wconf 65' lang='grc' dir='ltr'>αιΕιιΕΝτιεςΑιΕΧΑΝυιιιΝι</span> 
     </span>
    </p>
   </div>
   <div class='ocr_carea' id='block_1_3' title="bbox 3948 562 4085 615">
    <p class='ocr_par' dir='ltr' id='par_1_3' title="bbox 3948 562 4085 615">
     <span class='ocr_line' id='line_1_3' title="bbox 3948 562 4085 615; baseline 0.007 -1"><span class='ocrx_word' id='word_1_3' title='bbox 3948 562 3973 614; x_wconf 80' lang='grc'><strong>1</strong></span> <span class='ocrx_word' id='word_1_4' title='bbox 3983 562 4085 615; x_wconf 73' lang='lat'><strong>376</strong></span> 
     </span>
    </p>
   </div>
   <div class='ocr_carea' id='block_1_4' title="bbox 844 680 2607 761">
    <p class='ocr_par' dir='ltr' id='par_1_4' title="bbox 844 683 2607 759">
     <span class='ocr_line' id='line_1_4' title="bbox 844 683 2607 759; baseline 0.003 -24"><span class='ocrx_word' id='word_1_5' title='bbox 844 701 866 735; x_wconf 77' lang='grc' dir='ltr'><strong>ι</strong></span> <span class='ocrx_word' id='word_1_6' title='bbox 898 684 1184 752; x_wconf 69' lang='lat' dir='ltr'><strong>praeposita</strong></span> <span class='ocrx_word' id='word_1_7' title='bbox 1219 694 1273 740; x_wconf 92' lang='lat' dir='ltr'><strong>et</strong></span> <span class='ocrx_word' id='word_1_8' title='bbox 1314 686 1532 756; x_wconf 86' lang='lat' dir='ltr'><strong>rejecta.</strong></span> <span class='ocrx_word' id='word_1_9' title='bbox 1585 704 1605 737; x_wconf 75' lang='grc' dir='ltr'><strong>ι</strong></span> <span class='ocrx_word' id='word_1_10' title='bbox 1643 687 1899 759; x_wconf 86' lang='lat' dir='ltr'><strong>Oportuit</strong></span> <span class='ocrx_word' id='word_1_11' title='bbox 1943 704 2074 759; x_wconf 81' lang='lat' dir='ltr'><strong>ergo</strong></span> <span class='ocrx_word' id='word_1_12' title='bbox 2107 690 2409 755; x_wconf 89' lang='lat' dir='ltr'><strong>hominem,</strong></span> <span class='ocrx_word' id='word_1_13' title='bbox 2447 698 2485 751; x_wconf 70' lang='grc' dir='ltr'><strong>Α</strong></span> <span class='ocrx_word' id='word_1_14' title='bbox 2514 683 2607 742; x_wconf 75' lang='grc' dir='ltr'>οὗν</span> 
     </span>
    </p>
   </div>
   <div class='ocr_carea' id='block_1_5' title="bbox 2323 680 4086 761">
    <p class='ocr_par' dir='ltr' id='par_1_5' title="bbox 2323 680 4086 761">
     <span class='ocr_line' id='line_1_5' title="bbox 2323 680 4086 761; baseline -0.008 -16"><span class='ocrx_word' id='word_1_15' title='bbox 2323 706 2409 755; x_wconf 70' lang='lat' dir='ltr'><strong>rm,</strong></span> <span class='ocrx_word' id='word_1_16' title='bbox 2447 698 2485 751; x_wconf 70' lang='grc' dir='ltr'><strong>Α</strong></span> <span class='ocrx_word' id='word_1_17' title='bbox 2514 683 2607 742; x_wconf 76' lang='grc' dir='ltr'>οὗν</span> <span class='ocrx_word' id='word_1_18' title='bbox 2629 690 2730 761; x_wconf 78' lang='grc' dir='ltr'><strong>τὴν</strong></span> <span class='ocrx_word' id='word_1_19' title='bbox 2762 689 3011 742; x_wconf 78' lang='grc' dir='ltr'>σύνθεσιν</span> <span class='ocrx_word' id='word_1_20' title='bbox 3035 684 3129 739; x_wconf 79' lang='grc' dir='ltr'>τοῦ</span> <span class='ocrx_word' id='word_1_21' title='bbox 3161 685 3468 758; x_wconf 85' lang='grc' dir='ltr'>ἀνθρώπου,</span> <span class='ocrx_word' id='word_1_22' title='bbox 3493 691 3551 741; x_wconf 80' lang='grc' dir='ltr'>ἐν</span> <span class='ocrx_word' id='word_1_23' title='bbox 3580 687 3846 759; x_wconf 74' lang='grc' dir='ltr'>αἰσθητοῖς</span> <span class='ocrx_word' id='word_1_24' title='bbox 3863 680 4086 751; x_wconf 83' lang='grc' dir='ltr'>γενομέ-</span> 
     </span>
    </p>
   </div>
   <div class='ocr_carea' id='block_1_6' title="bbox 839 775 2411 853">
    <p class='ocr_par' dir='ltr' id='par_1_6' title="bbox 839 775 2411 853">
     <span class='ocr_line' id='line_1_6' title="bbox 839 775 2411 853; baseline 0.005 -25"><span class='ocrx_word' id='word_1_25' title='bbox 839 776 933 845; x_wconf 87' lang='lat' dir='ltr'><strong>qui</strong></span> <span class='ocrx_word' id='word_1_26' title='bbox 962 775 1105 830; x_wconf 87' lang='lat' dir='ltr'><strong>inter</strong></span> <span class='ocrx_word' id='word_1_27' title='bbox 1139 780 1418 833; x_wconf 88' lang='lat' dir='ltr'><strong>sensibilia</strong></span> <span class='ocrx_word' id='word_1_28' title='bbox 1458 791 1784 837; x_wconf 76' lang='lat' dir='ltr'><strong>numeratur</strong></span> <span class='ocrx_word' id='word_1_29' title='bbox 1804 821 1819 845; x_wconf 90' lang='lat'><strong>,</strong></span> <span class='ocrx_word' id='word_1_30' title='bbox 1848 782 2148 839; x_wconf 74' lang='lat' dir='ltr'><strong>consistere</strong></span> <span class='ocrx_word' id='word_1_31' title='bbox 2195 784 2411 853; x_wconf 85' lang='lat' dir='ltr'><strong>quidem</strong></span> 
     </span>
    </p>
   </div>
   <div class='ocr_carea' id='block_1_7' title="bbox 838 866 2412 943">
    <p class='ocr_par' dir='ltr' id='par_1_7' title="bbox 838 866 2412 943">
     <span class='ocr_line' id='line_1_7' title="bbox 838 866 2412 943; baseline 0.004 -23"><span class='ocrx_word' id='word_1_32' title='bbox 838 881 908 920; x_wconf 78' lang='lat' dir='ltr'><strong>ex</strong></span> <span class='ocrx_word' id='word_1_33' title='bbox 930 866 1186 933; x_wconf 77' lang='lat' dir='ltr'><strong>diversis,</strong></span> <span class='ocrx_word' id='word_1_34' title='bbox 1212 870 1304 923; x_wconf 90' lang='lat' dir='ltr'><strong>sed</strong></span> <span class='ocrx_word' id='word_1_35' title='bbox 1327 885 1434 923; x_wconf 90' lang='lat' dir='ltr'><strong>non</strong></span> <span class='ocrx_word' id='word_1_36' title='bbox 1458 885 1526 925; x_wconf 84' lang='lat' dir='ltr'><strong>ex</strong></span> <span class='ocrx_word' id='word_1_37' title='bbox 1551 872 2105 943; x_wconf 89' lang='lat' dir='ltr'><strong>contrariis,corpore</strong></span> <span class='ocrx_word' id='word_1_38' title='bbox 2129 884 2183 927; x_wconf 91' lang='lat' dir='ltr'><strong>et</strong></span> <span class='ocrx_word' id='word_1_39' title='bbox 2210 874 2412 928; x_wconf 88' lang='lat' dir='ltr'><strong>anima.</strong></span> 
     </span>
    </p>
   </div>
   <div class='ocr_carea' id='block_1_8' title="bbox 842 957 2416 1032">
    <p class='ocr_par' dir='ltr' id='par_1_8' title="bbox 842 957 2416 1032">
     <span class='ocr_line' id='line_1_8' title="bbox 842 957 2416 1032; baseline 0.006 -20"><span class='ocrx_word' id='word_1_40' title='bbox 842 957 1070 1030; x_wconf 82' lang='lat' dir='ltr'><strong>Semper</strong></span> <span class='ocrx_word' id='word_1_41' title='bbox 1112 975 1243 1026; x_wconf 76' lang='lat' dir='ltr'><strong>ergo</strong></span> <span class='ocrx_word' id='word_1_42' title='bbox 1296 961 1457 1017; x_wconf 80' lang='lat' dir='ltr'><strong>bonae</strong></span> <span class='ocrx_word' id='word_1_43' title='bbox 1509 966 1789 1030; x_wconf 90' lang='lat' dir='ltr'><strong>actiones,</strong></span> <span class='ocrx_word' id='word_1_44' title='bbox 1836 973 1897 1019; x_wconf 92' lang='lat' dir='ltr'><strong>ut</strong></span> <span class='ocrx_word' id='word_1_45' title='bbox 1942 965 2216 1032; x_wconf 85' lang='lat' dir='ltr'><strong>meliores,</strong></span> <span class='ocrx_word' id='word_1_46' title='bbox 2258 967 2416 1021; x_wconf 85' lang='lat' dir='ltr'><strong>attri-</strong></span> 
     </span>
    </p>
   </div>
   <div class='ocr_carea' id='block_1_9' title="bbox 839 1049 2415 1129">
    <p class='ocr_par' dir='ltr' id='par_1_9' title="bbox 839 1049 2415 1129">
     <span class='ocr_line' id='line_1_9' title="bbox 839 1049 2415 1129; baseline 0.005 -25"><span class='ocrx_word' id='word_1_47' title='bbox 839 1049 1087 1106; x_wconf 90' lang='lat' dir='ltr'><strong>buuntur</strong></span> <span class='ocrx_word' id='word_1_48' title='bbox 1133 1052 1182 1105; x_wconf 91' lang='lat' dir='ltr'><strong>ei</strong></span> <span class='ocrx_word' id='word_1_49' title='bbox 1256 1054 1404 1121; x_wconf 91' lang='lat' dir='ltr'><strong>quod</strong></span> <span class='ocrx_word' id='word_1_50' title='bbox 1436 1064 1521 1110; x_wconf 92' lang='lat' dir='ltr'><strong>est</strong></span> <span class='ocrx_word' id='word_1_51' title='bbox 1551 1057 1900 1126; x_wconf 62' lang='lat' dir='ltr'><strong>praestantius</strong></span> <span class='ocrx_word' id='word_1_52' title='bbox 1925 1097 1939 1121; x_wconf 90' lang='lat'><strong>,</strong></span> <span class='ocrx_word' id='word_1_53' title='bbox 1974 1072 2167 1127; x_wconf 86' lang='lat' dir='ltr'><strong>nempe</strong></span> <span class='ocrx_word' id='word_1_54' title='bbox 2201 1060 2415 1129; x_wconf 83' lang='lat' dir='ltr'><strong>spiritui</strong></span> 
     </span>
    </p>
   </div>
   <div class='ocr_carea' id='block_1_10' title="bbox 842 1141 2415 1219">
    <p class='ocr_par' dir='ltr' id='par_1_10' title="bbox 842 1141 2415 1219">
     <span class='ocr_line' id='line_1_10' title="bbox 842 1141 2415 1219; baseline 0.006 -25"><span class='ocrx_word' id='word_1_55' title='bbox 842 1141 1154 1211; x_wconf 83' lang='lat' dir='ltr'><strong>principali;</strong></span> <span class='ocrx_word' id='word_1_56' title='bbox 1189 1145 1505 1214; x_wconf 84' lang='lat' dir='ltr'><strong>voluptariae</strong></span> <span class='ocrx_word' id='word_1_57' title='bbox 1535 1155 1717 1201; x_wconf 91' lang='lat' dir='ltr'><strong>autem</strong></span> <span class='ocrx_word' id='word_1_58' title='bbox 1749 1158 1805 1203; x_wconf 85' lang='lat' dir='ltr'><strong>et</strong></span> <span class='ocrx_word' id='word_1_59' title='bbox 1829 1156 2117 1217; x_wconf 85' lang='lat' dir='ltr'><strong>peccantes</strong></span> <span class='ocrx_word' id='word_1_60' title='bbox 2170 1149 2220 1201; x_wconf 92' lang='lat' dir='ltr'><strong>ei</strong></span> <span class='ocrx_word' id='word_1_61' title='bbox 2268 1149 2415 1219; x_wconf 88' lang='lat' dir='ltr'><strong>quod</strong></span> 
     </span>
    </p>
   </div>
   <div class='ocr_carea' id='block_1_11' title="bbox 840 1233 2417 1308">
    <p class='ocr_par' dir='ltr' id='par_1_11' title="bbox 840 1233 2417 1308">
     <span class='ocr_line' id='line_1_11' title="bbox 840 1233 2417 1308; baseline 0.006 -24"><span class='ocrx_word' id='word_1_62' title='bbox 840 1239 926 1285; x_wconf 86' lang='lat' dir='ltr'><strong>est</strong></span> <span class='ocrx_word' id='word_1_63' title='bbox 978 1233 1246 1301; x_wconf 85' lang='lat' dir='ltr'><strong>deterius,</strong></span> <span class='ocrx_word' id='word_1_64' title='bbox 1301 1252 1497 1306; x_wconf 89' lang='lat' dir='ltr'><strong>nempe</strong></span> <span class='ocrx_word' id='word_1_65' title='bbox 1545 1239 1795 1306; x_wconf 88' lang='lat' dir='ltr'><strong>peccanti</strong></span> <span class='ocrx_word' id='word_1_66' title='bbox 1844 1238 2076 1308; x_wconf 89' lang='lat' dir='ltr'><strong>spiritui.</strong></span> <span class='ocrx_word' id='word_1_67' title='bbox 2129 1236 2252 1293; x_wconf 84' lang='lat' dir='ltr'><strong>Jam</strong></span> <span class='ocrx_word' id='word_1_68' title='bbox 2287 1256 2417 1294; x_wconf 91' lang='lat' dir='ltr'><strong>vero</strong></span> 
     </span>
    </p>
   </div>
   <div class='ocr_carea' id='block_1_12' title="bbox 842 1321 2421 1401">
    <p class='ocr_par' dir='ltr' id='par_1_12' title="bbox 842 1321 2421 1401">
     <span class='ocr_line' id='line_1_12' title="bbox 842 1321 2421 1401; baseline 0.008 -27"><span class='ocrx_word' id='word_1_69' title='bbox 842 1321 1107 1391; x_wconf 82' lang='lat' dir='ltr'><strong>sapientis</strong></span> <span class='ocrx_word' id='word_1_70' title='bbox 1130 1332 1185 1379; x_wconf 91' lang='lat' dir='ltr'><strong>et</strong></span> <span class='ocrx_word' id='word_1_71' title='bbox 1208 1325 1437 1394; x_wconf 81' lang='lat' dir='ltr'><strong>gnostici</strong></span> <span class='ocrx_word' id='word_1_72' title='bbox 1461 1326 1667 1393; x_wconf 87' lang='lat' dir='ltr'><strong>anima,</strong></span> <span class='ocrx_word' id='word_1_73' title='bbox 1693 1338 1751 1382; x_wconf 88' lang='lat' dir='ltr'><strong>ut</strong></span> <span class='ocrx_word' id='word_1_74' title='bbox 1775 1344 1897 1399; x_wconf 63' lang='lat' dir='ltr'><strong>qua;</strong></span> <span class='ocrx_word' id='word_1_75' title='bbox 1920 1330 1972 1383; x_wconf 92' lang='lat' dir='ltr'><strong>in</strong></span> <span class='ocrx_word' id='word_1_76' title='bbox 1994 1344 2227 1399; x_wconf 88' lang='lat' dir='ltr'><strong>corpore</strong></span> <span class='ocrx_word' id='word_1_77' title='bbox 2264 1347 2421 1401; x_wconf 84' lang='lat' dir='ltr'><strong>pere-</strong></span> 
     </span>
    </p>
   </div>
   <div class='ocr_carea' id='block_1_13' title="bbox 840 1413 2415 1491">
    <p class='ocr_par' dir='ltr' id='par_1_13' title="bbox 840 1413 2415 1491">
     <span class='ocr_line' id='line_1_13' title="bbox 840 1413 2415 1491; baseline 0.006 -24"><span class='ocrx_word' id='word_1_78' title='bbox 840 1413 1113 1485; x_wconf 86' lang='lat' dir='ltr'><strong>grinetur,</strong></span> <span class='ocrx_word' id='word_1_79' title='bbox 1141 1430 1207 1469; x_wconf 92' lang='lat' dir='ltr'><strong>eo</strong></span> <span class='ocrx_word' id='word_1_80' title='bbox 1230 1430 1416 1469; x_wconf 81' lang='lat' dir='ltr'><strong>severe</strong></span> <span class='ocrx_word' id='word_1_81' title='bbox 1443 1424 1499 1471; x_wconf 91' lang='lat' dir='ltr'><strong>et</strong></span> <span class='ocrx_word' id='word_1_82' title='bbox 1523 1429 1739 1474; x_wconf 86' lang='lat' dir='ltr'><strong>austere</strong></span> <span class='ocrx_word' id='word_1_83' title='bbox 1774 1421 1963 1486; x_wconf 90' lang='lat' dir='ltr'><strong>utitur,</strong></span> <span class='ocrx_word' id='word_1_84' title='bbox 1996 1436 2107 1476; x_wconf 86' lang='lat' dir='ltr'><strong>non</strong></span> <span class='ocrx_word' id='word_1_85' title='bbox 2140 1422 2195 1474; x_wconf 91' lang='lat' dir='ltr'><strong>in</strong></span> <span class='ocrx_word' id='word_1_86' title='bbox 2237 1422 2415 1491; x_wconf 91' lang='lat' dir='ltr'><strong>ipsum</strong></span> 
     </span>
    </p>
   </div>
   <div class='ocr_carea' id='block_1_14' title="bbox 842 1502 2417 1583">
    <p class='ocr_par' dir='ltr' id='par_1_14' title="bbox 842 1502 2417 1583">
     <span class='ocr_line' id='line_1_14' title="bbox 842 1502 2417 1583; baseline 0.006 -25"><span class='ocrx_word' id='word_1_87' title='bbox 842 1502 1069 1559; x_wconf 85' lang='lat' dir='ltr'><strong>nimiam</strong></span> <span class='ocrx_word' id='word_1_88' title='bbox 1106 1504 1442 1561; x_wconf 75' lang='lat' dir='ltr'><strong>affectionem</strong></span> <span class='ocrx_word' id='word_1_89' title='bbox 1490 1510 1786 1565; x_wconf 85' lang='lat' dir='ltr'><strong>ostendens</strong></span> <span class='ocrx_word' id='word_1_90' title='bbox 1836 1521 1935 1565; x_wconf 91' lang='lat' dir='ltr'><strong>aut</strong></span> <span class='ocrx_word' id='word_1_91' title='bbox 1985 1509 2417 1583; x_wconf 88' lang='lat' dir='ltr'><strong>indulgentiam;</strong></span> 
     </span>
    </p>
   </div>
   <div class='ocr_carea' id='block_1_15' title="bbox 841 1597 2415 1671">
    <p class='ocr_par' dir='ltr' id='par_1_15' title="bbox 841 1597 2415 1671">
     <span class='ocr_line' id='line_1_15' title="bbox 841 1597 2415 1671; baseline 0.005 -22"><span class='ocrx_word' id='word_1_92' title='bbox 841 1603 906 1649; x_wconf 90' lang='lat' dir='ltr'><strong>ut</strong></span> <span class='ocrx_word' id='word_1_93' title='bbox 940 1610 1062 1665; x_wconf 52' lang='lat' dir='ltr'><strong>quae.</strong></span> <span class='ocrx_word' id='word_1_94' title='bbox 1108 1597 1179 1649; x_wconf 87' lang='lat' dir='ltr'><strong>sit</strong></span> <span class='ocrx_word' id='word_1_95' title='bbox 1219 1611 1250 1650; x_wconf 94' lang='lat' dir='ltr'><strong>e</strong></span> <span class='ocrx_word' id='word_1_96' title='bbox 1297 1598 1531 1668; x_wconf 83' lang='lat' dir='ltr'><strong>vestigio</strong></span> <span class='ocrx_word' id='word_1_97' title='bbox 1576 1602 1830 1655; x_wconf 80' lang='lat' dir='ltr'><strong>relictura</strong></span> <span class='ocrx_word' id='word_1_98' title='bbox 1884 1602 2321 1671; x_wconf 82' lang='lat' dir='ltr'><strong>tabernaculum,</strong></span> <span class='ocrx_word' id='word_1_99' title='bbox 2370 1605 2415 1659; x_wconf 88' lang='lat' dir='ltr'><strong>si</strong></span> 
     </span>
    </p>
   </div>
   <div class='ocr_carea' id='block_1_16' title="bbox 838 1686 2413 1764">
    <p class='ocr_par' dir='ltr' id='par_1_16' title="bbox 838 1686 2413 1764">
     <span class='ocr_line' id='line_1_16' title="bbox 838 1686 2413 1764; baseline 0.004 -22"><span class='ocrx_word' id='word_1_100' title='bbox 838 1686 1138 1743; x_wconf 77' lang='lat' dir='ltr'><strong>excedendi</strong></span> <span class='ocrx_word' id='word_1_101' title='bbox 1206 1698 1261 1742; x_wconf 90' lang='lat' dir='ltr'><strong>et</strong></span> <span class='ocrx_word' id='word_1_102' title='bbox 1305 1690 1580 1762; x_wconf 76' lang='lat' dir='ltr'><strong>migrandi</strong></span> <span class='ocrx_word' id='word_1_103' title='bbox 1633 1703 1846 1764; x_wconf 91' lang='lat' dir='ltr'><strong>tempus</strong></span> <span class='ocrx_word' id='word_1_104' title='bbox 1922 1711 2043 1751; x_wconf 90' lang='lat' dir='ltr'><strong>eam</strong></span> <span class='ocrx_word' id='word_1_105' title='bbox 2107 1698 2413 1751; x_wconf 82' lang='lat' dir='ltr'><strong>vocaverit:</strong></span> 
     </span>
    </p>
   </div>
   <div class='ocr_carea' id='block_1_17' title="bbox 844 1778 2415 1858">
    <p class='ocr_par' dir='ltr' id='par_1_17' title="bbox 844 1778 2415 1858">
     <span class='ocr_line' id='line_1_17' title="bbox 844 1778 2415 1858; baseline 0.005 -26"><span class='ocrx_word' id='word_1_106' title='bbox 844 1796 867 1832; x_wconf 77' lang='grc' dir='ltr'><strong>ι</strong></span> <span class='ocrx_word' id='word_1_107' title='bbox 896 1778 1138 1844; x_wconf 79' lang='lat' dir='ltr'><strong>Advena,</strong></span> <span class='ocrx_word' id='word_1_108' title='bbox 1182 1780 1384 1851; x_wconf 91' lang='lat' dir='ltr'><strong>inquit,</strong></span> <span class='ocrx_word' id='word_1_109' title='bbox 1421 1799 1540 1837; x_wconf 93' lang='lat' dir='ltr'><strong>sum</strong></span> <span class='ocrx_word' id='word_1_110' title='bbox 1574 1785 1627 1839; x_wconf 92' lang='lat' dir='ltr'><strong>in</strong></span> <span class='ocrx_word' id='word_1_111' title='bbox 1666 1794 1834 1853; x_wconf 87' lang='lat' dir='ltr'><strong>terra,</strong></span> <span class='ocrx_word' id='word_1_112' title='bbox 1863 1795 1918 1842; x_wconf 91' lang='lat' dir='ltr'><strong>et</strong></span> <span class='ocrx_word' id='word_1_113' title='bbox 1962 1788 2245 1858; x_wconf 83' lang='lat' dir='ltr'><strong>peregrina</strong></span> <span class='ocrx_word' id='word_1_114' title='bbox 2294 1803 2415 1842; x_wconf 86' lang='lat' dir='ltr'><strong>sum</strong></span> 
     </span>
    </p>
   </div>
   <div class='ocr_carea' id='block_1_18' title="bbox 837 1868 2419 1945">
    <p class='ocr_par' dir='ltr' id='par_1_18' title="bbox 837 1868 2419 1945">
     <span class='ocr_line' id='line_1_18' title="bbox 837 1868 2419 1945; baseline 0.004 -23"><span class='ocrx_word' id='word_1_115' title='bbox 837 1884 941 1938; x_wconf 86' lang='lat' dir='ltr'><strong>ego</strong></span> <span class='ocrx_word' id='word_1_116' title='bbox 970 1868 1256 1925; x_wconf 83' lang='lat' dir='ltr'><strong>vobiscum</strong></span> <span class='ocrx_word' id='word_1_117' title='bbox 1286 1885 1335 1926; x_wconf 77' lang='grc' dir='ltr'><strong>ι.</strong></span> <span class='ocrx_word' id='word_1_118' title='bbox 1370 1892 1389 1924; x_wconf 77' lang='grc' dir='ltr'><strong>ι</strong></span> <span class='ocrx_word' id='word_1_119' title='bbox 1430 1872 1497 1928; x_wconf 85' lang='lat' dir='ltr'><strong>Et</strong></span> <span class='ocrx_word' id='word_1_120' title='bbox 1523 1874 1650 1929; x_wconf 90' lang='lat' dir='ltr'><strong>hinc</strong></span> <span class='ocrx_word' id='word_1_121' title='bbox 1685 1877 1950 1945; x_wconf 89' lang='lat' dir='ltr'><strong>hospitem</strong></span> <span class='ocrx_word' id='word_1_122' title='bbox 1980 1876 2168 1930; x_wconf 88' lang='lat' dir='ltr'><strong>mundi</strong></span> <span class='ocrx_word' id='word_1_123' title='bbox 2202 1876 2419 1931; x_wconf 86' lang='lat' dir='ltr'><strong>electio-</strong></span> 
     </span>
    </p>
   </div>
   <div class='ocr_carea' id='block_1_19' title="bbox 840 1959 2412 2035">
    <p class='ocr_par' dir='ltr' id='par_1_19' title="bbox 840 1959 2412 2035">
     <span class='ocr_line' id='line_1_19' title="bbox 840 1959 2412 2035; baseline 0.003 -21"><span class='ocrx_word' id='word_1_124' title='bbox 840 1974 966 2014; x_wconf 88' lang='lat' dir='ltr'><strong>nem</strong></span> <span class='ocrx_word' id='word_1_125' title='bbox 999 1959 1269 2017; x_wconf 86' lang='lat' dir='ltr'><strong>Basilides</strong></span> <span class='ocrx_word' id='word_1_126' title='bbox 1316 1978 1435 2016; x_wconf 89' lang='lat' dir='ltr'><strong>eam</strong></span> <span class='ocrx_word' id='word_1_127' title='bbox 1468 1964 1601 2017; x_wconf 83' lang='lat' dir='ltr'><strong>dicit</strong></span> <span class='ocrx_word' id='word_1_128' title='bbox 1628 1965 1925 2034; x_wconf 85' lang='lat' dir='ltr'><strong>accepisse,</strong></span> <span class='ocrx_word' id='word_1_129' title='bbox 1972 1974 2035 2019; x_wconf 90' lang='lat' dir='ltr'><strong>ut</strong></span> <span class='ocrx_word' id='word_1_130' title='bbox 2066 1980 2189 2035; x_wconf 68' lang='lat' dir='ltr'><strong>quae</strong></span> <span class='ocrx_word' id='word_1_131' title='bbox 2218 1966 2289 2019; x_wconf 90' lang='lat' dir='ltr'><strong>sit</strong></span> <span class='ocrx_word' id='word_1_132' title='bbox 2312 1981 2412 2018; x_wconf 88' lang='lat' dir='ltr'><strong>na-</strong></span> 
     </span>
    </p>
   </div>
   <div class='ocr_carea' id='block_1_20' title="bbox 2515 772 4083 852">
    <p class='ocr_par' dir='ltr' id='par_1_20' title="bbox 2515 772 4083 852">
     <span class='ocr_line' id='line_1_20' title="bbox 2515 772 4083 852; baseline -0.006 -20"><span class='ocrx_word' id='word_1_133' title='bbox 2515 797 2633 850; x_wconf 83' lang='grc' dir='ltr'>νην,</span> <span class='ocrx_word' id='word_1_134' title='bbox 2661 783 2727 834; x_wconf 85' lang='grc' dir='ltr'><strong>ὲκ</strong></span> <span class='ocrx_word' id='word_1_135' title='bbox 2749 780 3019 852; x_wconf 79' lang='grc' dir='ltr'>διαφόρων</span> <span class='ocrx_word' id='word_1_136' title='bbox 3057 778 3395 841; x_wconf 76' lang='grc' dir='ltr'><strong>συνεστάναι,</strong></span> <span class='ocrx_word' id='word_1_137' title='bbox 3427 778 3545 830; x_wconf 81' lang='grc' dir='ltr'>ἀλλ’</span> <span class='ocrx_word' id='word_1_138' title='bbox 3573 780 3672 832; x_wconf 86' lang='grc' dir='ltr'><strong>οὐκ</strong></span> <span class='ocrx_word' id='word_1_139' title='bbox 3713 779 3775 844; x_wconf 79' lang='grc' dir='ltr'>ἑξ</span> <span class='ocrx_word' id='word_1_140' title='bbox 3809 772 4083 835; x_wconf 77' lang='grc' dir='ltr'><strong>ἐναντίων,</strong></span> 
     </span>
    </p>
   </div>
   <div class='ocr_carea' id='block_1_21' title="bbox 2517 863 4086 943">
    <p class='ocr_par' dir='ltr' id='par_1_21' title="bbox 2517 863 4086 943">
     <span class='ocr_line' id='line_1_21' title="bbox 2517 863 4086 943; baseline -0.005 -18"><span class='ocrx_word' id='word_1_141' title='bbox 2517 871 2767 942; x_wconf 82' lang='grc' dir='ltr'>σώματός</span> <span class='ocrx_word' id='word_1_142' title='bbox 2800 892 2856 928; x_wconf 88' lang='grc' dir='ltr'><strong>τε</strong></span> <span class='ocrx_word' id='word_1_143' title='bbox 2890 875 2984 927; x_wconf 73' lang='grc' dir='ltr'><strong>καὶ</strong></span> <span class='ocrx_word' id='word_1_144' title='bbox 3006 871 3202 943; x_wconf 75' lang='grc' dir='ltr'>ψυχῆς.</span> <span class='ocrx_word' id='word_1_145' title='bbox 3246 870 3358 923; x_wconf 78' lang='grc' dir='ltr'>Ἀεὶ</span> <span class='ocrx_word' id='word_1_146' title='bbox 3382 868 3564 921; x_wconf 82' lang='grc' dir='ltr'>τοίνυν</span> <span class='ocrx_word' id='word_1_147' title='bbox 3605 873 3664 922; x_wconf 85' lang='grc' dir='ltr'>αἱ</span> <span class='ocrx_word' id='word_1_148' title='bbox 3709 869 3914 938; x_wconf 79' lang='grc' dir='ltr'>ἀγαθαὶ</span> <span class='ocrx_word' id='word_1_149' title='bbox 3944 863 4086 937; x_wconf 82' lang='grc' dir='ltr'>πρά-</span> 
     </span>
    </p>
   </div>
   <div class='ocr_carea' id='block_1_22' title="bbox 2515 955 4087 1035">
    <p class='ocr_par' dir='ltr' id='par_1_22' title="bbox 2515 955 4087 1035">
     <span class='ocr_line' id='line_1_22' title="bbox 2515 955 4087 1035; baseline -0.002 -21"><span class='ocrx_word' id='word_1_150' title='bbox 2515 961 2624 1026; x_wconf 81' lang='grc' dir='ltr'>ξεις</span> <span class='ocrx_word' id='word_1_151' title='bbox 2642 1003 2657 1027; x_wconf 90' lang='grc'><strong>,</strong></span> <span class='ocrx_word' id='word_1_152' title='bbox 2681 964 2758 1027; x_wconf 83' lang='grc' dir='ltr'>ὡς</span> <span class='ocrx_word' id='word_1_153' title='bbox 2786 965 3063 1035; x_wconf 83' lang='grc' dir='ltr'>ἀμείνους,</span> <span class='ocrx_word' id='word_1_154' title='bbox 3094 961 3172 1033; x_wconf 85' lang='grc' dir='ltr'>τῷ</span> <span class='ocrx_word' id='word_1_155' title='bbox 3200 960 3467 1032; x_wconf 80' lang='grc' dir='ltr'><strong>κρείττονι</strong></span> <span class='ocrx_word' id='word_1_156' title='bbox 3493 956 3573 1028; x_wconf 83' lang='grc' dir='ltr'>τῷ</span> <span class='ocrx_word' id='word_1_157' title='bbox 3614 959 3886 1028; x_wconf 86' lang='grc' dir='ltr'>πνεύματι</span> <span class='ocrx_word' id='word_1_158' title='bbox 3914 955 4087 1029; x_wconf 83' lang='grc' dir='ltr'>κυρίῳ</span> 
     </span>
    </p>
   </div>
   <div class='ocr_carea' id='block_1_23' title="bbox 2515 1048 4088 1125">
    <p class='ocr_par' dir='ltr' id='par_1_23' title="bbox 2515 1048 4088 1125">
     <span class='ocr_line' id='line_1_23' title="bbox 2515 1048 4088 1125; baseline -0.001 -19"><span class='ocrx_word' id='word_1_159' title='bbox 2515 1055 2920 1125; x_wconf 83' lang='grc' dir='ltr'>προσάπτονται</span> <span class='ocrx_word' id='word_1_160' title='bbox 2945 1074 2959 1087; x_wconf 79' lang='lat'><strong><em>°</em></strong></span> <span class='ocrx_word' id='word_1_161' title='bbox 2990 1059 3046 1110; x_wconf 82' lang='grc' dir='ltr'>αἱ</span> <span class='ocrx_word' id='word_1_162' title='bbox 3075 1055 3132 1110; x_wconf 85' lang='grc' dir='ltr'>δὲ</span> <span class='ocrx_word' id='word_1_163' title='bbox 3161 1053 3428 1125; x_wconf 82' lang='grc' dir='ltr'>φιλήδονοι</span> <span class='ocrx_word' id='word_1_164' title='bbox 3456 1051 3550 1104; x_wconf 75' lang='grc' dir='ltr'><strong>καὶ</strong></span> <span class='ocrx_word' id='word_1_165' title='bbox 3576 1051 3973 1121; x_wconf 76' lang='grc' dir='ltr'>ἀμαρτητικαὶ,</span> <span class='ocrx_word' id='word_1_166' title='bbox 4009 1048 4088 1121; x_wconf 76' lang='grc' dir='ltr'>τῷ</span> 
     </span>
    </p>
   </div>
   <div class='ocr_carea' id='block_1_24' title="bbox 2514 1140 4086 1220">
    <p class='ocr_par' dir='ltr' id='par_1_24' title="bbox 2514 1140 4086 1220">
     <span class='ocr_line' id='line_1_24' title="bbox 2514 1140 4086 1220; baseline -0.003 -20"><span class='ocrx_word' id='word_1_167' title='bbox 2514 1150 2693 1220; x_wconf 75' lang='grc' dir='ltr'>ἥττονι</span> <span class='ocrx_word' id='word_1_168' title='bbox 2722 1147 2801 1217; x_wconf 82' lang='grc' dir='ltr'><strong>τῷ</strong></span> <span class='ocrx_word' id='word_1_169' title='bbox 2828 1146 3191 1220; x_wconf 82' lang='grc' dir='ltr'>ἀμαρτητικῷ</span> <span class='ocrx_word' id='word_1_170' title='bbox 3236 1142 3624 1216; x_wconf 78' lang='grc' dir='ltr'>περιτίθενται.</span> <span class='ocrx_word' id='word_1_171' title='bbox 3673 1140 3881 1193; x_wconf 82' lang='grc' dir='ltr'>Αὐτίκα</span> <span class='ocrx_word' id='word_1_172' title='bbox 3912 1145 3947 1213; x_wconf 79' lang='grc' dir='ltr'>ἡ</span> <span class='ocrx_word' id='word_1_173' title='bbox 3992 1141 4086 1195; x_wconf 75' lang='grc' dir='ltr'>τοῦ</span> 
     </span>
    </p>
   </div>
   <div class='ocr_carea' id='block_1_25' title="bbox 2517 1229 4089 1309">
    <p class='ocr_par' dir='ltr' id='par_1_25' title="bbox 2517 1229 4089 1309">
     <span class='ocr_line' id='line_1_25' title="bbox 2517 1229 4089 1309; baseline -0.006 -16"><span class='ocrx_word' id='word_1_174' title='bbox 2517 1238 2678 1309; x_wconf 78' lang='grc' dir='ltr'>σοφοῦ</span> <span class='ocrx_word' id='word_1_175' title='bbox 2701 1256 2761 1291; x_wconf 88' lang='grc' dir='ltr'><strong>τε</strong></span> <span class='ocrx_word' id='word_1_176' title='bbox 2787 1241 2882 1291; x_wconf 65' lang='grc' dir='ltr'><strong>κα)⁵</strong></span> <span class='ocrx_word' id='word_1_177' title='bbox 2904 1239 3203 1307; x_wconf 75' lang='grc' dir='ltr'>γνωστικοῦ</span> <span class='ocrx_word' id='word_1_178' title='bbox 3231 1236 3374 1309; x_wconf 80' lang='grc' dir='ltr'>ψυχὴ</span> <span class='ocrx_word' id='word_1_179' title='bbox 3398 1274 3414 1297; x_wconf 95' lang='grc'><strong>,</strong></span> <span class='ocrx_word' id='word_1_180' title='bbox 3444 1229 3556 1288; x_wconf 72' lang='grc' dir='ltr'>οἷον</span> <span class='ocrx_word' id='word_1_181' title='bbox 3592 1232 3983 1303; x_wconf 82' lang='grc' dir='ltr'>ὲπιξενουμένη</span> <span class='ocrx_word' id='word_1_182' title='bbox 4010 1234 4089 1304; x_wconf 81' lang='grc' dir='ltr'>τῷ</span> 
     </span>
    </p>
   </div>
   <div class='ocr_carea' id='block_1_26' title="bbox 2517 1322 4087 1402">
    <p class='ocr_par' dir='ltr' id='par_1_26' title="bbox 2517 1322 4087 1402">
     <span class='ocr_line' id='line_1_26' title="bbox 2517 1322 4087 1402; baseline -0.006 -18"><span class='ocrx_word' id='word_1_183' title='bbox 2517 1330 2747 1402; x_wconf 87' lang='grc' dir='ltr'>σώματι,</span> <span class='ocrx_word' id='word_1_184' title='bbox 2774 1330 2989 1401; x_wconf 82' lang='grc' dir='ltr'>σεμνῶς</span> <span class='ocrx_word' id='word_1_185' title='bbox 3018 1331 3168 1402; x_wconf 83' lang='grc' dir='ltr'>αὐτῷ</span> <span class='ocrx_word' id='word_1_186' title='bbox 3211 1330 3303 1384; x_wconf 74' lang='grc' dir='ltr'><strong>καὶ</strong></span> <span class='ocrx_word' id='word_1_187' title='bbox 3339 1324 3643 1398; x_wconf 84' lang='grc' dir='ltr'>τιμητικῶς</span> <span class='ocrx_word' id='word_1_188' title='bbox 3695 1322 4087 1395; x_wconf 75' lang='grc' dir='ltr'>προσφέρεται,</span> 
     </span>
    </p>
   </div>
   <div class='ocr_carea' id='block_1_27' title="bbox 2514 1413 4089 1494">
    <p class='ocr_par' dir='ltr' id='par_1_27' title="bbox 2514 1413 4089 1494">
     <span class='ocr_line' id='line_1_27' title="bbox 2514 1413 4089 1494; baseline -0.006 -19"><span class='ocrx_word' id='word_1_189' title='bbox 2514 1423 2575 1475; x_wconf 92' lang='grc' dir='ltr'><strong>οὐ</strong></span> <span class='ocrx_word' id='word_1_190' title='bbox 2608 1420 2958 1494; x_wconf 57' lang='grc' dir='ltr'>προσπαθιῖκ,</span> <span class='ocrx_word' id='word_1_191' title='bbox 2989 1422 3115 1474; x_wconf 85' lang='grc' dir='ltr'>ὅσον</span> <span class='ocrx_word' id='word_1_192' title='bbox 3131 1421 3367 1475; x_wconf 77' lang='grc' dir='ltr'><strong>οὐδέπω·</strong></span> <span class='ocrx_word' id='word_1_193' title='bbox 3400 1417 3495 1471; x_wconf 82' lang='grc' dir='ltr'>ἐὰν</span> <span class='ocrx_word' id='word_1_194' title='bbox 3520 1417 3550 1468; x_wconf 83' lang='grc' dir='ltr'><strong>ὁ</strong></span> <span class='ocrx_word' id='word_1_195' title='bbox 3583 1415 3774 1486; x_wconf 79' lang='grc' dir='ltr'>καιρὸς</span> <span class='ocrx_word' id='word_1_196' title='bbox 3805 1413 3906 1483; x_wconf 80' lang='grc' dir='ltr'>τῆς</span> <span class='ocrx_word' id='word_1_197' title='bbox 3949 1414 4089 1466; x_wconf 64' lang='grc' dir='ltr'>ἀπος</span> 
     </span>
    </p>
   </div>
   <div class='ocr_carea' id='block_1_28' title="bbox 2513 1506 4088 1585">
    <p class='ocr_par' dir='ltr' id='par_1_28' title="bbox 2513 1506 4088 1585">
     <span class='ocr_line' id='line_1_28' title="bbox 2513 1506 4088 1585; baseline -0.008 -17"><span class='ocrx_word' id='word_1_198' title='bbox 2513 1514 2713 1585; x_wconf 90' lang='grc' dir='ltr'>δημίας</span> <span class='ocrx_word' id='word_1_199' title='bbox 2738 1513 2900 1583; x_wconf 84' lang='grc' dir='ltr'>καλῇ,</span> <span class='ocrx_word' id='word_1_200' title='bbox 2914 1513 3285 1567; x_wconf 81' lang='grc' dir='ltr'><strong>ἀπολείπουσα</strong></span> <span class='ocrx_word' id='word_1_201' title='bbox 3301 1511 3407 1583; x_wconf 89' lang='lat'><strong>(98)</strong></span> <span class='ocrx_word' id='word_1_202' title='bbox 3420 1510 3479 1563; x_wconf 84' lang='grc' dir='ltr'><strong>τὸ</strong></span> <span class='ocrx_word' id='word_1_203' title='bbox 3499 1508 3694 1579; x_wconf 86' lang='grc' dir='ltr'>σκῆνος</span> <span class='ocrx_word' id='word_1_204' title='bbox 3711 1524 3725 1538; x_wconf 77' lang='grc' dir='ltr'><strong>ο</strong></span> <span class='ocrx_word' id='word_1_205' title='bbox 3755 1525 3774 1558; x_wconf 80' lang='grc' dir='ltr'><strong>ι</strong></span> <span class='ocrx_word' id='word_1_206' title='bbox 3795 1506 4088 1578; x_wconf 88' lang='grc' dir='ltr'>Πάροικος,</span> 
     </span>
    </p>
   </div>
   <div class='ocr_carea' id='block_1_29' title="bbox 2518 1595 4088 1676">
    <p class='ocr_par' dir='ltr' id='par_1_29' title="bbox 2518 1595 4088 1676">
     <span class='ocr_line' id='line_1_29' title="bbox 2518 1595 4088 1676; baseline -0.006 -18"><span class='ocrx_word' id='word_1_207' title='bbox 2518 1618 2702 1676; x_wconf 75' lang='grc' dir='ltr'>φησιν,</span> <span class='ocrx_word' id='word_1_208' title='bbox 2728 1605 2786 1656; x_wconf 81' lang='grc' dir='ltr'>ὲν</span> <span class='ocrx_word' id='word_1_209' title='bbox 2833 1604 2901 1673; x_wconf 78' lang='grc' dir='ltr'><strong>τῇ</strong></span> <span class='ocrx_word' id='word_1_210' title='bbox 2930 1604 3037 1673; x_wconf 84' lang='grc' dir='ltr'>γῇ,</span> <span class='ocrx_word' id='word_1_211' title='bbox 3066 1604 3163 1657; x_wconf 77' lang='grc' dir='ltr'><strong>καὶ</strong></span> <span class='ocrx_word' id='word_1_212' title='bbox 3217 1601 3593 1674; x_wconf 86' lang='grc' dir='ltr'>παρεπίδημος</span> <span class='ocrx_word' id='word_1_213' title='bbox 3642 1597 3754 1666; x_wconf 79' lang='grc' dir='ltr'><strong>ἐγώ</strong></span> <span class='ocrx_word' id='word_1_214' title='bbox 3795 1599 3913 1668; x_wconf 83' lang='grc' dir='ltr'>είμι</span> <span class='ocrx_word' id='word_1_215' title='bbox 3968 1595 4088 1668; x_wconf 81' lang='grc' dir='ltr'>μεθ’</span> 
     </span>
    </p>
   </div>
   <div class='ocr_carea' id='block_1_30' title="bbox 2517 1686 4089 1762">
    <p class='ocr_par' dir='ltr' id='par_1_30' title="bbox 2517 1686 4089 1762">
     <span class='ocr_line' id='line_1_30' title="bbox 2517 1686 4089 1762; baseline -0.004 -18"><span class='ocrx_word' id='word_1_216' title='bbox 2517 1691 2690 1761; x_wconf 85' lang='grc' dir='ltr'>ὑμῶν.</span> <span class='ocrx_word' id='word_1_217' title='bbox 2731 1709 2751 1741; x_wconf 71' lang='grc' dir='ltr'><strong>ι</strong></span> <span class='ocrx_word' id='word_1_218' title='bbox 2791 1689 2902 1741; x_wconf 79' lang='grc' dir='ltr'><strong>Καὶ</strong></span> <span class='ocrx_word' id='word_1_219' title='bbox 2934 1689 3183 1743; x_wconf 78' lang='grc' dir='ltr'>ἐντεῦθεν</span> <span class='ocrx_word' id='word_1_220' title='bbox 3210 1690 3365 1762; x_wconf 78' lang='grc' dir='ltr'>ξένην</span> <span class='ocrx_word' id='word_1_221' title='bbox 3388 1691 3485 1759; x_wconf 81' lang='grc' dir='ltr'>τὴν</span> <span class='ocrx_word' id='word_1_222' title='bbox 3514 1686 3739 1758; x_wconf 73' lang='grc' dir='ltr'>ἐκλογὴν</span> <span class='ocrx_word' id='word_1_223' title='bbox 3756 1686 3851 1740; x_wconf 80' lang='grc' dir='ltr'><strong>τοῦ</strong></span> <span class='ocrx_word' id='word_1_224' title='bbox 3882 1687 4089 1757; x_wconf 81' lang='grc' dir='ltr'>κόσμου</span> 
     </span>
    </p>
   </div>
   <div class='ocr_carea' id='block_1_31' title="bbox 2515 1779 4090 1853">
    <p class='ocr_par' dir='ltr' id='par_1_31' title="bbox 2515 1779 4090 1853">
     <span class='ocr_line' id='line_1_31' title="bbox 2515 1779 4090 1853; baseline -0.003 -18"><span class='ocrx_word' id='word_1_225' title='bbox 2515 1784 2543 1835; x_wconf 86' lang='grc' dir='ltr'><strong>ὀ</strong></span> <span class='ocrx_word' id='word_1_226' title='bbox 2574 1781 2889 1853; x_wconf 73' lang='grc' dir='ltr'><strong>Βασιλείδης</strong></span> <span class='ocrx_word' id='word_1_227' title='bbox 2912 1781 3192 1851; x_wconf 78' lang='grc' dir='ltr'>εἰληφέναι</span> <span class='ocrx_word' id='word_1_228' title='bbox 3222 1783 3392 1852; x_wconf 81' lang='grc' dir='ltr'>λέγει,</span> <span class='ocrx_word' id='word_1_229' title='bbox 3407 1783 3483 1846; x_wconf 86' lang='grc' dir='ltr'><strong>ὡς</strong></span> <span class='ocrx_word' id='word_1_230' title='bbox 3509 1779 3952 1851; x_wconf 78' lang='grc' dir='ltr'>ἂνύπερκόσμιον</span> <span class='ocrx_word' id='word_1_231' title='bbox 3987 1779 4090 1848; x_wconf 83' lang='grc' dir='ltr'><strong>φύ-</strong></span> 
     </span>
    </p>
   </div>
   <div class='ocr_carea' id='block_1_32' title="bbox 2515 1871 4091 1945">
    <p class='ocr_par' dir='ltr' id='par_1_32' title="bbox 2515 1871 4091 1945">
     <span class='ocr_line' id='line_1_32' title="bbox 2515 1871 4091 1945; baseline -0.003 -17"><span class='ocrx_word' id='word_1_232' title='bbox 2515 1892 2599 1927; x_wconf 90' lang='grc' dir='ltr'><strong>σει</strong></span> <span class='ocrx_word' id='word_1_233' title='bbox 2632 1872 2813 1928; x_wconf 81' lang='grc' dir='ltr'>οὖσαν.</span> <span class='ocrx_word' id='word_1_234' title='bbox 2839 1874 2913 1926; x_wconf 86' lang='grc' dir='ltr'><strong>Τὸ</strong></span> <span class='ocrx_word' id='word_1_235' title='bbox 2942 1874 2989 1927; x_wconf 86' lang='grc' dir='ltr'>δ’</span> <span class='ocrx_word' id='word_1_236' title='bbox 3012 1874 3111 1944; x_wconf 88' lang='grc' dir='ltr'><strong>οὐχ</strong></span> <span class='ocrx_word' id='word_1_237' title='bbox 3143 1873 3317 1938; x_wconf 71' lang='grc' dir='ltr'>οὕτως</span> <span class='ocrx_word' id='word_1_238' title='bbox 3346 1875 3459 1945; x_wconf 76' lang='grc' dir='ltr'>ἔχει</span> <span class='ocrx_word' id='word_1_239' title='bbox 3483 1891 3497 1905; x_wconf 74' lang='grc' dir='ltr'><strong>ο</strong></span> <span class='ocrx_word' id='word_1_240' title='bbox 3532 1874 3650 1937; x_wconf 81' lang='grc' dir='ltr'>ἐνὸς</span> <span class='ocrx_word' id='word_1_241' title='bbox 3675 1871 3783 1943; x_wconf 81' lang='grc' dir='ltr'>γὰρ</span> <span class='ocrx_word' id='word_1_242' title='bbox 3805 1871 3874 1924; x_wconf 85' lang='grc' dir='ltr'>τὰ</span> <span class='ocrx_word' id='word_1_243' title='bbox 3911 1872 4091 1925; x_wconf 76' lang='grc' dir='ltr'>πάντα</span> 
     </span>
    </p>
   </div>
   <div class='ocr_carea' id='block_1_33' title="bbox 2513 1963 4089 2037">
    <p class='ocr_par' dir='ltr' id='par_1_33' title="bbox 2513 1963 4089 2037">
     <span class='ocr_line' id='line_1_33' title="bbox 2513 1963 4089 2037; baseline -0.003 -18"><span class='ocrx_word' id='word_1_244' title='bbox 2513 1966 2649 2019; x_wconf 77' lang='grc' dir='ltr'>Θεοῦ</span> <span class='ocrx_word' id='word_1_245' title='bbox 2669 1982 2681 1995; x_wconf 92' lang='grc'><strong>·</strong></span> <span class='ocrx_word' id='word_1_246' title='bbox 2716 1968 2807 2019; x_wconf 80' lang='grc' dir='ltr'><strong>καὶ</strong></span> <span class='ocrx_word' id='word_1_247' title='bbox 2853 1966 2952 2018; x_wconf 87' lang='grc' dir='ltr'><strong>οὐκ</strong></span> <span class='ocrx_word' id='word_1_248' title='bbox 2981 1965 3053 2018; x_wconf 84' lang='grc' dir='ltr'><strong>ἀν</strong></span> <span class='ocrx_word' id='word_1_249' title='bbox 3076 1982 3161 2028; x_wconf 87' lang='grc' dir='ltr'><strong>τις</strong></span> <span class='ocrx_word' id='word_1_250' title='bbox 3192 1966 3277 2037; x_wconf 85' lang='grc' dir='ltr'><strong>είη</strong></span> <span class='ocrx_word' id='word_1_251' title='bbox 3326 1967 3484 2034; x_wconf 78' lang='grc' dir='ltr'>φύσει</span> <span class='ocrx_word' id='word_1_252' title='bbox 3533 1964 3628 2019; x_wconf 82' lang='grc' dir='ltr'>τοῦ</span> <span class='ocrx_word' id='word_1_253' title='bbox 3666 1965 3869 2034; x_wconf 83' lang='grc' dir='ltr'>κόσμου</span> <span class='ocrx_word' id='word_1_254' title='bbox 3899 1963 4047 2029; x_wconf 81' lang='grc' dir='ltr'>ξένος</span> <span class='ocrx_word' id='word_1_255' title='bbox 4073 2002 4089 2024; x_wconf 89' lang='grc'><strong>,</strong></span> 
     </span>
    </p>
   </div>
   <div class='ocr_carea' id='block_1_34' title="bbox 839 2049 2602 2134">
    <p class='ocr_par' dir='ltr' id='par_1_34' title="bbox 839 2049 2602 2130">
     <span class='ocr_line' id='line_1_34' title="bbox 839 2049 2602 2130; baseline 0.005 -26"><span class='ocrx_word' id='word_1_256' title='bbox 839 2057 965 2104; x_wconf 87' lang='lat' dir='ltr'><strong>tura</strong></span> <span class='ocrx_word' id='word_1_257' title='bbox 991 2052 1456 2120; x_wconf 79' lang='lat' dir='ltr'><strong>supramundana.</strong></span> <span class='ocrx_word' id='word_1_258' title='bbox 1504 2050 1617 2106; x_wconf 86' lang='lat' dir='ltr'><strong>Hoc</strong></span> <span class='ocrx_word' id='word_1_259' title='bbox 1657 2064 1840 2108; x_wconf 87' lang='lat' dir='ltr'><strong>autem</strong></span> <span class='ocrx_word' id='word_1_260' title='bbox 1870 2069 1982 2109; x_wconf 90' lang='lat' dir='ltr'><strong>non</strong></span> <span class='ocrx_word' id='word_1_261' title='bbox 2011 2055 2085 2109; x_wconf 85' lang='lat' dir='ltr'><strong>ita</strong></span> <span class='ocrx_word' id='word_1_262' title='bbox 2115 2070 2176 2111; x_wconf 86' lang='lat' dir='ltr'><strong>se</strong></span> <span class='ocrx_word' id='word_1_263' title='bbox 2214 2055 2409 2110; x_wconf 86' lang='lat' dir='ltr'><strong>habet:</strong></span> <span class='ocrx_word' id='word_1_264' title='bbox 2445 2049 2489 2105; x_wconf 85' lang='lat' dir='ltr'><strong>B</strong></span> <span class='ocrx_word' id='word_1_265' title='bbox 2521 2061 2602 2130; x_wconf 77' lang='grc' dir='ltr'>μιὲ</span> 
     </span>
    </p>
   </div>
   <div class='ocr_carea' id='block_1_35' title="bbox 2329 2049 4092 2134">
    <p class='ocr_par' dir='ltr' id='par_1_35' title="bbox 2329 2049 4092 2134">
     <span class='ocr_line' id='line_1_35' title="bbox 2329 2049 4092 2134; baseline -0.002 -24"><span class='ocrx_word' id='word_1_266' title='bbox 2329 2066 2409 2110; x_wconf 88' lang='lat' dir='ltr'><strong>et:</strong></span> <span class='ocrx_word' id='word_1_267' title='bbox 2445 2049 2489 2105; x_wconf 85' lang='grc' dir='ltr'><strong>Β</strong></span> <span class='ocrx_word' id='word_1_268' title='bbox 2521 2060 2650 2130; x_wconf 79' lang='grc' dir='ltr'>μιᾶς</span> <span class='ocrx_word' id='word_1_269' title='bbox 2685 2059 2785 2131; x_wconf 84' lang='grc' dir='ltr'><strong>μὲν</strong></span> <span class='ocrx_word' id='word_1_270' title='bbox 2812 2060 2911 2129; x_wconf 81' lang='grc' dir='ltr'>τῆς</span> <span class='ocrx_word' id='word_1_271' title='bbox 2942 2058 3129 2134; x_wconf 79' lang='grc' dir='ltr'>οὐσίας</span> <span class='ocrx_word' id='word_1_272' title='bbox 3162 2056 3350 2128; x_wconf 73' lang='grc' dir='ltr'>οὔσης,</span> <span class='ocrx_word' id='word_1_273' title='bbox 3381 2059 3499 2122; x_wconf 79' lang='grc' dir='ltr'>ἑνὸς</span> <span class='ocrx_word' id='word_1_274' title='bbox 3522 2058 3581 2111; x_wconf 79' lang='grc' dir='ltr'>δὲ</span> <span class='ocrx_word' id='word_1_275' title='bbox 3611 2057 3702 2110; x_wconf 80' lang='grc' dir='ltr'>τοῦ</span> <span class='ocrx_word' id='word_1_276' title='bbox 3727 2055 3888 2109; x_wconf 75' lang='grc' dir='ltr'>Θεοῦο</span> <span class='ocrx_word' id='word_1_277' title='bbox 3919 2054 4032 2107; x_wconf 82' lang='grc' dir='ltr'>ἀλλ’</span> <span class='ocrx_word' id='word_1_278' title='bbox 4061 2055 4092 2105; x_wconf 89' lang='grc' dir='ltr'>ὁ</span> 
     </span>
    </p>
   </div>
   <div class='ocr_carea' id='block_1_36' title="bbox 838 2140 2415 2218">
    <p class='ocr_par' dir='ltr' id='par_1_36' title="bbox 838 2140 2415 2218">
     <span class='ocr_line' id='line_1_36' title="bbox 838 2140 2415 2218; baseline 0.004 -24"><span class='ocrx_word' id='word_1_279' title='bbox 838 2141 1001 2195; x_wconf 88' lang='lat' dir='ltr'><strong>unius</strong></span> <span class='ocrx_word' id='word_1_280' title='bbox 1029 2142 1174 2195; x_wconf 90' lang='lat' dir='ltr'><strong>enim</strong></span> <span class='ocrx_word' id='word_1_281' title='bbox 1212 2140 1304 2195; x_wconf 89' lang='lat' dir='ltr'><strong>Dei</strong></span> <span class='ocrx_word' id='word_1_282' title='bbox 1342 2151 1472 2197; x_wconf 90' lang='lat' dir='ltr'><strong>sunt</strong></span> <span class='ocrx_word' id='word_1_283' title='bbox 1501 2145 1684 2199; x_wconf 88' lang='lat' dir='ltr'><strong>omnia</strong></span> <span class='ocrx_word' id='word_1_284' title='bbox 1716 2164 1731 2211; x_wconf 92' lang='lat'><strong>;</strong></span> <span class='ocrx_word' id='word_1_285' title='bbox 1763 2161 1940 2216; x_wconf 91' lang='lat' dir='ltr'><strong>neque</strong></span> <span class='ocrx_word' id='word_1_286' title='bbox 1956 2147 2062 2202; x_wconf 92' lang='lat' dir='ltr'><strong>erit</strong></span> <span class='ocrx_word' id='word_1_287' title='bbox 2086 2148 2289 2218; x_wconf 88' lang='lat' dir='ltr'><strong>aliquis</strong></span> <span class='ocrx_word' id='word_1_288' title='bbox 2316 2165 2415 2201; x_wconf 91' lang='lat' dir='ltr'><strong>na-</strong></span> 
     </span>
    </p>
   </div>
   <div class='ocr_carea' id='block_1_37' title="bbox 840 2236 2415 2310">
    <p class='ocr_par' dir='ltr' id='par_1_37' title="bbox 840 2236 2415 2310">
     <span class='ocr_line' id='line_1_37' title="bbox 840 2236 2415 2310; baseline 0.004 -22"><span class='ocrx_word' id='word_1_289' title='bbox 840 2243 962 2288; x_wconf 91' lang='lat' dir='ltr'><strong>tura</strong></span> <span class='ocrx_word' id='word_1_290' title='bbox 992 2236 1182 2290; x_wconf 89' lang='lat' dir='ltr'><strong>mundi</strong></span> <span class='ocrx_word' id='word_1_291' title='bbox 1217 2236 1440 2305; x_wconf 85' lang='lat' dir='ltr'><strong>hospes,</strong></span> <span class='ocrx_word' id='word_1_292' title='bbox 1482 2253 1607 2292; x_wconf 92' lang='lat' dir='ltr'><strong>eum</strong></span> <span class='ocrx_word' id='word_1_293' title='bbox 1641 2238 1713 2293; x_wconf 89' lang='lat' dir='ltr'><strong>sit</strong></span> <span class='ocrx_word' id='word_1_294' title='bbox 1738 2255 1845 2293; x_wconf 86' lang='lat' dir='ltr'><strong>una</strong></span> <span class='ocrx_word' id='word_1_295' title='bbox 1886 2242 2106 2310; x_wconf 92' lang='lat' dir='ltr'><strong>quidem</strong></span> <span class='ocrx_word' id='word_1_296' title='bbox 2158 2242 2415 2307; x_wconf 90' lang='lat' dir='ltr'><strong>essentia,</strong></span> 
     </span>
    </p>
   </div>
   <div class='ocr_carea' id='block_1_38' title="bbox 837 2330 2416 2404">
    <p class='ocr_par' dir='ltr' id='par_1_38' title="bbox 837 2330 2416 2404">
     <span class='ocr_line' id='line_1_38' title="bbox 837 2330 2416 2404; baseline 0.005 -25"><span class='ocrx_word' id='word_1_297' title='bbox 837 2341 988 2382; x_wconf 89' lang='lat' dir='ltr'><strong>unus</strong></span> <span class='ocrx_word' id='word_1_298' title='bbox 1029 2336 1212 2382; x_wconf 89' lang='lat' dir='ltr'><strong>autem</strong></span> <span class='ocrx_word' id='word_1_299' title='bbox 1255 2330 1419 2386; x_wconf 89' lang='lat' dir='ltr'><strong>Deus.</strong></span> <span class='ocrx_word' id='word_1_300' title='bbox 1453 2330 1560 2386; x_wconf 88' lang='lat' dir='ltr'><strong>Sed</strong></span> <span class='ocrx_word' id='word_1_301' title='bbox 1586 2333 1791 2387; x_wconf 86' lang='lat' dir='ltr'><strong>electus</strong></span> <span class='ocrx_word' id='word_1_302' title='bbox 1818 2333 1989 2387; x_wconf 88' lang='lat' dir='ltr'><strong>vitam</strong></span> <span class='ocrx_word' id='word_1_303' title='bbox 2019 2334 2131 2404; x_wconf 84' lang='lat' dir='ltr'><strong>agit</strong></span> <span class='ocrx_word' id='word_1_304' title='bbox 2160 2342 2416 2403; x_wconf 88' lang='lat' dir='ltr'><strong>tanquam</strong></span> 
     </span>
    </p>
   </div>
   <div class='ocr_carea' id='block_1_39' title="bbox 837 2419 2393 2493">
    <p class='ocr_par' dir='ltr' id='par_1_39' title="bbox 837 2419 2393 2493">
     <span class='ocr_line' id='line_1_39' title="bbox 837 2419 2393 2493; baseline 0.003 -19"><span class='ocrx_word' id='word_1_305' title='bbox 837 2419 1061 2491; x_wconf 83' lang='lat' dir='ltr'><strong>hospes,</strong></span> <span class='ocrx_word' id='word_1_306' title='bbox 1097 2423 1278 2476; x_wconf 85' lang='lat' dir='ltr'><strong>sciens</strong></span> <span class='ocrx_word' id='word_1_307' title='bbox 1312 2423 1493 2476; x_wconf 89' lang='lat' dir='ltr'><strong>omnia</strong></span> <span class='ocrx_word' id='word_1_308' title='bbox 1524 2438 1644 2477; x_wconf 86' lang='lat' dir='ltr'><strong>esse</strong></span> <span class='ocrx_word' id='word_1_309' title='bbox 1683 2424 2032 2493; x_wconf 79' lang='lat' dir='ltr'><strong>possidenda,</strong></span> <span class='ocrx_word' id='word_1_310' title='bbox 2064 2434 2119 2480; x_wconf 87' lang='lat' dir='ltr'><strong>et</strong></span> <span class='ocrx_word' id='word_1_311' title='bbox 2153 2426 2277 2480; x_wconf 90' lang='lat' dir='ltr'><strong>dein</strong></span> <span class='ocrx_word' id='word_1_312' title='bbox 2323 2442 2393 2479; x_wconf 75' lang='lat' dir='ltr'><strong>re</strong></span> 
     </span>
    </p>
   </div>
   <div class='ocr_carea' id='block_1_40' title="bbox 832 2512 2417 2585">
    <p class='ocr_par' dir='ltr' id='par_1_40' title="bbox 832 2512 2417 2585">
     <span class='ocr_line' id='line_1_40' title="bbox 832 2512 2417 2585; baseline 0.005 -22"><span class='ocrx_word' id='word_1_313' title='bbox 832 2512 1104 2581; x_wconf 86' lang='lat' dir='ltr'><strong>jicicnda;</strong></span> <span class='ocrx_word' id='word_1_314' title='bbox 1142 2528 1483 2583; x_wconf 70' lang='lat' dir='ltr'><strong>quaecunque</strong></span> <span class='ocrx_word' id='word_1_315' title='bbox 1517 2523 1703 2568; x_wconf 89' lang='lat' dir='ltr'><strong>autem</strong></span> <span class='ocrx_word' id='word_1_316' title='bbox 1738 2515 1881 2568; x_wconf 87' lang='lat' dir='ltr'><strong>bona</strong></span> <span class='ocrx_word' id='word_1_317' title='bbox 1908 2515 2142 2585; x_wconf 85' lang='lat' dir='ltr'><strong>triplicia</strong></span> <span class='ocrx_word' id='word_1_318' title='bbox 2180 2532 2301 2570; x_wconf 86' lang='lat' dir='ltr'><strong>esse</strong></span> <span class='ocrx_word' id='word_1_319' title='bbox 2321 2533 2417 2571; x_wconf 89' lang='lat' dir='ltr'><strong>vo-</strong></span> 
     </span>
    </p>
   </div>
   <div class='ocr_carea' id='block_1_41' title="bbox 836 2600 2413 2674">
    <p class='ocr_par' dir='ltr' id='par_1_41' title="bbox 836 2600 2413 2674">
     <span class='ocr_line' id='line_1_41' title="bbox 836 2600 2413 2674; baseline 0.002 -18"><span class='ocrx_word' id='word_1_320' title='bbox 836 2601 959 2656; x_wconf 90' lang='lat' dir='ltr'><strong>lunt</strong></span> <span class='ocrx_word' id='word_1_321' title='bbox 1007 2600 1389 2672; x_wconf 86' lang='lat' dir='ltr'><strong>Peripatetici,</strong></span> <span class='ocrx_word' id='word_1_322' title='bbox 1439 2603 1520 2657; x_wconf 89' lang='lat' dir='ltr'><strong>eis</strong></span> <span class='ocrx_word' id='word_1_323' title='bbox 1572 2602 1776 2668; x_wconf 90' lang='lat' dir='ltr'><strong>utitur;</strong></span> <span class='ocrx_word' id='word_1_324' title='bbox 1822 2604 2121 2673; x_wconf 90' lang='lat' dir='ltr'><strong>quinetiam</strong></span> <span class='ocrx_word' id='word_1_325' title='bbox 2164 2619 2413 2674; x_wconf 73' lang='lat' dir='ltr'><strong>corpore,</strong></span> 
     </span>
    </p>
   </div>
   <div class='ocr_carea' id='block_1_42' title="bbox 838 2694 2416 2766">
    <p class='ocr_par' dir='ltr' id='par_1_42' title="bbox 838 2694 2416 2766">
     <span class='ocr_line' id='line_1_42' title="bbox 838 2694 2416 2766; baseline 0.001 -17"><span class='ocrx_word' id='word_1_326' title='bbox 838 2695 981 2749; x_wconf 87' lang='lat' dir='ltr'><strong>sicut</strong></span> <span class='ocrx_word' id='word_1_327' title='bbox 1008 2695 1207 2764; x_wconf 87' lang='lat' dir='ltr'><strong>aliquis</strong></span> <span class='ocrx_word' id='word_1_328' title='bbox 1231 2694 1326 2764; x_wconf 89' lang='lat' dir='ltr'><strong>qui</strong></span> <span class='ocrx_word' id='word_1_329' title='bbox 1364 2695 1553 2765; x_wconf 87' lang='lat' dir='ltr'><strong>procul</strong></span> <span class='ocrx_word' id='word_1_330' title='bbox 1579 2711 1802 2766; x_wconf 78' lang='lat' dir='ltr'><strong>peregre</strong></span> <span class='ocrx_word' id='word_1_331' title='bbox 1818 2696 2209 2766; x_wconf 79' lang='lat' dir='ltr'><strong>proficiscitur,</strong></span> <span class='ocrx_word' id='word_1_332' title='bbox 2237 2698 2416 2751; x_wconf 86' lang='lat' dir='ltr'><strong>diver-</strong></span> 
     </span>
    </p>
   </div>
   <div class='ocr_carea' id='block_1_43' title="bbox 838 2786 2419 2856">
    <p class='ocr_par' dir='ltr' id='par_1_43' title="bbox 838 2786 2419 2856">
     <span class='ocr_line' id='line_1_43' title="bbox 838 2786 2419 2856; baseline 0 -15"><span class='ocrx_word' id='word_1_333' title='bbox 838 2787 1005 2841; x_wconf 85' lang='lat' dir='ltr'><strong>soriis</strong></span> <span class='ocrx_word' id='word_1_334' title='bbox 1031 2796 1085 2840; x_wconf 93' lang='lat' dir='ltr'><strong>et</strong></span> <span class='ocrx_word' id='word_1_335' title='bbox 1113 2786 1463 2849; x_wconf 86' lang='lat' dir='ltr'><strong>habitaculis,</strong></span> <span class='ocrx_word' id='word_1_336' title='bbox 1496 2803 1618 2856; x_wconf 68' lang='lat' dir='ltr'><strong>quae</strong></span> <span class='ocrx_word' id='word_1_337' title='bbox 1645 2788 1695 2841; x_wconf 89' lang='lat' dir='ltr'><strong>ei</strong></span> <span class='ocrx_word' id='word_1_338' title='bbox 1743 2788 1797 2840; x_wconf 90' lang='lat' dir='ltr'><strong>in</strong></span> <span class='ocrx_word' id='word_1_339' title='bbox 1826 2787 1915 2841; x_wconf 82' lang='lat' dir='ltr'><strong>via</strong></span> <span class='ocrx_word' id='word_1_340' title='bbox 1959 2800 2292 2854; x_wconf 87' lang='lat' dir='ltr'><strong>occurrunt;</strong></span> <span class='ocrx_word' id='word_1_341' title='bbox 2323 2805 2419 2843; x_wconf 92' lang='lat' dir='ltr'><strong>cu-</strong></span> 
     </span>
    </p>
   </div>
   <div class='ocr_carea' id='block_1_44' title="bbox 836 2878 2420 2947">
    <p class='ocr_par' dir='ltr' id='par_1_44' title="bbox 836 2878 2420 2947">
     <span class='ocr_line' id='line_1_44' title="bbox 836 2878 2420 2947; baseline 0.001 -15"><span class='ocrx_word' id='word_1_342' title='bbox 836 2892 956 2932; x_wconf 83' lang='lat' dir='ltr'><strong>ram</strong></span> <span class='ocrx_word' id='word_1_343' title='bbox 986 2878 1203 2947; x_wconf 88' lang='lat' dir='ltr'><strong>quidem</strong></span> <span class='ocrx_word' id='word_1_344' title='bbox 1229 2892 1424 2947; x_wconf 84' lang='lat' dir='ltr'><strong>gerens</strong></span> <span class='ocrx_word' id='word_1_345' title='bbox 1466 2880 1629 2932; x_wconf 84' lang='lat' dir='ltr'><strong>etiam</strong></span> <span class='ocrx_word' id='word_1_346' title='bbox 1687 2894 1871 2933; x_wconf 89' lang='lat' dir='ltr'><strong>rerum</strong></span> <span class='ocrx_word' id='word_1_347' title='bbox 1924 2880 2324 2934; x_wconf 83' lang='lat' dir='ltr'><strong>mundanarum</strong></span> <span class='ocrx_word' id='word_1_348' title='bbox 2366 2890 2420 2934; x_wconf 88' lang='lat' dir='ltr'><strong>ct</strong></span> 
     </span>
    </p>
   </div>
   <div class='ocr_carea' id='block_1_45' title="bbox 835 2967 2420 3037">
    <p class='ocr_par' dir='ltr' id='par_1_45' title="bbox 835 2967 2420 3037">
     <span class='ocr_line' id='line_1_45' title="bbox 835 2967 2420 3037; baseline 0.001 -14"><span class='ocrx_word' id='word_1_349' title='bbox 835 2967 962 3034; x_wconf 90' lang='lat' dir='ltr'><strong>loci,</strong></span> <span class='ocrx_word' id='word_1_350' title='bbox 988 2973 1041 3021; x_wconf 84' lang='lat' dir='ltr'><strong>fu</strong></span> <span class='ocrx_word' id='word_1_351' title='bbox 1068 2983 1178 3037; x_wconf 92' lang='lat' dir='ltr'><strong>quo</strong></span> <span class='ocrx_word' id='word_1_352' title='bbox 1205 2969 1517 3023; x_wconf 85' lang='lat' dir='ltr'><strong>diversatur</strong></span> <span class='ocrx_word' id='word_1_353' title='bbox 1556 2974 1615 3034; x_wconf 60' lang='grc' dir='ltr'><strong>ἦ(</strong></span> <span class='ocrx_word' id='word_1_354' title='bbox 1649 2987 1662 3035; x_wconf 90' lang='lat'><strong>;</strong></span> <span class='ocrx_word' id='word_1_355' title='bbox 1698 2970 2092 3025; x_wconf 86' lang='lat' dir='ltr'><strong>habitationem</strong></span> <span class='ocrx_word' id='word_1_356' title='bbox 2143 2982 2323 3026; x_wconf 91' lang='lat' dir='ltr'><strong>autem</strong></span> <span class='ocrx_word' id='word_1_357' title='bbox 2366 2983 2420 3025; x_wconf 85' lang='lat' dir='ltr'><strong>et</strong></span> 
     </span>
    </p>
   </div>
   <div class='ocr_carea' id='block_1_46' title="bbox 835 3060 2416 3132">
    <p class='ocr_par' dir='ltr' id='par_1_46' title="bbox 835 3060 2416 3132">
     <span class='ocr_line' id='line_1_46' title="bbox 835 3060 2416 3132; baseline 0.001 -19"><span class='ocrx_word' id='word_1_358' title='bbox 835 3060 1266 3131; x_wconf 86' lang='lat' dir='ltr'><strong>possessionem,</strong></span> <span class='ocrx_word' id='word_1_359' title='bbox 1300 3060 1444 3115; x_wconf 88' lang='lat' dir='ltr'><strong>sicut</strong></span> <span class='ocrx_word' id='word_1_360' title='bbox 1466 3060 1630 3113; x_wconf 89' lang='lat' dir='ltr'><strong>etiam</strong></span> <span class='ocrx_word' id='word_1_361' title='bbox 1665 3075 1849 3122; x_wconf 92' lang='lat' dir='ltr'><strong>usum,</strong></span> <span class='ocrx_word' id='word_1_362' title='bbox 1886 3061 2201 3132; x_wconf 91' lang='lat' dir='ltr'><strong>relinquens</strong></span> <span class='ocrx_word' id='word_1_363' title='bbox 2224 3102 2238 3125; x_wconf 92' lang='lat'><strong>,</strong></span> <span class='ocrx_word' id='word_1_364' title='bbox 2269 3063 2416 3116; x_wconf 87' lang='lat' dir='ltr'><strong>nulla</strong></span> 
     </span>
    </p>
   </div>
   <div class='ocr_carea' id='block_1_47' title="bbox 839 3154 2413 3224">
    <p class='ocr_par' dir='ltr' id='par_1_47' title="bbox 839 3154 2413 3224">
     <span class='ocr_line' id='line_1_47' title="bbox 839 3154 2413 3224; baseline 0.001 -16"><span class='ocrx_word' id='word_1_365' title='bbox 839 3164 1022 3208; x_wconf 88' lang='lat' dir='ltr'><strong>motus</strong></span> <span class='ocrx_word' id='word_1_366' title='bbox 1051 3154 1497 3224; x_wconf 90' lang='lat' dir='ltr'><strong>perturbatione;</strong></span> <span class='ocrx_word' id='word_1_367' title='bbox 1520 3165 1771 3223; x_wconf 90' lang='lat' dir='ltr'><strong>prompto</strong></span> <span class='ocrx_word' id='word_1_368' title='bbox 1800 3164 1854 3209; x_wconf 86' lang='lat' dir='ltr'><strong>et</strong></span> <span class='ocrx_word' id='word_1_369' title='bbox 1878 3155 2044 3211; x_wconf 88' lang='lat' dir='ltr'><strong>alacri</strong></span> <span class='ocrx_word' id='word_1_370' title='bbox 2079 3157 2262 3212; x_wconf 88' lang='lat' dir='ltr'><strong>animo</strong></span> <span class='ocrx_word' id='word_1_371' title='bbox 2289 3173 2413 3212; x_wconf 90' lang='lat' dir='ltr'><strong>eum</strong></span> 
     </span>
    </p>
   </div>
   <div class='ocr_carea' id='block_1_48' title="bbox 840 3247 2414 3317">
    <p class='ocr_par' dir='ltr' id='par_1_48' title="bbox 840 3247 2414 3317">
     <span class='ocr_line' id='line_1_48' title="bbox 840 3247 2414 3317; baseline 0.003 -18"><span class='ocrx_word' id='word_1_372' title='bbox 840 3262 1100 3316; x_wconf 86' lang='lat' dir='ltr'><strong>sequens,</strong></span> <span class='ocrx_word' id='word_1_373' title='bbox 1120 3249 1212 3317; x_wconf 87' lang='lat' dir='ltr'><strong>qui</strong></span> <span class='ocrx_word' id='word_1_374' title='bbox 1242 3264 1272 3302; x_wconf 91' lang='lat' dir='ltr'><strong>e</strong></span> <span class='ocrx_word' id='word_1_375' title='bbox 1302 3248 1415 3301; x_wconf 87' lang='lat' dir='ltr'><strong>vita</strong></span> <span class='ocrx_word' id='word_1_376' title='bbox 1448 3247 1692 3309; x_wconf 89' lang='lat' dir='ltr'><strong>abducit,</strong></span> <span class='ocrx_word' id='word_1_377' title='bbox 1720 3247 1867 3301; x_wconf 86' lang='lat' dir='ltr'><strong>nulla</strong></span> <span class='ocrx_word' id='word_1_378' title='bbox 1892 3251 2183 3304; x_wconf 88' lang='lat' dir='ltr'><strong>occasione</strong></span> <span class='ocrx_word' id='word_1_379' title='bbox 2213 3267 2271 3305; x_wconf 90' lang='lat' dir='ltr'><strong>se</strong></span> <span class='ocrx_word' id='word_1_380' title='bbox 2308 3266 2414 3303; x_wconf 88' lang='lat' dir='ltr'><strong>uu-</strong></span> 
     </span>
    </p>
   </div>
   <div class='ocr_carea' id='block_1_49' title="bbox 838 3342 2415 3413">
    <p class='ocr_par' dir='ltr' id='par_1_49' title="bbox 838 3342 2415 3413">
     <span class='ocr_line' id='line_1_49' title="bbox 838 3342 2415 3413; baseline 0.004 -24"><span class='ocrx_word' id='word_1_381' title='bbox 838 3354 1001 3407; x_wconf 87' lang='lat' dir='ltr'><strong>quam</strong></span> <span class='ocrx_word' id='word_1_382' title='bbox 1029 3350 1173 3392; x_wconf 86' lang='lat' dir='ltr'><strong>retro</strong></span> <span class='ocrx_word' id='word_1_383' title='bbox 1194 3350 1522 3395; x_wconf 82' lang='lat' dir='ltr'><strong>convertens</strong></span> <span class='ocrx_word' id='word_1_384' title='bbox 1547 3358 1563 3407; x_wconf 90' lang='lat'><strong>;</strong></span> <span class='ocrx_word' id='word_1_385' title='bbox 1589 3342 1659 3396; x_wconf 92' lang='lat' dir='ltr'><strong>ob</strong></span> <span class='ocrx_word' id='word_1_386' title='bbox 1682 3343 1977 3396; x_wconf 90' lang='lat' dir='ltr'><strong>incolatum</strong></span> <span class='ocrx_word' id='word_1_387' title='bbox 2006 3342 2223 3411; x_wconf 81' lang='lat' dir='ltr'><strong>quidem</strong></span> <span class='ocrx_word' id='word_1_388' title='bbox 2249 3357 2415 3413; x_wconf 82' lang='lat' dir='ltr'><strong>agens</strong></span> 
     </span>
    </p>
   </div>
   <div class='ocr_carea' id='block_1_50' title="bbox 840 3430 2411 3501">
    <p class='ocr_par' dir='ltr' id='par_1_50' title="bbox 840 3430 2411 3501">
     <span class='ocr_line' id='line_1_50' title="bbox 840 3430 2411 3501; baseline 0.003 -21"><span class='ocrx_word' id='word_1_389' title='bbox 840 3430 1065 3497; x_wconf 77' lang='lat' dir='ltr'><strong>gratias,</strong></span> <span class='ocrx_word' id='word_1_390' title='bbox 1087 3431 1414 3486; x_wconf 90' lang='lat' dir='ltr'><strong>benedicens</strong></span> <span class='ocrx_word' id='word_1_391' title='bbox 1442 3441 1624 3487; x_wconf 89' lang='lat' dir='ltr'><strong>autem</strong></span> <span class='ocrx_word' id='word_1_392' title='bbox 1652 3443 1873 3501; x_wconf 91' lang='lat' dir='ltr'><strong>propter</strong></span> <span class='ocrx_word' id='word_1_393' title='bbox 1892 3432 2120 3497; x_wconf 83' lang='lat' dir='ltr'><strong>exitum,</strong></span> <span class='ocrx_word' id='word_1_394' title='bbox 2138 3432 2411 3486; x_wconf 80' lang='lat' dir='ltr'><strong>caelestem</strong></span> 
     </span>
    </p>
   </div>
   <div class='ocr_carea' id='block_1_51' title="bbox 842 3522 2414 3592">
    <p class='ocr_par' dir='ltr' id='par_1_51' title="bbox 842 3522 2414 3592">
     <span class='ocr_line' id='line_1_51' title="bbox 842 3522 2414 3592; baseline 0.002 -21"><span class='ocrx_word' id='word_1_395' title='bbox 842 3522 1177 3589; x_wconf 89' lang='lat' dir='ltr'><strong>amplectens</strong></span> <span class='ocrx_word' id='word_1_396' title='bbox 1224 3524 1589 3578; x_wconf 89' lang='lat' dir='ltr'><strong>mansionem.</strong></span> <span class='ocrx_word' id='word_1_397' title='bbox 1631 3542 1650 3574; x_wconf 83' lang='grc' dir='ltr'><strong>ι</strong></span> <span class='ocrx_word' id='word_1_398' title='bbox 1685 3522 1903 3578; x_wconf 87' lang='lat' dir='ltr'><strong>Scimus</strong></span> <span class='ocrx_word' id='word_1_399' title='bbox 1936 3523 2083 3577; x_wconf 90' lang='lat' dir='ltr'><strong>cnim</strong></span> <span class='ocrx_word' id='word_1_400' title='bbox 2114 3564 2130 3590; x_wconf 90' lang='lat'><strong>,</strong></span> <span class='ocrx_word' id='word_1_401' title='bbox 2179 3523 2321 3592; x_wconf 88' lang='lat' dir='ltr'><strong>quod</strong></span> <span class='ocrx_word' id='word_1_402' title='bbox 2373 3524 2414 3577; x_wconf 87' lang='lat' dir='ltr'><strong>si</strong></span> 
     </span>
    </p>
   </div>
   <div class='ocr_carea' id='block_1_52' title="bbox 842 3614 2414 3677">
    <p class='ocr_par' dir='ltr' id='par_1_52' title="bbox 842 3614 2414 3677">
     <span class='ocr_line' id='line_1_52' title="bbox 842 3614 2414 3677; baseline 0.002 -13"><span class='ocrx_word' id='word_1_403' title='bbox 842 3620 1055 3666; x_wconf 88' lang='lat' dir='ltr'><strong>terrena</strong></span> <span class='ocrx_word' id='word_1_404' title='bbox 1080 3624 1265 3668; x_wconf 89' lang='lat' dir='ltr'><strong>nostra</strong></span> <span class='ocrx_word' id='word_1_405' title='bbox 1287 3614 1551 3670; x_wconf 88' lang='lat' dir='ltr'><strong>habitatio</strong></span> <span class='ocrx_word' id='word_1_406' title='bbox 1576 3615 1908 3669; x_wconf 87' lang='lat' dir='ltr'><strong>tabernaculi</strong></span> <span class='ocrx_word' id='word_1_407' title='bbox 1931 3615 2197 3671; x_wconf 85' lang='lat' dir='ltr'><strong>dissoluta</strong></span> <span class='ocrx_word' id='word_1_408' title='bbox 2231 3614 2414 3677; x_wconf 89' lang='lat' dir='ltr'><strong>fuerit,</strong></span> 
     </span>
    </p>
   </div>
   <div class='ocr_carea' id='block_1_53' title="bbox 840 3703 2417 3774">
    <p class='ocr_par' dir='ltr' id='par_1_53' title="bbox 840 3703 2417 3774">
     <span class='ocr_line' id='line_1_53' title="bbox 840 3703 2417 3774; baseline 0.002 -16"><span class='ocrx_word' id='word_1_409' title='bbox 840 3703 1130 3758; x_wconf 67' lang='lat' dir='ltr'><strong>aedificium</strong></span> <span class='ocrx_word' id='word_1_410' title='bbox 1162 3722 1193 3760; x_wconf 73' lang='grc' dir='ltr'><strong>ει</strong></span> <span class='ocrx_word' id='word_1_411' title='bbox 1229 3705 1340 3760; x_wconf 91' lang='lat' dir='ltr'><strong>Deo</strong></span> <span class='ocrx_word' id='word_1_412' title='bbox 1374 3707 1641 3762; x_wconf 87' lang='lat' dir='ltr'><strong>habemus</strong></span> <span class='ocrx_word' id='word_1_413' title='bbox 1669 3749 1684 3774; x_wconf 89' lang='lat'><strong>,</strong></span> <span class='ocrx_word' id='word_1_414' title='bbox 1750 3708 1973 3762; x_wconf 91' lang='lat' dir='ltr'><strong>domum</strong></span> <span class='ocrx_word' id='word_1_415' title='bbox 2021 3723 2128 3761; x_wconf 84' lang='lat' dir='ltr'><strong>non</strong></span> <span class='ocrx_word' id='word_1_416' title='bbox 2167 3706 2417 3761; x_wconf 78' lang='lat' dir='ltr'><strong>manufa-</strong></span> 
     </span>
    </p>
   </div>
   <div class='ocr_carea' id='block_1_54' title="bbox 841 3796 2405 3867">
    <p class='ocr_par' dir='ltr' id='par_1_54' title="bbox 841 3796 2405 3867">
     <span class='ocr_line' id='line_1_54' title="bbox 841 3796 2405 3867; baseline 0.002 -19"><span class='ocrx_word' id='word_1_417' title='bbox 841 3805 984 3848; x_wconf 83' lang='lat' dir='ltr'><strong>ctam</strong></span> <span class='ocrx_word' id='word_1_418' title='bbox 1012 3805 1267 3849; x_wconf 78' lang='lat' dir='ltr'><strong>a-teruam</strong></span> <span class='ocrx_word' id='word_1_419' title='bbox 1300 3796 1354 3850; x_wconf 91' lang='lat' dir='ltr'><strong>in</strong></span> <span class='ocrx_word' id='word_1_420' title='bbox 1400 3798 1576 3851; x_wconf 66' lang='lat' dir='ltr'><strong>caelis.</strong></span> <span class='ocrx_word' id='word_1_421' title='bbox 1631 3796 1843 3852; x_wconf 85' lang='lat' dir='ltr'><strong>Etenim</strong></span> <span class='ocrx_word' id='word_1_422' title='bbox 1882 3799 1934 3852; x_wconf 92' lang='lat' dir='ltr'><strong>in</strong></span> <span class='ocrx_word' id='word_1_423' title='bbox 1970 3800 2072 3853; x_wconf 91' lang='lat' dir='ltr'><strong>hoc</strong></span> <span class='ocrx_word' id='word_1_424' title='bbox 2100 3798 2405 3867; x_wconf 79' lang='lat' dir='ltr'><strong>ingemisci-</strong></span> 
     </span>
    </p>
   </div>
   <div class='ocr_carea' id='block_1_55' title="bbox 845 3888 2419 3961">
    <p class='ocr_par' dir='ltr' id='par_1_55' title="bbox 845 3888 2419 3961">
     <span class='ocr_line' id='line_1_55' title="bbox 845 3888 2419 3961; baseline 0.004 -23"><span class='ocrx_word' id='word_1_425' title='bbox 845 3903 990 3950; x_wconf 88' lang='lat' dir='ltr'><strong>mus,</strong></span> <span class='ocrx_word' id='word_1_426' title='bbox 1018 3888 1390 3943; x_wconf 89' lang='lat' dir='ltr'><strong>habitaculum</strong></span> <span class='ocrx_word' id='word_1_427' title='bbox 1422 3899 1692 3957; x_wconf 86' lang='lat' dir='ltr'><strong>nostrum,</strong></span> <span class='ocrx_word' id='word_1_428' title='bbox 1724 3889 1871 3961; x_wconf 89' lang='lat' dir='ltr'><strong>quod</strong></span> <span class='ocrx_word' id='word_1_429' title='bbox 1902 3900 2088 3945; x_wconf 77' lang='lat' dir='ltr'><strong>est-cx</strong></span> <span class='ocrx_word' id='word_1_430' title='bbox 2112 3891 2253 3944; x_wconf 70' lang='lat' dir='ltr'><strong>cmlo</strong></span> <span class='ocrx_word' id='word_1_431' title='bbox 2277 3931 2292 3955; x_wconf 92' lang='lat'><strong>,</strong></span> <span class='ocrx_word' id='word_1_432' title='bbox 2327 3907 2419 3944; x_wconf 91' lang='lat' dir='ltr'><strong>su-</strong></span> 
     </span>
    </p>
   </div>
   <div class='ocr_carea' id='block_1_56' title="bbox 842 3982 2416 4055">
    <p class='ocr_par' dir='ltr' id='par_1_56' title="bbox 842 3982 2416 4055">
     <span class='ocr_line' id='line_1_56' title="bbox 842 3982 2416 4055; baseline 0.001 -20"><span class='ocrx_word' id='word_1_433' title='bbox 842 3982 1096 4052; x_wconf 90' lang='lat' dir='ltr'><strong>perindui</strong></span> <span class='ocrx_word' id='word_1_434' title='bbox 1149 3985 1470 4055; x_wconf 86' lang='lat' dir='ltr'><strong>cupientes;</strong></span> <span class='ocrx_word' id='word_1_435' title='bbox 1512 3984 1784 4054; x_wconf 88' lang='lat' dir='ltr'><strong>siquidem</strong></span> <span class='ocrx_word' id='word_1_436' title='bbox 1830 3985 1992 4039; x_wconf 92' lang='lat' dir='ltr'><strong>etiam</strong></span> <span class='ocrx_word' id='word_1_437' title='bbox 2037 3984 2254 4050; x_wconf 89' lang='lat' dir='ltr'><strong>induti,</strong></span> <span class='ocrx_word' id='word_1_438' title='bbox 2307 3999 2416 4037; x_wconf 89' lang='lat' dir='ltr'><strong>non</strong></span> 
     </span>
    </p>
   </div>
   <div class='ocr_carea' id='block_1_57' title="bbox 843 4075 2417 4138">
    <p class='ocr_par' dir='ltr' id='par_1_57' title="bbox 843 4075 2417 4138">
     <span class='ocr_line' id='line_1_57' title="bbox 843 4075 2417 4138; baseline -0.001 -11"><span class='ocrx_word' id='word_1_439' title='bbox 843 4075 973 4129; x_wconf 85' lang='lat' dir='ltr'><strong>nudi</strong></span> <span class='ocrx_word' id='word_1_440' title='bbox 1008 4075 1367 4130; x_wconf 77' lang='lat' dir='ltr'><strong>inveniemur.</strong></span> <span class='ocrx_word' id='word_1_441' title='bbox 1401 4075 1505 4131; x_wconf 91' lang='lat' dir='ltr'><strong>Per</strong></span> <span class='ocrx_word' id='word_1_442' title='bbox 1533 4075 1694 4129; x_wconf 84' lang='lat' dir='ltr'><strong>fidem</strong></span> <span class='ocrx_word' id='word_1_443' title='bbox 1731 4075 1878 4129; x_wconf 90' lang='lat' dir='ltr'><strong>enim</strong></span> <span class='ocrx_word' id='word_1_444' title='bbox 1905 4075 2276 4138; x_wconf 89' lang='lat' dir='ltr'><strong>ambulamus,</strong></span> <span class='ocrx_word' id='word_1_445' title='bbox 2312 4090 2417 4128; x_wconf 86' lang='lat' dir='ltr'><strong>non</strong></span> 
     </span>
    </p>
   </div>
   <div class='ocr_carea' id='block_1_58' title="bbox 842 4166 2421 4239">
    <p class='ocr_par' dir='ltr' id='par_1_58' title="bbox 842 4166 2421 4239">
     <span class='ocr_line' id='line_1_58' title="bbox 842 4166 2421 4239; baseline 0.001 -19"><span class='ocrx_word' id='word_1_446' title='bbox 842 4182 939 4237; x_wconf 88' lang='lat' dir='ltr'><strong>per</strong></span> <span class='ocrx_word' id='word_1_447' title='bbox 966 4168 1269 4238; x_wconf 63' lang='lat' dir='ltr'><strong>spcciem,{»</strong></span> <span class='ocrx_word' id='word_1_448' title='bbox 1294 4178 1350 4223; x_wconf 95' lang='lat' dir='ltr'><strong>ut</strong></span> <span class='ocrx_word' id='word_1_449' title='bbox 1378 4170 1454 4223; x_wconf 89' lang='lat' dir='ltr'><strong>ait</strong></span> <span class='ocrx_word' id='word_1_450' title='bbox 1484 4167 1779 4238; x_wconf 85' lang='lat' dir='ltr'><strong>Apostolus</strong></span> <span class='ocrx_word' id='word_1_451' title='bbox 1795 4167 1845 4223; x_wconf 71' lang='grc' dir='ltr'><strong>δ.</strong></span> <span class='ocrx_word' id='word_1_452' title='bbox 1875 4186 1894 4220; x_wconf 81' lang='grc' dir='ltr'><strong>ι</strong></span> <span class='ocrx_word' id='word_1_453' title='bbox 1925 4166 2098 4239; x_wconf 81' lang='lat' dir='ltr'><strong>Magis</strong></span> <span class='ocrx_word' id='word_1_454' title='bbox 2116 4180 2294 4223; x_wconf 88' lang='lat' dir='ltr'><strong>autem</strong></span> <span class='ocrx_word' id='word_1_455' title='bbox 2326 4183 2421 4222; x_wconf 88' lang='lat' dir='ltr'><strong>vo-</strong></span> 
     </span>
    </p>
   </div>
   <div class='ocr_carea' id='block_1_59' title="bbox 844 4256 2421 4328">
    <p class='ocr_par' dir='ltr' id='par_1_59' title="bbox 844 4256 2421 4328">
     <span class='ocr_line' id='line_1_59' title="bbox 844 4256 2421 4328; baseline 0.001 -19"><span class='ocrx_word' id='word_1_456' title='bbox 844 4257 1027 4311; x_wconf 91' lang='lat' dir='ltr'><strong>lumus</strong></span> <span class='ocrx_word' id='word_1_457' title='bbox 1056 4257 1389 4326; x_wconf 76' lang='lat' dir='ltr'><strong>peregrinari</strong></span> <span class='ocrx_word' id='word_1_458' title='bbox 1434 4273 1464 4311; x_wconf 88' lang='lat' dir='ltr'><strong>a</strong></span> <span class='ocrx_word' id='word_1_459' title='bbox 1513 4272 1743 4328; x_wconf 82' lang='lat' dir='ltr'><strong>corpore</strong></span> <span class='ocrx_word' id='word_1_460' title='bbox 1770 4298 1787 4324; x_wconf 88' lang='lat'><strong>,</strong></span> <span class='ocrx_word' id='word_1_461' title='bbox 1818 4264 1873 4312; x_wconf 89' lang='lat' dir='ltr'><strong>et</strong></span> <span class='ocrx_word' id='word_1_462' title='bbox 1900 4258 2043 4327; x_wconf 84' lang='lat' dir='ltr'><strong>apud</strong></span> <span class='ocrx_word' id='word_1_463' title='bbox 2075 4256 2248 4312; x_wconf 89' lang='lat' dir='ltr'><strong>Deum</strong></span> <span class='ocrx_word' id='word_1_464' title='bbox 2296 4274 2421 4312; x_wconf 86' lang='lat' dir='ltr'><strong>ver-</strong></span> 
     </span>
    </p>
   </div>
   <div class='ocr_carea' id='block_1_60' title="bbox 845 4346 2416 4418">
    <p class='ocr_par' dir='ltr' id='par_1_60' title="bbox 845 4346 2416 4418">
     <span class='ocr_line' id='line_1_60' title="bbox 845 4346 2416 4418; baseline 0.002 -17"><span class='ocrx_word' id='word_1_465' title='bbox 845 4347 1022 4401; x_wconf 61' lang='lat' dir='ltr'><strong>saris.</strong></span> <span class='ocrx_word' id='word_1_466' title='bbox 1065 4366 1083 4399; x_wconf 76' lang='grc' dir='ltr'><strong>ι</strong></span> <span class='ocrx_word' id='word_1_467' title='bbox 1130 4347 1292 4417; x_wconf 72' lang='grc'><strong>232</strong></span> <span class='ocrx_word' id='word_1_468' title='bbox 1339 4346 1509 4418; x_wconf 80' lang='lat' dir='ltr'><strong>Magis</strong></span> <span class='ocrx_word' id='word_1_469' title='bbox 1540 4358 1717 4403; x_wconf 87' lang='lat' dir='ltr'><strong>autem</strong></span> <span class='ocrx_word' id='word_1_470' title='bbox 1750 4357 1836 4403; x_wconf 92' lang='lat' dir='ltr'><strong>est</strong></span> <span class='ocrx_word' id='word_1_471' title='bbox 1865 4349 1920 4402; x_wconf 90' lang='lat' dir='ltr'><strong>iu</strong></span> <span class='ocrx_word' id='word_1_472' title='bbox 1976 4350 2416 4418; x_wconf 86' lang='lat' dir='ltr'><strong>comparatione;</strong></span> 
     </span>
    </p>
   </div>
   <div class='ocr_carea' id='block_1_61' title="bbox 842 4438 2417 4509">
    <p class='ocr_par' dir='ltr' id='par_1_61' title="bbox 842 4438 2417 4509">
     <span class='ocr_line' id='line_1_61' title="bbox 842 4438 2417 4509; baseline 0.001 -18"><span class='ocrx_word' id='word_1_473' title='bbox 842 4439 1183 4508; x_wconf 83' lang='lat' dir='ltr'><strong>comparatio</strong></span> <span class='ocrx_word' id='word_1_474' title='bbox 1213 4446 1395 4493; x_wconf 89' lang='lat' dir='ltr'><strong>autem</strong></span> <span class='ocrx_word' id='word_1_475' title='bbox 1451 4447 1535 4493; x_wconf 93' lang='lat' dir='ltr'><strong>est</strong></span> <span class='ocrx_word' id='word_1_476' title='bbox 1590 4438 1644 4492; x_wconf 93' lang='lat' dir='ltr'><strong>in</strong></span> <span class='ocrx_word' id='word_1_477' title='bbox 1707 4439 1809 4504; x_wconf 92' lang='lat' dir='ltr'><strong>iis,</strong></span> <span class='ocrx_word' id='word_1_478' title='bbox 1846 4454 1968 4509; x_wconf 66' lang='lat' dir='ltr'><strong>quae</strong></span> <span class='ocrx_word' id='word_1_479' title='bbox 2001 4440 2208 4494; x_wconf 90' lang='lat' dir='ltr'><strong>cadunt</strong></span> <span class='ocrx_word' id='word_1_480' title='bbox 2249 4440 2304 4493; x_wconf 91' lang='lat' dir='ltr'><strong>in</strong></span> <span class='ocrx_word' id='word_1_481' title='bbox 2342 4442 2417 4495; x_wconf 89' lang='lat' dir='ltr'><strong>si-</strong></span> 
     </span>
    </p>
   </div>
   <div class='ocr_carea' id='block_1_62' title="bbox 844 4529 2418 4597">
    <p class='ocr_par' dir='ltr' id='par_1_62' title="bbox 844 4529 2418 4597">
     <span class='ocr_line' id='line_1_62' title="bbox 844 4529 2418 4597; baseline 0.002 -15"><span class='ocrx_word' id='word_1_482' title='bbox 844 4530 1244 4590; x_wconf 82' lang='lat' dir='ltr'><strong>militudinem:</strong></span> <span class='ocrx_word' id='word_1_483' title='bbox 1277 4537 1338 4585; x_wconf 88' lang='lat' dir='ltr'><strong>ut</strong></span> <span class='ocrx_word' id='word_1_484' title='bbox 1378 4530 1576 4584; x_wconf 80' lang='lat' dir='ltr'><strong>fortior</strong></span> <span class='ocrx_word' id='word_1_485' title='bbox 1600 4529 1835 4586; x_wconf 82' lang='lat' dir='ltr'><strong>fortibus</strong></span> <span class='ocrx_word' id='word_1_486' title='bbox 1858 4530 2071 4597; x_wconf 79' lang='lat' dir='ltr'><strong>fortior,</strong></span> <span class='ocrx_word' id='word_1_487' title='bbox 2102 4529 2418 4585; x_wconf 91' lang='lat' dir='ltr'><strong>timidorum</strong></span> 
     </span>
    </p>
   </div>
   <div class='ocr_carea' id='block_1_63' title="bbox 847 4621 2421 4693">
    <p class='ocr_par' dir='ltr' id='par_1_63' title="bbox 847 4621 2421 4693">
     <span class='ocr_line' id='line_1_63' title="bbox 847 4621 2421 4693; baseline 0.001 -17"><span class='ocrx_word' id='word_1_488' title='bbox 847 4632 1031 4676; x_wconf 86' lang='lat' dir='ltr'><strong>autem</strong></span> <span class='ocrx_word' id='word_1_489' title='bbox 1058 4622 1417 4678; x_wconf 89' lang='lat' dir='ltr'><strong>fortissimus.</strong></span> <span class='ocrx_word' id='word_1_490' title='bbox 1449 4621 1604 4679; x_wconf 89' lang='lat' dir='ltr'><strong>Unde</strong></span> <span class='ocrx_word' id='word_1_491' title='bbox 1626 4623 1945 4693; x_wconf 78' lang='lat' dir='ltr'><strong>subjunxit:</strong></span> <span class='ocrx_word' id='word_1_492' title='bbox 2005 4642 2023 4674; x_wconf 80' lang='grc' dir='ltr'><strong>ι</strong></span> <span class='ocrx_word' id='word_1_493' title='bbox 2053 4622 2421 4690; x_wconf 85' lang='lat' dir='ltr'><strong>Quamobrem</strong></span> 
     </span>
    </p>
   </div>
   <div class='ocr_carea' id='block_1_64' title="bbox 2517 2148 4096 2222">
    <p class='ocr_par' dir='ltr' id='par_1_64' title="bbox 2517 2148 4096 2222">
     <span class='ocr_line' id='line_1_64' title="bbox 2517 2148 4096 2222; baseline -0.003 -18"><span class='ocrx_word' id='word_1_494' title='bbox 2517 2151 2770 2215; x_wconf 76' lang='grc' dir='ltr'>ἐκλεκτὸς</span> <span class='ocrx_word' id='word_1_495' title='bbox 2800 2152 2875 2216; x_wconf 84' lang='grc' dir='ltr'>ὡς</span> <span class='ocrx_word' id='word_1_496' title='bbox 2909 2150 3056 2217; x_wconf 79' lang='grc' dir='ltr'>ξένος</span> <span class='ocrx_word' id='word_1_497' title='bbox 3107 2149 3471 2214; x_wconf 78' lang='grc' dir='ltr'>πολιτεύεται,</span> <span class='ocrx_word' id='word_1_498' title='bbox 3504 2151 3678 2222; x_wconf 88' lang='grc' dir='ltr'>κτητά</span> <span class='ocrx_word' id='word_1_499' title='bbox 3720 2167 3780 2202; x_wconf 87' lang='grc' dir='ltr'><strong>τε</strong></span> <span class='ocrx_word' id='word_1_500' title='bbox 3821 2148 3915 2202; x_wconf 81' lang='grc' dir='ltr'>καὶ</span> <span class='ocrx_word' id='word_1_501' title='bbox 3957 2148 4096 2200; x_wconf 88' lang='grc' dir='ltr'>ἀπό-</span> 
     </span>
    </p>
   </div>
   <div class='ocr_carea' id='block_1_65' title="bbox 2519 2236 4095 2313">
    <p class='ocr_par' dir='ltr' id='par_1_65' title="bbox 2519 2236 4095 2313">
     <span class='ocr_line' id='line_1_65' title="bbox 2519 2236 4095 2313; baseline -0.003 -18"><span class='ocrx_word' id='word_1_502' title='bbox 2519 2260 2694 2313; x_wconf 88' lang='grc' dir='ltr'>κτητα</span> <span class='ocrx_word' id='word_1_503' title='bbox 2718 2242 2873 2307; x_wconf 81' lang='grc' dir='ltr'>εἰδὼς</span> <span class='ocrx_word' id='word_1_504' title='bbox 2902 2240 3078 2294; x_wconf 81' lang='grc' dir='ltr'>πάντα</span> <span class='ocrx_word' id='word_1_505' title='bbox 3098 2257 3112 2270; x_wconf 89' lang='grc'><strong>·</strong></span> <span class='ocrx_word' id='word_1_506' title='bbox 3142 2240 3243 2293; x_wconf 86' lang='grc' dir='ltr'><strong>ὅσα</strong></span> <span class='ocrx_word' id='word_1_507' title='bbox 3265 2240 3323 2293; x_wconf 86' lang='grc' dir='ltr'><strong>δὲ</strong></span> <span class='ocrx_word' id='word_1_508' title='bbox 3354 2241 3549 2310; x_wconf 78' lang='grc' dir='ltr'>τριττὰ</span> <span class='ocrx_word' id='word_1_509' title='bbox 3589 2241 3699 2313; x_wconf 89' lang='lat'><strong>(99)</strong></span> <span class='ocrx_word' id='word_1_510' title='bbox 3742 2236 3876 2293; x_wconf 82' lang='grc' dir='ltr'>εἶναι</span> <span class='ocrx_word' id='word_1_511' title='bbox 3910 2236 4095 2305; x_wconf 83' lang='grc' dir='ltr'>ἀγαθά</span> 
     </span>
    </p>
   </div>
   <div class='ocr_carea' id='block_1_66' title="bbox 2516 2329 4096 2405">
    <p class='ocr_par' dir='ltr' id='par_1_66' title="bbox 2516 2329 4096 2405">
     <span class='ocr_line' id='line_1_66' title="bbox 2516 2329 4096 2405; baseline -0.003 -19"><span class='ocrx_word' id='word_1_512' title='bbox 2516 2336 2563 2386; x_wconf 86' lang='grc' dir='ltr'>οἱ</span> <span class='ocrx_word' id='word_1_513' title='bbox 2590 2334 3007 2405; x_wconf 75' lang='grc' dir='ltr'>περιπατητικοὶ</span> <span class='ocrx_word' id='word_1_514' title='bbox 3040 2332 3275 2395; x_wconf 73' lang='grc' dir='ltr'>Θέλουσι,</span> <span class='ocrx_word' id='word_1_515' title='bbox 3315 2332 3514 2403; x_wconf 74' lang='grc' dir='ltr'>χρῆται</span> <span class='ocrx_word' id='word_1_516' title='bbox 3558 2334 3737 2395; x_wconf 80' lang='grc' dir='ltr'>αὐτοῖς</span> <span class='ocrx_word' id='word_1_517' title='bbox 3760 2349 3773 2361; x_wconf 79' lang='grc'>³</span> <span class='ocrx_word' id='word_1_518' title='bbox 3820 2330 3951 2383; x_wconf 81' lang='grc' dir='ltr'>ἀλλὰ</span> <span class='ocrx_word' id='word_1_519' title='bbox 3997 2329 4096 2383; x_wconf 80' lang='grc' dir='ltr'>καὶ</span> 
     </span>
    </p>
   </div>
   <div class='ocr_carea' id='block_1_67' title="bbox 2516 2418 4098 2495">
    <p class='ocr_par' dir='ltr' id='par_1_67' title="bbox 2516 2418 4098 2495">
     <span class='ocr_line' id='line_1_67' title="bbox 2516 2418 4098 2495; baseline -0.003 -18"><span class='ocrx_word' id='word_1_520' title='bbox 2516 2424 2594 2495; x_wconf 81' lang='grc' dir='ltr'><strong>τῷ</strong></span> <span class='ocrx_word' id='word_1_521' title='bbox 2626 2424 2855 2495; x_wconf 83' lang='grc' dir='ltr'>σώματι,</span> <span class='ocrx_word' id='word_1_522' title='bbox 2897 2423 2972 2486; x_wconf 82' lang='grc' dir='ltr'>ὣς</span> <span class='ocrx_word' id='word_1_523' title='bbox 3014 2439 3098 2485; x_wconf 85' lang='grc' dir='ltr'><strong>τις</strong></span> <span class='ocrx_word' id='word_1_524' title='bbox 3138 2421 3356 2493; x_wconf 72' lang='grc' dir='ltr'>μακρὰν</span> <span class='ocrx_word' id='word_1_525' title='bbox 3400 2421 3747 2492; x_wconf 81' lang='grc' dir='ltr'>στελλόμενος</span> <span class='ocrx_word' id='word_1_526' title='bbox 3790 2418 4098 2489; x_wconf 77' lang='grc' dir='ltr'>ἀποδημίαν</span> 
     </span>
    </p>
   </div>
   <div class='ocr_carea' id='block_1_68' title="bbox 2518 2508 4101 2587">
    <p class='ocr_par' dir='ltr' id='par_1_68' title="bbox 2518 2508 4101 2587">
     <span class='ocr_line' id='line_1_68' title="bbox 2518 2508 4101 2587; baseline -0.006 -16"><span class='ocrx_word' id='word_1_527' title='bbox 2518 2517 2851 2587; x_wconf 77' lang='grc' dir='ltr'>πανδοκείοις</span> <span class='ocrx_word' id='word_1_528' title='bbox 2879 2517 2975 2568; x_wconf 77' lang='grc' dir='ltr'><strong>καὶ</strong></span> <span class='ocrx_word' id='word_1_529' title='bbox 3005 2516 3125 2576; x_wconf 85' lang='grc' dir='ltr'>ταῖς</span> <span class='ocrx_word' id='word_1_530' title='bbox 3150 2512 3280 2582; x_wconf 85' lang='grc' dir='ltr'>παρ’</span> <span class='ocrx_word' id='word_1_531' title='bbox 3306 2511 3423 2564; x_wconf 75' lang='grc' dir='ltr'>ὁδὸν</span> <span class='ocrx_word' id='word_1_532' title='bbox 3454 2513 3732 2583; x_wconf 84' lang='grc' dir='ltr'>οἰκήσεσιν</span> <span class='ocrx_word' id='word_1_533' title='bbox 3753 2529 3766 2540; x_wconf 69' lang='grc' dir='ltr'><strong><em>υ</em></strong></span> <span class='ocrx_word' id='word_1_534' title='bbox 3812 2508 4101 2581; x_wconf 81' lang='grc' dir='ltr'>ἐπιμελού-</span> 
     </span>
    </p>
   </div>
   <div class='ocr_carea' id='block_1_69' title="bbox 2519 2600 4099 2683">
    <p class='ocr_par' dir='ltr' id='par_1_69' title="bbox 2519 2600 4099 2683">
     <span class='ocr_line' id='line_1_69' title="bbox 2519 2600 4099 2683; baseline -0.008 -18"><span class='ocrx_word' id='word_1_535' title='bbox 2519 2630 2678 2683; x_wconf 88' lang='grc' dir='ltr'>μενος</span> <span class='ocrx_word' id='word_1_536' title='bbox 2730 2610 2829 2681; x_wconf 82' lang='grc' dir='ltr'><strong>μὲν</strong></span> <span class='ocrx_word' id='word_1_537' title='bbox 2880 2609 2973 2661; x_wconf 71' lang='grc' dir='ltr'><strong>καὶ</strong></span> <span class='ocrx_word' id='word_1_538' title='bbox 3016 2605 3319 2676; x_wconf 81' lang='grc' dir='ltr'>κοσμικῶν,</span> <span class='ocrx_word' id='word_1_539' title='bbox 3358 2604 3449 2657; x_wconf 80' lang='grc' dir='ltr'><strong>τὸν</strong></span> <span class='ocrx_word' id='word_1_540' title='bbox 3480 2603 3644 2655; x_wconf 88' lang='grc' dir='ltr'>τόπον</span> <span class='ocrx_word' id='word_1_541' title='bbox 3672 2602 3747 2673; x_wconf 87' lang='grc'>(1)</span> <span class='ocrx_word' id='word_1_542' title='bbox 3778 2600 3905 2654; x_wconf 76' lang='grc' dir='ltr'>ἔνθα</span> <span class='ocrx_word' id='word_1_543' title='bbox 3931 2618 4099 2653; x_wconf 82' lang='grc' dir='ltr'>κατα-</span> 
     </span>
    </p>
   </div>
   <div class='ocr_carea' id='block_1_70' title="bbox 2515 2692 4097 2767">
    <p class='ocr_par' dir='ltr' id='par_1_70' title="bbox 2515 2692 4097 2767">
     <span class='ocr_line' id='line_1_70' title="bbox 2515 2692 4097 2767; baseline -0.009 -11"><span class='ocrx_word' id='word_1_544' title='bbox 2515 2702 2631 2755; x_wconf 86' lang='grc' dir='ltr'><strong>λύει</strong></span> <span class='ocrx_word' id='word_1_545' title='bbox 2655 2719 2669 2732; x_wconf 74' lang='grc' dir='ltr'><strong>ο</strong></span> <span class='ocrx_word' id='word_1_546' title='bbox 2705 2698 2987 2754; x_wconf 87' lang='grc' dir='ltr'>ἀπολιπὼν</span> <span class='ocrx_word' id='word_1_547' title='bbox 3015 2698 3073 2751; x_wconf 86' lang='grc' dir='ltr'><strong>δὲ</strong></span> <span class='ocrx_word' id='word_1_548' title='bbox 3101 2697 3203 2767; x_wconf 81' lang='grc' dir='ltr'><strong>τὴν</strong></span> <span class='ocrx_word' id='word_1_549' title='bbox 3234 2695 3447 2765; x_wconf 79' lang='grc' dir='ltr'>οἴκησιν</span> <span class='ocrx_word' id='word_1_550' title='bbox 3475 2695 3569 2747; x_wconf 78' lang='grc' dir='ltr'>καὶ</span> <span class='ocrx_word' id='word_1_551' title='bbox 3599 2692 3698 2764; x_wconf 81' lang='grc' dir='ltr'>τὴν</span> <span class='ocrx_word' id='word_1_552' title='bbox 3733 2693 3925 2761; x_wconf 74' lang='grc' dir='ltr'>κτῆσιν</span> <span class='ocrx_word' id='word_1_553' title='bbox 3947 2732 3962 2755; x_wconf 91' lang='grc'><strong>,</strong></span> <span class='ocrx_word' id='word_1_554' title='bbox 3992 2708 4097 2744; x_wconf 82' lang='grc' dir='ltr'>κα-</span> 
     </span>
    </p>
   </div>
   <div class='ocr_carea' id='block_1_71' title="bbox 2520 2779 4101 2864">
    <p class='ocr_par' dir='ltr' id='par_1_71' title="bbox 2520 2779 4101 2864">
     <span class='ocr_line' id='line_1_71' title="bbox 2520 2779 4101 2864; baseline -0.01 -17"><span class='ocrx_word' id='word_1_555' title='bbox 2520 2794 2696 2864; x_wconf 85' lang='grc' dir='ltr'>Οάπερ</span> <span class='ocrx_word' id='word_1_556' title='bbox 2719 2791 2815 2845; x_wconf 72' lang='grc' dir='ltr'><strong>καὶ</strong></span> <span class='ocrx_word' id='word_1_557' title='bbox 2856 2789 2953 2861; x_wconf 85' lang='grc' dir='ltr'>τὴν</span> <span class='ocrx_word' id='word_1_558' title='bbox 2989 2788 3206 2860; x_wconf 77' lang='grc' dir='ltr'>χρῆσιν,</span> <span class='ocrx_word' id='word_1_559' title='bbox 3243 2783 3645 2856; x_wconf 82' lang='grc' dir='ltr'>ἀπροσπαθῶς,</span> <span class='ocrx_word' id='word_1_560' title='bbox 3691 2782 3989 2855; x_wconf 79' lang='grc' dir='ltr'>προθύμως</span> <span class='ocrx_word' id='word_1_561' title='bbox 4019 2779 4101 2849; x_wconf 80' lang='grc' dir='ltr'>τῷ</span> 
     </span>
    </p>
   </div>
   <div class='ocr_carea' id='block_1_72' title="bbox 2520 2874 4098 2953">
    <p class='ocr_par' dir='ltr' id='par_1_72' title="bbox 2520 2874 4098 2953">
     <span class='ocr_line' id='line_1_72' title="bbox 2520 2874 4098 2953; baseline -0.009 -13"><span class='ocrx_word' id='word_1_562' title='bbox 2520 2886 2782 2953; x_wconf 77' lang='grc' dir='ltr'>ἀπάγοντι</span> <span class='ocrx_word' id='word_1_563' title='bbox 2809 2882 2898 2935; x_wconf 76' lang='grc' dir='ltr'>τοῦ</span> <span class='ocrx_word' id='word_1_564' title='bbox 2933 2882 3047 2953; x_wconf 77' lang='grc' dir='ltr'>βίον</span> <span class='ocrx_word' id='word_1_565' title='bbox 3084 2879 3468 2949; x_wconf 84' lang='grc' dir='ltr'>συνεπόμενος,</span> <span class='ocrx_word' id='word_1_566' title='bbox 3495 2874 3745 2946; x_wconf 83' lang='grc' dir='ltr'>οὐδαμῶς</span> <span class='ocrx_word' id='word_1_567' title='bbox 3771 2874 3948 2926; x_wconf 77' lang='grc' dir='ltr'>ὀπίσω</span> <span class='ocrx_word' id='word_1_568' title='bbox 3972 2875 4098 2926; x_wconf 65' lang='grc' dir='ltr'>κατ’</span> 
     </span>
    </p>
   </div>
   <div class='ocr_carea' id='block_1_73' title="bbox 2520 2966 4103 3049">
    <p class='ocr_par' dir='ltr' id='par_1_73' title="bbox 2520 2966 4103 3049">
     <span class='ocr_line' id='line_1_73' title="bbox 2520 2966 4103 3049; baseline -0.011 -15"><span class='ocrx_word' id='word_1_569' title='bbox 2520 2980 2776 3049; x_wconf 80' lang='grc' dir='ltr'>οὐδεμίαν</span> <span class='ocrx_word' id='word_1_570' title='bbox 2805 2978 2881 3047; x_wconf 76' lang='lat'><strong>(‘2)</strong></span> <span class='ocrx_word' id='word_1_571' title='bbox 2906 2975 3156 3046; x_wconf 70' lang='grc' dir='ltr'>ἀφορμὴν</span> <span class='ocrx_word' id='word_1_572' title='bbox 3184 2971 3643 3042; x_wconf 76' lang='grc' dir='ltr'>ἐπιστρεφόμενος</span> <span class='ocrx_word' id='word_1_573' title='bbox 3664 2986 3676 2997; x_wconf 88' lang='grc'><strong>·</strong></span> <span class='ocrx_word' id='word_1_574' title='bbox 3697 2966 4103 3037; x_wconf 76' lang='grc' dir='ltr'>εὐχαριστήσας</span> 
     </span>
    </p>
   </div>
   <div class='ocr_carea' id='block_1_74' title="bbox 2520 3057 4104 3142">
    <p class='ocr_par' dir='ltr' id='par_1_74' title="bbox 2520 3057 4104 3142">
     <span class='ocr_line' id='line_1_74' title="bbox 2520 3057 4104 3142; baseline -0.01 -18"><span class='ocrx_word' id='word_1_575' title='bbox 2520 3072 2619 3142; x_wconf 83' lang='grc' dir='ltr'>μὲν</span> <span class='ocrx_word' id='word_1_576' title='bbox 2645 3071 2738 3122; x_wconf 70' lang='grc' dir='ltr'>ἐπὶ</span> <span class='ocrx_word' id='word_1_577' title='bbox 2764 3072 2829 3139; x_wconf 84' lang='grc' dir='ltr'>τῇ</span> <span class='ocrx_word' id='word_1_578' title='bbox 2860 3067 3122 3137; x_wconf 74' lang='grc' dir='ltr'>παροικίᾳ</span> <span class='ocrx_word' id='word_1_579' title='bbox 3146 3105 3160 3128; x_wconf 94' lang='grc'><strong>,</strong></span> <span class='ocrx_word' id='word_1_580' title='bbox 3194 3063 3430 3130; x_wconf 83' lang='grc' dir='ltr'>εὐλογῶν</span> <span class='ocrx_word' id='word_1_581' title='bbox 3460 3061 3516 3114; x_wconf 82' lang='grc' dir='ltr'>δὲ</span> <span class='ocrx_word' id='word_1_582' title='bbox 3548 3061 3638 3113; x_wconf 75' lang='grc' dir='ltr'>ἐπὶ</span> <span class='ocrx_word' id='word_1_583' title='bbox 3671 3062 3736 3130; x_wconf 83' lang='grc' dir='ltr'>τῇ</span> <span class='ocrx_word' id='word_1_584' title='bbox 3771 3058 3934 3127; x_wconf 79' lang='grc' dir='ltr'>ἐξόδῳ</span> <span class='ocrx_word' id='word_1_585' title='bbox 3954 3097 3969 3121; x_wconf 93' lang='grc'><strong>,</strong></span> <span class='ocrx_word' id='word_1_586' title='bbox 4000 3057 4104 3129; x_wconf 78' lang='grc' dir='ltr'>τὴν</span> 
     </span>
    </p>
   </div>
   <div class='ocr_carea' id='block_1_75' title="bbox 2521 3146 4101 3233">
    <p class='ocr_par' dir='ltr' id='par_1_75' title="bbox 2521 3146 4101 3233">
     <span class='ocr_line' id='line_1_75' title="bbox 2521 3146 4101 3233; baseline -0.011 -18"><span class='ocrx_word' id='word_1_587' title='bbox 2521 3162 2687 3233; x_wconf 77' lang='grc' dir='ltr'>μονὴν</span> <span class='ocrx_word' id='word_1_588' title='bbox 2726 3156 3104 3226; x_wconf 82' lang='grc' dir='ltr'>ἀσπαζόμενος</span> <span class='ocrx_word' id='word_1_589' title='bbox 3128 3154 3228 3225; x_wconf 79' lang='grc' dir='ltr'>τὴν</span> <span class='ocrx_word' id='word_1_590' title='bbox 3260 3156 3317 3207; x_wconf 84' lang='grc' dir='ltr'>ὲν</span> <span class='ocrx_word' id='word_1_591' title='bbox 3348 3151 3583 3222; x_wconf 80' lang='grc' dir='ltr'>οὐρανῷ.</span> <span class='ocrx_word' id='word_1_592' title='bbox 3626 3170 3643 3201; x_wconf 83' lang='grc' dir='ltr'><strong>ι</strong></span> <span class='ocrx_word' id='word_1_593' title='bbox 3682 3150 3914 3218; x_wconf 77' lang='grc' dir='ltr'>Οἴδαμεν</span> <span class='ocrx_word' id='word_1_594' title='bbox 3966 3146 4101 3218; x_wconf 76' lang='grc' dir='ltr'>γὰρ,</span> 
     </span>
    </p>
   </div>
   <div class='ocr_carea' id='block_1_76' title="bbox 2518 3243 4103 3320">
    <p class='ocr_par' dir='ltr' id='par_1_76' title="bbox 2518 3243 4103 3320">
     <span class='ocr_line' id='line_1_76' title="bbox 2518 3243 4103 3320; baseline -0.011 -14"><span class='ocrx_word' id='word_1_595' title='bbox 2518 3256 2622 3315; x_wconf 87' lang='grc' dir='ltr'>ὃτι,</span> <span class='ocrx_word' id='word_1_596' title='bbox 2655 3251 2749 3304; x_wconf 76' lang='grc' dir='ltr'><strong>ἐὰν</strong></span> <span class='ocrx_word' id='word_1_597' title='bbox 2788 3252 2821 3320; x_wconf 89' lang='grc' dir='ltr'><strong>ή</strong></span> <span class='ocrx_word' id='word_1_598' title='bbox 2868 3249 3114 3315; x_wconf 77' lang='grc' dir='ltr'>ἐπίγειος</span> <span class='ocrx_word' id='word_1_599' title='bbox 3144 3245 3301 3315; x_wconf 76' lang='grc' dir='ltr'>ἡμῶν</span> <span class='ocrx_word' id='word_1_600' title='bbox 3328 3246 3475 3296; x_wconf 87' lang='grc' dir='ltr'>οίκία</span> <span class='ocrx_word' id='word_1_601' title='bbox 3505 3243 3598 3295; x_wconf 83' lang='grc' dir='ltr'>τοῦ</span> <span class='ocrx_word' id='word_1_602' title='bbox 3651 3243 3880 3312; x_wconf 82' lang='grc' dir='ltr'>σκήνους</span> <span class='ocrx_word' id='word_1_603' title='bbox 3926 3255 4103 3291; x_wconf 83' lang='grc' dir='ltr'>κατα-</span> 
     </span>
    </p>
   </div>
   <div class='ocr_carea' id='block_1_77' title="bbox 2518 3329 4106 3414">
    <p class='ocr_par' dir='ltr' id='par_1_77' title="bbox 2518 3329 4106 3414">
     <span class='ocr_line' id='line_1_77' title="bbox 2518 3329 4106 3414; baseline -0.012 -16"><span class='ocrx_word' id='word_1_604' title='bbox 2518 3345 2682 3414; x_wconf 79' lang='grc' dir='ltr'>λυθῇ,</span> <span class='ocrx_word' id='word_1_605' title='bbox 2712 3340 2996 3410; x_wconf 77' lang='grc' dir='ltr'>οἰκοδομὴν</span> <span class='ocrx_word' id='word_1_606' title='bbox 3028 3340 3092 3390; x_wconf 83' lang='grc' dir='ltr'><strong>ἐκ</strong></span> <span class='ocrx_word' id='word_1_607' title='bbox 3121 3334 3256 3389; x_wconf 78' lang='grc' dir='ltr'>Θεοῦ</span> <span class='ocrx_word' id='word_1_608' title='bbox 3283 3335 3477 3405; x_wconf 79' lang='grc' dir='ltr'>ἔχομεν</span> <span class='ocrx_word' id='word_1_609' title='bbox 3502 3375 3516 3397; x_wconf 91' lang='grc'><strong>,</strong></span> <span class='ocrx_word' id='word_1_610' title='bbox 3552 3333 3727 3386; x_wconf 79' lang='grc' dir='ltr'>οἰκίαν</span> <span class='ocrx_word' id='word_1_611' title='bbox 3759 3329 4106 3401; x_wconf 78' lang='grc' dir='ltr'>ἀχειροποίη-</span> 
     </span>
    </p>
   </div>
   <div class='ocr_carea' id='block_1_78' title="bbox 2516 3420 4103 3497">
    <p class='ocr_par' dir='ltr' id='par_1_78' title="bbox 2516 3420 4103 3497">
     <span class='ocr_line' id='line_1_78' title="bbox 2516 3420 4103 3497; baseline -0.012 -9"><span class='ocrx_word' id='word_1_612' title='bbox 2516 3453 2604 3488; x_wconf 79' lang='grc' dir='ltr'><strong>τον</strong></span> <span class='ocrx_word' id='word_1_613' title='bbox 2642 3433 2852 3486; x_wconf 82' lang='grc' dir='ltr'>αἰώνιον</span> <span class='ocrx_word' id='word_1_614' title='bbox 2885 3432 2941 3482; x_wconf 80' lang='grc' dir='ltr'>ὲν</span> <span class='ocrx_word' id='word_1_615' title='bbox 2962 3430 3073 3491; x_wconf 86' lang='grc' dir='ltr'>τοῖς</span> <span class='ocrx_word' id='word_1_616' title='bbox 3099 3428 3364 3497; x_wconf 84' lang='grc' dir='ltr'>οὐρανοῖς.</span> <span class='ocrx_word' id='word_1_617' title='bbox 3401 3424 3510 3475; x_wconf 76' lang='grc' dir='ltr'>Καὶ</span> <span class='ocrx_word' id='word_1_618' title='bbox 3537 3422 3644 3493; x_wconf 77' lang='grc' dir='ltr'><strong>γὰρ</strong></span> <span class='ocrx_word' id='word_1_619' title='bbox 3675 3424 3730 3473; x_wconf 83' lang='grc' dir='ltr'><strong>ὲν</strong></span> <span class='ocrx_word' id='word_1_620' title='bbox 3757 3420 3928 3489; x_wconf 83' lang='grc' dir='ltr'>τούτῳ</span> <span class='ocrx_word' id='word_1_621' title='bbox 3975 3437 4103 3471; x_wconf 87' lang='grc' dir='ltr'>στε-</span> 
     </span>
    </p>
   </div>
   <div class='ocr_carea' id='block_1_79' title="bbox 2526 3509 4105 3594">
    <p class='ocr_par' dir='ltr' id='par_1_79' title="bbox 2526 3509 4105 3594">
     <span class='ocr_line' id='line_1_79' title="bbox 2526 3509 4105 3594; baseline -0.011 -16"><span class='ocrx_word' id='word_1_622' title='bbox 2526 3524 2777 3594; x_wconf 67' lang='grc' dir='ltr'>νάζομεν,</span> <span class='ocrx_word' id='word_1_623' title='bbox 2807 3521 2866 3575; x_wconf 78' lang='grc' dir='ltr'>τὸ</span> <span class='ocrx_word' id='word_1_624' title='bbox 2898 3519 3213 3589; x_wconf 79' lang='grc' dir='ltr'>οἰκητήριον</span> <span class='ocrx_word' id='word_1_625' title='bbox 3244 3514 3401 3585; x_wconf 80' lang='grc' dir='ltr'>ἡμῶν</span> <span class='ocrx_word' id='word_1_626' title='bbox 3425 3513 3485 3565; x_wconf 78' lang='grc' dir='ltr'><strong>τὸ</strong></span> <span class='ocrx_word' id='word_1_627' title='bbox 3518 3511 3575 3575; x_wconf 79' lang='grc' dir='ltr'>ἐξ</span> <span class='ocrx_word' id='word_1_628' title='bbox 3604 3511 3834 3582; x_wconf 71' lang='grc' dir='ltr'>οὐρανοῦ</span> <span class='ocrx_word' id='word_1_629' title='bbox 3880 3509 4105 3562; x_wconf 75' lang='grc' dir='ltr'>ἐπενδύ-</span> 
     </span>
    </p>
   </div>
   <div class='ocr_carea' id='block_1_80' title="bbox 2524 3601 4105 3674">
    <p class='ocr_par' dir='ltr' id='par_1_80' title="bbox 2524 3601 4105 3674">
     <span class='ocr_line' id='line_1_80' title="bbox 2524 3601 4105 3674; baseline -0.012 -4"><span class='ocrx_word' id='word_1_630' title='bbox 2524 3616 2716 3671; x_wconf 63' lang='grc' dir='ltr'>σασθαι</span> <span class='ocrx_word' id='word_1_631' title='bbox 2748 3608 3133 3671; x_wconf 76' lang='grc' dir='ltr'>ἐπιποθοῦντες</span> <span class='ocrx_word' id='word_1_632' title='bbox 3156 3625 3169 3637; x_wconf 88' lang='grc'><strong>·</strong></span> <span class='ocrx_word' id='word_1_633' title='bbox 3202 3604 3250 3659; x_wconf 86' lang='grc' dir='ltr'><strong>εἴ</strong></span> <span class='ocrx_word' id='word_1_634' title='bbox 3276 3622 3360 3674; x_wconf 88' lang='grc' dir='ltr'><strong>γε,</strong></span> <span class='ocrx_word' id='word_1_635' title='bbox 3389 3604 3481 3656; x_wconf 72' lang='grc' dir='ltr'><strong>καὶ</strong></span> <span class='ocrx_word' id='word_1_636' title='bbox 3509 3602 3880 3671; x_wconf 76' lang='grc' dir='ltr'>ἐνδυσάμενοι,</span> <span class='ocrx_word' id='word_1_637' title='bbox 3913 3601 3973 3651; x_wconf 82' lang='grc' dir='ltr'><strong>οὐ</strong></span> <span class='ocrx_word' id='word_1_638' title='bbox 4003 3616 4105 3667; x_wconf 85' lang='grc' dir='ltr'>γυ-</span> 
     </span>
    </p>
   </div>
   <div class='ocr_carea' id='block_1_81' title="bbox 2524 3689 4102 3780">
    <p class='ocr_par' dir='ltr' id='par_1_81' title="bbox 2524 3689 4102 3780">
     <span class='ocr_line' id='line_1_81' title="bbox 2524 3689 4102 3780; baseline -0.013 -18"><span class='ocrx_word' id='word_1_639' title='bbox 2524 3710 2645 3780; x_wconf 69' lang='grc' dir='ltr'>μνοὶ</span> <span class='ocrx_word' id='word_1_640' title='bbox 2670 3709 2725 3759; x_wconf 75' lang='grc' dir='ltr'><strong>εὐ</strong></span> <span class='ocrx_word' id='word_1_641' title='bbox 2738 3700 3109 3776; x_wconf 80' lang='grc' dir='ltr'>ρεθησόμεθα·</span> <span class='ocrx_word' id='word_1_642' title='bbox 3138 3698 3225 3751; x_wconf 84' lang='grc' dir='ltr'>διὰ</span> <span class='ocrx_word' id='word_1_643' title='bbox 3257 3698 3490 3758; x_wconf 80' lang='grc' dir='ltr'>πίστεως</span> <span class='ocrx_word' id='word_1_644' title='bbox 3515 3693 3622 3762; x_wconf 80' lang='grc' dir='ltr'>γὰρ</span> <span class='ocrx_word' id='word_1_645' title='bbox 3663 3689 4102 3763; x_wconf 75' lang='grc' dir='ltr'>περιπατοῦμεν,</span> 
     </span>
    </p>
   </div>
   <div class='ocr_carea' id='block_1_82' title="bbox 2518 3781 4103 3856">
    <p class='ocr_par' dir='ltr' id='par_1_82' title="bbox 2518 3781 4103 3856">
     <span class='ocr_line' id='line_1_82' title="bbox 2518 3781 4103 3856; baseline -0.013 -3"><span class='ocrx_word' id='word_1_646' title='bbox 2518 3801 2580 3853; x_wconf 86' lang='grc' dir='ltr'><strong>οὐ</strong></span> <span class='ocrx_word' id='word_1_647' title='bbox 2613 3798 2701 3852; x_wconf 74' lang='grc' dir='ltr'><strong>διὰ</strong></span> <span class='ocrx_word' id='word_1_648' title='bbox 2733 3796 2909 3856; x_wconf 76' lang='grc' dir='ltr'>εἴδους</span> <span class='ocrx_word' id='word_1_649' title='bbox 2932 3833 2946 3853; x_wconf 86' lang='grc'><strong>,</strong></span> <span class='ocrx_word' id='word_1_650' title='bbox 2986 3812 3003 3843; x_wconf 72' lang='grc' dir='ltr'><strong>ι</strong></span> <span class='ocrx_word' id='word_1_651' title='bbox 3043 3792 3118 3854; x_wconf 85' lang='grc' dir='ltr'>ὡς</span> <span class='ocrx_word' id='word_1_652' title='bbox 3143 3792 3172 3843; x_wconf 85' lang='grc' dir='ltr'>ὁ</span> <span class='ocrx_word' id='word_1_653' title='bbox 3211 3786 3531 3849; x_wconf 80' lang='grc' dir='ltr'>Ἀπόστολος</span> <span class='ocrx_word' id='word_1_654' title='bbox 3559 3783 3743 3855; x_wconf 78' lang='grc' dir='ltr'>φησίν.</span> <span class='ocrx_word' id='word_1_655' title='bbox 3784 3801 3803 3833; x_wconf 83' lang='grc' dir='ltr'><strong>ι</strong></span> <span class='ocrx_word' id='word_1_656' title='bbox 3832 3781 4103 3835; x_wconf 74' lang='grc' dir='ltr'>Εὐδοκοῦ-</span> 
     </span>
    </p>
   </div>
   <div class='ocr_carea' id='block_1_83' title="bbox 2523 3874 4106 3964">
    <p class='ocr_par' dir='ltr' id='par_1_83' title="bbox 2523 3874 4106 3964">
     <span class='ocr_line' id='line_1_83' title="bbox 2523 3874 4106 3964; baseline -0.013 -18"><span class='ocrx_word' id='word_1_657' title='bbox 2523 3910 2619 3964; x_wconf 85' lang='grc' dir='ltr'><strong>μεν</strong></span> <span class='ocrx_word' id='word_1_658' title='bbox 2651 3890 2707 3943; x_wconf 79' lang='grc' dir='ltr'>δὲ</span> <span class='ocrx_word' id='word_1_659' title='bbox 2754 3887 2950 3959; x_wconf 73' lang='grc' dir='ltr'>μᾶλλον</span> <span class='ocrx_word' id='word_1_660' title='bbox 2974 3885 3048 3953; x_wconf 79' lang='grc'>(5)</span> <span class='ocrx_word' id='word_1_661' title='bbox 3075 3880 3383 3950; x_wconf 75' lang='grc' dir='ltr'>ἐκδημῆσαι</span> <span class='ocrx_word' id='word_1_662' title='bbox 3431 3880 3494 3930; x_wconf 81' lang='grc' dir='ltr'><strong>ἐκ</strong></span> <span class='ocrx_word' id='word_1_663' title='bbox 3536 3875 3628 3928; x_wconf 73' lang='grc' dir='ltr'>τοῦ</span> <span class='ocrx_word' id='word_1_664' title='bbox 3663 3874 3912 3944; x_wconf 84' lang='grc' dir='ltr'>σώματος</span> <span class='ocrx_word' id='word_1_665' title='bbox 3938 3912 3953 3934; x_wconf 87' lang='grc'><strong>,</strong></span> <span class='ocrx_word' id='word_1_666' title='bbox 4007 3874 4106 3925; x_wconf 79' lang='grc' dir='ltr'><strong>καὶ</strong></span> 
     </span>
    </p>
   </div>
   <div class='ocr_carea' id='block_1_84' title="bbox 2520 3965 4106 4055">
    <p class='ocr_par' dir='ltr' id='par_1_84' title="bbox 2520 3965 4106 4055">
     <span class='ocr_line' id='line_1_84' title="bbox 2520 3965 4106 4055; baseline -0.016 -16"><span class='ocrx_word' id='word_1_667' title='bbox 2520 3985 2818 4055; x_wconf 79' lang='grc' dir='ltr'>ἐνδημῆσαι</span> <span class='ocrx_word' id='word_1_668' title='bbox 2845 3980 2981 4048; x_wconf 71' lang='grc' dir='ltr'>πρὸς</span> <span class='ocrx_word' id='word_1_669' title='bbox 3010 3976 3102 4028; x_wconf 85' lang='grc' dir='ltr'><strong>τὸν</strong></span> <span class='ocrx_word' id='word_1_670' title='bbox 3135 3973 3287 4026; x_wconf 86' lang='grc' dir='ltr'>Θεόν.</span> <span class='ocrx_word' id='word_1_671' title='bbox 3326 3991 3344 4023; x_wconf 76' lang='grc' dir='ltr'><strong>ι</strong></span> <span class='ocrx_word' id='word_1_672' title='bbox 3387 3972 3474 4023; x_wconf 83' lang='grc' dir='ltr'><strong>Ἐν</strong></span> <span class='ocrx_word' id='word_1_673' title='bbox 3494 3969 3773 4039; x_wconf 83' lang='grc' dir='ltr'>συγκρίσει</span> <span class='ocrx_word' id='word_1_674' title='bbox 3803 3966 3860 4019; x_wconf 85' lang='grc' dir='ltr'>δὲ</span> <span class='ocrx_word' id='word_1_675' title='bbox 3889 3965 3951 4018; x_wconf 80' lang='grc' dir='ltr'>τὸ</span> <span class='ocrx_word' id='word_1_676' title='bbox 3966 3966 4106 4035; x_wconf 68' lang='grc' dir='ltr'>μᾶλα-</span> 
     </span>
    </p>
   </div>
   <div class='ocr_carea' id='block_1_85' title="bbox 2520 4058 4104 4145">
    <p class='ocr_par' dir='ltr' id='par_1_85' title="bbox 2520 4058 4104 4145">
     <span class='ocr_line' id='line_1_85' title="bbox 2520 4058 4104 4145; baseline -0.013 -15"><span class='ocrx_word' id='word_1_677' title='bbox 2520 4078 2610 4130; x_wconf 94' lang='grc' dir='ltr'><strong>λον</strong></span> <span class='ocrx_word' id='word_1_678' title='bbox 2633 4093 2647 4106; x_wconf 88' lang='grc'><strong>·</strong></span> <span class='ocrx_word' id='word_1_679' title='bbox 2677 4078 2710 4145; x_wconf 82' lang='grc' dir='ltr'>ἡ</span> <span class='ocrx_word' id='word_1_680' title='bbox 2742 4074 2799 4125; x_wconf 79' lang='grc' dir='ltr'>δὲ</span> <span class='ocrx_word' id='word_1_681' title='bbox 2831 4070 3119 4139; x_wconf 85' lang='grc' dir='ltr'>σύγκρισις</span> <span class='ocrx_word' id='word_1_682' title='bbox 3156 4065 3250 4118; x_wconf 78' lang='grc' dir='ltr'><strong>ἐπὶ</strong></span> <span class='ocrx_word' id='word_1_683' title='bbox 3294 4063 3403 4115; x_wconf 83' lang='grc' dir='ltr'><strong>τῶν</strong></span> <span class='ocrx_word' id='word_1_684' title='bbox 3442 4060 3560 4114; x_wconf 80' lang='grc' dir='ltr'>καθ’</span> <span class='ocrx_word' id='word_1_685' title='bbox 3598 4060 3856 4129; x_wconf 87' lang='grc' dir='ltr'>ὁμοίωσιν</span> <span class='ocrx_word' id='word_1_686' title='bbox 3900 4058 4104 4111; x_wconf 80' lang='grc' dir='ltr'>ὐποπι-</span> 
     </span>
    </p>
   </div>
   <div class='ocr_carea' id='block_1_86' title="bbox 2523 4148 4100 4227">
    <p class='ocr_par' dir='ltr' id='par_1_86' title="bbox 2523 4148 4100 4227">
     <span class='ocr_line' id='line_1_86' title="bbox 2523 4148 4100 4227; baseline -0.016 -6"><span class='ocrx_word' id='word_1_687' title='bbox 2523 4167 2793 4221; x_wconf 88' lang='grc' dir='ltr'>πτόντων·</span> <span class='ocrx_word' id='word_1_688' title='bbox 2836 4161 2911 4222; x_wconf 85' lang='grc' dir='ltr'>ὡς</span> <span class='ocrx_word' id='word_1_689' title='bbox 2934 4160 2963 4211; x_wconf 85' lang='grc' dir='ltr'>ὁ</span> <span class='ocrx_word' id='word_1_690' title='bbox 2992 4155 3364 4227; x_wconf 88' lang='grc' dir='ltr'>ἀνδρειότερος</span> <span class='ocrx_word' id='word_1_691' title='bbox 3410 4150 3665 4221; x_wconf 85' lang='grc' dir='ltr'>ἀνδρείων</span> <span class='ocrx_word' id='word_1_692' title='bbox 3706 4148 4100 4221; x_wconf 84' lang='grc' dir='ltr'>ἀνδρειότερος,</span> 
     </span>
    </p>
   </div>
   <div class='ocr_carea' id='block_1_87' title="bbox 2521 4235 4107 4318">
    <p class='ocr_par' dir='ltr' id='par_1_87' title="bbox 2521 4235 4107 4318">
     <span class='ocr_line' id='line_1_87' title="bbox 2521 4235 4107 4318; baseline -0.018 -8"><span class='ocrx_word' id='word_1_693' title='bbox 2521 4254 2709 4311; x_wconf 85' lang='grc' dir='ltr'>δειλῶν</span> <span class='ocrx_word' id='word_1_694' title='bbox 2737 4252 2793 4304; x_wconf 83' lang='grc' dir='ltr'><strong>δὲ</strong></span> <span class='ocrx_word' id='word_1_695' title='bbox 2822 4247 3215 4318; x_wconf 86' lang='grc' dir='ltr'>ἀνδρειότατος.</span> <span class='ocrx_word' id='word_1_696' title='bbox 3251 4239 3413 4293; x_wconf 84' lang='grc' dir='ltr'>Ὅθεν</span> <span class='ocrx_word' id='word_1_697' title='bbox 3443 4238 3752 4304; x_wconf 75' lang='grc' dir='ltr'>ἐπήγαγεν·</span> <span class='ocrx_word' id='word_1_698' title='bbox 3788 4255 3805 4287; x_wconf 81' lang='grc' dir='ltr'><strong>ι</strong></span> <span class='ocrx_word' id='word_1_699' title='bbox 3835 4236 3924 4288; x_wconf 85' lang='grc' dir='ltr'>Διὸ</span> <span class='ocrx_word' id='word_1_700' title='bbox 3953 4235 4107 4303; x_wconf 85' lang='grc' dir='ltr'>φιλο-</span> 
     </span>
    </p>
   </div>
   <div class='ocr_carea' id='block_1_88' title="bbox 2521 4326 4099 4418">
    <p class='ocr_par' dir='ltr' id='par_1_88' title="bbox 2521 4326 4099 4418">
     <span class='ocr_line' id='line_1_88' title="bbox 2521 4326 4099 4418; baseline -0.017 -17"><span class='ocrx_word' id='word_1_701' title='bbox 2521 4341 2827 4418; x_wconf 78' lang='grc' dir='ltr'>τιμούμεθα</span> <span class='ocrx_word' id='word_1_702' title='bbox 2853 4340 2949 4410; x_wconf 65' lang='grc'>(4),</span> <span class='ocrx_word' id='word_1_703' title='bbox 2979 4336 3087 4389; x_wconf 80' lang='grc' dir='ltr'>εἴτε</span> <span class='ocrx_word' id='word_1_704' title='bbox 3116 4329 3500 4402; x_wconf 73' lang='grc' dir='ltr'>ἐκδημοῦντες,</span> <span class='ocrx_word' id='word_1_705' title='bbox 3528 4329 3633 4380; x_wconf 81' lang='grc' dir='ltr'>εἴτε</span> <span class='ocrx_word' id='word_1_706' title='bbox 3660 4326 4039 4418; x_wconf 62' lang='grc' dir='ltr'>ἐνδημοῦντες,</span> 
     </span>
    </p>
   </div>
   <div class='ocr_carea' id='block_1_89' title="bbox 2523 4408 4105 4495">
    <p class='ocr_par' dir='ltr' id='par_1_89' title="bbox 2523 4408 4105 4495">
     <span class='ocr_line' id='line_1_89' title="bbox 2523 4408 4105 4495; baseline -0.015 -5"><span class='ocrx_word' id='word_1_707' title='bbox 2523 4408 2803 4495; x_wconf 60' lang='grc' dir='ltr'>εὐάρεστοι</span> <span class='ocrx_word' id='word_1_708' title='bbox 2850 4408 2988 4483; x_wconf 82' lang='grc' dir='ltr'>εἶναι</span> <span class='ocrx_word' id='word_1_709' title='bbox 3034 4425 3210 4495; x_wconf 79' lang='grc' dir='ltr'>αὐτῷ,</span> <span class='ocrx_word' id='word_1_710' title='bbox 3244 4421 3324 4491; x_wconf 83' lang='grc' dir='ltr'><strong>τῷ</strong></span> <span class='ocrx_word' id='word_1_711' title='bbox 3361 4421 3442 4472; x_wconf 70' lang='grc' dir='ltr'><strong>ἐν).</strong></span> <span class='ocrx_word' id='word_1_712' title='bbox 3483 4418 3725 4487; x_wconf 82' lang='grc' dir='ltr'>δηλονότι</span> <span class='ocrx_word' id='word_1_713' title='bbox 3759 4417 3896 4487; x_wconf 81' lang='grc' dir='ltr'>Θεῷ,</span> <span class='ocrx_word' id='word_1_714' title='bbox 3933 4408 3997 4469; x_wconf 76' lang='grc' dir='ltr'>οὗ</span> <span class='ocrx_word' id='word_1_715' title='bbox 4029 4415 4105 4469; x_wconf 80' lang='grc' dir='ltr'>τὰ</span> 
     </span>
    </p>
   </div>
   <div class='ocr_carea' id='block_1_90' title="bbox 2523 4488 4109 4597">
    <p class='ocr_par' dir='ltr' id='par_1_90' title="bbox 2523 4488 4109 4597">
     <span class='ocr_line' id='line_1_90' title="bbox 2523 4488 4109 4597; baseline -0.018 -10"><span class='ocrx_word' id='word_1_716' title='bbox 2723 4526 2883 4597; x_wconf 72' lang='grc' dir='ltr'>ἔργον</span> <span class='ocrx_word' id='word_1_717' title='bbox 2915 4537 2975 4573; x_wconf 89' lang='grc' dir='ltr'><strong>τε</strong></span> <span class='ocrx_word' id='word_1_718' title='bbox 3004 4517 3099 4571; x_wconf 72' lang='grc' dir='ltr'>καὶ</span> <span class='ocrx_word' id='word_1_719' title='bbox 3128 4488 3328 4575; x_wconf 75' lang='grc' dir='ltr'>κτίσις,</span> <span class='ocrx_word' id='word_1_720' title='bbox 3361 4512 3390 4564; x_wconf 84' lang='grc' dir='ltr'><strong>ὃ</strong></span> <span class='ocrx_word' id='word_1_721' title='bbox 3407 4528 3468 4563; x_wconf 88' lang='grc' dir='ltr'><strong>τε</strong></span> <span class='ocrx_word' id='word_1_722' title='bbox 3495 4511 3699 4579; x_wconf 83' lang='grc' dir='ltr'>κόσμος</span> <span class='ocrx_word' id='word_1_723' title='bbox 3725 4509 3819 4562; x_wconf 73' lang='grc' dir='ltr'><strong>καὶ</strong></span> <span class='ocrx_word' id='word_1_724' title='bbox 3845 4508 3914 4561; x_wconf 84' lang='grc' dir='ltr'>τὰ</span> <span class='ocrx_word' id='word_1_725' title='bbox 3935 4509 4109 4580; x_wconf 84' lang='grc' dir='ltr'>ὑπερ-</span> 
     </span>
    </p>
   </div>
   <div class='ocr_carea' id='block_1_91' title="bbox 2524 4599 4102 4692">
    <p class='ocr_par' dir='ltr' id='par_1_91' title="bbox 2524 4599 4102 4692">
     <span class='ocr_line' id='line_1_91' title="bbox 2524 4599 4102 4692; baseline -0.029 -15"><span class='ocrx_word' id='word_1_726' title='bbox 2524 4624 2745 4692; x_wconf 84' lang='grc' dir='ltr'>κόσμια.</span> <span class='ocrx_word' id='word_1_727' title='bbox 2787 4619 3031 4683; x_wconf 78' lang='grc' dir='ltr'>Ἀγαμαι</span> <span class='ocrx_word' id='word_1_728' title='bbox 3058 4608 3149 4661; x_wconf 86' lang='grc' dir='ltr'><strong>τὸν</strong></span> <span class='ocrx_word' id='word_1_729' title='bbox 3199 4604 3573 4692; x_wconf 82' lang='grc' dir='ltr'>Ἐπίχαρμον,</span> <span class='ocrx_word' id='word_1_730' title='bbox 3611 4599 3799 4692; x_wconf 62' lang='grc' dir='ltr'>σαφῶς</span> <span class='ocrx_word' id='word_1_731' title='bbox 3821 4600 4102 4692; x_wconf 51' lang='grc' dir='ltr'><strong>Δλέγοντᾳ.</strong></span> 
     </span>
    </p>
   </div>
   <div class='ocr_carea' id='block_1_92' title="bbox 846 4690 2609 4792">
    <p class='ocr_par' dir='ltr' id='par_1_92' title="bbox 846 4690 2609 4792">
     <span class='ocr_line' id='line_1_92' title="bbox 846 4690 2609 4792; baseline -0.002 -24"><span class='ocrx_word' id='word_1_732' title='bbox 846 4716 1233 4770; x_wconf 82' lang='lat' dir='ltr'><strong>contendimus</strong></span> <span class='ocrx_word' id='word_1_733' title='bbox 1257 4756 1272 4783; x_wconf 90' lang='lat'><strong>,</strong></span> <span class='ocrx_word' id='word_1_734' title='bbox 1315 4716 1431 4771; x_wconf 88' lang='lat' dir='ltr'><strong>sive</strong></span> <span class='ocrx_word' id='word_1_735' title='bbox 1483 4690 1911 4787; x_wconf 77' lang='lat' dir='ltr'><strong>peregrinantes,</strong></span> <span class='ocrx_word' id='word_1_736' title='bbox 1955 4715 2070 4771; x_wconf 85' lang='lat' dir='ltr'><strong>sive</strong></span> <span class='ocrx_word' id='word_1_737' title='bbox 2114 4717 2258 4786; x_wconf 88' lang='lat' dir='ltr'><strong>apud</strong></span> <span class='ocrx_word' id='word_1_738' title='bbox 2292 4732 2417 4771; x_wconf 91' lang='lat' dir='ltr'><strong>eum</strong></span> <span class='ocrx_word' id='word_1_739' title='bbox 2452 4735 2498 4792; x_wconf 75' lang='grc' dir='ltr'>υ</span> <span class='ocrx_word' id='word_1_740' title='bbox 2531 4734 2550 4766; x_wconf 82' lang='grc' dir='ltr'><strong>ι</strong></span> <span class='ocrx_word' id='word_1_741' title='bbox 2580 4714 2609 4765; x_wconf 78' lang='grc' dir='ltr'><strong>Ε</strong></span> 
     </span>
    </p>
   </div>
   <div class='ocr_carea' id='block_1_93' title="bbox 2341 4690 4104 4792">
    <p class='ocr_par' dir='ltr' id='par_1_93' title="bbox 2341 4690 4104 4792">
     <span class='ocr_line' id='line_1_93' title="bbox 2341 4690 4104 4792; baseline -0.014 -25"><span class='ocrx_word' id='word_1_742' title='bbox 2341 4734 2417 4771; x_wconf 75' lang='lat' dir='ltr'><strong>im</strong></span> <span class='ocrx_word' id='word_1_743' title='bbox 2452 4735 2498 4792; x_wconf 75' lang='grc' dir='ltr'>ο</span> <span class='ocrx_word' id='word_1_744' title='bbox 2531 4734 2550 4766; x_wconf 80' lang='grc' dir='ltr'><strong>ι</strong></span> <span class='ocrx_word' id='word_1_745' title='bbox 2580 4690 2821 4778; x_wconf 79' lang='grc' dir='ltr'>Εὐσεϐὴς</span> <span class='ocrx_word' id='word_1_746' title='bbox 2852 4704 2927 4775; x_wconf 80' lang='grc' dir='ltr'><strong>νῷ</strong></span> <span class='ocrx_word' id='word_1_747' title='bbox 2957 4701 3033 4772; x_wconf 80' lang='grc'>(5)</span> <span class='ocrx_word' id='word_1_748' title='bbox 3062 4694 3341 4766; x_wconf 73' lang='grc' dir='ltr'>πεφυκὼς,</span> <span class='ocrx_word' id='word_1_749' title='bbox 3361 4695 3423 4746; x_wconf 88' lang='grc' dir='ltr'><strong>οὐ</strong></span> <span class='ocrx_word' id='word_1_750' title='bbox 3454 4691 3646 4753; x_wconf 79' lang='grc' dir='ltr'>πάθοις</span> <span class='ocrx_word' id='word_1_751' title='bbox 3668 4691 3719 4758; x_wconf 87' lang='grc' dir='ltr'>γ’</span> <span class='ocrx_word' id='word_1_752' title='bbox 3751 4690 3900 4743; x_wconf 84' lang='grc' dir='ltr'>οὐδὲν</span> <span class='ocrx_word' id='word_1_753' title='bbox 3932 4690 4104 4743; x_wconf 71' lang='grc' dir='ltr'>κακὸν</span> 
     </span>
    </p>
   </div>
   <div class='ocr_carea' id='block_1_94' title="bbox 922 4825 2685 4913">
    <p class='ocr_par' dir='ltr' id='par_1_94' title="bbox 922 4848 2684 4913">
     <span class='ocr_line' id='line_1_94' title="bbox 922 4848 2684 4913; baseline -0.002 -7"><span class='ocrx_word' id='word_1_754' title='bbox 922 4855 981 4913; x_wconf 66' lang='lat' dir='ltr'><strong>v14</strong></span> <span class='ocrx_word' id='word_1_755' title='bbox 1020 4851 1079 4906; x_wconf 86' lang='lat' dir='ltr'><strong>P.</strong></span> <span class='ocrx_word' id='word_1_756' title='bbox 1115 4850 1221 4904; x_wconf 72' lang='lat'><strong>650</strong></span> <span class='ocrx_word' id='word_1_757' title='bbox 1247 4848 1354 4903; x_wconf 81' lang='grc' dir='ltr'><strong>ΕΙ).</strong></span> <span class='ocrx_word' id='word_1_758' title='bbox 1385 4849 1683 4913; x_wconf 79' lang='lat' dir='ltr'><strong>POTTER,</strong></span> <span class='ocrx_word' id='word_1_759' title='bbox 1717 4851 1957 4905; x_wconf 63' lang='lat'><strong>541-542</strong></span> <span class='ocrx_word' id='word_1_760' title='bbox 1988 4850 2098 4907; x_wconf 77' lang='grc' dir='ltr'><strong>ΕΙ).</strong></span> <span class='ocrx_word' id='word_1_761' title='bbox 2131 4850 2353 4906; x_wconf 81' lang='lat' dir='ltr'><strong>PARIS.</strong></span> <span class='ocrx_word' id='word_1_762' title='bbox 2434 4869 2459 4895; x_wconf 75' lang='grc' dir='ltr'><strong>ει</strong></span> <span class='ocrx_word' id='word_1_763' title='bbox 2490 4854 2623 4909; x_wconf 82' lang='lat' dir='ltr'><strong>Gen.</strong></span> <span class='ocrx_word' id='word_1_764' title='bbox 2652 4867 2684 4904; x_wconf 71' lang='grc' dir='ltr'>χ</span> 
     </span>
    </p>
   </div>
   <div class='ocr_carea' id='block_1_95' title="bbox 2338 4825 4101 4913">
    <p class='ocr_par' dir='ltr' id='par_1_95' title="bbox 2342 4825 4101 4911">
     <span class='ocr_line' id='line_1_95' title="bbox 2342 4825 4101 4911; baseline -0.015 -1"><span class='ocrx_word' id='word_1_765' title='bbox 2342 4895 2353 4906; x_wconf 95' lang='grc'><strong>.</strong></span> <span class='ocrx_word' id='word_1_766' title='bbox 2434 4869 2459 4895; x_wconf 73' lang='grc' dir='ltr'>ει</span> <span class='ocrx_word' id='word_1_767' title='bbox 2490 4854 2623 4909; x_wconf 86' lang='lat' dir='ltr'><strong>Gen.</strong></span> <span class='ocrx_word' id='word_1_768' title='bbox 2652 4862 2809 4911; x_wconf 69' lang='grc' dir='ltr'>χχιιι,</span> <span class='ocrx_word' id='word_1_769' title='bbox 2842 4842 2910 4907; x_wconf 70' lang='grc'><strong>4;</strong></span> <span class='ocrx_word' id='word_1_770' title='bbox 2952 4838 3094 4893; x_wconf 81' lang='lat' dir='ltr'><strong>Psal.</strong></span> <span class='ocrx_word' id='word_1_771' title='bbox 3130 4833 3458 4901; x_wconf 58' lang='lat' dir='ltr'><strong>xxxrmJS.</strong></span> <span class='ocrx_word' id='word_1_772' title='bbox 3515 4829 3546 4868; x_wconf 73' lang='grc' dir='ltr'>ι)</span> <span class='ocrx_word' id='word_1_773' title='bbox 3573 4827 3615 4883; x_wconf 91' lang='grc'><strong>11</strong></span> <span class='ocrx_word' id='word_1_774' title='bbox 3637 4825 3762 4882; x_wconf 91' lang='lat' dir='ltr'><strong>Cor.</strong></span> <span class='ocrx_word' id='word_1_775' title='bbox 3784 4844 3838 4894; x_wconf 75' lang='grc' dir='ltr'><strong>ν,</strong></span> <span class='ocrx_word' id='word_1_776' title='bbox 3879 4829 3930 4897; x_wconf 88' lang='grc'><strong>1,</strong></span> <span class='ocrx_word' id='word_1_777' title='bbox 3957 4827 4014 4894; x_wconf 77' lang='lat'><strong>2,</strong></span> <span class='ocrx_word' id='word_1_778' title='bbox 4046 4830 4101 4892; x_wconf 83' lang='lat'><strong>&#39;5,</strong></span> 
     </span>
    </p>
   </div>
   <div class='ocr_carea' id='block_1_96' title="bbox 848 4923 1312 4989">
    <p class='ocr_par' dir='ltr' id='par_1_96' title="bbox 848 4923 1312 4989">
     <span class='ocr_line' id='line_1_96' title="bbox 848 4923 1312 4989; baseline -0.006 -14"><span class='ocrx_word' id='word_1_779' title='bbox 848 4936 904 4989; x_wconf 78' lang='lat'><strong>7.</strong></span> <span class='ocrx_word' id='word_1_780' title='bbox 1004 4923 1195 4976; x_wconf 72' lang='lat' dir='ltr'><strong>clbitl.</strong></span> <span class='ocrx_word' id='word_1_781' title='bbox 1258 4929 1312 4982; x_wconf 89' lang='lat'><strong>8.</strong></span> 
     </span>
    </p>
   </div>
   <div class='ocr_carea' id='block_1_97' title="bbox 846 5053 2346 5129">
    <p class='ocr_par' dir='ltr' id='par_1_97' title="bbox 846 5053 2346 5129">
     <span class='ocr_line' id='line_1_97' title="bbox 846 5053 2346 5129; baseline -0.006 -13"><span class='ocrx_word' id='word_1_782' title='bbox 846 5062 1023 5129; x_wconf 84' lang='lat' dir='ltr'><strong>jccla;</strong></span> <span class='ocrx_word' id='word_1_783' title='bbox 1059 5079 1078 5111; x_wconf 77' lang='grc' dir='ltr'><strong>ι</strong></span> <span class='ocrx_word' id='word_1_784' title='bbox 1114 5069 1171 5113; x_wconf 84' lang='lat' dir='ltr'><strong>u&#39;.</strong></span> <span class='ocrx_word' id='word_1_785' title='bbox 1199 5057 1482 5112; x_wconf 83' lang='lat' dir='ltr'><strong>Ciceronis</strong></span> <span class='ocrx_word' id='word_1_786' title='bbox 1513 5053 1847 5129; x_wconf 59' lang='lat' dir='ltr'><strong>verbisutar</strong></span> <span class='ocrx_word' id='word_1_787' title='bbox 1870 5053 1964 5107; x_wconf 89' lang='lat' dir='ltr'><strong>lib.</strong></span> <span class='ocrx_word' id='word_1_788' title='bbox 1989 5069 2054 5129; x_wconf 84' lang='lat' dir='ltr'><strong>_Iu</strong></span> <span class='ocrx_word' id='word_1_789' title='bbox 2096 5054 2177 5129; x_wconf 85' lang='lat' dir='ltr'><strong>De_</strong></span> <span class='ocrx_word' id='word_1_790' title='bbox 2195 5054 2346 5129; x_wconf 76' lang='lat' dir='ltr'><strong>ﬁnib.</strong></span> 
     </span>
    </p>
   </div>
   <div class='ocr_carea' id='block_1_98' title="bbox 924 5123 2419 5197">
    <p class='ocr_par' dir='ltr' id='par_1_98' title="bbox 924 5123 2419 5197">
     <span class='ocr_line' id='line_1_98' title="bbox 924 5123 2419 5197; baseline -0.003 -14"><span class='ocrx_word' id='word_1_791' title='bbox 924 5130 1032 5197; x_wconf 88' lang='lat'><strong>(98)</strong></span> <span class='ocrx_word' id='word_1_792' title='bbox 1081 5130 1531 5182; x_wconf 77' lang='grc' dir='ltr'>Ἀπολείπουσα.</span> <span class='ocrx_word' id='word_1_793' title='bbox 1559 5126 1616 5179; x_wconf 88' lang='lat' dir='ltr'><strong>In</strong></span> <span class='ocrx_word' id='word_1_794' title='bbox 1655 5123 1802 5197; x_wconf 76' lang='lat' dir='ltr'><strong>Fl_or.</strong></span> <span class='ocrx_word' id='word_1_795' title='bbox 1830 5133 1913 5178; x_wconf 90' lang='lat' dir='ltr'><strong>est</strong></span> <span class='ocrx_word' id='word_1_796' title='bbox 1933 5124 2091 5197; x_wconf 80' lang='lat' dir='ltr'><strong>etiam</strong></span> <span class='ocrx_word' id='word_1_797' title='bbox 2130 5126 2296 5197; x_wconf 69' lang='lat' dir='ltr'><strong>altera</strong></span> <span class='ocrx_word' id='word_1_798' title='bbox 2343 5125 2419 5197; x_wconf 83' lang='lat' dir='ltr'><strong>le-</strong></span> 
     </span>
    </p>
   </div>
   <div class='ocr_carea' id='block_1_99' title="bbox 849 5193 2419 5265">
    <p class='ocr_par' dir='ltr' id='par_1_99' title="bbox 849 5193 2419 5265">
     <span class='ocr_line' id='line_1_99' title="bbox 849 5193 2419 5265; baseline -0.006 -11"><span class='ocrx_word' id='word_1_799' title='bbox 849 5193 961 5254; x_wconf 79' lang='lat' dir='ltr'><strong>ctio</strong></span> <span class='ocrx_word' id='word_1_800' title='bbox 983 5198 1344 5260; x_wconf 81' lang='grc' dir='ltr'>ἀπολιποῦσα,</span> <span class='ocrx_word' id='word_1_801' title='bbox 1377 5198 1474 5251; x_wconf 81' lang='lat' dir='ltr'><strong>fut.</strong></span> <span class='ocrx_word' id='word_1_802' title='bbox 1504 5207 1670 5265; x_wconf 89' lang='lat' dir='ltr'><strong>temp.</strong></span> <span class='ocrx_word' id='word_1_803' title='bbox 1706 5193 2001 5265; x_wconf 78' lang='lat' dir='ltr'><strong>Sequentia</strong></span> <span class='ocrx_word' id='word_1_804' title='bbox 2048 5196 2211 5248; x_wconf 88' lang='lat' dir='ltr'><strong>verba</strong></span> <span class='ocrx_word' id='word_1_805' title='bbox 2262 5194 2419 5246; x_wconf 85' lang='lat' dir='ltr'><strong>Davi-</strong></span> 
     </span>
    </p>
   </div>
   <div class='ocr_carea' id='block_1_100' title="bbox 849 5264 2419 5333">
    <p class='ocr_par' dir='ltr' id='par_1_100' title="bbox 849 5264 2419 5333">
     <span class='ocr_line' id='line_1_100' title="bbox 849 5264 2419 5333; baseline -0.004 -9"><span class='ocrx_word' id='word_1_806' title='bbox 849 5273 935 5328; x_wconf 83' lang='lat' dir='ltr'><strong>dis</strong></span> <span class='ocrx_word' id='word_1_807' title='bbox 988 5278 1117 5325; x_wconf 89' lang='lat' dir='ltr'><strong>sunt</strong></span> <span class='ocrx_word' id='word_1_808' title='bbox 1176 5285 1242 5321; x_wconf 80' lang='lat' dir='ltr'><strong>ex</strong></span> <span class='ocrx_word' id='word_1_809' title='bbox 1272 5267 1470 5322; x_wconf 85' lang='lat' dir='ltr'><strong>Psalm.</strong></span> <span class='ocrx_word' id='word_1_810' title='bbox 1508 5264 1738 5328; x_wconf 74' lang='lat' dir='ltr'><strong>xxxviii,</strong></span> <span class='ocrx_word' id='word_1_811' title='bbox 1789 5264 2037 5333; x_wconf 84' lang='lat' dir='ltr'><strong>pauculis</strong></span> <span class='ocrx_word' id='word_1_812' title='bbox 2074 5265 2321 5319; x_wconf 88' lang='lat' dir='ltr'><strong>mutatis.</strong></span> <span class='ocrx_word' id='word_1_813' title='bbox 2356 5267 2419 5317; x_wconf 85' lang='grc' dir='ltr'><strong>Λ.</strong></span> 
     </span>
    </p>
   </div>
   <div class='ocr_carea' id='block_1_101' title="bbox 852 5334 2419 5405">
    <p class='ocr_par' dir='ltr' id='par_1_101' title="bbox 852 5334 2419 5405">
     <span class='ocr_line' id='line_1_101' title="bbox 852 5334 2419 5405; baseline -0.005 -10"><span class='ocrx_word' id='word_1_814' title='bbox 852 5343 1116 5395; x_wconf 77' lang='lat' dir='ltr'><strong>Svuwnc.</strong></span> <span class='ocrx_word' id='word_1_815' title='bbox 1152 5369 1211 5379; x_wconf 74' lang='lat'><strong>-</strong></span> <span class='ocrx_word' id='word_1_816' title='bbox 1241 5337 1298 5391; x_wconf 85' lang='lat' dir='ltr'><strong>In</strong></span> <span class='ocrx_word' id='word_1_817' title='bbox 1329 5353 1496 5392; x_wconf 88' lang='lat' dir='ltr'><strong>unum</strong></span> <span class='ocrx_word' id='word_1_818' title='bbox 1524 5335 1808 5405; x_wconf 70' lang='lat' dir='ltr'><strong>coniungit</strong></span> <span class='ocrx_word' id='word_1_819' title='bbox 1838 5335 2129 5389; x_wconf 85' lang='lat' dir='ltr'><strong>Abrahami</strong></span> <span class='ocrx_word' id='word_1_820' title='bbox 2155 5334 2318 5388; x_wconf 88' lang='lat' dir='ltr'><strong>verba</strong></span> <span class='ocrx_word' id='word_1_821' title='bbox 2354 5335 2419 5387; x_wconf 86' lang='lat' dir='ltr'><strong>ad</strong></span> 
     </span>
    </p>
   </div>
   <div class='ocr_carea' id='block_1_102' title="bbox 851 5405 2424 5477">
    <p class='ocr_par' dir='ltr' id='par_1_102' title="bbox 851 5405 2424 5477">
     <span class='ocr_line' id='line_1_102' title="bbox 851 5405 2424 5477; baseline -0.006 -11"><span class='ocrx_word' id='word_1_822' title='bbox 851 5413 994 5466; x_wconf 78' lang='lat' dir='ltr'><strong>lilios</strong></span> <span class='ocrx_word' id='word_1_823' title='bbox 1019 5410 1217 5475; x_wconf 82' lang='lat' dir='ltr'><strong>Cheth,</strong></span> <span class='ocrx_word' id='word_1_824' title='bbox 1248 5409 1385 5465; x_wconf 78' lang='lat' dir='ltr'><strong>Gen.</strong></span> <span class='ocrx_word' id='word_1_825' title='bbox 1422 5424 1577 5464; x_wconf 79' lang='lat' dir='ltr'><strong>xxm.</strong></span> <span class='ocrx_word' id='word_1_826' title='bbox 1606 5409 1671 5461; x_wconf 71' lang='lat'><strong>4:</strong></span> <span class='ocrx_word' id='word_1_827' title='bbox 1703 5406 2097 5477; x_wconf 69' lang='lat' dir='ltr'><strong>Ila&#39;tpomog_&gt;;al._</strong></span> <span class='ocrx_word' id='word_1_828' title='bbox 2124 5405 2424 5477; x_wconf 70' lang='grc' dir='ltr'>παρεπίδη-</span> 
     </span>
    </p>
   </div>
   <div class='ocr_carea' id='block_1_103' title="bbox 856 5474 2420 5552">
    <p class='ocr_par' dir='ltr' id='par_1_103' title="bbox 856 5474 2420 5552">
     <span class='ocr_line' id='line_1_103' title="bbox 856 5474 2420 5552; baseline -0.004 -19"><span class='ocrx_word' id='word_1_829' title='bbox 856 5499 955 5552; x_wconf 87' lang='grc' dir='ltr'><strong>μος</strong></span> <span class='ocrx_word' id='word_1_830' title='bbox 983 5478 1091 5549; x_wconf 74' lang='grc' dir='ltr'><strong>ἐγώ</strong></span> <span class='ocrx_word' id='word_1_831' title='bbox 1122 5474 1236 5550; x_wconf 88' lang='grc' dir='ltr'>εἰμι</span> <span class='ocrx_word' id='word_1_832' title='bbox 1269 5478 1384 5549; x_wconf 86' lang='grc' dir='ltr'>μεθ’</span> <span class='ocrx_word' id='word_1_833' title='bbox 1416 5477 1568 5552; x_wconf 26' lang='grc' dir='ltr'>ὐμῷᾎν</span> <span class='ocrx_word' id='word_1_834' title='bbox 1588 5494 1600 5506; x_wconf 80' lang='grc'><em>’</em></span> <span class='ocrx_word' id='word_1_835' title='bbox 1636 5486 1710 5552; x_wconf 55' lang='lat' dir='ltr'><strong>et</strong></span> <span class='ocrx_word' id='word_1_836' title='bbox 1753 5474 1913 5529; x_wconf 66' lang='lat' dir='ltr'><strong>verba</strong></span> <span class='ocrx_word' id='word_1_837' title='bbox 1950 5474 2232 5552; x_wconf 22' lang='lat' dir='ltr'><strong>‘David‘is‘,</strong></span> <span class='ocrx_word' id='word_1_838' title='bbox 2256 5475 2420 5552; x_wconf 66' lang='lat' dir='ltr'><strong>_Psal_.</strong></span> 
     </span>
    </p>
   </div>
   <div class='ocr_carea' id='block_1_104' title="bbox 853 5544 2419 5618">
    <p class='ocr_par' dir='ltr' id='par_1_104' title="bbox 853 5544 2419 5618">
     <span class='ocr_line' id='line_1_104' title="bbox 853 5544 2419 5618; baseline -0.006 -11"><span class='ocrx_word' id='word_1_839' title='bbox 853 5544 1393 5613; x_wconf 58' lang='grc' dir='ltr'>κικιχ’(ίιι.’κκῇνιιι</span> <span class='ocrx_word' id='word_1_840' title='bbox 1418 5544 1904 5618; x_wconf 69' lang='grc' dir='ltr'>),’1⁴2;11ἀροικος</span> <span class='ocrx_word' id='word_1_841' title='bbox 1946 5544 2057 5612; x_wconf 78' lang='grc' dir='ltr'>ἐγώ</span> <span class='ocrx_word' id='word_1_842' title='bbox 2101 5548 2214 5615; x_wconf 77' lang='grc' dir='ltr'>εἰμι</span> <span class='ocrx_word' id='word_1_843' title='bbox 2253 5548 2309 5598; x_wconf 82' lang='grc' dir='ltr'>ὲν</span> <span class='ocrx_word' id='word_1_844' title='bbox 2356 5546 2419 5613; x_wconf 80' lang='grc' dir='ltr'>τῇ</span> 
     </span>
    </p>
   </div>
   <div class='ocr_carea' id='block_1_105' title="bbox 851 5617 2451 5695">
    <p class='ocr_par' dir='ltr' id='par_1_105' title="bbox 851 5617 2451 5695">
     <span class='ocr_line' id='line_1_105' title="bbox 851 5617 2451 5695; baseline -0.008 -18"><span class='ocrx_word' id='word_1_845' title='bbox 851 5626 922 5695; x_wconf 79' lang='grc' dir='ltr'>γῇ</span> <span class='ocrx_word' id='word_1_846' title='bbox 978 5623 1071 5676; x_wconf 80' lang='grc' dir='ltr'>καὶ</span> <span class='ocrx_word' id='word_1_847' title='bbox 1099 5622 1496 5695; x_wconf 69' lang='grc' dir='ltr'>παρεπίδημος,</span> <span class='ocrx_word' id='word_1_848' title='bbox 1523 5617 1701 5695; x_wconf 63' lang='lat' dir='ltr'><strong>mod);</strong></span> <span class='ocrx_word' id='word_1_849' title='bbox 1723 5617 1934 5695; x_wconf 61' lang='grc' dir='ltr'>πάντες</span> <span class='ocrx_word' id='word_1_850' title='bbox 1962 5619 2010 5695; x_wconf 65' lang='grc' dir='ltr'>οξ</span> <span class='ocrx_word' id='word_1_851' title='bbox 2040 5633 2268 5695; x_wconf 72' lang='grc' dir='ltr'>πατερες</span> <span class='ocrx_word' id='word_1_852' title='bbox 2298 5634 2417 5684; x_wconf 80' lang='grc' dir='ltr'>μου.</span> <span class='ocrx_word' id='word_1_853' title='bbox 2450 5644 2451 5647; x_wconf 61' lang='grc' dir='ltr'><strong>η</strong></span> 
     </span>
    </p>
   </div>
   <div class='ocr_carea' id='block_1_106' title="bbox 896 5678 2417 5763">
    <p class='ocr_par' dir='ltr' id='par_1_106' title="bbox 896 5678 2417 5763">
     <span class='ocr_line' id='line_1_106' title="bbox 896 5678 2417 5763; baseline -0.006 -18"><span class='ocrx_word' id='word_1_854' title='bbox 896 5678 1033 5763; x_wconf 70' lang='lat'><strong>&quot;(99)</strong></span> <span class='ocrx_word' id='word_1_855' title='bbox 1065 5678 1284 5763; x_wconf 66' lang='grc' dir='ltr'>Τριέτᾴ.</span> <span class='ocrx_word' id='word_1_856' title='bbox 1334 5678 1551 5763; x_wconf 11' lang='lat' dir='ltr'><strong>Nempe,</strong></span> <span class='ocrx_word' id='word_1_857' title='bbox 1572 5678 1767 5763; x_wconf 67' lang='lat' dir='ltr'><strong>animi,</strong></span> <span class='ocrx_word' id='word_1_858' title='bbox 1792 5678 2039 5763; x_wconf 78' lang='lat' dir='ltr'><strong>corporis</strong></span> <span class='ocrx_word' id='word_1_859' title='bbox 2068 5702 2132 5739; x_wconf 89' lang='lat' dir='ltr'><strong>ac</strong></span> <span class='ocrx_word' id='word_1_860' title='bbox 2163 5678 2417 5763; x_wconf 50' lang='lat' dir='ltr'><strong>fortuna</strong></span> 
     </span>
    </p>
   </div>
   <div class='ocr_carea' id='block_1_107' title="bbox 854 5756 2422 5825">
    <p class='ocr_par' dir='ltr' id='par_1_107' title="bbox 854 5756 2422 5825">
     <span class='ocr_line' id='line_1_107' title="bbox 854 5756 2422 5825; baseline -0.005 -10"><span class='ocrx_word' id='word_1_861' title='bbox 854 5756 1171 5817; x_wconf 80' lang='lat' dir='ltr'><strong>Aristoteles</strong></span> <span class='ocrx_word' id='word_1_862' title='bbox 1190 5762 1365 5817; x_wconf 77' lang='lat' dir='ltr'><strong>Ethic.</strong></span> <span class='ocrx_word' id='word_1_863' title='bbox 1389 5763 1455 5816; x_wconf 83' lang='lat' dir='ltr'><strong>ad</strong></span> <span class='ocrx_word' id='word_1_864' title='bbox 1474 5756 1808 5814; x_wconf 30' lang='lat' dir='ltr'><strong>&#39;Nicomaeh.</strong></span> <span class='ocrx_word' id='word_1_865' title='bbox 1843 5756 1938 5813; x_wconf 86' lang='lat' dir='ltr'><strong>lib.</strong></span> <span class='ocrx_word' id='word_1_866' title='bbox 1961 5774 2001 5821; x_wconf 87' lang='grc' dir='ltr'><strong>ι,</strong></span> <span class='ocrx_word' id='word_1_867' title='bbox 2017 5772 2138 5825; x_wconf 88' lang='lat' dir='ltr'><strong>cap.</strong></span> <span class='ocrx_word' id='word_1_868' title='bbox 2158 5756 2218 5809; x_wconf 85' lang='lat'><strong>8:</strong></span> <span class='ocrx_word' id='word_1_869' title='bbox 2247 5756 2422 5824; x_wconf 78' lang='grc' dir='ltr'>Νεμε-</span> 
     </span>
    </p>
   </div>
   <div class='ocr_carea' id='block_1_108' title="bbox 872 5825 2421 5915">
    <p class='ocr_par' dir='ltr' id='par_1_108' title="bbox 872 5825 2421 5915">
     <span class='ocr_line' id='line_1_108' title="bbox 872 5825 2421 5915; baseline -0.008 -28"><span class='ocrx_word' id='word_1_870' title='bbox 872 5833 1137 5915; x_wconf 52' lang='grc' dir='ltr'>λημένων,</span> <span class='ocrx_word' id='word_1_871' title='bbox 1171 5832 1280 5915; x_wconf 72' lang='grc' dir='ltr'>τῷν</span> <span class='ocrx_word' id='word_1_872' title='bbox 1338 5834 1468 5914; x_wconf 53' lang='grc' dir='ltr'>περὶ</span> <span class='ocrx_word' id='word_1_873' title='bbox 1524 5828 1746 5915; x_wconf 65' lang='grc' dir='ltr'>ἀγαθῶν</span> <span class='ocrx_word' id='word_1_874' title='bbox 1789 5830 1990 5915; x_wconf 59' lang='grc' dir='ltr'>τριχῆ,</span> <span class='ocrx_word' id='word_1_875' title='bbox 2040 5825 2276 5915; x_wconf 36' lang='grc' dir='ltr'>καὶωτῶν</span> 
     </span>
    </p>
   </div>
   <div class='ocr_carea' id='block_1_109' title="bbox 890 5895 2424 5978">
    <p class='ocr_par' dir='ltr' id='par_1_109' title="bbox 890 5895 2424 5978">
     <span class='ocr_line' id='line_1_109' title="bbox 890 5895 2424 5978; baseline -0.014 -23"><span class='ocrx_word' id='word_1_876' title='bbox 890 5895 1010 5978; x_wconf 58' lang='grc' dir='ltr'><strong>κξύς</strong></span> <span class='ocrx_word' id='word_1_877' title='bbox 1040 5895 1368 5978; x_wconf 73' lang='grc' dir='ltr'>λεγομένων,</span> <span class='ocrx_word' id='word_1_878' title='bbox 1404 5895 1510 5978; x_wconf 65' lang='grc' dir='ltr'><strong>τῶν</strong></span> <span class='ocrx_word' id='word_1_879' title='bbox 1618 5903 1744 5978; x_wconf 72' lang='grc' dir='ltr'>περὶ</span> <span class='ocrx_word' id='word_1_880' title='bbox 1774 5895 1955 5978; x_wconf 45' lang='lat' dir='ltr'><strong>illuxiij</strong></span> <span class='ocrx_word' id='word_1_881' title='bbox 2094 5896 2269 5967; x_wconf 76' lang='grc' dir='ltr'>σῶμα,</span> <span class='ocrx_word' id='word_1_882' title='bbox 2297 5914 2313 5945; x_wconf 73' lang='grc' dir='ltr'>ι</span> <span class='ocrx_word' id='word_1_883' title='bbox 2341 5895 2424 5949; x_wconf 71' lang='lat' dir='ltr'><strong>Di.</strong></span> 
     </span>
    </p>
   </div>
   <div class='ocr_carea' id='block_1_110' title="bbox 857 5966 2421 6034">
    <p class='ocr_par' dir='ltr' id='par_1_110' title="bbox 857 5966 2421 6034">
     <span class='ocr_line' id='line_1_110' title="bbox 857 5966 2421 6034; baseline -0.006 -5"><span class='ocrx_word' id='word_1_884' title='bbox 857 5966 1268 6029; x_wconf 56' lang='lat' dir='ltr'><strong>stributis&#39;v&#39;ero</strong></span> <span class='ocrx_word' id='word_1_885' title='bbox 1294 5974 1451 6029; x_wconf 88' lang='lat' dir='ltr'><strong>bonis</strong></span> <span class='ocrx_word' id='word_1_886' title='bbox 1477 5966 1767 6034; x_wconf 79' lang='lat' dir='ltr'><strong>trifariam,</strong></span> <span class='ocrx_word' id='word_1_887' title='bbox 1792 5966 1994 6025; x_wconf 69' lang='lat' dir='ltr'><strong>utalia</strong></span> <span class='ocrx_word' id='word_1_888' title='bbox 2020 5966 2273 6022; x_wconf 81' lang='lat' dir='ltr'><strong>dicantur</strong></span> <span class='ocrx_word' id='word_1_889' title='bbox 2302 5982 2421 6020; x_wconf 77' lang='lat' dir='ltr'><strong>esse</strong></span> 
     </span>
    </p>
   </div>
   <div class='ocr_carea' id='block_1_111' title="bbox 856 6043 2203 6110">
    <p class='ocr_par' dir='ltr' id='par_1_111' title="bbox 856 6043 2203 6110">
     <span class='ocr_line' id='line_1_111' title="bbox 856 6043 2203 6110; baseline -0.004 -13"><span class='ocrx_word' id='word_1_890' title='bbox 856 6052 1031 6108; x_wconf 70' lang='lat' dir='ltr'><strong>cura,</strong></span> <span class='ocrx_word' id='word_1_891' title='bbox 1073 6047 1176 6100; x_wconf 84' lang='lat' dir='ltr'><strong>alia</strong></span> <span class='ocrx_word' id='word_1_892' title='bbox 1210 6045 1263 6099; x_wconf 94' lang='lat' dir='ltr'><strong>in</strong></span> <span class='ocrx_word' id='word_1_893' title='bbox 1292 6046 1500 6106; x_wconf 89' lang='lat' dir='ltr'><strong>animo,</strong></span> <span class='ocrx_word' id='word_1_894' title='bbox 1528 6045 1631 6097; x_wconf 87' lang='lat' dir='ltr'><strong>alia</strong></span> <span class='ocrx_word' id='word_1_895' title='bbox 1669 6043 1722 6093; x_wconf 87' lang='lat' dir='ltr'><strong>in</strong></span> <span class='ocrx_word' id='word_1_896' title='bbox 1752 6054 1998 6110; x_wconf 77' lang='lat' dir='ltr'><strong>corpore,</strong></span> <span class='ocrx_word' id='word_1_897' title='bbox 2041 6057 2058 6089; x_wconf 81' lang='grc' dir='ltr'><strong>ι</strong></span> <span class='ocrx_word' id='word_1_898' title='bbox 2099 6046 2203 6093; x_wconf 84' lang='lat' dir='ltr'><strong>etc.</strong></span> 
     </span>
    </p>
   </div>
   <div class='ocr_carea' id='block_1_112' title="bbox 2598 5035 4099 5120">
    <p class='ocr_par' dir='ltr' id='par_1_112' title="bbox 2598 5035 4099 5120">
     <span class='ocr_line' id='line_1_112' title="bbox 2598 5035 4099 5120; baseline -0.01 -18"><span class='ocrx_word' id='word_1_899' title='bbox 2598 5051 2675 5120; x_wconf 86' lang='grc' dir='ltr'>(Ι)</span> <span class='ocrx_word' id='word_1_900' title='bbox 2711 5047 2820 5102; x_wconf 81' lang='grc' dir='ltr'><strong>Τὸν</strong></span> <span class='ocrx_word' id='word_1_901' title='bbox 2859 5047 3065 5120; x_wconf 56' lang='grc' dir='ltr'>τόπον,</span> <span class='ocrx_word' id='word_1_902' title='bbox 3120 5038 3560 5120; x_wconf 70' lang='lat' dir='ltr'><strong>Constructionis</strong></span> <span class='ocrx_word' id='word_1_903' title='bbox 3617 5035 3799 5120; x_wconf 74' lang='lat' dir='ltr'><strong>regula</strong></span> <span class='ocrx_word' id='word_1_904' title='bbox 3855 5036 4099 5103; x_wconf 89' lang='lat' dir='ltr'><strong>postulat</strong></span> 
     </span>
    </p>
   </div>
   <div class='ocr_carea' id='block_1_113' title="bbox 2524 5108 4099 5182">
    <p class='ocr_par' dir='ltr' id='par_1_113' title="bbox 2524 5108 4099 5182">
     <span class='ocr_line' id='line_1_113' title="bbox 2524 5108 4099 5182; baseline -0.011 -7"><span class='ocrx_word' id='word_1_905' title='bbox 2524 5108 2835 5182; x_wconf 24' lang='lat' dir='ltr'><strong>aeriacasu,</strong></span> <span class='ocrx_word' id='word_1_906' title='bbox 2862 5116 2970 5170; x_wconf 85' lang='grc' dir='ltr'><strong>τῶν</strong></span> <span class='ocrx_word' id='word_1_907' title='bbox 3001 5116 3203 5174; x_wconf 87' lang='grc' dir='ltr'>τόπων,</span> <span class='ocrx_word' id='word_1_908' title='bbox 3255 5112 3338 5165; x_wconf 85' lang='lat' dir='ltr'><strong>vel</strong></span> <span class='ocrx_word' id='word_1_909' title='bbox 3371 5108 3686 5182; x_wconf 43' lang='lat'><strong>503151101);</strong></span> <span class='ocrx_word' id='word_1_910' title='bbox 3736 5108 3998 5182; x_wconf 63' lang='lat' dir='ltr'><strong>Sustine.</strong></span> <span class='ocrx_word' id='word_1_911' title='bbox 4027 5133 4099 5182; x_wconf 66' lang='lat'><strong>:—</strong></span> 
     </span>
    </p>
   </div>
   <div class='ocr_carea' id='block_1_114' title="bbox 2525 5173 4095 5251">
    <p class='ocr_par' dir='ltr' id='par_1_114' title="bbox 2525 5173 4095 5251">
     <span class='ocr_line' id='line_1_114' title="bbox 2525 5173 4095 5251; baseline -0.012 -7"><span class='ocrx_word' id='word_1_912' title='bbox 2525 5173 2834 5245; x_wconf 25' lang='lat' dir='ltr'><strong>(ﬁientianus&#39;</strong></span> <span class='ocrx_word' id='word_1_913' title='bbox 2862 5189 3129 5241; x_wconf 81' lang='lat' dir='ltr'><strong>Hervetus</strong></span> <span class='ocrx_word' id='word_1_914' title='bbox 3150 5173 3279 5251; x_wconf 74' lang='lat' dir='ltr'><strong>legit</strong></span> <span class='ocrx_word' id='word_1_915' title='bbox 3306 5179 3401 5234; x_wconf 81' lang='grc' dir='ltr'>τοῦ</span> <span class='ocrx_word' id='word_1_916' title='bbox 3428 5178 3617 5242; x_wconf 80' lang='grc' dir='ltr'>τόπου,</span> <span class='ocrx_word' id='word_1_917' title='bbox 3646 5176 3707 5230; x_wconf 90' lang='lat' dir='ltr'><strong>F.</strong></span> <span class='ocrx_word' id='word_1_918' title='bbox 3736 5176 3996 5231; x_wconf 79' lang='lat' dir='ltr'><strong>Morcllus</strong></span> <span class='ocrx_word' id='word_1_919' title='bbox 4035 5173 4095 5226; x_wconf 82' lang='grc' dir='ltr'><strong>Ρ,</strong></span> 
     </span>
    </p>
   </div>
   <div class='ocr_carea' id='block_1_115' title="bbox 2527 5256 3265 5315">
    <p class='ocr_par' dir='ltr' id='par_1_115' title="bbox 2527 5256 3265 5315">
     <span class='ocr_line' id='line_1_115' title="bbox 2527 5256 3265 5315; baseline -0.012 0"><span class='ocrx_word' id='word_1_920' title='bbox 2527 5261 2589 5315; x_wconf 79' lang='grc' dir='ltr'><strong>Β.</strong></span> <span class='ocrx_word' id='word_1_921' title='bbox 2623 5261 2732 5314; x_wconf 81' lang='grc' dir='ltr'>τῶν</span> <span class='ocrx_word' id='word_1_922' title='bbox 2766 5261 2968 5312; x_wconf 85' lang='grc' dir='ltr'>τόπων.</span> <span class='ocrx_word' id='word_1_923' title='bbox 2995 5256 3265 5307; x_wconf 65' lang='grc' dir='ltr'>(Σοιιεοτ.</span> 
     </span>
    </p>
   </div>
   <div class='ocr_carea' id='block_1_116' title="bbox 2597 5317 4101 5393">
    <p class='ocr_par' dir='ltr' id='par_1_116' title="bbox 2597 5317 4101 5393">
     <span class='ocr_line' id='line_1_116' title="bbox 2597 5317 4101 5393; baseline -0.015 -8"><span class='ocrx_word' id='word_1_924' title='bbox 2597 5332 2670 5393; x_wconf 74' lang='grc'>(9.)</span> <span class='ocrx_word' id='word_1_925' title='bbox 2718 5331 2930 5383; x_wconf 73' lang='grc' dir='ltr'>Ὀπίσω</span> <span class='ocrx_word' id='word_1_926' title='bbox 2968 5328 3093 5379; x_wconf 80' lang='grc' dir='ltr'>κατ’</span> <span class='ocrx_word' id='word_1_927' title='bbox 3126 5322 3255 5377; x_wconf 78' lang='grc' dir='ltr'>οὐδ.</span> <span class='ocrx_word' id='word_1_928' title='bbox 3291 5317 3825 5393; x_wconf 53' lang='lat' dir='ltr'><strong>Scilicetinanimo</strong></span> <span class='ocrx_word' id='word_1_929' title='bbox 3873 5328 4101 5393; x_wconf 69' lang='lat' dir='ltr'><strong>servans</strong></span> 
     </span>
    </p>
   </div>
   <div class='ocr_carea' id='block_1_117' title="bbox 2523 5387 4099 5468">
    <p class='ocr_par' dir='ltr' id='par_1_117' title="bbox 2523 5387 4099 5468">
     <span class='ocr_line' id='line_1_117' title="bbox 2523 5387 4099 5468; baseline -0.009 -13"><span class='ocrx_word' id='word_1_930' title='bbox 2523 5387 2722 5455; x_wconf 78' lang='lat' dir='ltr'><strong>Christi</strong></span> <span class='ocrx_word' id='word_1_931' title='bbox 2755 5406 3107 5468; x_wconf 61' lang='lat' dir='ltr'><strong>praeceptum,</strong></span> <span class='ocrx_word' id='word_1_932' title='bbox 3140 5393 3270 5447; x_wconf 87' lang='lat' dir='ltr'><strong>Luc.</strong></span> <span class='ocrx_word' id='word_1_933' title='bbox 3303 5406 3440 5456; x_wconf 78' lang='lat' dir='ltr'><strong>xvu,</strong></span> <span class='ocrx_word' id='word_1_934' title='bbox 3472 5389 3573 5442; x_wconf 64' lang='grc' dir='ltr'><strong>δὶς</strong></span> <span class='ocrx_word' id='word_1_935' title='bbox 3601 5387 3981 5459; x_wconf 80' lang='grc' dir='ltr'>Μνημονεύετε</span> <span class='ocrx_word' id='word_1_936' title='bbox 3999 5387 4099 5449; x_wconf 71' lang='grc' dir='ltr'><strong>τῆς</strong></span> 
     </span>
    </p>
   </div>
   <div class='ocr_carea' id='block_1_118' title="bbox 2526 5469 4074 5538">
    <p class='ocr_par' dir='ltr' id='par_1_118' title="bbox 2526 5469 4074 5538">
     <span class='ocr_line' id='line_1_118' title="bbox 2526 5469 4074 5538; baseline -0.003 -16"><span class='ocrx_word' id='word_1_937' title='bbox 2526 5472 2781 5538; x_wconf 74' lang='grc' dir='ltr'>γυναικὸς</span> <span class='ocrx_word' id='word_1_938' title='bbox 2808 5469 2948 5521; x_wconf 83' lang='grc' dir='ltr'><strong>Λώτ.</strong></span> <span class='ocrx_word' id='word_1_939' title='bbox 3137 5532 3157 5538; x_wconf 29' lang='grc' dir='ltr'><strong>Α</strong></span> <span class='ocrx_word' id='word_1_940' title='bbox 3177 5531 3188 5538; x_wconf 89' lang='lat'><em>_</em></span> <span class='ocrx_word' id='word_1_941' title='bbox 3273 5530 3298 5538; x_wconf 77' lang='lat'><strong>_</strong></span> <span class='ocrx_word' id='word_1_942' title='bbox 3324 5534 3336 5538; x_wconf 93' lang='lat'><em>_</em></span> <span class='ocrx_word' id='word_1_943' title='bbox 3363 5533 3379 5538; x_wconf 32' lang='grc' dir='ltr'><strong>Δ</strong></span> <span class='ocrx_word' id='word_1_944' title='bbox 3519 5528 3532 5538; x_wconf 82' lang='lat'><strong>_</strong></span> <span class='ocrx_word' id='word_1_945' title='bbox 3769 5530 3780 5538; x_wconf 86' lang='lat'><strong><em>_</em></strong></span> <span class='ocrx_word' id='word_1_946' title='bbox 3876 5528 3898 5538; x_wconf 44' lang='grc' dir='ltr'><strong>λ</strong></span> <span class='ocrx_word' id='word_1_947' title='bbox 3957 5525 3969 5536; x_wconf 45' lang='grc'>,</span> <span class='ocrx_word' id='word_1_948' title='bbox 3996 5518 4074 5538; x_wconf 13' lang='grc' dir='ltr'><strong>,κη</strong></span> 
     </span>
    </p>
   </div>
   <div class='ocr_carea' id='block_1_119' title="bbox 2596 5524 4101 5603">
    <p class='ocr_par' dir='ltr' id='par_1_119' title="bbox 2596 5524 4101 5603">
     <span class='ocr_line' id='line_1_119' title="bbox 2596 5524 4101 5603; baseline -0.006 -11"><span class='ocrx_word' id='word_1_949' title='bbox 2596 5542 2670 5603; x_wconf 77' lang='grc'>(5)</span> <span class='ocrx_word' id='word_1_950' title='bbox 2705 5525 3087 5603; x_wconf 68' lang='grc' dir='ltr'>Εὐδοκοῦμεν</span> <span class='ocrx_word' id='word_1_951' title='bbox 3127 5531 3194 5585; x_wconf 75' lang='grc' dir='ltr'>δὲ</span> <span class='ocrx_word' id='word_1_952' title='bbox 3216 5530 3473 5603; x_wconf 56' lang='lat' dir='ltr'><strong>millet“.</strong></span> <span class='ocrx_word' id='word_1_953' title='bbox 3506 5528 3569 5583; x_wconf 79' lang='grc' dir='ltr'><strong>Α.</strong></span> <span class='ocrx_word' id='word_1_954' title='bbox 3602 5530 3831 5603; x_wconf 66' lang='lat' dir='ltr'><strong>mavult,</strong></span> <span class='ocrx_word' id='word_1_955' title='bbox 3873 5524 4101 5603; x_wconf 48' lang='grc' dir='ltr'><strong>Οαρροῗῖ</strong></span> 
     </span>
    </p>
   </div>
   <div class='ocr_carea' id='block_1_120' title="bbox 2530 5589 4096 5681">
    <p class='ocr_par' dir='ltr' id='par_1_120' title="bbox 2530 5589 4096 5681">
     <span class='ocr_line' id='line_1_120' title="bbox 2530 5589 4096 5681; baseline -0.015 -15"><span class='ocrx_word' id='word_1_956' title='bbox 2656 5589 2734 5671; x_wconf 79' lang='grc' dir='ltr'><strong>δὲ,</strong></span> <span class='ocrx_word' id='word_1_957' title='bbox 2769 5611 2863 5663; x_wconf 79' lang='grc' dir='ltr'><strong>καὶ</strong></span> <span class='ocrx_word' id='word_1_958' title='bbox 2898 5589 3293 5672; x_wconf 62' lang='grc' dir='ltr'>εὐδοκιμοῦμῖεν</span> <span class='ocrx_word' id='word_1_959' title='bbox 3322 5600 3641 5681; x_wconf 47' lang='grc' dir='ltr'>μᾶλλον-..οε</span> <span class='ocrx_word' id='word_1_960' title='bbox 3671 5600 3713 5654; x_wconf 92' lang='grc'><strong>11</strong></span> <span class='ocrx_word' id='word_1_961' title='bbox 3741 5601 3870 5681; x_wconf 59' lang='grc' dir='ltr'>αρτ.</span> <span class='ocrx_word' id='word_1_962' title='bbox 3914 5610 3967 5655; x_wconf 83' lang='grc' dir='ltr'>ν,</span> <span class='ocrx_word' id='word_1_963' title='bbox 4004 5589 4096 5643; x_wconf 78' lang='lat' dir='ltr'><strong>ubi</strong></span> 
     </span>
    </p>
   </div>
   <div class='ocr_carea' id='block_1_121' title="bbox 2525 5668 3981 5745">
    <p class='ocr_par' dir='ltr' id='par_1_121' title="bbox 2525 5668 3981 5745">
     <span class='ocr_line' id='line_1_121' title="bbox 2525 5668 3981 5745; baseline -0.015 -10"><span class='ocrx_word' id='word_1_964' title='bbox 2525 5668 2689 5736; x_wconf 70' lang='lat' dir='ltr'><strong>etiam</strong></span> <span class='ocrx_word' id='word_1_965' title='bbox 2724 5668 2873 5742; x_wconf 81' lang='lat' dir='ltr'><strong>mox,</strong></span> <span class='ocrx_word' id='word_1_966' title='bbox 2908 5668 3212 5745; x_wconf 51' lang='grc' dir='ltr'>ἐνδημῆσαι</span> <span class='ocrx_word' id='word_1_967' title='bbox 3239 5671 3492 5745; x_wconf 56' lang='grc' dir='ltr'>πρρςςὸν</span> <span class='ocrx_word' id='word_1_968' title='bbox 3520 5672 3739 5745; x_wconf 36' lang='grc' dir='ltr'>Κύριον..</span> <span class='ocrx_word' id='word_1_969' title='bbox 3775 5668 3932 5745; x_wconf 57' lang='lat' dir='ltr'><strong>sm.</strong></span> <span class='ocrx_word' id='word_1_970' title='bbox 3966 5729 3981 5745; x_wconf 31' lang='grc' dir='ltr'><strong>η</strong></span> 
     </span>
    </p>
   </div>
   <div class='ocr_carea' id='block_1_122' title="bbox 2598 5736 4100 5819">
    <p class='ocr_par' dir='ltr' id='par_1_122' title="bbox 2598 5736 4100 5819">
     <span class='ocr_line' id='line_1_122' title="bbox 2598 5736 4100 5819; baseline -0.016 -15"><span class='ocrx_word' id='word_1_971' title='bbox 2598 5751 2672 5819; x_wconf 68' lang='grc' dir='ltr'>(λι)</span> <span class='ocrx_word' id='word_1_972' title='bbox 2702 5750 2797 5803; x_wconf 84' lang='grc' dir='ltr'><strong>Διὸ</strong></span> <span class='ocrx_word' id='word_1_973' title='bbox 2828 5736 2890 5817; x_wconf 55' lang='lat'><strong>5.6.</strong></span> <span class='ocrx_word' id='word_1_974' title='bbox 2941 5736 3347 5819; x_wconf 48' lang='lat' dir='ltr'><strong>vinigjmplju</strong></span> <span class='ocrx_word' id='word_1_975' title='bbox 3378 5741 3503 5819; x_wconf 73' lang='lat' dir='ltr'><strong>cor.</strong></span> <span class='ocrx_word' id='word_1_976' title='bbox 3546 5736 3739 5819; x_wconf 46' lang='lat' dir='ltr'><strong>viam</strong></span> <span class='ocrx_word' id='word_1_977' title='bbox 3765 5736 3859 5815; x_wconf 66' lang='grc' dir='ltr'><strong>καὶ</strong></span> <span class='ocrx_word' id='word_1_978' title='bbox 3907 5736 4100 5819; x_wconf 29' lang='lat' dir='ltr'><strong>eaq-1:-</strong></span> 
     </span>
    </p>
   </div>
   <div class='ocr_carea' id='block_1_123' title="bbox 2528 5806 4097 5892">
    <p class='ocr_par' dir='ltr' id='par_1_123' title="bbox 2528 5806 4097 5892">
     <span class='ocr_line' id='line_1_123' title="bbox 2528 5806 4097 5892; baseline -0.015 -17"><span class='ocrx_word' id='word_1_979' title='bbox 2528 5806 2792 5892; x_wconf 70' lang='grc' dir='ltr'>μούμεθα,</span> <span class='ocrx_word' id='word_1_980' title='bbox 2828 5806 2880 5871; x_wconf 71' lang='grc' dir='ltr'><strong>ἐξ</strong></span> <span class='ocrx_word' id='word_1_981' title='bbox 2907 5836 2963 5892; x_wconf 63' lang='grc' dir='ltr'><strong>τε</strong></span> <span class='ocrx_word' id='word_1_982' title='bbox 2993 5806 3366 5892; x_wconf 57' lang='grc' dir='ltr'>ὲνδημιρντες,</span> <span class='ocrx_word' id='word_1_983' title='bbox 3395 5811 3449 5864; x_wconf 75' lang='grc' dir='ltr'><strong>εί</strong></span> <span class='ocrx_word' id='word_1_984' title='bbox 3477 5830 3534 5865; x_wconf 87' lang='grc' dir='ltr'><strong>τε</strong></span> <span class='ocrx_word' id='word_1_985' title='bbox 3567 5806 3952 5877; x_wconf 76' lang='grc' dir='ltr'>ἐκδημοῦντες,</span> <span class='ocrx_word' id='word_1_986' title='bbox 3978 5806 4097 5854; x_wconf 76' lang='grc' dir='ltr'>εὐα-</span> 
     </span>
    </p>
   </div>
   <div class='ocr_carea' id='block_1_124' title="bbox 2528 5883 4019 5963">
    <p class='ocr_par' dir='ltr' id='par_1_124' title="bbox 2528 5883 4019 5963">
     <span class='ocr_line' id='line_1_124' title="bbox 2528 5883 4019 5963; baseline 0.006 -9"><span class='ocrx_word' id='word_1_987' title='bbox 2528 5883 3445 5963; x_wconf 54' lang='grc' dir='ltr'><strong>ῥεσέοιαὺτῷξῖναι·ἓ·δὲιιῖυβ(ιο</strong></span> <span class='ocrx_word' id='word_1_988' title='bbox 3520 5951 3531 5961; x_wconf 95' lang='grc'><strong><em>.</em></strong></span> 
     </span>
    </p>
   </div>
   <div class='ocr_carea' id='block_1_125' title="bbox 2600 5942 4092 6027">
    <p class='ocr_par' dir='ltr' id='par_1_125' title="bbox 2600 5942 4092 6027">
     <span class='ocr_line' id='line_1_125' title="bbox 2600 5942 4092 6027; baseline -0.019 -4"><span class='ocrx_word' id='word_1_989' title='bbox 2600 5942 2977 6027; x_wconf 20' lang='grc' dir='ltr'><strong>Ἵιέὺσέϐἱις</strong></span> <span class='ocrx_word' id='word_1_990' title='bbox 3000 5973 3056 6008; x_wconf 74' lang='grc' dir='ltr'><strong>ν.</strong></span> <span class='ocrx_word' id='word_1_991' title='bbox 3090 5952 3197 6008; x_wconf 83' lang='lat' dir='ltr'><strong>Hos</strong></span> <span class='ocrx_word' id='word_1_992' title='bbox 3225 5951 3534 6024; x_wconf 81' lang='lat' dir='ltr'><strong>Epicharmi</strong></span> <span class='ocrx_word' id='word_1_993' title='bbox 3562 5961 3752 6027; x_wconf 66' lang='lat' dir='ltr'><strong>versps</strong></span> <span class='ocrx_word' id='word_1_994' title='bbox 3780 5942 3846 6027; x_wconf 74' lang='grc'><strong>11.</strong></span> <span class='ocrx_word' id='word_1_995' title='bbox 3878 5942 4092 6027; x_wconf 69' lang='lat' dir='ltr'><strong>Grotius</strong></span> 
     </span>
    </p>
   </div>
   <div class='ocr_carea' id='block_1_126' title="bbox 2530 6013 4093 6097">
    <p class='ocr_par' dir='ltr' id='par_1_126' title="bbox 2530 6013 4093 6097">
     <span class='ocr_line' id='line_1_126' title="bbox 2530 6013 4093 6097; baseline -0.014 -10"><span class='ocrx_word' id='word_1_996' title='bbox 2530 6013 2613 6087; x_wconf 37' lang='lat' dir='ltr'><strong>in‘</strong></span> <span class='ocrx_word' id='word_1_997' title='bbox 2646 6013 2980 6097; x_wconf 33' lang='lat' dir='ltr'><strong>fila—thermis}</strong></span> <span class='ocrx_word' id='word_1_998' title='bbox 3038 6036 3171 6094; x_wconf 75' lang='lat' dir='ltr'><strong>trag.</strong></span> <span class='ocrx_word' id='word_1_999' title='bbox 3228 6013 3284 6079; x_wconf 43' lang='lat' dir='ltr'><strong>et.</strong></span> <span class='ocrx_word' id='word_1_1000' title='bbox 3332 6016 3729 6089; x_wconf 63' lang='lat' dir='ltr'><strong>corn.,p.181,</strong></span> <span class='ocrx_word' id='word_1_1001' title='bbox 3785 6014 3887 6069; x_wconf 90' lang='lat' dir='ltr'><strong>hoc</strong></span> <span class='ocrx_word' id='word_1_1002' title='bbox 3936 6013 4093 6068; x_wconf 86' lang='lat' dir='ltr'><strong>modo</strong></span> 
     </span>
    </p>
   </div>
  </div>
