3980 6518
197 400 263 456 17
1253 395 1533 452 NOTITIA
1563 391 2409 451 lllSTORlCO-LITTEBABIA.
3219 430 3225 436 .
3383 385 3475 440 ιδ’

191 514 355 571 surde
385 513 684 586 conjiciunt
718 515 817 569 viri
842 513 1146 570 doctissimi
1175 534 1186 569 ε
1225 515 1368 572 haud
1412 516 1772 572 omittendum
1804 523 1848 580 Α
1877 514 2124 586 longiora
2148 529 2214 568 ex
2244 528 2329 566 vn.
2350 510 2505 566 libris
2544 509 2894 564 Stro-matum.
2921 507 3033 564 lnc.
3065 508 3280 576 τέρατα
3306 519 3449 575 προσ

191 617 373 662 tamen
406 616 510 674 est,
552 606 773 663 easdem
801 607 870 662 ab
904 607 1108 662 Acacio
1142 615 1197 662 et
1234 606 1593 673 Damasceno,
1645 619 1705 664 ut
1733 625 1762 664 e

191 697 328 754 locis
357 698 630 769 pluribus,
650 712 811 768 supra
842 713 872 752 a
904 713 992 752 me
1014 695 1324 768 descriptis,
1348 706 1516 768 patet,
1550 697 1763 754 habitas

193 787 360 844 fuisse
391 804 488 858 pro
521 797 715 843 octavo
749 787 1079 843 Stromatum
1110 788 1273 844 libro.

336 902 564 974 Operam
591 903 871 958 Clementis
895 903 1047 957 Alex.
1073 901 1228 957 codd.
1259 912 1307 956 et
1338 901 1614 958 editiones.

265 1015 459 1072 Plures
494 1017 654 1073 codd.
681 1017 792 1086 jam
834 1018 1036 1087 passim
1082 1017 1330 1074 laudavit
1351 1015 1656 1073 Fabricius.
1695 1016 1770 1072 De

191 1109 380 1163 codice
423 1109 654 1162 membr.
689 1109 931 1162 Florent.
978 1109 1174 1163 Medic.
1228 1107 1489 1164 Laurent.
1523 1123 1646 1164 saec.
1678 1125 1766 1174 x1,

193 1197 286 1268 qui
347 1198 590 1255 continet
633 1196 940 1264 Stromata,
984 1199 1142 1268 cujus
1174 1197 1334 1253 Fabr.
1369 1215 1532 1269 supra
1578 1200 1631 1253 in
1676 1199 1703 1270 §
1739 1199 1772 1252 3

195 1291 466 1354 meminit,
504 1291 657 1360 plura
688 1292 910 1360 scripsit
949 1290 1178 1345 Bandin.
1215 1290 1269 1344 in
1312 1290 1436 1346 Cat.
1470 1291 1622 1344 codd.
1675 1289 1767 1344 Cr.

195 1400 231 1447 ι,
266 1399 391 1455 pag.
425 1383 514 1448 12,
565 1383 660 1454 qui
683 1394 886 1454 praeter
923 1399 986 1438 ea
1031 1392 1156 1453 post
1184 1383 1494 1438 Fabricium
1527 1383 1714 1455 (supra
1746 1383 1774 1454 §

193 1476 244 1544 '5)
271 1477 548 1540 observat,
603 1476 725 1531 cod.
746 1477 1148 1531 Claromontan.
1181 1490 1292 1530 rec.
1321 1472 1616 1530 a-Nourrio
1657 1490 1775 1531 me-

194 1568 706 1635 moratum,videri
755 1584 786 1622 e
828 1566 1072 1623 Mediceo
1113 1567 1468 1637 descriptum.
1515 1567 1772 1622 Codicem

194 1662 341 1714 illum
377 1661 894 1731 prmslanlissimum
925 1648 1056 1715 olim
1089 1659 1260 1716 fuisse
1290 1660 1432 1730 apud
1473 1658 1775 1715 Basilianos

195 1750 570 1808 Messanenses
613 1753 952 1815 monachos,
1006 1752 1232 1822 putabat
1293 1749 1486 1806 Montl‘.
1535 1751 1588 1804 in
1628 1749 1770 1805 Bibl.

197 1843 594 1908 bibliothecar.,
630 1861 668 1909 ι,
697 1861 817 1914 pag.
849 1844 977 1898 234.
1009 1873 1080 1883 -
1111 1843 1164 1898 In
1206 1844 1394 1899 eodem
1430 1843 1617 1899 codice
1649 1847 1790 1897 sunt.

196 1934 460 2004 Excerpta
480 1952 544 1989 ea:
572 1936 722 1990 libris
762 1936 1016 1991 Theodoti
1063 1945 1115 1990 et
1147 1933 1353 1991 Selecta
1378 1936 1769 2006 prophetarum.

203 2055 270 2068 -—
297 2029 592 2099 Pwdagogi
642 2029 764 2084 libri
808 2046 892 2095 ιιι,
932 2029 1280 2100 Κλήμεντος
1304 2031 1472 2099 λόγοι
1519 2029 1774 2084 dicuntur

194 2121 248 2176 in
279 2122 470 2176 codice
503 2111 653 2189 xxiv,
687 2122 823 2192 plut.
849 2138 902 2186 ν,
952 2137 1077 2176 cum
1122 2120 1268 2176 notis
1309 2120 1500 2175 incerti
1533 2121 1772 2174 auctoris

196 2215 424 2286 margin.
459 2229 622 2285 quem
653 2213 884 2268 Bandin.
907 2257 922 2280 ,
962 2215 998 2270 1.
1032 2231 1081 2271 c.
1120 2232 1160 2281 ι,
1199 2231 1321 2285 pag.
1353 2215 1422 2270 49
1452 2230 1601 2284 seq.,
1643 2214 1775 2268 ube-

193 2307 302 2360 rius
330 2304 618 2359 describit.
665 2303 816 2358 Libri
859 2305 912 2359 in
959 2305 1080 2360 cod.
1107 2305 1424 2359 dividuntur
1467 2305 1521 2360 in
1573 2305 1771 2374 capita,

196 2404 249 2451 et
283 2396 519 2467 singulis
547 2395 816 2466 capitibus
849 2397 1255 2466 prmmittuntur
1283 2405 1624 2467 argumenta.
1651 2395 1773 2451 Illos

196 2487 361 2543 libros
389 2488 675 2558 excipiunt
717 2487 960 2559 Hymnus
993 2488 1194 2543 Christi
1220 2490 1527 2554 servatoris,
1557 2489 1616 2545 S.
1652 2490 1773 2544 Cle-

198 2581 388 2660 mentis
429 2591 484 2636 et
527 2578 732 2636 Versus
758 2582 949 2637 incerti
987 2581 1041 2636 in
1072 2580 1368 2637 Clementis
1396 2581 1768 2653 Ptrdagogum.

198 2667 288 2726 Illo
334 2672 460 2727 cod.
511 2688 646 2728 usus
691 2682 775 2728 est
818 2688 1038 2744 quoque
1077 2672 1396 2740 Victorius;
1442 2675 1535 2731 sed
1590 2677 1775 2731 omisit

198 2761 392 2816 scholia
413 2763 688 2831 quasdam,
711 2763 1024 2819 charactere
1056 2764 1221 2835 ligato
1251 2773 1306 2820 et
1329 2767 1567 2820 currenti
1597 2768 1665 2821 ah
1683 2783 1776 2823 eo-

198 2851 312 2908 dem
350 2855 624 2925 scriptore
662 2855 870 2910 codicis
898 2856 953 2910 in
990 2857 1250 2927 oralibri
1298 2857 1426 2912 hinc
1468 2858 1594 2912 inde
1625 2859 1775 2929 adje-

200 2954 299 3011 cta,
341 2961 582 3017 quorum
624 2946 878 3016 quaedam
914 2944 1212 3003 Bandinins
1245 2949 1538 3018 descripsit
1565 2959 1617 3004 et
1656 2965 1777 3020 pro-

201 3037 474 3107 mulgavit.
506 3037 651 3093 Idem
684 3039 1075 3110 calligraphus,
1106 3040 1183 3094 ait
1206 3040 1462 3105 Bandin.,
1493 3050 1552 3094 nt
1592 3051 1776 3097 osten-

201 3125 343 3183 deret
390 3143 729 3184 Consensum
778 3137 960 3184 textus
1017 3129 1313 3187 Clementis
1362 3147 1486 3187 cum
1538 3133 1774 3202 quadam

210 3217 433 3287 Arethaa,
469 3221 861 3292 archiepiscopi
890 3221 1264 3291 Caesariensis,
1314 3225 1780 3294 interpretatione,
1806 3239 1847 3296 ο

201 3309 474 3381 desumpta
500 3309 679 3368 forsan
703 3329 768 3368 ex
794 3314 911 3384 ejus
931 3309 1129 3369 Catena
1157 3315 1212 3368 in
1236 3316 1585 3387 Apocalypsin
1609 3316 1779 3371 Joan-

203 3401 296 3464 nis,
329 3404 552 3471 longum
587 3405 854 3460 scholium
892 3406 945 3459 in
985 3420 1079 3461 ora
1125 3407 1249 3462 libri
1280 3407 1585 3480 descripsit,
1620 3411 1780 3480 cujus

203 3489 403 3546 initium
433 3509 497 3557 ac
523 3494 684 3560 linem
723 3497 894 3550 edidit
916 3496 1147 3552 Bandin.
1183 3527 1253 3538 -—
1284 3498 1339 3553 In
1363 3501 1524 3555 codd.
1557 3517 1655 3556 Vill
1675 3544 1689 3568 ,
1720 3520 1776 3558 ιι.

202 3579 285 3643 5i,
320 3584 456 3651 plut.
499 3570 554 3638 1i
593 3584 702 3658 (α),
730 3599 858 3642 sunt
903 3588 1045 3643 inter
1074 3589 1266 3646 breves
1293 3591 1638 3648 deﬁnitiones
1673 3592 1773 3648 SS.

203 3667 302 3726 PP.
325 3681 386 3728 de
411 3675 801 3738 substantiam
827 3689 1043 3744 natura,
1066 3690 1198 3748 etc.,
1230 3691 1484 3753 excerpta
1510 3699 1576 3737 ex
1604 3684 1770 3738 Cb-m.

203 3761 349 3819 Alex.
378 3765 734 3822 Sermonede
764 3758 1133 3826 Providentia.
1164 3772 1383 3842 (Band.,
1411 3773 1452 3834 l,
1473 3790 1593 3845 pag.
1621 3775 1772 3840 409..)

202 3883 266 3893 —-
306 3855 439 3912 Cod.
481 3859 633 3915 Ales.
671 3860 842 3916 Clem.
884 3864 972 3916 cui
1015 3863 1276 3935 Stephan.
1330 3866 1528 3922 multas
1569 3866 1776 3922 adscri-

202 3951 303 4018 psit
333 3963 512 4017 notas,
550 3953 896 4010 Francol'urti
927 3957 992 4010 ad
1027 3957 1207 4023 Moen,
1245 3969 1508 4013 memorat
1530 3959 1771 4024 Folard.,

203 4041 251 4097 in
285 4041 525 4098 Histoire
557 4046 684 4100 d’un
727 4045 933 4118 Voyage
964 4048 1242 4115 littéraire,
1266 4052 1363 4119 [ait
1391 4069 1451 4104 en
1483 4052 1640 4118 17⁸55,
1666 4063 1776 4110 etc.

206 4132 354 4206 Hagaa
389 4137 551 4192 Com.
596 4130 755 4206 1735,
789 4142 916 4196 mai.
950 4139 1048 4205 ιε,
1086 4152 1224 4199 teste
1253 4143 1465 4208 Stellio,
1498 4145 1551 4198 in
1585 4146 1771 4201 notitia

205 4225 338 4284 illius
365 4231 501 4286 bibl.
528 4231 730 4301 (Kurze
758 4231 1056 4289 Nachricht
1085 4250 1189 4290 von
1219 4237 1324 4298 den
1352 4236 1602 4293 Buchern
1622 4269 1692 4278 —
1717 4240 1784 4292 in.

201 4319 285 4378 der
315 4321 631 4378 Stollischen
659 4326 829 4395 Bibl.)
867 4338 999 4382 tom.
1025 4327 1068 4392 1,
1100 4343 1153 4397 p.
1185 4329 1311 4384 565.
1335 4361 1405 4372 -
1426 4328 1568 4386 Loca
1598 4331 1767 4386 Clem.

203 4423 493 4469 occurrunt
540 4417 593 4470 in
631 4415 843 4471 Catenis
892 4419 947 4472 in
986 4419 1257 4483 Psalmos,
1303 4421 1357 4475 in
1387 4419 1583 4476 Jobum
1619 4430 1673 4477 et
1719 4438 1770 4482 IV,

203 4499 504 4575 Evangelia,
533 4517 588 4563 et
617 4509 818 4564 citatur
839 4511 1008 4566 Clem.
1060 4513 1111 4567 in
1164 4511 1449 4585 Florilegio
1483 4516 1770 4571 sententia—

1867 606 2138 678 γινώσκει
2165 605 2262 658 καὶ
2289 602 2561 669 ἐκϐάσεις
2611 599 2829 669 καιρῶν
2880 599 2976 654 καὶ
3008 599 3238 670 χρόνων
3275 599 3308 652 ὁ
3342 594 3451 666 τῆς

1869 695 2090 768 σοφίας
2111 695 2404 767 μαθητής·
2437 710 2559 766 quae
2585 693 2641 748 in
2675 693 2838 749 editis
2870 691 3029 748 initio
3047 690 3170 746 libri
3202 706 3215 745 ι
3243 689 3451 744 mutihs

1869 792 2086 846 desunt.
2126 820 2196 829 ——
2218 788 2380 845 Teste
2408 786 2707 843 Montlauc.
2733 785 2797 842 in
2821 785 2964 840 Bibl.
2995 783 3293 839 bibliothec.
3319 801 3448 840 mss.

1872 898 1912 947 ι,
1933 896 2058 952 pag.
2084 881 2171 945 14,
2205 880 2345 935 inter
2373 877 2531 934 codd.
2565 876 2739 932 Vatic.
2771 875 2962 931 Romae
2999 873 3134 939 Quis
3165 874 3306 930 dives
3337 873 3448 928 sal-

1871 984 2020 1029 retur
2043 988 2233 1044 opusc.
2265 983 2322 1029 et
2349 971 2454 1026 alia
2487 971 2628 1026 inter
2651 968 2949 1025 Clementis
2977 982 3130 1038 papae
3160 982 3325 1038 opera
3361 983 3452 1022 no-

1872 1065 2186 1121 minantur:
2233 1063 2532 1133 lragmenta
2593 1062 2768 1118 Clem.
2823 1061 2979 1117 Alex.
3028 1060 3082 1114 in
3129 1058 3344 1114 Catenis
3394 1058 3478 1112 in.

1874 1159 2146 1222 Exodum,
2174 1157 2298 1222 Job,
2320 1156 2471 1228 ‘Epp.
2503 1155 2568 1212 ad
2598 1154 2849 1235 Corinth.
2894 1164 2948 1210 et
2986 1153 3199 1218 Galat.,.
3237 1152 3290 1208 in
3316 1151 3454 1206 Mat:

1874 1252 2076 1308 tbaeum
2127 1258 2181 1306 ct
2231 1248 2436 1305 Lucam
2485 1255 2614 1304 sunt
2659 1248 2714 1302 in
2760 1246 3013 1316 pluribus
3065 1243 3225 1300 codd.
3272 1243 3448 1298 Vatic.

1874 1341 2006 1398 ibid.
2039 1342 2139 1412 (uti
2163 1341 2218 1394 in
2249 1339 2460 1396 Catenis
2489 1338 2542 1392 in
2575 1337 2733 1393 codd.
2757 1336 2926 1392 Coisl.
2955 1335 3189 1391 Vindob.
3217 1337 3452 1402 August.

1877 1419 2380 1506 Vindemnis'que).
2408 1463 2478 1473 -
2509 1431 2714 1498 Romae,
2744 1446 2798 1486 ιιι
2832 1430 2963 1486 bibl.
3009 1430 3258 1485 Ottobon.
3293 1425 3453 1481 δινο-

1875 1537 2076 1582 malum
2102 1525 2296 1597 fragm.
2324 1527 2378 1581 in
2409 1541 2446 1580 ιι
2471 1524 2632 1580 codd.
2661 1534 2887 1590 recent.,
2915 1537 3154 1582 nec.-non
3181 1520 3452 1577 Stromata

1873 1622 1978 1688 bis,
2009 1630 2063 1676 et
2097 1620 2379 1690 Pa’dagog.
2403 1618 2581 1690 (ibid.,
2609 1634 2730 1688 pag.
2755 1617 2860 1672 185
2885 1625 2940 1672 et
2963 1616 3109 1686 190),
3137 1626 3191 1670 ct
3225 1614 3449 1680 ibidem,

1877 1713 1930 1769 in
1961 1713 2102 1768 Bibl.
2138 1711 2361 1767 Patrum
2389 1711 2448 1767 s.
2473 1711 2666 1767 Basilii
2695 1711 2814 1782 (ib.,
2844 1727 2966 1782 pag.
3005 1708 3271 1778 198.1).).
3289 1737 3357 1748 -
3393 1708 3448 1761 In
3475 1742 3478 1750 .

1879 1805 2070 1861 Galliis
2108 1805 2246 1860 inter
2275 1805 2436 1860 codd.
2477 1804 2706 1861 abbatiae
2743 1802 2802 1859 S.
2837 1802 2985 1858 Petri
3023 1803 3092 1856 de
3125 1801 3447 1862 Selincnrte,

1807 1885 2036 1954 Bditnc.
2087 1897 2494 1963 Ambianensis,
2525 1897 2841 1952 'Admonitt'o
2889 1897 2958 1950 ad
2991 1904 3164 1965 gentes
3220 1902 3276 1950 et
3330 1893 3454 1947 Pae-

1870 1994 2102 2063 dagogus
2134 1991 2290 2061 (ibid.
2333 2006 2393 2054 ιι,
2430 2006 2550 2060 pag.
2594 1988 2872 2054 ll98).-.—-
2895 1987 2953 2044 S.
2987 1986 3265 2043 Clementis
3305 1983 3449 2052 Vita,

1869 2095 2002 2151 etc.,
2037 2085 2091 2139 in
2119 2084 2242 2139 cod.
2277 2083 2408 2138 bibl.
2443 2082 2728 2138 Mediolan.
2765 2079 2960 2150 (lbid.,
2999 2095 3040 2146 ι,
3071 2095 3126 2150 p.
3152 2078 3307 2147 495.)

1940 2175 2151 2239 Paris.,
2197 2175 2250 2230 in
2279 2175 2421 2229 Bibl.
2468 2172 2611 2244 publ.
2647 2172 2794 2243 (sec.
2841 2172 2998 2228 catal.
3039 2171 3160 2228 cod.
3193 2180 3324 2225 tom.
3364 2167 3452 2237 ll)

1876 2267 1929 2320 in
1959 2265 2078 2321 cod.
2104 2281 2248 2332 cum,
2277 2266 2342 2319 A.
2380 2267 2440 2318 C.
2471 2265 2598 2329 9H,
2631 2281 2795 2320 manu
2830 2263 3049 2330 Baanis,
3089 2261 3287 2317 notarii
3315 2259 3453 2315 Are-

1874 2362 2001 2424 thaz,
2034 2358 2297 2420 Caesareae
2325 2358 2742 2428 archiepiscopi,
2767 2367 3012 2422 exarato,
3049 2355 3221 2412 Clem.
3253 2354 3452 2409 adhor-

1873 2452 2104 2508 tatorius
2144 2452 2282 2508 liber
2322 2453 2386 2506 ad
2441 2451 2691 2516 Graecos,
2729 2465 2853 2506 cum
2905 2448 3127 2505 scholiis
3171 2462 3343 2516 marg.
3400 2454 3453 2498 et

1873 2543 2224 2616 Pwdagogus,
2257 2545 2349 2599 sed
2376 2544 2571 2600 desunt
2596 2543 2716 2598 libri
2766 2559 2781 2596 ι
2829 2543 3015 2598 decem
3047 2540 3224 2610 capita
3253 2539 3448 2609 prima,

1871 2645 1926 2688 et
1951 2634 2220 2690 undecimi
2249 2634 2495 2702 initium:
2535 2634 2588 2687 in
2625 2632 2746 2688 cod.
2781 2647 2921 2686 CDLII
2952 2641 3005 2685 et
3033 2643 3291 2684 suum
3351 2625 3457 2697 (in.

1873 2742 1984 2796 quo
2019 2741 2081 2781 ea
2111 2740 2330 2797 quoque
2357 2725 2574 2792 desunt,
2605 2741 2728 2797 qua:
2765 2725 2819 2778 in
2849 2723 2971 2780 cod.
2998 2737 3202 2788 ccccm,
3233 2720 3465 2776 πυκνὶ--

1875 2816 2020 2884 mus)
2051 2817 2334 2887 Pazdagogi
2358 2816 2478 2871 libri
2505 2832 2704 2871 mcum
2731 2815 2944 2886 IIgmno
2971 2815 3026 2868 in
3063 2812 3363 2873 Christum.
3397 2820 3472 2867 eti

1877 2909 2132 2980 anonymi
2165 2907 2423 2964 Versibus
2463 2909 2516 2962 in
2558 2907 2938 2978 Pwdagogum.
2969 2937 3038 2946 —
3064 2903 3122 2960 In
3161 2904 3284 2960 cod.
3310 2920 3460 2959 cast.-

1876 2999 2239 3071 fragmentum
2265 3041 2282 3066 ,
2334 2999 2426 3054 ubi
2469 2999 2536 3054 de
2572 3007 2761 3054 sancto
2796 2997 3006 3053 Joanne
3029 3038 3045 3063 ,
3099 2996 3353 3068 theologo
3396 3002 3450 3050 et

1877 3094 2231 3166 evangelista,
2261 3093 2460 3164 agitur.
2494 3122 2562 3132 —-
2583 3093 2718 3148 Cod.
2748 3092 2959 3158 Paris.,
2992 3090 3118 3146 coll.
3158 3089 3217 3145 S.
3245 3089 3320 3156 1.,
3352 3091 3448 3160 qui
3477 3134 3483 3145 ._

1891 3189 2156 3252 integrum
2212 3180 2534 3234 Stromatum
2591 3194 2728 3249 Opus
2786 3184 3205 3252 compleantur,
3267 3189 3450 3244 varias

1889 3274 2015 3329 lect.
2041 3270 2332 3326 Montl‘auc.
2357 3271 2590 3325 enotavit
2627 3281 2679 3324 et
2718 3273 2783 3326 ad
2817 3272 3089 3330 Potterum
3113 3281 3440 3334 transmisit.

1949 3370 2006 3426 ln
2061 3370 2194 3426 bibl.
2241 3369 2495 3434 Coislin.,
2544 3367 2844 3424 secundum
2915 3364 3155 3432 Montf.,
3215 3364 3229 3418 i

1879 3477 2114 3527 Lxxxvt,
2159 3476 2226 3515 ex
2265 3459 2408 3514 libro
2467 3459 2600 3524 Quis
2652 3459 2794 3512 dives
2845 3457 2915 3511 sit
2964 3456 3178 3522 salvus,
3219 3452 3448 3510 historia

1877 3553 2149 3624 quaedam,
2173 3567 2298 3623 quae
2341 3560 2426 3607 est
2453 3551 2673 3622 quoque
2697 3567 2783 3620 ap.
2815 3547 3111 3604 Eusebium
3153 3561 3215 3601 ιιι
3249 3544 3320 3600 Η.
3355 3543 3448 3606 Ε..

1877 3661 1996 3716 cap.
2042 3645 2114 3699 25
2167 3646 2314 3716 (pag.
2369 3642 2516 3713 140).
2554 3673 2625 3682 -
2671 3641 2817 3697 Loca
2859 3639 3033 3696 Clem.
3064 3645 3366 3694 occurrunt
3394 3636 3448 3690 in

1876 3734 1998 3789 cod.
2039 3748 2151 3790 exn
2185 3742 2240 3789 et
2263 3749 2420 3799 cun,
2463 3733 2516 3786 in
2555 3730 2984 3787 Collectionibus
3014 3727 3447 3794 sententiarum,

1876 3842 2055 3882 rerum
2101 3809 2389 3882 moralium
2435 3835 2491 3882 et
2536 3825 3082 3895 interpretationum,
3125 3837 3157 3878 e
3198 3820 3449 3894 pluribus

1874 3920 2063 3992 script.
2095 3920 2294 3976 eceles.
2318 3931 2694 3990 excerptarum
2723 3919 2867 3988 (pag.
2892 3915 3172 3983 186,187;
3209 3913 3288 3970 sic
3310 3928 3480 3983 quo-..

1873 4027 1980 4082 que
2008 4013 2165 4067 codd.
2198 4012 2404 4083 Augus.
2439 4010 2602 4066 Vind.
2628 4053 2643 4078 ,
2675 4020 2809 4065 teste
2836 4008 3082 4074 Reisero,
3117 4022 3240 4079 pag.
3279 4004 3351 4060 23
3394 4017 3474 4059 et:

1873 4105 1941 4160 39
1963 4105 2187 4174 catal.):
2222 4134 2294 4144 —-
2325 4105 2380 4159 in
2401 4104 2528 4160 cod.
2553 4119 2733 4167 cem,
2762 4102 2818 4157 in
2836 4098 3112 4156 Anastasii
3134 4100 3446 4169 responsio—

1872 4196 2071 4264 nibus,
2110 4207 2216 4251 etc.
2247 4198 2394 4267 (pag.
2422 4195 2584 4266 505);
2608 4224 2677 4237 —
2707 4194 2762 4249 in
2791 4193 2915 4250 cod.
2951 4207 3198 4252 ccuxvv.
3242 4191 3298 4243 in
3342 4189 3449 4242 Da-

1872 4291 2108 4349 masceni
2134 4290 2421 4345 Parallelis
2445 4291 2589 4361 (pag.
2615 4289 2778 4365 599);
2809 4287 2944 4342 -in
2971 4286 3095 4342 cod.
3119 4298 3449 4348 ccuxxxw,

1873 4388 1926 4442 in
1959 4384 2278 4441 Damasceni
2311 4382 2525 4454 Eclogis
2554 4384 2702 4454 (pag.
2730 4381 2876 4453 412).

1939 4520 2170 4578 Codices
2218 4537 2371 4592 seqq.
2418 4520 2512 4591 qui
2545 4521 2600 4574 in
2635 4519 2828 4591 Anglia
2878 4527 3258 4585 asservantur,
3312 4526 3368 4572 et
3413 4533 3443 4571 a

205 4610 326 4662 "tm.
358 4600 410 4652 ill
436 4598 685 4655 ViOIal‘iO
717 4618 961 4673 compos.
988 4614 1040 4658 et
1069 4621 1100 4659 a
1140 4603 1188 4660 Ι.
1211 4605 1592 4662 Caulacuzeno
1627 4623 1760 4662 cml--
1793 4611 1840 4668 D
1865 4613 2083 4668 Pottero
2128 4620 2254 4667 sunt
2278 4611 2466 4666 collati
2492 4652 2508 4678 ,
2570 4611 2641 4665 ab
2685 4627 2751 4666 eo
2803 4613 3157 4667 nominantur
3192 4609 3246 4664 in
3295 4607 3446 4663 Prae-

204 4695 274 4742 tra
306 4689 608 4746 Palamam.
644 4693 896 4764 (Bandin.
949 4695 989 4760 1,
1024 4713 1145 4768 pag.
1193 4699 1283 4764 54,
1327 4699 1417 4763 52,
1473 4699 1594 4764 161,
1639 4699 1769 4768 255,

204 4779 294 4834 547
323 4798 376 4838 et
395 4785 550 4856 549.)
588 4817 656 4825 -
689 4786 976 4860 Pwdagogi
1020 4799 1128 4846 tres
1159 4790 1282 4845 libri
1323 4793 1376 4845 in
1403 4793 1523 4848 eod.
1567 4792 1770 4848 Veneto

207 4869 260 4924 D.
295 4873 485 4942 Marci,
537 4893 662 4933 cum
704 4880 1052 4938 lemmatibus
1104 4884 1336 4955 singulis
1378 4901 1533 4955 capp.
1598 4889 1773 4956 praeli-

207 4967 298 5032 sis,
327 4984 380 5027 et
415 4973 565 5028 notis
599 4975 874 5043 nonnullis
912 4977 979 5030 ad
1008 4993 1160 5033 oram
1195 4979 1479 5047 conjectis,
1515 4979 1626 5034 vid.
1660 4979 1774 5034 Vtil-

205 5060 386 5130 toison,
433 5067 634 5122 Anecd.
675 5067 846 5122 Graec.
879 5067 941 5132 ll,
973 5086 1092 5139 pag.
1134 5071 1202 5125 98
1235 5083 1289 5126 et
1319 5088 1439 5143 pag.
1469 5072 1594 5128 249.
1619 5101 1684 5115 ο-
1714 5074 1770 5129 Ιιι

205 5154 316 5208 cod.
345 5156 602 5213 biblioth.
640 5158 962 5217 Mutinensis
987 5163 1444 5232 Προτρεπτικόν,
1476 5165 1770 5236 [laedaris-

206 5246 358 5311 τικόν
383 5249 721 5320 etllymnus,
753 5261 810 5306 ut
835 5254 886 5307 in
913 5255 1092 5321 editis,
1113 5264 1250 5311 teste
1273 5255 1464 5316 Montl.
1497 5258 1549 5310 in
1580 5257 1766 5312 Diario

208 5332 326 5390 Ital.
344 5378 358 5399 ,
391 5356 516 5409 pag.
552 5342 640 5396 51.

264 5428 509 5502 Neapoli.
543 5434 596 5486 in
627 5434 752 5490 bibl.
788 5435 968 5506 Regia,
992 5437 1112 5492 cod.
1145 5453 1278 5492 οων
1306 5441 1547 5494 continet
1567 5435 1764 5493 :Clem.

209 5519 346 5577 Alrx.
418 5524 822 5596 Pwdagogum;
883 5527 1152 5600 Hymn'ttm
1221 5532 1288 5586 ad
1353 5533 1646 5587 Christum
1710 5539 1766 5586 et

209 5617 450 5684 snonymi
487 5614 688 5672 Versus
740 5619 793 5672 in
845 5621 1014 5675 Clem.
1064 5621 1446 5693 Pwdagogum;
1503 5633 1760 5694 excerpta

1871 4706 1971 4774 fat.
2012 4702 2238 4758 Oxonii:
2264 4707 2316 4756 ln
2347 4702 2470 4757 cod.
2503 4702 2635 4756 bibl.
2669 4703 2792 4757 novi
2839 4703 3087 4773 Collegii,
3134 4701 3447 4756 Cohortatio

1872 4795 1941 4848 ad
1966 4794 2196 4856 Crwcos,
2232 4808 2340 4847 una
2363 4809 2489 4848 cum
2513 4794 2731 4849 duobus
2761 4793 3047 4864 Ptedagogi
3076 4792 3230 4848 libris
3259 4799 3444 4862 poste-

1872 4887 2112 4942 rioribus
2137 4886 2569 4956 eorumdemque
2597 4886 2874 4942 nonnullis
2907 4884 3256 4955 fragmentis:
3289 4911 3360 4922 -—
3387 4882 3440 4935 in

1873 4979 1994 5035 cod.
2027 4977 2231 5034 Bodlei.
2257 4986 2314 5032 et
2353 4977 2484 5043 alio,
2517 4978 2611 5048 qui
2637 4988 2817 5035 exstat
2839 4979 2895 5034 in
2931 4978 3066 5033 bibl.
3118 4977 3286 5048 regis,
3335 4973 3445 5028 Pa:-

1875 5072 2067 5143 dagogi
2102 5086 2164 5126 ιιι
2206 5070 2355 5126 libri.
2383 5101 2452 5111 —
2481 5071 2563 5127 Ad
2606 5071 2906 5127 Clementis
2941 5070 3262 5141 periochae,
3305 5082 3445 5138 quas

1876 5162 2143 5220 Eusebius
2171 5163 2320 5232 operi
2360 5161 2434 5216 De
2460 5178 2690 5232 prmpar.
2736 5178 2919 5232 evang.
2957 5161 3221 5226 inseruit,
3253 5173 3445 5214 emen-

1871 5258 2100 5320 dandas,
2129 5257 2278 5312 utilis
2312 5254 2415 5310 fuit
2445 5254 2567 5311 cod.
2597 5254 2817 5311 Eusebii
2847 5256 2902 5309 in
2933 5253 3182 5310 biblioth.
3218 5251 3446 5322 Collegii

1869 5347 1917 5402 J.
1973 5346 2247 5417 Baptistae.
2294 5378 2366 5388 -——
2408 5347 2610 5403 Praeter
2649 5363 2745 5413 ea,
2820 5331 3120 5403 secundum
3173 5343 3337 5399 catal.
3388 5343 3447 5400 in

1871 5438 2026 5494 codd.
2065 5440 2224 5511 Angl.
2261 5451 2315 5496 et
2350 5439 2598 5506 Hibern.,
2628 5448 2758 5506 etc.,
2801 5440 2854 5494 in
2886 5437 3008 5492 cod.
3041 5435 3267 5491 Baroce.
3301 5433 3443 5490 Bibl.

1872 5530 2076 5586 Bodlei.
2118 5548 2204 5587 nr.
2231 5547 2291 5598 ν,
2320 5541 2450 5588 sunt
2490 5547 2556 5588 ex
2596 5531 2770 5588 Clem.
2801 5530 2957 5585 Alex.
2989 5528 3223 5599 aliisque
3257 5543 3445 5583 cxcer-

1869 5631 1970 5692 ptre
2001 5627 2300 5689 sententiaz,
2320 5635 2459 5692 etc.;
2504 5656 2573 5664 -——
2602 5626 2654 5678 in
2687 5623 2846 5680 codd.
2880 5621 3035 5678 Bodl.
3063 5636 3359 5694 ICCXXXXII
3393 5628 3447 5676 et

214 5841 231 5890 ι
262 5784 477 5860 (a)_llae_c
500 5790 715 5849 Scholia,
743 5805 854 5852 qua:
882 5806 942 5842 ex
967 5795 1139 5844 codice
1174 5796 1397 5844 Parisino
1438 5797 1690 5867 erulgavit
1710 5797 2015 5851 Reinholdus
2037 5801 2179 5853 Klotz
2199 5803 2252 5854 in
2277 5816 2361 5854 sua
2389 5802 2608 5855 editione
2649 5800 2870 5865 Operum
2903 5803 3175 5857 Clementis
3223 5803 3442 5868 (Lipsliao

236 5844 422 5894 330ml-
453 5851 632 5894 mae»-
657 5861 847 5894 οιςικιιι
881 5861 1009 5894 lmnn
1037 5857 1073 5894 Il
1098 5864 1276 5894 nmium
1301 5871 1609 5894 ι-ρρρηςιοηις
1654 5859 1768 5894 Rm.
1809 5859 1935 5894 Ρη-

290 5848 424 5910 0⁵51,
453 5851 632 5915 ιιι-12),
657 5848 854 5906 exstant
881 5861 1009 5906 tomo
1034 5857 1076 5907 11
1098 5864 1276 5907 nostra:
1301 5848 1626 5910 recensionis.
1653 5859 1784 5912 Eois.
1807 5859 1957 5911 Pun.
