3980 6532
472 384 540 439 19
1584 386 1587 393 ·
1666 378 1985 437 CLEMENS
2021 367 2579 430 ALEXANDRINUS.
3460 328 3467 333 ’
3641 356 3715 419 2.0

469 524 693 575 uuxcrv,
737 492 1037 566 Clementis
1083 508 1428 579 aliorumque
1468 521 1662 581 glossae
1698 507 1767 563 ad
1801 522 1876 561 vn
1896 508 2034 575 Epp.
2066 506 2113 563 Δ
2139 499 2251 554 line
2280 497 2422 552 inter
2449 493 2644 550 Fraﬂc-
2685 490 2832 545 ROUS
2862 488 3025 544 Meua
3064 484 3305 541 Ραινωηο
3338 481 3512 539 Ῐ-οιιά·
3542 477 3714 545 ίίίδθν

467 617 666 658 canon.
711 612 765 658 et
791 602 929 673 Epp.
981 603 1278 658 catholicas
1318 602 1451 657 min.
1500 599 1566 657 N.
1615 600 1774 656 T.—
1805 602 1866 656 In
1903 599 2035 654 bibl.

464 691 719 750 Jacobaaa
759 712 845 749 nr.
897 711 1388 750 ununuuuouxv
1441 696 1609 765 (tom.
1647 692 1693 747 Il
1741 693 1931 755 catal.,
1980 708 2034 763 p.

463 786 614 857 276)‘,
636 788 804 843 Clem.
829 786 1181 859 Pazdagogus.
1201 817 1264 827 -
1278 787 1495 843 Dublini
1510 787 1564 842 in
1577 787 1700 845 cod.
1717 802 2014 843 ccccxxvm

460 878 691 951 Collegii
735 878 795 938 S.
832 879 1030 935 Trinit.
1077 890 1333 952 excerpta
1364 896 1429 936 ex
1462 880 1633 937 Clem.
1684 880 2036 952 Pratreptico,

460 984 490 1021 a
526 967 687 1025 Gent.
722 969 957 1027 Herveto
982 986 1158 1039 verso,
1191 980 1247 1027 et
1270 987 1338 1028 ex
1366 971 1686 1045 Pwdagogo.

537 1056 877 1118 Vindobonte
917 1063 971 1118 in
1013 1063 1147 1119 bibl.
1199 1064 1405 1121 Caesar.
1451 1067 1508 1121 in
1562 1067 1682 1121 cod.
1715 1082 1941 1133 xxxxtx,
1979 1082 2032 1119 n.

456 1152 511 1216 3,
550 1160 605 1207 et
633 1153 757 1209 eod.
787 1170 839 1222 1.,
862 1162 948 1209 est
984 1153 1124 1227 frag.
1162 1173 1227 1212 ex
1252 1157 1427 1213 Clem.
1464 1160 1740 1214 oratione:
1768 1157 1897 1225 Quis
1928 1158 2038 1212 sal-

372 1250 381 1257 ‘
457 1252 607 1295 retur
626 1244 810 1298 dives?
838 1243 1142 1316 (Lambee.,
1168 1245 1460 1303 Comment.
1494 1264 1576 1306 ιιι.
1608 1264 1731 1318 pag.
1770 1247 1892 1311 190,
1917 1263 2054 1317 seq»

457 1344 513 1389 et
563 1338 726 1411 195.)
771 1369 841 1377 -
874 1338 1084 1395 Monaci
1132 1340 1185 1395 in
1238 1341 1368 1395 bibl.
1404 1339 1596 1394 Bavar.
1625 1379 1638 1401 ,
1686 1340 1811 1411 eod.
1858 1339 2031 1394 ebart.

456 1446 632 1497 eux,
673 1407 813 1487 orat.
868 1435 1243 1490 exhortatoria
1280 1434 1346 1489 ad
1385 1433 1603 1489 Graecos
1657 1407 1840 1502 (Eatal.
1872 1432 2029 1486 codd.

454 1538 578 1592 pag.
604 1521 717 1592 66).
754 1523 1099 1596 —-Augusta:
1138 1524 1352 1581 Vindel.
1390 1522 1722 1579 Stramatum
1767 1524 2034 1594 epitomes

453 1611 752 1683 fragment.
798 1614 854 1669 in
890 1615 1013 1671 cod.
1052 1632 1119 1671 ex
1157 1633 1269 1686 quo
1301 1617 1549 1687 quaedam
1584 1615 1834 1671 restituta
1861 1614 2034 1672 fuisse

454 1703 509 1757 in
537 1704 623 1759 ed.
659 1702 924 1762 Commel.
971 1708 1286 1765 observavit
1345 1709 1596 1766 llteschel
1660 1726 1748 1781 ap.
1792 1710 2027 1776 Reiser.,

452 1812 577 1869 pag.
609 1797 679 1852 27
722 1809 854 1865 cat.,
905 1810 959 1857 et
997 1800 1253 1875 Sylburg.
1287 1804 1340 1859 in
1385 1804 1492 1860 ﬁne
1531 1819 1754 1859 suarum
1806 1814 1919 1859 not.
1962 1805 2029 1861 ad

2140 591 2195 659 8,
2226 607 2279 662 p.
2315 586 2570 644 149-292.
2607 582 2775 638 "ARL.

2211 684 2421 741 Recusa
2452 682 2567 734 bzec
2598 676 2764 732 editio
2795 674 2992 729 additis
3017 671 3309 727 Frontonis
3333 667 3514 724 Dircaei
3540 666 3709 733 notis,

2140 773 2315 829 Paris.
2347 771 2507 835 1620,
2532 768 2660 832 fo|.,
2690 776 2742 823 ct
2774 766 2955 821 minus
2985 763 3268 819 emendate
3294 760 3455 826 1641,
3484 758 3622 820 ibid.
3656 765 3714 813 et

2141 864 2381 919 Colonia:
2410 862 2545 932 (sive
2573 858 2897 930 Witebergte
2920 854 3147 926 potius),
3182 852 3340 918 1688,
3370 852 3465 906 fol.

2211 958 2543 1013 Clementem
2577 952 2729 1006 Alex.
2760 947 3269 1005 emendatissimum
3307 954 3362 1001 et
3397 952 3624 999 auctum
3652 957 3714 999 se

2140 1051 2360 1113 habere,
2408 1057 2461 1102 et
2503 1047 2557 1100 in
2602 1043 2749 1098 notis
2774 1041 2840 1097 ad
2885 1041 3062 1110 ipsum
3093 1036 3426 1093 Clementem
3454 1034 3714 1089 emenda-

2141 1143 2319 1197 tiones
2364 1137 2590 1213 Heinsiiﬁ
2606 1135 2894 1205 diligenter
2915 1131 3357 1186 examinaturum
3389 1142 3449 1183 se
3469 1127 3600 1181 olim
3632 1134 3715 1180 te-

2139 1241 2317 1286 status
2370 1238 2453 1285 est
2490 1227 2539 1282 J.
2590 1225 2788 1281 Croius
2831 1239 2951 1294 cap.
2995 1221 3062 1277 21
3095 1219 3421 1277 'Obsmatt.
3465 1218 3521 1270 in
3570 1215 3707 1271 Non.

2141 1320 2282 1376 Text.
2306 1362 2320 1385 ,
2357 1335 2481 1391 pag.
2506 1316 2629 1371 172.
2663 1315 2768 1372 Sed
2795 1315 2888 1370 illa
2915 1311 3210 1369 Clementis
3231 1310 3398 1367 editio
3428 1322 3709 1379 nunquam

2141 1413 2356 1483 prodiit.

2207 1503 2262 1557 1n
2301 1504 2627 1558 bibliotheca
2677 1501 2936 1567 Jesuitica
2984 1497 3508 1570 legesoCIementem
3551 1494 3708 1547 Alex.

2135 1594 2276 1648 notis
2299 1593 2627 1648 illustratum
2647 1608 2677 1647 a
2697 1590 2902 1646 Iacobo
2929 1590 3191 1655 Desbans,
3216 1585 3272 1641 S.
3299 1584 3374 1652 1.;
3399 1599 3589 1641 verum
3611 1597 3716 1638 nec

2135 1686 2241 1741 illae
2280 1682 2424 1743 nota:
2448 1684 2606 1741 edita:
2636 1693 2782 1740 sunt.

2202 1800 2420 1857 Plenior
2452 1800 2693 1867 caeteris,
2724 1800 2924 1857 cultior
2957 1806 3012 1852 et
3051 1813 3119 1853 ex
3154 1796 3310 1853 codd.
3347 1793 3707 1858 emendatior,

451 1890 716 1947 Clement.
744 1893 939 1961 Alex.,
968 1895 1061 1950 ubi
1087 1911 1308 1966 quoque
1337 1906 1607 1953 memorat
1644 1896 1803 1954 codd.
1833 1896 2030 1965 Palat.,
2064 1882 2108 1938 Β
2134 1893 2224 1949 ed.
2267 1909 2391 1948 eum
2444 1893 2589 1948 natis
2624 1891 2931 1965 Sylburgii,
2982 1888 3190 1945 Heinsii
3216 1929 3231 1953 ,
3275 1886 3449 1943 Wilb.
3494 1885 3707 1941 Lowthi

451 1981 505 2033 in
533 1998 767 2052 quorum
797 2002 907 2042 uno
937 1996 1144 2042 recent.
1175 1986 1278 2042 fuit
1318 1986 1668 2059 Pwdagogus,
1702 1990 1757 2043 in
1792 1989 1915 2046 aliis
1942 2006 2037 2045 ex-

448 2082 662 2140 cerpta;
699 2083 863 2145 atque
887 2078 1009 2131 eod.
1049 2075 1193 2130 Guil.
1218 2075 1499 2149 Xylandri.
1534 2079 1701 2133 ΙΙΑιιι..

520 2163 709 2221 Graece
741 2169 944 2238 scripta
986 2169 1286 2224 Clementis
1311 2211 1327 2237 ,
1370 2171 1635 2229 hactenus
1687 2184 1988 2230 memorata
2017 2216 2032 2242 ,

448 2257 772 2323 prodierunt
795 2275 825 2315 e
852 2262 983 2316 bibl.
1019 2261 1279 2327 Medic-ea,
1318 2264 1517 2319 collato
1544 2264 1611 2320 ad
1641 2264 2033 2336 Protrepticum

440 2358 495 2406 et
539 2347 904 2425 PwJayogum
943 2354 1107 2408 etiam
1165 2353 1383 2410 Rodulti
1428 2355 1550 2422 Pii,
1596 2358 1858 2415 antistitis
1901 2358 2035 2415 Car-

440 2446 658 2516 pensis,
705 2445 930 2515 codice,
984 2458 1299 2504 recensente
1334 2447 1497 2505 Petro
1549 2448 1794 2507 Victoria
1818 2492 1832 2517 ,
1874 2453 2033 2523 cujus

439 2537 691 2607 praefatio
738 2540 806 2595 ad
848 2540 1163 2597 Marcellum
1213 2542 1532 2610 Cervinum,
1580 2545 1919 2600 cardinalem
1969 2544 2026 2603 S.

440 2630 636 2686 Crucis
668 2633 880 2703 (postea
914 2650 1012 2704 per
1052 2649 1171 2689 xxii
1216 2634 1335 2691 dies
1364 2620 1672 2706 pontiﬁcem
1706 2635 1849 2692 Max.
1884 2636 2030 2693 Mar-

441 2721 641 2777 cellum
690 2722 779 2792 ll),
827 2724 1157 2796 praetigitur,
1204 2724 1496 2780 Florentia
1531 2725 1714 2793 1550,
1761 2722 1857 2782 fol.
1902 2725 2028 2783 Haec

441 2814 612 2869 editio
640 2831 806 2870 manu
834 2814 1057 2886 Iosephi
1093 2815 1358 2888 Scaligeri
1383 2817 1591 2888 passim
1629 2827 1815 2873 notata
1845 2817 1949 2874 fuit
1973 2820 2027 2874 in

439 2908 771 2964 bibliotheca
796 2908 1015 2966 Graevii.
1058 2909 1279 2965 FABRIC.
1311 2898 1626 2983 Exemplar,
1668 2912 1723 2967 in
1756 2911 2031 2967 membra-

439 3000 531 3057 nis
582 3001 934 3072 impressum,
975 3013 1153 3058 exstat
1197 3002 1466 3070 Florent.,
1521 3005 1576 3059 in
1621 3004 1752 3060 bibl.
1804 3003 2029 3075 Maglia-

438 3093 623 3159 bech.,
657 3094 767 3149 vid.
802 3093 1035 3150 Bandini
1084 3105 1193 3150 cat.
1225 3095 1385 3152 codd.
1436 3096 1533 3153 Gr.
1581 3095 1777 3153 Medic.
1820 3113 1859 3163 ι,
1898 3113 2024 3170 pag.

441 3184 530 3250 12,
570 3194 625 3240 et
659 3186 713 3240 in
762 3186 916 3257 praef.
950 3188 1232 3257 prremissa
1262 3187 1395 3243 edit.
1428 3186 1795 3258 Epistolarum
1825 3188 2024 3244 claror.

442 3272 710 3329 Italorum
742 3286 791 3331 et
823 3275 1071 3331 German.
1096 3318 1108 3342 ,
1144 3287 1249 3332 etc.
1272 3317 1288 3338 .
1321 3276 1590 3343 Florent.,
1624 3277 1786 3343 1759,
1820 3287 1954 3332 tom.
1988 3278 2029 3338 1,

441 3381 496 3436 p.
523 3383 657 3434 xui,
700 3377 864 3439 atque
885 3368 1221 3441 Hamberger
1249 3370 1309 3425 Z.
1341 3369 1407 3425 Ν.
1446 3386 1507 3437 ιι,
1553 3386 1607 3440 p.
1646 3368 1775 3424 489.
1812 3367 1869 3422 In
1897 3369 2027 3424 bibl.

441 3455 695 3515 Leidensi
721 3470 806 3515 est
832 3462 1132 3531 exemplar,
1161 3461 1250 3517 cui
1280 3461 1545 3517 nonnulla
1575 3460 1829 3531 aseripsit
1861 3459 2025 3515 Hadr.

439 3546 661 3604 Junius.
693 3549 892 3619 (Catal.
928 3551 1097 3620 bibl.,
1137 3568 1193 3622 p.
1235 3551 1351 3621 '55.)
1384 3550 1553 3606 HARL.

512 3641 591 3696 Ex
624 3643 948 3700 recensione
984 3653 1039 3700 et
1080 3660 1206 3701 cum
1238 3644 1690 3716 castigationibus
1720 3643 1869 3701 Frid.
1908 3643 2028 3718 Syl-

438 3734 642 3806 burgii.
690 3734 1060 3809 Heidelbergte
1087 3753 1176 3808 ap.
1216 3737 1542 3793 Commelin.
1576 3737 1734 3804 1592,
1768 3736 1863 3792 fol.

514 3825 710 3883 Latine
743 3825 1109 3897 Protrepticus
1148 3838 1203 3885 et
1240 3827 1569 3900 Ptedagogus
1592 3827 1862 3883 Gentiano
1892 3827 2026 3885 Her-

437 3926 587 3985 veto,
636 3928 691 3974 et
725 3919 848 3975 libri
887 3937 986 3975 vm
1031 3919 1360 3977 Stromatum
1393 3920 1625 3993 Cyriaco
1659 3920 1881 3975 Strozza
1906 3922 2022 3992 (25)

439 4010 771 4082 interprete,
824 4012 1067 4069 Florent.
1112 4013 1274 4081 1551,
1317 4013 1435 4080 fol.,
1479 4015 1622 4085 apud
1665 4013 2020 4071 Laurentium

440 4101 857 4164 Torrentinum.

510 4198 898 4273 Protrepticus,
946 4201 1279 4275 Pardagogu:
1313 4210 1367 4258 et
1408 4198 1683 4258 Stromata
1724 4201 1839 4273 (26)
1879 4200 2021 4256 ϐαιά

438 4297 592 4351 tiano
625 4295 860 4353 Herveto
888 4340 903 4365 ,
951 4298 1249 4354 Aureliano
1304 4307 1359 4354 et
1406 4295 1665 4354 Ecclesia:
1730 4295 2019 4353 Remensis

439 4400 631 4459 postea
674 4392 962 4459 canonico,
1009 4394 1320 4464 interprete,
1353 4408 1478 4448 cum
1509 4391 1631 4462 ejus
1659 4391 1881 4448 seboliis
1908 4389 2016 4446 Ba—

438 4485 527 4540 sil.
576 4486 752 4555 1556,
783 4486 876 4542 fol.
899 4529 915 4553 ,
947 4504 1037 4558 ap.
1072 4487 1308 4544 Froben.
1351 4497 1406 4543 et
1442 4486 1611 4552 1566,
1658 4484 1792 4551 fol.,
1836 4482 2012 4541 Paris.

2136 1983 2481 2054 aliorumque
2531 1981 2647 2038 VV.
2709 1982 2816 2036 DD.
2869 1990 2953 2038 est
3003 1997 3035 2036 a
3070 1978 3292 2038 Pottero
3341 1989 3569 2035 curata:
3613 1977 3709 2047 qui

2138 2074 2530 2147 Protrepticum
2564 2078 2630 2131 de
2661 2077 2873 2148 integro
2909 2074 3089 2139 vertit,
3132 2075 3187 2128 iu
3233 2074 3443 2128 caeteris
3472 2071 3710 2141 castiga-

2135 2169 2230 2232 vit,
2276 2170 2342 2222 ad
2378 2167 2565 2224 Graeca
2619 2166 3123 2238 interpretationem
3179 2163 3432 2230 Herveti,
3492 2163 3709 2233 aliaque

2133 2261 2331 2330 adjecit
2365 2262 2538 2316 utilia.
2569 2259 2667 2315 Est
2688 2267 2870 2314 autem
2897 2258 3156 2329 inscripta
3181 2276 3194 2311 :

2202 2372 2598 2446 Κλήμεντος-
2615 2370 2899 2428 Clementis
2918 2370 3075 2427 Alex.
3102 2368 3274 2441 Opera
3296 2386 3413 2446 quae
3456 2379 3670 2425 exstant
3686 2410 3704 2436 ,

2133 2465 2401 2535 recognita
2433 2474 2482 2519 et
2509 2463 2785 2520 illustrata
2809 2480 2903 2535 per
2942 2462 2999 2519 Ι.
3052 2463 3349 2527 Potterttm,
3388 2464 3706 2533 episcopum

2132 2556 2519 2612 Oxoniensem.
2549 2555 2768 2625 Oxonii,
2794 2574 2825 2612 e
2854 2557 3068 2613 theatro
3086 2555 3346 2615 Sheldon.
3372 2565 3575 2624 sumpt.
3604 2553 3704 2609 Ge.

2130 2647 2395 2705 Mortlock
2421 2690 2437 2715 ,
2476 2649 2701 2720 bibliOp.
2751 2649 3085 2705 Londinens.
3145 2648 3283 2703 1715
3308 2688 3325 2715 ,
3372 2646 3468 2707 fol.
3510 2646 3706 2701 Addita

2131 2749 2260 2795 sunt
2312 2740 2710 2810 supplementa,
2749 2755 2781 2794 a
2824 2737 2974 2794 Fello
3003 2737 3291 2808 lttigioque
3316 2724 3483 2802 edita,
3510 2745 3564 2790 et
3595 2733 3707 2788 fra-

2128 2839 2346 2902 gmenta
2369 2845 2400 2884 a
2430 2827 2632 2885 Grabio
2648 2830 2897 2885 collecta.
2915 2829 3178 2899 Adjectus
3202 2840 3293 2891 est,
3309 2827 3523 2884 Herveti
3550 2824 3708 2882 Com—

2129 2932 2290 2977 ment.
2342 2925 2397 2977 in
2434 2924 2566 2994 ορρ.
2612 2924 2918 2979 Clementis.
2965 2922 3029 2981 V.
3071 2924 3208 2978 Acta
3242 2923 3393 2978 erud.
3429 2937 3482 2977 a.
3520 2919 3660 2975 1717
3686 2958 3705 2985 ,

2128 3030 2250 3083 pag.
2280 3014 2371 3079 97,
2403 3032 2525 3086 sqq.
2559 3045 2630 3055 —-
2655 3013 2867 3071 Recusa
2896 3024 2982 3072 est
3017 3014 3105 3069 illa
3132 3014 3299 3071 editio
3334 3012 3596 3077 Venetiis,
3635 3027 3705 3066 ex

2128 3114 2342 3177 typogr.
2399 3105 2528 3161 Ant.
2574 3105 2938 3177 Zatta,1757,
2975 3106 3017 3161 ll
3050 3108 3175 3163 voll.
3212 3108 3264 3162 in
3297 3106 3391 3162 fol.
3422 3121 3548 3162 cum
3588 3102 3706 3158 fra-

2136 3196 2372 3263 gmentis
2403 3197 2560 3253 novis
2611 3213 2677 3252 ex
2708 3197 2984 3266 Fabricio,
3027 3214 3092 3254 ac
3150 3196 3268 3251 Vita
3314 3195 3609 3271 Clementis
3636 3210 3707 3247 ex

2137 3286 2373 3343 tomolll
2417 3289 2643 3345 Adriani
2699 3290 2890 3348 Baillet
2911 3291 3195 3361 desumpta
3240 3299 3293 3345 et
3342 3288 3530 3343 Latine
3581 3287 3707 3341 red-

2133 3380 2266 3435 dita.
2299 3380 2582 3438 Fabricius
2619 3393 2799 3439 autem
2840 3384 3165 3455 fragmenta,
3196 3398 3318 3453 qua;
3358 3383 3412 3436 in
3454 3379 3705 3449 exemplo

2132 3472 2333 3528 Puttert
2364 3475 2562 3542 partim
2598 3476 2945 3531 solummodo
2992 3474 3179 3531 Graece
3222 3483 3457 3540 exstant,
3502 3474 3704 3544 parth

2133 3568 2185 3622 in
2216 3584 2283 3623 eo
2312 3570 2714 3635 desiderantur,
2746 3585 2812 3624 ex
2854 3569 3012 3625 codd.
3061 3584 3195 3624 mss.
3230 3577 3325 3622 aut
3362 3567 3518 3621 libris
3542 3566 3706 3620 editis

2130 3660 2441 3731 collegerat,
2466 3669 2522 3715 et
2542 3660 2633 3716 Gr.
2665 3675 2732 3715 ac
2752 3660 2873 3715 Lat.
2903 3660 3207 3732 publicarat
3237 3660 3304 3715 ad
3327 3660 3530 3714 calcem
3566 3668 3702 3713 tom.

2129 3752 2171 3805 ll
2223 3752 2360 3822 Opp.
2410 3752 2680 3824 Hippolyti
2726 3754 2795 3808 ab
2837 3753 2958 3822 ipso
2999 3752 3086 3808 ed.
3131 3767 3254 3821 pag.
3301 3750 3404 3816 66,
3457 3766 3579 3820 sqq.
3633 3781 3706 3790 —

2129 3845 2344 3917 Fragnt.
2370 3856 2736 3917 suntquoque
2766 3847 2820 3901 in
2853 3846 3121 3901 Gallandii
3144 3844 3285 3900 Bibl.
3318 3854 3441 3900 vett.
3473 3843 3704 3898 Patrum

2128 3936 2190 4003 ΙΙ,
2226 3954 2348 4007 pag.
2385 3937 2706 3993 155.11.ιιιι.

2196 4031 2273 4085 De
2313 4032 2533 4101 scriptis
2571 4030 2869 4089 Clementis
2895 4032 3252 4089 Alexandrini
3284 4030 3706 4102 diligentissime

2123 4123 2232 4192 egit
2255 4122 2509 4179 Nicolaus
2541 4122 2813 4183 Nourrius
2848 4126 2990 4182 libro
3022 4126 3183 4181 tertio
3218 4126 3430 4197 integro
3459 4126 3708 4194 Appara-

2124 4227 2205 4270 tus
2228 4217 2297 4269 ad
2322 4215 2704 4279 Bibliothecam
2726 4218 2986 4284 Patrum;
3017 4234 3141 4273 nam
3165 4229 3218 4274 et
3238 4218 3486 4289 analysin
3510 4218 3705 4289 singu-

2121 4308 2297 4362 lorum
2341 4316 2465 4377 post
2506 4308 2877 4365 Abrahamum
2917 4307 3241 4374 Seultetum,
3272 4309 3556 4379 Eliamque
3591 4308 3705 4362 llu-

2120 4399 2328 4469 pinium
2351 4399 2500 4454 dedit
2531 4399 2856 4469 pleniorem,
2888 4412 2943 4455 et
2967 4401 3034 4455 de
3061 4402 3306 4456 doctrina
3337 4402 3508 4470 ipsius
3532 4409 3704 4470 atque

2118 4490 2187 4546 ad
2233 4491 2382 4545 varia
2425 4490 2727 4547 Clementis
2762 4492 2877 4546 loca
2919 4492 3328 4549 observationes
3362 4507 3558 4563 magno
3598 4508 3707 4545 nu-

439 4576 603 4643 1566,
652 4577 717 4644 8,
761 4578 900 4634 1572
933 4588 988 4634 et
1014 4578 1173 4643 i590,
1203 4578 1299 4634 fol.
1324 4618 1340 4643 ,
1371 4587 1426 4633 et
1463 4576 1700 4647 denique
1730 4575 1784 4629 in
1818 4573 2023 4628 Biblio-

2142 4597 2307 4649 mero,
2345 4591 2399 4638 et
2450 4582 2991 4654 Chronograpbieam
3042 4584 3288 4640 tabulam
3340 4584 3549 4640 addidit
3588 4599 3703 4653 qua

438 4671 591 4726 theca
628 4671 855 4726 Patrum
896 4672 1240 4744 L'tgdunensi
1280 4682 1415 4728 tam.
1444 4671 1543 4737 111,
1590 4687 1643 4725 a.
1692 4668 1852 4733 1677,
1883 4668 2014 4731 fol.,

436 4782 501 4819 ex
556 4764 692 4821 Dan.
735 4765 945 4821 Hcinsii
989 4767 1385 4838 recognitione,
1434 4777 1490 4821 et
1536 4763 1762 4821 seboliis
1802 4760 2017 4816 Herveti

437 4860 677 4915 amissis.

510 4949 698 5007 Gratee
720 4962 773 5007 et
821 4952 1013 5009 Latine
1059 4969 1184 5009 cum
1224 4952 1440 5008 Herveti
1474 4951 1725 5019 versione
1755 4966 1850 5021 per
1880 4950 2014 5006 Dan.

442 5046 728 5102 Heinsium
782 5048 1095 5116 recensita,
1145 5049 1400 5119 notisque
1454 5056 1509 5102 et
1564 5046 2018 5117 castigationibus

439 5138 591 5197 Frid.
619 5141 894 5215 Sylburgii
915 5153 970 5196 et
992 5142 1234 5197 Danielis
1255 5140 1488 5205 Heinsii,
1513 5138 1687 5210 Lugd.
1713 5138 1832 5193 Bat.
1857 5136 2016 5200 1616,

438 5230 535 5287 fol.
584 5232 726 5289 Haec
753 5234 922 5288 editio
968 5248 1093 5288 eum
1134 5233 1385 5303 pluribus
1431 5233 1578 5287 notis
1620 5247 1754 5287 mss.
1800 5228 2020 5284 Davidis

440 5322 708 5380 Bloudelli
752 5326 854 5381 fuit
895 5327 950 5380 in
987 5325 1321 5380 bibliotheca
1352 5324 1625 5380 Samuelis
1663 5321 1882 5378 Gruteri
1928 5336 2021 5376 ec-

445 5413 705 5470 :lesiastaz
736 5415 1129 5471 Harlcmensis.

509 5507 682 5563 Clem.
716 5510 872 5566 Alex.
902 5511 1233 5577 Admonitio,
1277 5509 1588 5581 Pwdagog.,
1622 5509 1879 5565 Stromat.
1924 5506 2023 5560 La-

514 5663 627 5732 (25)
670 5661 921 5733 Papirius
978 5665 1267 5721 Massunus
1316 5663 1554 5720 Strazza:
1613 5663 1735 5718 Vita
1799 5673 1931 5717 tom.
1978 5661 2019 5714 ll

441 5733 709 5802 Elogior.,
744 5750 797 5803 p.
828 5735 935 5791 229
962 5756 973 5790 :
1008 5736 1284 5791 Stromata
1307 5737 1432 5790 item
1463 5735 1747 5790 Clementis
1780 5734 2016 5788 Alexan-

439 5804 609 5925 drini;
624 5804 926 5880 adolescens
965 5824 1080 5860 cum
1108 5820 1262 5874 esset,
1302 5809 1504 5877 primus
1533 5808 1763 5861 omnium
1804 5804 2016 5859 Latini-

445 5884 550 5929 tate
615 5885 807 5929 ouartt.

2123 4675 2422 4731 Clementis
2446 4676 2763 4748 supputatio
2791 4692 2916 4735 cum
2947 4676 3254 4734 Eusebiana
3275 4688 3328 4733 et
3358 4676 3704 4750 Syncelliana

2122 4765 2427 4833 confertur,
2459 4777 2515 4823 et
2555 4767 2623 4823 de
2660 4768 3008 4833 auctoribus,
3038 4784 3177 4839 quos
3209 4769 3392 4823 laudat
3419 4768 3700 4825 Clemens.

2124 4860 2404 4930 capiosius
2425 4860 2705 4915 disseruit.
2747 4859 2925 4916 Paris.
2965 4861 3124 4928 1705,
3161 4861 3255 4917 fol.
3289 4878 3343 4932 p.
3399 4861 3699 4917 622-1562.

2126 4952 2260 5007 Vide
2292 4953 2457 5009 etiam
2488 4968 2610 5022 quae
2639 4953 2706 5007 de
2735 4951 3031 5009 Clementis
3066 4954 3314 5009 doctrina
3348 4955 3555 5008 notavit
3582 4954 3703 5007 11ιί-

2123 5051 2244 5120 gius
2269 5050 2323 5104 in
2356 5050 2572 5105 selectis
2605 5048 2744 5103 Hist.
2780 5049 2960 5103 eccles.
2991 5050 3281 5119 capitibus,
3309 5031 3440 5105 sect.
3473 5048 3536 5115 ΙΙ,
3567 5064 3698 5117 pag.

2120 5139 2248 5205 250,
2276 5155 2359 5209 sq.
2394 5139 2557 5193 FABR.
2604 5136 2694 5202 lis,
2739 5155 2861 5209 quae
2891 5157 3015 5194 cum
3048 5140 3247 5209 passim
3278 5140 3344 5195 ad
3376 5141 3477 5194 hoc
3511 5148 3701 5209 caput,

2122 5240 2237 5286 tum
2272 5232 2326 5285 iu
2350 5231 2552 5286 Introd.
2583 5233 2636 5287 in
2676 5233 2818 5287 Hist.
2848 5232 2969 5286 Lat.
2997 5232 3091 5286 Gr.
3126 5231 3188 5297 11,
3213 5232 3268 5297 2,
3301 5247 3422 5303 pag.
3450 5231 3575 5297 209,
3612 5232 3704 5286 in-

2122 5325 2298 5379 dicavi
2322 5326 2545 5393 scripta,
2571 5325 2696 5379 addi
2728 5336 2983 5395 possunt:

2198 5418 2235 5470 Ι.
2265 5417 2331 5472 G.
2364 5415 2598 5473 Walchii
2631 5416 2920 5471 Exercitat.
2959 5416 3025 5471 de
3053 5415 3328 5470 Clemente
3362 5415 3515 5471 Alex.
3546 5415 3702 5486 e;ae~

2123 5527 2230 5580 quc
2277 5512 2579 5577 erroribus,
2614 5508 2936 5574 Ieuwd757,
2967 5509 3022 5575 4,
3052 5526 3162 5567 rec.
3210 5510 3263 5563 in
3302 5508 3542 5578 ejusdem
3580 5507 3701 5563 Hi—

2196 5667 2309 5791 (26)
2351 5666 2406 5720 In
2440 5666 2691 5722 Gentiani
2732 5664 2984 5718 versione
3010 5671 3065 5718 et
3093 5662 3500 5718 commentariis
3535 5664 3701 5732 plura

2196 5755 2280 5791 ore
2302 5737 2471 5791 tendit
2494 5737 2784 5791 Nourrius.
2811 5749 2972 5791 auem
3009 5735 3129 5787 vide
3166 5734 3437 5791 Apparatu
3460 5734 3528 5788 ad
3550 5733 3696 5788 Bibl.

2122 5733 2471 5816 reprehendit
2494 5737 2981 5816 Nottr‘rius.rq1te_m_
2997 5735 3129 5816 itide
3166 5734 3437 5816 Apparet?
3460 5734 3528 5788 ad
3550 5733 3696 5788 Bibl.

2124 5802 2370 5874 Pa'rum,
2406 5824 2523 5878 pag.
2554 5806 2657 5860 962
2675 5822 2753 5875 sq.
2784 5802 2860 5876 [νι
2892 5804 3139 5859 l‘otterus
3163 5805 3217 5859 in
3251 5802 3451 5877 priet].
