3980 6512
281 341 353 399 2|
1367 341 1650 399 NOTITIA
1688 337 2525 396 HlSTOlilCO-LITTERARIA.
3482 335 3554 388 ἓξ.

279 459 595 517 scell.sacr.
624 477 750 532 pag.
786 463 910 531 510',
937 463 1030 519 lib.
1069 478 1154 518 ιιι.
1178 491 1248 501 -
1269 461 1320 520 J.
1349 462 1587 529 Fabric.,
1635 464 1688 518 in
1720 462 1864 519 Hist»;
1898 470 1943 528 Α
1972 462 2227 517 observat.
2277 462 2384 517 vol.
2418 459 2507 524 Νι,
2538 468 2669 514 tom.
2705 457 2745 524 1,
2786 473 2910 529 pag.
2936 458 3024 525 72,
3051 464 3257 529 sqq.,et
3287 455 3351 511 lt.
3392 456 3555 511 Obss.

278 552 530 608 biblioth.
562 552 925 623 Fabriciance,
955 556 994 621 I,
1022 570 1143 627 pag.
1176 554 1243 610 78
1262 571 1349 627 sq.

354 641 641 700 Fabricius
671 644 727 699 in
763 644 979 699 Delectu
1007 657 1442 716 argumentorum
1474 687 1489 702 .
1519 687 1533 701 .
1568 687 1582 701 .
1617 662 1712 715 pro
1737 646 1874 701 veri-

276 743 404 791 tate
416 736 571 806 relig.
589 734 788 792 Christ.
808 752 928 807 pag.
950 736 1039 805 58,
1058 753 1202 809 sqq.,
1224 739 1314 793 ubi
1338 738 1407 794 de
1421 737 1698 795 Clemente
1718 736 1869 792 Alex.

275 828 418 898 agit,
451 829 696 898 quaedam
729 828 899 894 addit,
932 846 1055 898 quae
1087 831 1178 885 hic
1210 841 1488 901 repetam:
1638 814 1639 823 ‘

364 937 382 969 ι
401 919 683 978 Adversus
700 920 1229 989 Guil.Whistonum,
1248 923 1344 994 qui
1359 922 1655 978 Clementis
1672 924 1871 994 scripta

277 1021 542 1082 ⁸³ηο⁸³111
567 1013 834 1083 juvenilia
868 1017 1189 1080 contemnit,
1225 1018 1267 1070 1.
1302 1015 1431 1071 Ern.
1460 1016 1697 1073 Grabius
1725 1019 1780 1073 in
1807 1018 1874 1071 li-

276 1103 427 1160 bello
474 1105 767 1174 posthumo
814 1106 970 1162 Some
1001 1109 1265 1164 instances
1301 1109 1365 1178 of
1410 1110 1492 1163 the
1537 1109 1732 1180 defecls
1765 1112 1870 1164 and

276 1198 564 1252 emissions
590 1200 645 1263 in
670 1197 773 1254 Mr.
810 1199 1082 1256 Whistons
1114 1201 1391 1255 collection
1426 1186 1503 1271 ’ὂῙ
1522 1204 1868 1266 testimonies,

278 1287 548 1347 bondinJ
563 1288 682 1347 712.
700 1289 733 1344 8
751 1289 885 1359 (27),
906 1306 1028 1362 pag.
1052 1293 1138 1353 11,
1153 1292 1393 1348 ostendit
1413 1308 1481 1353 ex
1504 1293 1599 1348 lib.
1626 1310 1641 1348 ι
1668 1292 1866 1348 Strom.

278 1394 408 1450 pag.
438 1379 569 1445 276,
595 1381 707 1452 jam
738 1382 964 1451 χρόνου
981 1381 1177 1452 μῆκος
1231 1384 1633 1451 intercessisse,
1664 1401 1742 1440 ex-
1760 1401 1871 1456 quo

279 1475 583 1546 magistros
610 1489 742 1532 suos
771 1476 1051 1532 audiverat
1076 1477 1350 1544 Clemens,
1382 1494 1524 1549 quos
1559 1493 1613 1550 p.
1647 1479 1755 1534 274
1785 1486 1870 1535 to-

277 1574 484 1633 statur,
504 1577 695 1624 sancte
725 1582 974 1624 servasse
1002 1568 1155 1624 beata
1177 1569 1451 1640 dogmata,
1480 1587 1602 1643 quae
1626 1588 1660 1627 a
1685 1570 1866 1639 Petro,

279 1655 517 1721 Jacobo,
548 1656 759 1714 Joanne
780 1667 835 1714 et
864 1658 1034 1714 Paulo
1057 1671 1408 1731 acceperunt.

1976 571 2067 609 seu
2105 555 2445 624 conjectanea
2484 551 2728 624 quaedam
2767 552 2820 604 in
2849 550 3015 607 Clem.
3038 550 3191 604 Alex.
3222 548 3553 604 Stromatum

1983 645 2178 700 librum
2202 662 2241 711 ι,
2276 645 2407 701 ibid.
2440 660 2563 716 pag.
2600 645 2704 699 105
2729 659 2851 713 sqq.
2885 641 3055 698 ΒΑΜ..
3412 714 3417 721 κ

2048 737 2187 792 ἸῚιο.
2217 737 2478 794 Holzclau
2514 737 2655 791 Diss.
2681 736 2744 790 de
2797 736 3060 791 Clemente
3104 747 3155 790 et
3200 739 3316 805 ejus
3359 736 3555 791 morali

1974 831 2238 895 doctrina,
2267 828 2506 886 Wirceb.
2536 831 2694 895 1779,
2719 831 2772 886 8.
2799 830 2934 885 Add.
2969 828 3369 896 Rosenmirller,
3405 829 3550 885 llist.

1976 920 2208 991 .lnterpr.
2254 920 2365 975 LL.
2393 919 2474 986 8.,
2509 933 2644 977 tom.
2697 921 2736 986 Ι,
2772 939 2823 992 p.
2863 922 2990 977 209.
3018 921 3242 993 Flt'tgge,
3272 922 3456 977 Gesch.
3494 924 3555 979 tl.

1976 1015 2131 1069 theol.
2167 1014 2330 1069 Wiss.
2363 1025 2494 1070 tom.
2525 1015 2566 1079 l,
2597 1030 2648 1085 p.
2677 1015 2778 1070 177
2813 1031 2922 1086 sq.,
2950 1014 3056 1070 545
3081 1030 3167 1085 sq.

2058 1150 2493 1220 Supplementum
2532 1151 2761 1222 Operam
2795 1151 3074 1208 Clementis
3108 1152 3476 1207 Alexandrini.

2044 1288 2159 1346 Hoc
2185 1304 2311 1344 cum
2354 1289 2670 1361 praefatione
2710 1292 2924 1346 erudita
2955 1302 3006 1347 et
3040 1291 3305 1347 fasciculo
3336 1292 3554 1349 Miscel—

1974 1383 2247 1439 lanearum
2290 1384 2358 1440 ad
2389 1383 2525 1440 Hist.
2560 1385 2989 1440 ecclesiasticam
3041 1386 3403 1455 spectantium
3453 1385 3556 1440 ob.
3649 1444 3657 1456 ,

1972 1476 2341 1531 servationem
2365 1475 2567 1531 editum
2599 1475 2797 1546 Lipsize
2826 1475 2984 1537 1700.
3014 1476 3069 1543 8,
3096 1478 3165 1533 ab
3194 1478 3388 1533 eodem
3413 1492 3554 1548 prue-

1971 1569 2121 1624 claro
2143 1568 2369 1624 doctore
2385 1585 2526 1635 meo,
2545 1570 2753 1625 'l‘lioma
2782 1568 2981 1641 lttigio,
3005 1572 3383 1641 complectitur
3399 1571 3551 1644 (28):

2042 1664 2094 1717 1.
2148 1661 2574 1733 Libruur‘piurn
2621 1673 2676 1717 et
2721 1663 2971 1718 lectione
3002 1664 3057 1718 in
3090 1664 3279 1734 primis
3301 1665 3553 1735 dignum,

360 1768 381 1801 ι
404 1747 576 1806 Notas
604 1750 660 1805 in
675 1750 1009 1808 Clementem
1031 1751 1252 1808 affectas
1280 1769 1341 1810 se
1368 1753 1870 1811 habuisse-testatus

1979 1754 2063 1825 qui
2094 1755 2441 1810 inscribitur:
2465 1754 2558 1815 Τίς
2589 1756 2617 1807 ὁ
2649 1754 2957 1825 σωζόμενος
2986 1755 3272 1823 πλούσιος
3310 1756 3442 1823 Quis
3468 1757 3559 1811 di-

274 1850 369 1896 es!
396 1839 649 1912 Egidius
677 1841 976 1915 Menagius,
1023 1843 1080 1898 in
1107 1841 1439 1917 Menagianis
1458 1887 1474 1911 ,
1515 1856 1646 1902 tom.
1680 1846 1720 1912 Ι,
1746 1861 1867 1917 pag.
1902 1821 1945 1875 Β
1973 1821 2056 1902 uss
2085 1847 2319 1902 salvetur
2341 1849 2373 1901 ν
2405 1847 2677 1904 Clementi
2712 1821 2808 1902 hic
2828 1821 3417 1904 diserte'tribuiturvab
3442 1848 3555 1904 Eu-

280 2034 296 2047 '
351 2046 372 2080 σ
400 2027 552 2085 Inter
573 2027 801 2085 Joannis
820 2029 1003 2087 Mariae
1035 2031 1396 2088 Boninwrd.
1424 2031 1647 2087 Prasdic.
1680 2033 1871 2089 affecta

279 2120 547 2189 opuscula
575 2119 843 2176 Oldoinus
870 2123 924 2177 in
952 2123 1204 2178 Athenaeo
1230 2123 1498 2195 Ligustico
1527 2123 1695 2180 refert
1717 2124 1875 2196 Logi-

278 2226 405 2266 cam
430 2212 739 2270 Clementis
771 2215 1125 2270 Alexandrini
1156 2217 1529 2286 explanatam.
1564 2235 1583 2268 ι

351 2299 403 2357 J.
447 2302 837 2360 Tribbechovii’
863 2304 1006 2359 Diss.
1048 2305 1113 2359 de
1136 2306 1245 2359 vita
1270 2315 1319 2359 et
1349 2307 1563 2376 scriptis
1587 2305 1871 2361 Clementis

280 2396 675 2462 Alexandrini,
708 2395 859 2452 Halm
898 2395 1145 2467 Magdeb.
1200 2396 1361 2461 1706,
1397 2398 1450 2452 4.
1481 2396 1608 2452 Haec
1652 2398 1869 2467 quidem

276 2486 424 2557 disp.
457 2488 596 2543 nihil
624 2488 752 2543 novi
780 2490 1053 2557 continet;
1089 2491 1190 2546 sub
1222 2490 1386 2547 ﬁnem
1428 2500 1607 2546 tamen
1634 2491 1703 2563 (ς
1734 2508 1870 2547 xxv-

279 2581 447 2649 ιιιι)
489 2580 627 2635 bene
659 2582 989 2653 colliguntur
1006 2590 1064 2636 et
1085 2593 1439 2637 recensentur
1466 2584 1599 2638 nzevi
1616 2583 1871 2640 Clemen-

288 2672 382 2739 tis,
411 2674 652 2742 primum
683 2675 847 2745 iiqui
873 2675 939 2729 ad
973 2675 1351 2747 philologiam,
1379 2676 1574 2732 deinde
1602 2676 1636 2730 ii
1672 2676 1767 2746 qui
1802 2679 1868 2731 ad

277 2764 613 2835 theologiam
662 2767 956 2836 pertinent.
986 2796 1058 2805 —
1077 2766 1260 2821 Altera
1297 2767 1540 2838 ejusdem
1559 2766 1609 2823 J.
1638 2766 1870 2824 Tribbe-

275 2857 464 2912 ehovii
504 2858 651 2912 Diss.
684 2859 738 2914 in
773 2858 1093 2915 Clementem
1122 2859 1573 2927 Alexandrinum,
1596 2877 1769 2931 eaque
1803 2862 1870 2915 de

275 2950 640 3020 philosOpbiae
688 2952 1026 3019 definitione,
1070 2954 1351 3021 praemissa
1396 2953 1640 3023 pleniore
1667 2953 1869 3024 analysi

277 3044 403 3098 libri
428 3060 446 3098 ι
478 3042 811 3099 Stromatum
853 3062 919 3100 ex
946 3046 1223 3116 Apparatu
1254 3045 1557 3102 Nourriiad
1588 3045 1873 3100 Bibliothe-

1970 1936 2147 2004 sebio,
2172 1952 2256 2005 ιιι,
2280 1938 2373 2004 25,
2401 1954 2479 2005 vr,
2504 1938 2591 2003 15,
2617 1936 2951 2010 Hieronymo
2990 1937 3223 2009 aliisque
3255 1950 3309 1995 et
3335 1938 3579 2006 Photio,.

1972 2030 2061 2099 qui
2095 2030 2281 2086 codice
2308 2046 2395 2086 cx:
2429 2039 2661 2086 testatur
2694 2031 2750 2085 in
2798 2030 3126 2100 quibusdam
3151 2031 3557 2102 exemplaribus

1973 2116 2119 2173 hunc
2169 2118 2411 2173 libellum
2466 2117 2636 2174 fuisse
2670 2120 2792 2176 loco
2831 2119 3007 2174 octavi
3048 2118 3379 2176 Stromatnm
3404 2123 3568 2179 Ιώιὶ..

1976 2208 2130 2266 Unde
2158 2228 2266 2267 non
2302 2212 2531 2278 mirum,
2559 2212 2702 2282 quod
2728 2213 3053 2270 Anastasius
3086 2213 3300 2283 Sinaita
3330 2215 3385 2270 in
3410 2217 3565 2286 psala»

1973 2318 2121 2357 mum
2162 2318 2212 2357 vr
2241 2302 2349 2376 (ap.
2379 2303 2672 2360 Combclls.
2706 2314 2838 2360 tom.
2867 2303 2885 2357 l
2915 2307 3138 2360 Auctor.
3172 2308 3393 2376 noviss.,
3431 2324 3555 2380 pag.

1972 2394 2132 2466 966),
2160 2394 2229 2450 ἐκ
2258 2413 2419 2463 τινος
2451 2394 2568 2449 τῶν
2597 2396 3021 2466 στρωματικῶν
3051 2396 3335 2453 Clementis
3360 2402 3561 2471 λόγων

1976 2488 2169 2544 afferre
2197 2503 2256 2544 se
2284 2490 2358 2543 ait
2405 2491 2777 2545 narrationem
2811 2490 2877 2544 de
2900 2489 3108 2546 Joanne
3138 2494 3388 2562 apostolo
3410 2535 3425 2561 ,
3461 2495 3521 2564 jn
3542 2524 3559 2535 -

1946 2598 2162 2659 'vcnem
2209 2583 2481 2653 perditum
2528 2593 2891 2654 persequente
2924 2593 2979 2639 et
3019 2584 3085 2639 ad
3135 2584 3346 2658 frugem
3387 2589 3551 2644 redu-

1973 2684 2151 2742 cente,
2179 2690 2302 2746 qua:
2328 2676 2504 2746 capite
2537 2677 2732 2732 ultimo
2764 2677 2927 2746 hujus
2964 2678 3085 2732 libri
3115 2689 3319 2745 exstat,
3359 2680 3560 2751 repeti-

1973 2775 2173 2838 turque
2215 2768 2343 2824 inde
2374 2769 2445 2823 ab
2491 2767 2726 2825 Eusebio
2751 2776 2849 2834 tu,
2877 2768 2963 2830 23.
3015 2768 3243 2834 Hist.,et
3266 2771 3389 2826 aliis
3419 2786 3559 2841 quos

1974 2859 2185 2915 laudavi
2216 2861 2283 2915 ad
2309 2859 2540 2916 Abdiam
2565 2877 2619 2928 v,
2646 2861 2700 2926 5,
2726 2876 2847 2932 pag.
2873 2859 2995 2916 556.
3019 2860 3233 2916 Codicis
3260 2861 3557 2933 apocryplti

1974 2952 2107 3008 Novi
2140 2954 2287 3009 Test.
2317 2954 2565 3009 meminit
2588 2954 2782 3010 iterum
2812 2952 3134 3009 Anastasius
3159 2969 3281 3025 pag.
3306 2952 3437 3017 954.
3464 2955 3557 3007 ubi

1973 3046 2306 3101 Clementem
2352 3045 2459 3100 τὸν
2488 3044 2795 3114 ἱστορικὸν
2831 3044 3280 3113 Ἀλεξανδρείας
3300 3044 3552 3115 appellat.

275 3154 397 3191 cam
439 3136 563 3215 PP.
587 3142 897 3207 maximam,
935 3139 1084 3197 ﬁala:
1110 3140 1264 3208 1706,
1284 3141 1337 3209 4,
1361 3142 1533 3199 estad
1582 3141 1863 3197 meliorem
1895 3160 1943 3217 ο
1973 3135 2141 3209 Igitur
2169 3137 2314 3191 haud
2344 3136 2510 3191 dubie
2535 3136 2832 3192 Clementis
2863 3147 2967 3201 est,
2993 3153 3101 3192 non
3130 3136 3406 3207 Origenis,
3432 3137 3558 3191 licet

276 3218 739 3303 librorunfatque
766 3234 1101 3289 indiciorum
1123 3234 1481 3304 quorumdam
1504 3232 1678 3289 Clem.
1704 3234 1865 3291 intel-

276 3323 557 3393 ligentiam
606 3326 879 3380 interdum
909 3316 1199 3382 elﬁcacior.
1232 3324 1373 3380 Num
1408 3317 1868 3394 Tribbecbovius,

274 3431 442 3485 quem
466 3415 521 3470 in
554 3416 745 3473 ultima
769 3418 1108 3489 paragrapho
1137 3417 1457 3487 promisisse
1480 3418 1713 3482 videtur,
1735 3432 1868 3473 con-

276 3507 577 3561 tinuaverit
603 3508 873 3574 laborem,
899 3503 1163 3579 equidem
1185 3508 1407 3579 ignoro,
1436 3519 1493 3564 et
1520 3508 1634 3565 fele
1654 3509 1866 3564 dubito.

353 3597 406 3653 J.
434 3597 613 3655 Jortin
648 3600 869 3669 scripsit
912 3602 1062 3656 obss.
1094 3603 1148 3657 in
1182 3600 1637 3657 Clement..Alex.
1668 3579 1719 3655 in
1754 3602 1868 3657 suis

276 3689 534 3742 Remarks
582 3707 648 3745 on
693 3690 1087 3746 ecclesiastical.
1121 3689 1367 3762 History,
1412 3691 1591 3747 Lond.
1641 3691 1747 3746 vol.
1797 3689 1867 3757 ιι,

276 3783 447 3850 1751,
470 3783 524 3850 8,
554 3800 675 3856 pag.
704 3786 1058 3854 555;—vol.
1089 3786 1152 3855 ll,
1178 3786 1338 3854 ηδε,
1362 3801 1485 3857 pag.
1515 3786 1640 3848 578,
1672 3786 1793 3841 ιοι.
1872 3784 1877 3789 ‘

352 3873 443 3930 Jo.
473 3875 693 3945 Cnstph.
727 3876 1093 3935 Dommerichi
1125 3879 1316 3951 Progr.
1348 3880 1411 3935 de
1452 3881 1613 3950 λόγῳ
1639 3876 1867 3934 Patrum

274 3971 583 4042 (praecipue
605 3971 807 4029 Justini
838 3970 1093 4033 martvris
1121 3986 1176 4032 ct
1200 3977 1495 4035 Clementis
1522 3976 1865 4049 Alexandr.),

277 4064 613 4121 ltelmstadt.
645 4066 786 4121 1760
807 4109 822 4135 ,
847 4069 900 4123 4.
936 4068 1013 4125 De
1038 4068 1184 4140 λόγῳ
1212 4069 1383 4127 Clem.
1418 4078 1576 4126 acute
1603 4069 1868 4139 docteqne

278 4155 565 4213 Semlerus
588 4173 809 4228 quoque
836 4159 1077 4229 disputat
1101 4159 1138 4214 ι.
1174 4174 1337 4231 supra
1364 4159 1489 4227 cit.,
1511 4190 1580 4201 -—
1620 4168 1783 4230 atque
1815 4156 1869 4214 J.

276 4246 381 4301 Ge.
412 4247 550 4302 Arn.
586 4245 836 4305 Oelricbs
873 4249 930 4304 in
957 4249 1251 4305 Comment.
1283 4249 1347 4303 de
1371 4266 1491 4304 vera
1521 4258 1573 4304 et
1603 4259 1747 4304 certa
1775 4266 1867 4304 eo-.-

278 4356 403 4391 sunt
436 4341 528 4410 qui
557 4340 733 4395 medio
779 4341 1008 4395 secundo
1048 4355 1203 4413 atque
1250 4343 1461 4397 ineunte
1496 4343 1646 4397 tertio
1675 4342 1869 4397 sarculo

280 4434 580 4505 ﬂoruerunt
615 4432 866 4501 Patrum,
901 4436 967 4490 de
1003 4440 1207 4491 ratione
1228 4453 1274 4492 s.
1308 4436 1562 4491 relatione
1597 4435 1750 4500 Filii,
1778 4453 1869 4491 seu

1973 3231 2031 3285 in
2059 3245 2165 3285 ms.
2202 3226 2467 3284 Vaticano
2492 3228 2741 3300 Origenis
2766 3230 2818 3283 in
2858 3227 3150 3284 Jercmiam
3178 3228 3422 3283 homiliis
3454 3229 3554 3282 ad-

1967 3323 2214 3395 junctus,
2247 3332 2412 3393 atque
2443 3321 2569 3378 inde
2598 3323 2702 3379 sub
2729 3321 2868 3377 falso
2898 3319 3150 3392 Origenis
3180 3321 3403 3377 nomine
3436 3322 3561 3376 edi:-

1973 3427 2062 3474 tus
2110 3417 2250 3475 sita
2284 3416 2446 3473 Mich.
2490 3414 2764 3472 Chislerio
2815 3425 2949 3472 tom.
2985 3414 3048 3468 ιιι
3094 3414 3452 3469 Commentar.
3500 3414 3563 3471 in

1972 3507 2259 3562 Jeremiam
2287 3506 2497 3577 (Lugd.
2527 3506 2665 3560 1655
2684 3547 2698 3572 ,
2732 3504 2876 3576 fol.),
2907 3520 2958 3576 p.
2985 3504 3111 3572 262,
3149 3519 3274 3560 cum
3305 3505 3566 3560 versione

1971 3600 2333 3657 Jo..Mattha:i
2371 3599 2707 3673 Caryophili.
2761 3598 2866 3655 Sed
2912 3600 2965 3653 in
2998 3597 3206 3669 przefat.
3254 3614 3304 3653 c.
3351 3597 3402 3661 7,
3437 3597 3562 3670 54,.

1972 3693 2091 3764 ipse
2119 3708 2362 3749 errorem
2390 3692 2697 3749 Ghislerius
2725 3691 2970 3762 agnovit,
3004 3699 3058 3744 et
3081 3688 3345 3749 Clementi
3377 3688 3557 3744 vindio

1972 3785 2204 3842 candum
2237 3786 2389 3841 illum
2412 3784 2612 3840 librum
2640 3785 2851 3849 statuit,
2878 3785 2980 3838 sub
3001 3782 3161 3854 cujus
3183 3784 3402 3838 nomine
3428 3797 3556 3837 cum

1972 3895 2115 3937 nova
2157 3879 2409 3936 versione
2445 3888 2498 3935 et
2543 3877 2685 3934 notis
2718 3877 2890 3932 edidit
2923 3876 3246 3932 Franciscus
3280 3874 3556 3931 Combeli--

1974 3972 2114 4037 sius,
2146 3972 2424 4028 nulloalio
2453 3986 2557 4027 ms.
2592 3969 2782 4025 codice
2805 3983 2960 4033 usus,
2985 3969 3040 4024 in
3071 3969 3330 4022 Auctario
3354 3968 3553 4023 novies.

1973 4062 2313 4119 Bibliotheca:
2336 4061 2586 4128 Patrum,
2613 4068 2749 4116 tom.
2781 4057 2824 4122 Ι,
2850 4075 2974 4130 pag.
2992 4058 3151 4124 1672,
3173 4057 3268 4113 fol.
3295 4058 3371 4113 Ex
3392 4056 3557 4114 Com-

1973 4154 2149 4211 belisii
2192 4154 2430 4209 editione
2474 4168 2705 4209 recusus
2750 4150 2942 4207 Latine
2986 4151 3041 4206 in
3076 4150 3412 4205 Bibliotheca
3440 4151 3555 4203 Pa-

1973 4256 2134 4310 trum,
2163 4243 2333 4315 Lugd.
2365 4259 2416 4298 a.
2451 4243 2609 4309 1677,
2638 4253 2789 4298 torno
2818 4242 2906 4306 lll,
2951 4258 3016 4297 ac
3044 4241 3231 4297 Grzece
3273 4253 3328 4296 et
3363 4239 3557 4295 Latine

1974 4351 2101 4391 cum
2134 4335 2427 4391 succinctis
2453 4331 2504 4387 J.
2526 4333 2682 4401 Felli,
2704 4332 3037 4390 Oxoniensis
3078 4332 3354 4404 episcOpi,
3389 4332 3551 4387 scho-

1972 4430 2085 4497 liis,
2102 4426 2281 4484 Oxon.
2300 4427 2458 4492 1685,
2477 4427 2564 4493 12,
2588 4442 2619 4482 e
2641 4426 2852 4482 theatro
2878 4423 3266 4489 Sheldoniano,
3298 4424 3393 4480 sed
3413 4426 3556 4480 notis

299 4500 456 4576 Verbi
508 4540 628 4577 cum
680 4500 857 4579 Patre
890 4528 1169 4594 sententia,
1199 4526 1466 4599 Cuttingas
1509 4526 1670 4594 1787,
1722 4528 1777 4592 4,
1814 4542 1865 4597 p.
1903 4509 1948 4564 Ῑ)
1970 4518 2289 4578 Combelisii
2319 4521 2561 4585 omissis,
2590 4535 2727 4591 quas
2763 4500 3086 4575 suae'tamen
3113 4518 3337 4574 editioni
3362 4526 3559 4588 praeter

279 4618 379 4680 34,
410 4633 533 4688 sqq.

358 4710 705 4783 Darstellung
747 4713 840 4766 dcr
880 4712 1228 4768 moralisclren
1295 4712 1455 4768 ldeen
1502 4714 1591 4767 des
1635 4711 1873 4768 Clemens

283 4819 384 4856 von
415 4804 774 4860 Alexandrien
804 4807 911 4859 und
939 4807 1028 4861 des
1062 4806 1377 4861 Tertullian.
1411 4805 1516 4860 Ein
1538 4805 1758 4879 Beitrag
1781 4822 1875 4860 zur

281 4891 595 4948 Geschichte
639 4897 733 4949 der
781 4895 1134 4951 Christlichen
1189 4896 1524 4965 Sittenlehre,
1564 4912 1669 4952 von
1704 4897 1871 4953 Wilh.

283 4983 585 5040 blunscher
617 4986 797 5056 (prof.
829 4987 1001 5043 theol.
1043 4987 1340 5061 Marburg.)
1370 4992 1420 5045 in
1451 4989 1510 5045 ι).
1540 4987 1729 5046 Henke
1755 4989 1875 5043 Ma-

284 5075 472 5144 gazin,
509 5076 601 5146 fur
644 5076 1273 5149 Religionsphilosophie,
1324 5081 1550 5152 Exegese
1594 5082 1703 5135 und
1747 5079 1879 5135 Kir-

281 5169 735 5238 clrengeschichte,
776 5180 906 5236 etc.,
940 5181 1076 5226 tom.
1112 5171 1198 5224 Vl.
1235 5171 1559 5229 llelntstadt.
1612 5173 1751 5229 1796
1774 5216 1789 5240 ,
1821 5175 1874 5242 8,

273 5275 372 5315 ur.
399 5259 455 5317 6.

362 5350 433 5406 D.
466 5352 539 5407 D.
580 5354 671 5425 (ιι.
713 5371 760 5411 e.
802 5354 1018 5427 Iosephi
1042 5357 1240 5411 Wassii
1262 5358 1279 5427 )
1330 5358 1483 5414 Obss.
1518 5359 1573 5412 in
1609 5369 1875 5413 auctorem

292 5440 745 5514 Titanomachice,
776 5464 865 5518 ap.
894 5448 1064 5505 Clem.
1097 5450 1252 5505 Alex.
1286 5450 1536 5519 laudata,
1560 5452 1615 5506 in
1649 5450 1873 5506 Miscell.

364 5580 481 5658 (27)
517 5581 681 5658 Conf.
719 5582 1118 5658 Crﬁggemann.
1157 5585 1353 5652 Vicw.,
1386 5598 1516 5651 etc.,
1547 5603 1669 5658 pag.
1703 5587 1832 5641 575.

365 5651 480 5722 (28)
522 5651 687 5727 (Σο-ις.
716 5655 795 5727 Δ(Ιιε
833 5651 953 5727 Ῑιῖιιέ
982 5655 1144 5727 litigii
1188 5651 1457 5727 supplent.
1478 5700 1492 5723 ,
1533 5651 1667 5712 Ᾱοῖα
1698 5659 1873 5723 erud.,

285 5722 473 5798 Lips?
502 5738 556 5798 a_.
592 5724 752 5789 1700,
782 5740 905 5798 pag.
931 5722 1197 5798 451,811.}.
1236 5722 1410 5784 ΠᾸιιι..

369 5793 481 5863 (29)
524 5793 580 5846 In
616 5793 1138 5853 autumni-itionibus
1161 5793 1294 5870 quae
1333 5807 1569 5867 exstant,
1610 5800 1770 5856 nullae
1805 5799 1869 5855 ad

1976 4614 2113 4671 Felli
2135 4614 2369 4681 scholia,
2384 4625 2441 4669 et
2466 4614 2648 4669 varias
2668 4629 2698 4667 e
2719 4610 3062 4668 Ghisleriana
3079 4621 3134 4667 et
3153 4610 3555 4666 Combelisiana
3616 4660 3621 4667 .

1975 4707 2477 4778 lcetionethtigius
2505 4707 2770 4778 adjunxit.
2791 4706 3001 4762 FABRIC.
3037 4704 3165 4760 Rec.
3191 4704 3366 4760 Oxon.
3392 4704 3445 4758 in
3467 4707 3555 4759 ed.

1975 4800 2182 4856 Potteri
2232 4798 2476 4870 Fellique
2518 4800 2665 4853 notis
2707 4798 2972 4869 subjectis
3019 4799 3187 4851 textui
3216 4811 3377 4867 quem
3409 4799 3557 4851 exci-

1928 4890 1945 4897 ““
1979 4895 2213 4965 piuntp.
2241 4892 2335 4949 961
2375 4908 2459 4956 sq.
2493 4900 2637 4947 notae
2668 4890 3008 4947 Combelisii.
3049 4888 3223 4946 Ηλιιι..

2046 4986 2100 5040 2.
2135 4985 2580 5039 Adumbrationes
2622 4985 2677 5037 in
2724 4981 2927 5052 aliquot
2956 4984 3207 5051 epistolas
3250 4980 3555 5044 canonicas,

1977 5095 2042 5134 ex
2083 5078 2252 5133 veteri
2282 5077 2473 5131 Latina
2499 5076 2752 5131 versione
2771 5116 2787 5141 ,
2813 5074 2881 5129 de
2907 5089 3016 5145 qua
3046 5073 3411 5130 Cassiodorus
3443 5086 3494 5125 c.
3524 5072 3557 5124 8

1981 5171 2221 5226 lnstitut.
2246 5169 2547 5222 divinarum
2569 5166 2903 5220 litterarum:
2930 5165 2997 5220 In
3026 5165 3260 5237 epistolis
3285 5164 3556 5218 canonicis

1980 5264 2216 5320 Clemens
2253 5262 2647 5317 Alexandrinus
2698 5260 2987 5332 presbyter,
3014 5261 3107 5330 qui
3142 5268 3191 5313 et
3225 5255 3557 5313 Stromateus

1978 5365 2216 5421 vocatur,
2239 5355 2296 5408 id
2316 5365 2413 5418 est,
2435 5355 2491 5407 in
2517 5350 2758 5423 Epistola
2793 5349 2850 5406 S.
2872 5351 3018 5406 Petri
3032 5351 3225 5421 prima.
3250 5347 3309 5405 S.
3327 5348 3554 5405 Ioannis

1977 5448 2150 5517 prima
2184 5447 2507 5510 etsecunda,
2536 5453 2583 5500 et
2619 5443 2806 5499 Jacobi
2831 5444 2944 5514 (29)
2965 5443 3208 5513 quaedam
3234 5443 3413 5498 Attico
3439 5446 3551 5515 (50)

1965 5582 2264 5650 Epistolam
2290 5579 2501 5644 Jacobi,
2537 5580 2631 5635 sed
2658 5575 3241 5650 in'EpistolaurJudae
3275 5581 3553 5650 leguntur.

1977 5599 2005 5636 Γ,
2048 5599 2264 5637 lSlOlam
2290 5599 2501 5644 JECODI,
2537 5599 2631 5635 seu
2658 5599 2712 5635 ιη
2745 5599 3045 5650 ιψιδιυιειιιι
3085 5599 3241 5636 δυαίε
3275 5599 3553 5650 teguntur.

1977 5599 2046 5706 ἐξ
2066 5654 2133 5707 de
2147 5652 2384 5722 Epistola
2408 5650 2562 5705 Juda:
2591 5651 2837 5722 meminit
2861 5652 3026 5722 etiarn
3050 5648 3324 5721 Eusebius
3344 5666 3417 5720 vr,
3451 5651 3553 5722 14.;

1976 5724 2067 5779 ubi
2097 5719 2393 5777 Clementis
2432 5719 2870 5788 ’Υποτινπώσεις
2904 5719 3088 5777 refert.

2045 5794 2158 5866 (50)
2195 5792 2234 5849 1.
2261 5810 2309 5849 c.
2343 5791 2559 5866 Graeco.
