3980 6512
264 320 344 377 as
544 310 549 315 '
1365 325 1649 384 norma
1686 326 2538 385 msromcounsnsmn.
2984 298 2991 311 ’
3461 336 3535 391 ao

263 445 609 516 disceptatio,
653 449 817 518 quasi
855 450 1077 523 legisset
1101 449 1504 523 dedieftcmon
1528 453 1825 521 διαλέξεις

1951 452 2235 524 allegorice
2307 451 2762 522 interpretandis,
2821 449 3029 508 Strom.
3068 468 3149 516 νι,
3206 467 3332 523 pag.
3389 451 3531 509 580:

263 536 429 607 Apud
463 536 724 595 Photinm
757 551 970 599 tantum
999 554 1086 600 est
1117 543 1261 613 Περὶ
1287 545 1596 613 νηστείας.

338 626 392 683 ϐ.
439 628 581 696 Περὶ
628 633 1014 701 καταλαλιάς.
1052 632 1279 689 Hieron.
1318 634 1397 689 De
1444 634 1842 701 obtrectatione,

260 718 402 774 liber
433 737 590 775 unus.
619 702 776 779 Phot.
807 727 949 794 Περὶ
982 729 1359 800 κακολογίας.
1387 726 1533 800 [Vid.
1561 726 1760 797 fragm.
1789 730 1842 783 in

258 809 416 867 Pott.
446 814 534 868 ed.
558 829 686 886 pag.
720 815 879 884 1020,
906 817 1020 891 sq.]

337 900 393 959 7.
434 905 867 974 Προτρεπτικὸς
905 911 994 976 εις
1036 910 1382 981 ὑπομονὴν,
1423 910 1463 979 ἢ
1502 910 1654 979 πρὸς
1701 909 1845 977 τοὺς

258 994 481 1048 νεωστὶ
503 996 1042 1069 βεϐαπτισμένους.
1068 1000 1271 1058 Euseb.
1299 1018 1377 1070 γι,
1405 1003 1493 1071 15,
1525 1002 1732 1059 Histor.

333 1085 391 1141 8.
432 1086 644 1142 Κανὼν
676 1089 1209 1161 ἐκκλησιαστικὸς,
1246 1093 1286 1163 ἢ
1327 1094 1480 1165 πρὸς
1516 1095 1660 1163 τοὺς
1698 1097 1843 1151 Ἰου-

258 1175 595 1247 δατζοντας.
632 1179 859 1239 Hieron.
914 1183 988 1239 De
1032 1186 1321 1242 canonibus
1364 1187 1741 1244 ecclesiasticis
1789 1198 1840 1243 et

258 1268 517 1326 adcersus
555 1288 642 1328 eos
663 1276 758 1345 qui
785 1272 1102 1332 Judaornm
1121 1287 1412 1349 sequuntur
1431 1296 1684 1347 errorem,
1706 1280 1841 1335 liber

256 1377 399 1416 unus
424 1403 440 1427 ,
492 1380 650 1433 quem
697 1369 908 1437 proprie
956 1368 1262 1426 Alexandro
1284 1410 1299 1435 ,
1350 1370 1838 1442 Hierosolymorum

254 1454 537 1523 epist-apo,
569 1457 1024 1527 xpoo'egotbrnae.
1070 1458 1359 1518 Canonum
1412 1464 1835 1533 apostolicorum

255 1547 675 1618 collectionem,
698 1567 822 1622 qua
870 1553 1032 1609 hodie
1066 1565 1277 1621 exstat,
1304 1571 1402 1627 per
1440 1557 1544 1613 hoc
1581 1573 1720 1629 opus
1769 1559 1837 1613 ab

254 1636 498 1696 Eusebio
526 1649 583 1697 et
605 1640 941 1715 Hieronymo
972 1645 1150 1712 innui,
1180 1661 1290 1702 non
1318 1646 1664 1703 crediderim.
1692 1647 1838 1705 Sane

1964 538 2454 614 Ἀλληγορεἷσθαι
2474 541 2541 598 δέ
2564 560 2695 598 τινα
2721 544 2789 599 ἐκ
2816 544 3043 598 τούτων
3067 542 3185 599 τῶν
3206 542 3496 615 ὀνομάτων
3515 584 3532 612 ,

1948 634 2290 704 ὁσιώτερον,
2323 636 2362 690 d
2393 635 2471 704 δὴ
2521 636 2620 690 καὶ
2655 636 2967 705 προϊόντος
2998 634 3106 689 τοῦ
3145 638 3332 708 λόγου
3383 640 3532 695 κατὰ

1947 726 2055 781 τὸν
2076 729 2295 783 οἰκεῖον
2318 727 2529 796 καιρὸν
2553 728 3035 799 διασαφήσομεν.

2019 816 2096 873 De
2127 820 2348 889 angelis.
2385 818 2590 876 Strom.
2627 836 2704 887 Vl,
2736 836 2864 892 pag.
2877 820 3015 876 651:
3055 821 3241 876 Ἀλλὰ
3264 822 3399 893 περὶ
3414 822 3532 895 μὲν

1946 908 2176 963 τούτων
2200 910 2271 963 ἐν
2294 908 2376 976 τῷ
2403 911 2545 980 Περὶ
2572 911 2845 982 ἀγγέλων
2876 912 3037 982 λόγῳ
3069 914 3399 982 προϊούσης
3423 911 3532 984 τῆς

1948 997 2185 1069 γραφῆς
2210 999 2361 1054 κατὰ
2388 1000 2599 1069 καιρὸν
2624 1000 3053 1071 διαλεξώμεθα.
3544 1066 3549 1069 ι

2020 1089 2095 1144 De
2121 1090 2358 1146 diabolo.
2401 1078 2746 1159 3:“)me
2794 1108 2920 1163 pag.
2956 1091 3062 1147 507
3094 1111 3107 1147 :
3163 1091 3348 1146 Ἀλλὰ
3378 1091 3534 1161 πρὸς

1940 1181 2060 1253 μὲν
2096 1182 2171 1238 τὰ
2226 1184 2492 1256 δόγματα
2534 1184 2737 1240 ἐκεῖνα
2779 1187 2831 1239 ει
2877 1183 3437 1255 μετενσωματοῦται
3491 1186 3531 1256 ἠ

1944 1276 2138 1346 ψυχὴ,
2172 1278 2272 1332 καὶ
2307 1279 2442 1348 περὶ
2469 1279 2574 1333 τοῦ
2601 1278 2885 1334 διαϐόλου
2910 1277 3061 1333 κατὰ
3094 1275 3237 1344 τοὺς
3271 1276 3532 1345 οἰκείους

1943 1369 2309 1439 λεχθήσεται
2341 1373 2607 1441 καιρούς.

2013 1461 2156 1531 Περὶ
2188 1462 2481 1533 γενέσεως
2523 1466 2779 1535 κόσμου.
2842 1463 3049 1520 Strom.
3086 1479 3175 1530 Vl,
3220 1478 3346 1536 pag.
3376 1461 3526 1528 698;

1943 1555 2082 1622 Περὶ
2118 1552 2227 1624 τῆς
2256 1554 2574 1625 ἀνθρώπου
2599 1554 2912 1627 γενέσεως,
2953 1554 3159 1612 Strom.
3190 1571 3274 1623 ιιι,
3304 1571 3360 1626 p.
3398 1552 3526 1609 466.

1944 1643 2083 1701 Ῑιίιιο
2126 1643 2397 1702 Eusebius
2432 1645 2509 1701 De
2541 1645 2831 1715 Clemente,
2863 1663 2918 1702 Vl
2941 1688 2957 1714 ,
2996 1648 3085 1712 15,
3126 1645 3309 1702 Ilist.:
3361 1646 3528 1701 ’Υπι-

124 1746 139 1759 ο
252 1728 510 1799 Photius,
544 1733 640 1804 qui
672 1750 800 1790 mox
834 1736 1006 1793 lectos
1035 1753 1065 1793 a
1090 1752 1152 1794 se
1182 1753 1423 1795 canones
1460 1741 1830 1810 apostolorum

1950 1737 2216 1807 σχνεῒται
2238 1736 2290 1791 δ’
2314 1738 2386 1792 ἐν
2404 1738 2609 1805 αὐτοῖς
2632 1740 2729 1795 καὶ
2753 1741 2842 1807 εις
2858 1739 2975 1809 τὴν
2997 1738 3238 1811 τένεσιν
3259 1740 3533 1812 ὑπομνη-

227 1823 379 1877 ~eod.
427 1839 541 1879 cm
610 1837 1032 1896 commemorat,
1054 1828 1385 1897 Clementis,
1435 1809 1692 1898 Romani,
1734 1834 1830 1888 suh

1950 1830 2294 1895 ματιεῖσθαι.

255 1916 503 1982 nomine,
530 1917 672 1975 inter
698 1935 788 1985 ea.
810 1937 935 1992 qua:
955 1936 985 1979 a
1010 1922 1285 1980 Clemente
1308 1924 1466 1981 Alex.
1493 1926 1699 1996 scripta
1725 1942 1834 1981 non

250 2008 372 2078 ipse
400 2008 552 2081 legit,
588 2012 684 2068 sed
714 2014 1011 2069 memorari
1043 2023 1261 2071 tantum
1293 2017 1364 2072 ab
1414 2017 1539 2073 aliis
1587 2018 1837 2073 meminit

248 2099 378 2156 eod.
427 2115 541 2165 cn,
596 2102 765 2159 refert
815 2106 957 2175 Περὶ
1006 2107 1279 2161 κανόνων
1321 2107 1838 2179 ἐκκλησωστικῶν

246 2192 406 2249 κατὰ
466 2192 587 2250 τῶν
651 2196 1149 2255 ἀκολουθούντων
1210 2200 1288 2271 τῇ
1348 2201 1469 2258 τῶν
1533 2204 1836 2260 Ἰουδαίων

247 2282 480 2355 πλάνῃ.
520 2287 702 2359 Atque
723 2290 910 2356 unius,
938 2306 1048 2346 non
1077 2292 1312 2349 duorum
1336 2296 1667 2367 scriptorum
1690 2297 1837 2353 hunc

247 2392 375 2434 esse
396 2378 640 2446 titulum,
667 2378 940 2440 Eusebius
958 2392 1013 2440 et
1030 2383 1261 2442 Hieron.
1289 2386 1543 2445 dubitare
1566 2404 1668 2446 nos
1689 2390 1832 2447 haud

246 2469 462 2528 sinunt.
488 2470 880 2543 Fragmentum
903 2474 1200 2534 Clementis
1240 2468 1470 2535 Ἐπ’τοῦ
1495 2481 1648 2537 κατὰ
1683 2483 1834 2538 ’Ῑουω

246 2560 570 2623 δατζόντων
611 2573 890 2640 serratum
921 2566 988 2623 in
1015 2566 1308 2640 Nicephori
1351 2571 1520 2627 CPol.
1552 2574 1832 2629 Antirrhe-

248 2655 370 2709 ticis
394 2670 533 2711 mss.
563 2630 753 2714 Grac‘e
773 2666 828 2714 et
863 2657 1056 2717 Latine
1090 2630 1262 2717 edidit
1296 2660 1563 2722 Nourrius
1589 2681 1644 2737 p.
1671 2666 1829 2733 1554,

246 2746 625 2912 A.ppat:t.J[et
658 2750 717 2806 in
760 2750 923 2808 Fahr.
959 2754 1195 2824 append.
1223 2755 1279 2810 in
1309 2756 1397 2813 ed.
1429 2756 1571 2814 Pott.
1606 2757 1828 2827 Veneta,

246 2850 382 2893 etrc.
456 2855 513 2894 n.
550 2880 565 2894 .

246 2850 382 2893 etrc.
416 2850 513 2894 ιιιι.
529 2850 565 2894 Ι.

316 2928 370 2984 9.
423 2929 591 2999 Ὅροι
635 2929 929 3001 διάφοροι.
972 2930 1060 2988 Jo.
1106 2931 1317 2990 Veccus
1362 2934 1431 2991 de
1480 2937 1831 3006 processione

245 3019 493 3091 Spiritus
541 3022 627 3088 S.,
667 3026 814 3095 apud
860 3026 1121 3081 Allatium
1162 3027 1216 3081 in
1257 3024 1466 3083 Gracia
1508 3028 1827 3091 orthodoxa,

2010 1920 2088 1977 De
2118 1920 2375 1977 Ecclesia
2419 1922 2624 1976 unitate
2668 1933 2717 1977 et
2767 1921 3119 1989 excellentia,
3172 1921 3378 1979 Strom.
3407 1940 3557 2004 νη..

1937 2025 2061 2080 pag.
2091 2009 2229 2066 765:
2264 2010 2451 2065 Ἀλλὰ
2477 2012 2574 2066 καὶ
2602 2012 2639 2080 ἡ
2668 2009 2853 2082 ἐξοχὴ
2871 2011 2977 2080 τῆς
2994 2013 3357 2082 Ἐκκλησίας
3380 2020 3523 2070 καθ-

1936 2100 2087 2169 άπερ
2128 2102 2167 2171 ἡ
2211 2101 2369 2172 ἀρχὴ
2416 2101 2525 2171 τῆς
2566 2102 2923 2170 συστάσεως
2963 2107 3115 2159 κατὰ
3144 2103 3259 2173 τὴν
3287 2106 3526 2175 μονάδα

1935 2194 2129 2259 ἐστὶν,
2159 2193 2355 2247 πάντα
2388 2194 2460 2248 τὰ
2505 2194 2666 2249 ἄλλα
2706 2195 3175 2264 ὑπερϐάλλουσα
3206 2198 3305 2252 καὶ
3332 2198 3528 2269 μηδὲν

1935 2285 2167 2356 ἔχουσα
2222 2286 2429 2357 ὅμοιον
2474 2286 2512 2356 ἢ
2560 2285 2700 2341 ἴσον
2750 2286 2956 2357 ἑαυτῇ.
3022 2288 3194 2343 Ταυτὶ
3244 2287 3361 2360 μὲν
3410 2285 3525 2346 οὖν

1936 2375 2219 2445 ὕστερον.

2006 2466 2083 2522 De
2111 2467 2293 2538 ofﬁciis
2331 2466 2692 2537 episcoporum
2721 2509 2736 2534 ,
2773 2467 3196 2538 presbyterorum
3217 2507 3233 2533 ,
3265 2467 3521 2523 diacono-

1936 2573 2053 2610 rum
2086 2566 2135 2611 et
2182 2556 2467 2610 viduarum
2503 2556 2722 2611 videtur
2760 2558 3080 2627 promittere
3120 2573 3180 2613 se
3218 2558 3330 2613 alio
3358 2573 3524 2630 opere

1935 2658 2185 2703 acturum
2220 2663 2300 2715 ιιι,
2330 2647 2429 2701 ult.
2466 2645 2776 2719 Pwdagogi,
2802 2663 2927 2720 pag.
2962 2647 3091 2704 265.

2005 2737 2082 2794 De
2126 2741 2309 2793 anima
2349 2740 2612 2807 ὁπηνίκα
2652 2737 2730 2793 ἂν
2772 2738 2909 2809 περὶ
2957 2735 3165 2809 ψυχῆς
3196 2737 3520 2809 διαλαμϐά-

1931 2849 2161 2903 νωμεν,
2214 2830 2420 2887 Strom.
2469 2845 2573 2899 ιιι,
2611 2847 2735 2904 pag.
2787 2830 2916 2887 432.
2967 2831 3121 2887 Adde
3152 2846 3227 2899 tv,
3281 2845 3338 2901 p.
3390 2830 3515 2886 59L

1934 2924 2175 2999 [Fragm.
2209 2924 2419 2982 Potter.
2454 2941 2579 2998 pag.
2613 2924 2803 2998 1020.]

2004 3016 2080 3072 De
2112 3019 2512 3085 resurrectione,
2546 3017 2833 3090 Peedagog.
2870 3035 2928 3086 ιι,
2958 3019 3049 3085 20,
3080 3034 3205 3092 pag.
3231 3018 3369 3075 {99:
3418 3021 3519 3087 Ὠς

242 3124 379 3170 lam.
404 3113 445 3182 Ι.
469 3131 595 3187 pag.
624 3116 731 3171 248
756 3135 770 3171 :
817 3118 1004 3173 Ἀλλὰ
1030 3118 1193 3173 κανὸ
1224 3116 1473 3189 Κλήμης
1503 3120 1537 3172 ὁ
1554 3120 1828 3188 Στρωμα-
1855 3146 1899 3207 c
1932 3110 2005 3165 ἐν
2035 3108 2117 3177 τῷ
2139 3111 2284 3181 Περὶ
2313 3111 2708 3178 ἀναστάσεως
2731 3111 2829 3166 διὰ
2850 3114 3147 3207 πλειόνων
3176 3111 3521 3207 δηλωθησε-

240 3204 465 3272 τεὺς-ἐν
484 3202 577 3274 οἷς
602 3207 891 3264 συνέθετο
911 3208 1214 3279 διαφόροις
1238 3207 1399 3279 ὅροις
1420 3207 1577 3263 ὥστε
1601 3207 1828 3276 παντὸς

239 3301 535 3369 εὐσεϐοῦς
565 3301 860 3373 δόγματος
894 3303 1283 3374 προηγεῖσθαι
1314 3303 1537 3371 αὐτοὺς
1568 3301 1648 3370 τῷ
1679 3303 1829 3369 βου-

238 3391 477 3464 λομένφ
518 3393 843 3465 Θεολοτίαν
870 3393 1156 3465 μετιέναι,
1191 3393 1530 3466 ὁριζόμενος
1558 3395 1618 3449 τί
1643 3394 1827 3450 πνεῦ-

232 3500 343 3556 μα,
371 3485 471 3538 καὶ
497 3484 740 3555 ὁσαχῶς
770 3485 1008 3558 λέγεται
1049 3486 1309 3556 πνεῦμα,
1351 3486 1535 3557 φησι·
1583 3485 1829 3558 Πνεῦμα

232 3574 356 3648 μέν
399 3578 532 3632 ἐστι
592 3576 786 3649 λεπτὴ
834 3578 933 3634 καὶ
982 3579 1170 3646 άῠλος
1223 3579 1320 3634 καὶ
1374 3578 1828 3650 ἀσχημάτιστος

239 3667 637 3740 ἐκπορευτικὴ
660 3668 942 3740 ὕπαρξις.
978 3669 1060 3743 [ln
1090 3670 1324 3744 append.
1358 3670 1578 3728 Fabric.
1612 3672 1667 3728 in
1689 3671 1823 3728 edit.

243 3753 509 3832 Veneta.1

318 3846 413 3903 10.
439 3850 602 3907 Plura
624 3850 831 3921 scripta
852 3866 954 3907 sua
977 3850 1092 3907 sive
1114 3861 1389 3907 memorat
1420 3851 1536 3907 sive
1555 3851 1829 3924 promittit

237 3938 502 3994 Clemens
554 3939 672 4011 ipse
712 3940 854 4012 (54),
899 3950 962 3997 ιιι
1014 3939 1094 3996 De
1138 3936 1687 4014 principiis,Strom.
1738 3959 1824 4009 ιιι,

236 4044 297 4101 p.
325 4030 427 4085 43!
451 4050 466 4086 :
513 4032 693 4087 Ἀλλὰ
726 4031 880 4103 πρὸς
898 4031 1016 4104 μὲν
1039 4034 1293 4102 τούτους
1328 4034 1826 4109 (Μαρκιωνιστάς)

234 4122 406 4178 ὁπότ’
434 4123 512 4179 ἂν
540 4124 651 4179 τὸν
675 4126 819 4195 Περὶ
862 4125 1068 4197 ἀρχῶν
1092 4125 1585 4198 διαλαμϐάνωμεν
1618 4129 1823 4200 λόγον,

233 4214 636 4285 ἀκριϐέστατα
660 4217 1083 4301 διαλεεώμεθα.
1114 4216 1303 4286 Libro,
1334 4218 1466 4285 Quis
1486 4220 1629 4275 dives
1658 4219 1827 4274 salve-

236 4309 369 4363 ιιιτέ
405 4307 433 4380 §
467 4308 559 4375 26,
594 4309 739 4379 ὅπερ
761 4310 929 4381 ἐντῇ
955 4302 1160 4383 ἀρχῶν
1189 4313 1288 4367 καὶ
1330 4314 1644 4385 θεολογίας
1685 4314 1825 4383 ἐξη-

234 4399 413 4472 γήσει
443 4400 784 4472 μυστήριον
829 4405 936 4460 τοῦ
974 4403 1252 4475 Σωτῆρος
1292 4404 1550 4477 ὑπάρχει
1589 4406 1821 4477 μαθεῖν.

1931 3216 2045 3264 ται,
2074 3208 2129 3256 et
2160 3200 2254 3255 lib.
2287 3217 2326 3269 ι,
2351 3217 2401 3257 c.
2436 3201 2490 3269 6,
2528 3218 2582 3273 p.
2620 3203 2751 3258 iOl:
2802 3202 2991 3257 Ἀλλὰ
3024 3201 3135 3273 γὰρ
3167 3197 3342 3269 αὖθις
3374 3202 3519 3272 ἡμῖν
3568 3272 3573 3277 ε

1929 3292 2312 3363 σαφέστερον
2343 3293 2519 3348 τοῦτο
2551 3294 2623 3348 ἐν
2642 3294 2720 3361 τῷ
2746 3294 2885 3364 Περὶ
2911 3293 3306 3360 ἀναστάσεως
3329 3292 3520 3363 δηλω-

1932 3385 2205 3453 θήσεται.

1998 3474 2076 3531 De
2104 3478 2326 3545 nuptiis,
2355 3476 2426 3531 ἐν
2456 3475 2537 3543 τῷ
2570 3475 2799 3547 ταμικῷ
2844 3475 3109 3546 διέξιμεν
3141 3476 3330 3547 λόγῳ.
3384 3474 3510 3530 Ρα-

1925 3569 2118 3641 dagog.
2153 3568 2310 3637 "1,8,
2343 3585 2399 3640 p.
2421 3568 2547 3624 237.
2577 3567 2692 3625 Nisi
2734 3568 2873 3624 forte
2905 3567 3151 3639 respicit,
3179 3583 3303 3637 quae
3326 3582 3389 3634 ιι,
3420 3566 3510 3631 ιο.

1926 3660 2218 3732 Padngogi
2265 3663 2333 3717 de
2358 3662 2452 3717 illo
2484 3648 2828 3733 argumento,
2862 3671 2959 3717 aut
2994 3662 3157 3717 tertio
3186 3659 3517 3716 Stromatum

1926 3753 2203 3809 disseruit.
2245 3751 2582 3826 [Fragment.
2609 3753 2817 3810 Potter.
2847 3769 2972 3826 pag.
3008 3753 3195 3826 1022.]

1999 3846 2077 3901 De
2115 3847 2480 3915 continentia,
2523 3847 2623 3902 καὶ
2668 3846 2845 3901 τοῦτο
2881 3847 2954 3901 ἐν
2998 3845 3080 3913 τῷ
3112 3846 3246 3916 περὶ
3298 3846 3514 3919 ἐγκραμ

1925 3938 2087 4005 τείας
2128 3937 2274 4008 ἡμῖν
2318 3938 2673 4006 δεδήλωται,
2712 3937 3022 4009 Padagogi,
3056 3953 3129 4004 ιι,
3162 3936 3257 4005 10,
3296 3952 3352 4009 p.
3387 3937 3510 3994 193.

1926 4030 1986 4085 ln
2016 4030 2211 4087 eodem
2242 4030 2385 4087 forte
2411 4032 2573 4103 λόγῳ
2600 4032 2978 4101 disputaverat
3007 4031 3074 4085 de
3107 4045 3196 4095 eo,
3226 4029 3358 4101 quid
3386 4043 3517 4085 vere

1926 4122 2000 4178 sit
2022 4134 2180 4194 turpe
2202 4133 2257 4179 et
2282 4125 2605 4191 obscenum,
2641 4122 2789 4193 quod
2815 4137 2880 4187 ιι,
2901 4122 2958 4190 6,
2985 4121 3293 4194 Pardagogi,
3311 4138 3367 4193 p.
3388 4120 3513 4188 169,

1928 4224 2162 4271 testatur
2214 4232 2274 4272 se
2325 4217 2577 4272 iecisse:
2638 4214 3036 4286 Διειλήφαμεν
3089 4214 3160 4268 δὲ
3202 4212 3517 4283 ,βαθυτέρῳ

1924 4310 2085 4380 λόγῳ
2103 4309 2185 4376 ὡς
2216 4308 2333 4378 ἄρα
2363 4310 2500 4364 οὔτε
2524 4310 2596 4364 ἐν
2622 4310 2935 4378 ὀνόμασιν,
2965 4307 3110 4362 οὐδὲ
3137 4307 3268 4378 μὴν
3286 4308 3359 4363 ἐν
3388 4308 3515 4375 τοῖς
3550 4336 3563 4361 ο

1926 4402 2463 4470 συνουσιαστικάς
2485 4402 2719 4473 μορίοις
2743 4400 2844 4454 καὶ
2868 4399 2945 4471 τῇ
2971 4401 3122 4456 κατὰ
3148 4399 3340 4472 γάμον
3362 4414 3517 4472 συμ-

231 4489 444 4549 lterum
502 4495 757 4550 meminit
817 4497 987 4568 hujus
1041 4499 1410 4566 tractationis,
1469 4514 1533 4554 ιιι
1590 4498 1816 4567 Strom.,

1950 4494 2126 4564 ελοκῇ
2157 4497 2197 4565 η
2240 4494 2350 4550 τοῦ
2379 4494 2567 4563 ὅντως
2596 4496 2854 4567 αἰσχροῦ
2889 4495 3260 4566 προσηγορία
3304 4493 3511 4550 τάττε-

232 4598 361 4655 pag.
382 4583 528 4639 434:
571 4585 850 4641 Ἐπειδὰν
875 4586 945 4641 δὲ
974 4589 1112 4659 περὶ
1142 4590 1263 4645 τῶν
1281 4589 1486 4661 ἀρχῶν
1508 4590 1832 4662 διαλαμϐά-

229 4692 449 4747 νωμεν,
464 4685 571 4731 etc.
598 4674 701 4734 Hic
726 4687 813 4735 est
838 4678 1087 4750 ἀρχικὸς
1107 4682 1312 4753 λόγος,
1340 4682 1408 4738 de
1435 4699 1545 4739 uno
1578 4682 1711 4751 Deo,
1735 4684 1831 4754 qui

231 4784 331 4845 per
375 4771 549 4844 legem
594 4779 650 4827 et
686 4773 983 4844 prophetas
1028 4783 1196 4845 atque
1226 4773 1580 4849 Evangelium
1626 4777 1825 4850 pradi-

230 4869 422 4927 catur,
469 4876 636 4932 quem
671 4862 966 4933 promittit,
1003 4862 1204 4922 Strom.
1237 4881 1313 4933 tv,
1359 4881 1485 4939 pag.
1524 4867 1656 4935 510,
1699 4868 1828 4925 licet

225 4952 346 5023 jam
387 4953 457 5008 de
487 4953 596 5010 hoc
620 4963 947 5026 argumenta
991 4957 1242 5028 quaedam
1289 4957 1523 5015 dixisset
1564 4974 1649 5028 ιιι,
1690 4975 1814 5032 pag.

226 5043 363 5111 457,
389 5059 510 5116 seq.

305 5137 382 5193 De
405 5140 706 5210 prophetia.
753 5139 961 5198 Strom.
994 5158 1049 5211 ν,
1083 5159 1209 5215 pag.
1238 5144 1336 5200 551
1364 5163 1377 5201 :
1408 5145 1518 5201 Kal
1542 5145 1647 5199 ὅτι
1672 5145 1817 5200 ποτέ

224 5230 363 5287 ἐστι
402 5231 471 5285 τὸ
508 5230 684 5303 ἄτιον
707 5233 974 5304 Πνεῦμα,
1000 5235 1071 5290 ἐν
1095 5235 1221 5302 τοῖς
1264 5239 1405 5307 Περὶ
1452 5238 1819 5308 προφητείας
1862 5250 1877 5262 '

223 5321 348 5377 κάν
371 5321 499 5389 τοῖς
530 5321 673 5391 Περι
706 5323 921 5395 ψυχῆς
945 5324 1429 5395 ἐπιδειχθήσεται
1462 5328 1625 5398 ἡμῖν.
1660 5327 1815 5383 Adde

224 5429 309 5470 tv.
338 5429 466 5484 pag.
496 5412 625 5468 511.

303 5506 380 5561 De
405 5505 657 5561 membris
687 5515 737 5562 et
760 5508 1060 5579 affectibus,
1084 5512 1303 5582 quando
1322 5514 1389 5565 de
1416 5511 1525 5568 Deo
1543 5513 1825 5574 dicuntur.

299 5707 415 5780 (34)
452 5709 661 5765 Confer
693 5709 1019 5779 Nourrinm,
1060 5730 1180 5786 pag.
1224 5715 1363 5771 1557
1392 5731 1504 5787 seq.
1544 5716 1616 5788 [et
1652 5717 1885 5775 indicem
1922 5718 2250 5790 scriptorum
2287 5732 2316 5772 a
2339 5717 2512 5774 Clem.
2540 5716 2692 5771 Alex.
2725 5714 3060 5787 citatorum}.

1926 4603 2042 4641 ται.
2080 4585 2311 4643 Videtur
2337 4587 2527 4644 itidem
2568 4587 2774 4643 librum
2808 4588 3030 4645 tertium
3067 4584 3400 4641 Stromatum
3428 4585 3517 4641 in-

1926 4693 2118 4748 nuere,
2148 4679 2205 4734 in
2227 4695 2340 4751 quo
2374 4696 2497 4753 pag.
2522 4670 2659 4749 ιω,
2682 4680 2926 4737 diserte:
2956 4680 3018 4733 '0
3041 4677 3111 4732 δὲ
3147 4679 3282 4749 περὶ
3304 4680 3517 4750 ἐγκρα-

1925 4771 2089 4839 τείας
2121 4771 2270 4843 ἡμῖν
2302 4772 2671 4841 προϐαινέτω
2698 4773 2903 4844 λόγος.

1997 4864 2263 4919 Adversus
2308 4865 2551 4929 haereses,
2601 4863 2808 4921 Strom.
2854 4880 2934 4934 tv,
2973 4881 3100 4937 pag.
3148 4863 3278 4930 5l0,
3305 4863 3399 4919 ubi
3453 4879 3521 4921 se

1925 4973 2095 5013 unum
2141 4957 2312 5012 Deum
2353 4957 2620 5013 adversus
2665 4956 2789 5013 illas
2829 4957 3335 5014 demonstraturum
3382 4950 3515 5025 pr'o-

1924 5048 2113 5105 mittit.
2138 5048 2345 5104 Contra
2376 5048 2829 5119 philosophorum
2865 5050 3171 5106 sententias
3199 5049 3268 5105 de
3296 5048 3519 5103 summo

1923 5143 2100 5209 bono,
2148 5158 2188 5198 ιιι
2238 5141 2477 5209 Strom.,
2523 5157 2650 5213 pag.
2693 5142 2821 5197 M9.
2863 5142 3069 5198 Contra
3132 5139 3513 5196 haereticorum

1926 5234 2154 5305 γνῶσιν
2180 5234 2503 5305 profanam,
2532 5248 2609 5288 vn
2650 5232 2877 5299 Strom.,
2902 5248 3026 5305 pag.
3064 5230 3188 5285 722.
3223 5227 3331 5285 Sed
3374 5227 3516 5283 l'orte

1927 5341 2038 5380 non
2064 5326 2370 5395 peculiares
2410 5326 2466 5380 hi
2501 5326 2629 5380 libri
2670 5324 2914 5393 fuerunt,
2943 5338 3129 5379 verum
3161 5329 3222 5375 ut
3251 5321 3308 5377 in
3354 5318 3511 5377 Stro-

1928 5418 2088 5471 matis
2118 5418 2323 5489 passim
2358 5418 2521 5483 facit,
2564 5418 2638 5478 ita
2677 5428 2732 5473 et
2765 5419 2820 5473 in
2861 5414 3290 5487 Hypotyposibus
3338 5414 3514 5470 heare—

1940 5510 2079 5568 ticos
2109 5512 2233 5568 illos
2259 5520 2315 5568 et
2342 5512 2707 5583 philosophos
2739 5524 3057 5582 oppugnare
3081 5509 3279 5580 potuit.
