3980 6522
512 354 583 411 27
1646 345 1969 403 aeneus
2019 340 2580 399 ALEXANDRINUS.
3702 316 3779 375 ΞΒ

1544 479 3754 526 Μ

1735 670 2351 789 LECTORI
2429 667 2564 781 S’.

1905 885 2016 954 (ea.
2039 892 2201 944 Oxon.
2228 891 2389 955 1715.)

584 1203 716 1260 Cum
750 1203 880 1257 mihi
909 1216 1113 1272 semper
1141 1202 1197 1255 in
1236 1198 1369 1254 votis
1419 1198 1604 1267 fuerit,
1644 1198 1815 1268 primo
1846 1205 1903 1251 ut
1946 1196 2271 1252 Christiana:
2320 1193 2595 1256 Ecclesia,
2644 1189 2835 1245 deinde
2884 1185 3315 1259 ut~Reipublicte
3350 1183 3634 1240 litteraria'
3676 1195 3777 1253 pro

509 1297 709 1350 viribus
737 1295 1077 1359 inservirem;
1101 1309 1203 1347 non
1226 1307 1378 1363 posse
1405 1291 1621 1345 videbar
1651 1291 1806 1344 horas
1835 1289 1980 1355 illas,
2016 1305 2139 1358 qua:
2159 1304 2278 1341 cum
2309 1302 2344 1343 ε
2376 1284 2524 1356 Regii
2561 1282 2626 1339 S:
2662 1280 2937 1352 theologia:
2972 1279 3290 1351 professoris
3318 1293 3551 1342 munere,
3596 1286 3708 1331 tum
3742 1292 3778 1328 a

511 1387 749 1458 reliquis,
775 1404 894 1458 qua:
926 1386 1056 1441 mihi
1092 1386 1425 1451 incumbunt,
1452 1384 1594 1437 curis
1625 1399 1688 1437 ac
1717 1382 1937 1452 negotiis
1969 1380 2245 1443 vacabant,
2281 1380 2509 1449 cuipiam
2551 1377 2649 1431 alii
2693 1375 2873 1429 studio
2906 1372 2984 1427 vel
3005 1373 3301 1442 jucundius
3332 1372 3410 1425 vel
3449 1370 3638 1425 utilius
3668 1370 3779 1423 ins.-

506 1481 749 1550 pendere,
770 1498 931 1553 quam
958 1479 1325 1546 emendandis,
1359 1477 1711 1548 explicandis,
1748 1474 2046 1546 publicique
2068 1473 2210 1542 juris
2245 1472 2504 1542 faciendis
2535 1467 2821 1525 Clementis
2854 1462 3627 1533 Alexandrini,.,antiquissimi
3677 1463 3781 1513 do»

505 1573 1060 1644 ctissimiqueiPatris,
1095 1570 1361 1642 operibus,
1395 1587 1514 1643 unB
1542 1577 1844 1639 supersunt.
3760 1631 3769 1641 .

576 1667 765 1721 Prima
800 1667 966 1737 igitur
1008 1684 1137 1721 cura
1188 1668 1295 1738 fuit
1332 1674 1388 1720 ut
1422 1672 1692 1719 auctorem
1729 1663 1923 1732 ipsum,
1957 1677 2117 1733 quam
2158 1661 2276 1730 fieri
2314 1644 2507 1731 potuit,
2536 1659 2797 1726 integrum
2831 1662 2882 1709 et
2902 1654 3266 1708 emaculatum
3302 1649 3619 1707 exhiberem.
3656 1647 3778 1714 Quo

505 1768 611 1835 ﬁne
634 1778 739 1817 non
768 1763 942 1818 solum
978 1762 1261 1833 impressos
1290 1761 1496 1815 codices
1529 1758 1796 1812 universos
1823 1756 2007 1820 evolvi,
2055 1756 2109 1809 in
2147 1756 2357 1826 quibus,
2406 1755 2452 1808 si
2498 1752 2862 1807 Victorianum
2886 1760 2938 1804 et
2982 1747 3397 1819 Sylburgianutn
3423 1744 3776 1813 excipiamus,
3864 1758 3878 1774 ·

502 1855 639 1910 nihil
672 1855 781 1925 fere
807 1855 1180 1917 accuratiest;
1215 1852 1307 1907 sed
1338 1853 1497 1906 etiam
1540 1850 1923 1918 manuscripta,
1956 1862 2277 1924 qumcunque
2317 1846 2544 1916 reperire
2576 1845 2746 1915 potui,
2790 1840 3119 1912 exemplaria
3150 1839 3433 1909 diligenter
3466 1837 3685 1907 perlegi,
3724 1842 3779 1890 et

500 1950 737 2025 perlecta
767 1965 885 2003 cum
912 1948 1075 2003 editis
1104 1945 1328 2000 contuli.
1363 1944 1533 1999 Porro
1566 1941 2018 1998 Cohortationem
2052 1941 2120 1995 ad
2149 1940 2368 1996 Graecos
2400 1937 2844 2005 manuscriptam,
2884 1952 2991 1989 una
3053 1950 3174 1988 cum
3221 1931 3428 1986 duobus
3481 1929 3776 2000 Pwdagogi

500 2044 651 2099 libris
680 2039 1085 2113 posterioribus,
1115 2038 1520 2110 eorumdemque
1547 2035 1818 2090 nonnullis
1850 2035 2185 2106 fragmentis,
2223 2033 2575 2105 suppeditavit
2610 2030 2748 2084 Novi
2779 2030 2923 2100 apud
2961 2028 3291 2084 Oxonienses
3315 2026 3539 2095 Collegii
3581 2026 3780 2079 biblio-

502 2136 673 2190 theca.
709 2133 890 2187 Trium
918 2129 1206 2201 Pzedagogi
1230 2127 1490 2183 librorum
1530 2128 1763 2181 codicem
1787 2142 1950 2180 unum
1986 2124 2219 2191 Bodleii,
2255 2134 2303 2178 et
2346 2123 2469 2177 huic
2500 2124 2556 2176 in
2593 2120 2837 2175 omnibus
2879 2119 2987 2189 fere
3015 2117 3593 2179 concordemalterum
3634 2133 3779 2187 prae-

501 2227 617 2283 buit
645 2225 1016 2297 augustissimi
1042 2224 1180 2296 regis
1210 2224 1379 2277 nostri
1419 2220 1773 2277 Bibliotheca.
1822 2222 1902 2274 Ad
1946 2220 2177 2291 insignes
2219 2219 2345 2273 illas
2387 2216 2671 2273 Clementis
2714 2216 2882 2270 nostri
2930 2214 3205 2283 periochas
3252 2214 3509 2283 pristim.»
3548 2213 3779 2269 sanitati

500 2320 889 2386 restituendas,
914 2332 1046 2389 quas
1085 2318 1231 2385 o;.eri
1266 2315 1339 2371 De
1372 2314 1772 2386 praeparatione
1814 2312 2129 2384 evangelica
2164 2312 2386 2366 inseruit
2440 2310 2721 2376 Eusebius,
2774 2325 2876 2363 non
2910 2312 3017 2361 leve
3065 2306 3429 2375 adjumentum
3478 2307 3777 2360 attulerunt

500 2411 625 2467 ﬁbri
657 2413 771 2483 ejus
799 2412 1064 2483 impressi,
1098 2411 1625 2482 manuscriptumque
1647 2408 1938 2479 exemplar,
1968 2407 2108 2480 quod
2140 2406 2282 2477 apud
2309 2422 2401 2461 nos
2432 2406 2488 2461 in
2519 2404 2753 2475 Collegia
2780 2402 2860 2458 D.-
2880 2402 3108 2456 Joannis
3149 2400 3408 2470 Baptista:
3445 2411 3775 2457 asservatur.

516 2504 755 2560 Veterum
786 2505 1173 2574 exemplarium
1214 2503 1407 2572 inopite
1457 2500 1745 2554 remedium
1787 2515 1889 2553 non
1925 2515 2048 2552 raro
2091 2496 2387 2552 attulerunt
2427 2499 2770 2569 antiquorum
2813 2501 3131 2569 scriptorum
3152 2496 3312 2563 libri,
3358 2496 3603 2551 Platonis
3631 2512 3780 2564 prte-

498 2599 679 2654 sertim
713 2615 775 2653 ac
803 2597 1048 2654 Philonis
1075 2597 1281 2661 Judwi,
1307 2613 1335 2651 e
1361 2612 1585 2665 quorum
1626 2593 1907 2663 posteriori
1946 2608 2050 2645 non
2082 2590 2257 2645 breves
2301 2599 2508 2645 tantum
2557 2593 2870 2655 sententias,
2922 2591 3012 2645 sed
3034 2591 3287 2659 integras
3317 2590 3478 2642 etiam
3523 2588 3776 2658 paginas,

501 2690 771 2747 nonnullis
795 2691 1032 2756 omissis,
1061 2690 1187 2743 aliis
1209 2690 1430 2743 mutatis
1459 2686 1537 2741 vel
1561 2689 1615 2740 in
1644 2687 1904 2757 epitomen
1932 2684 2183 2750 redactis,
2213 2694 2369 2755 prout
2396 2684 2637 2738 instituto
2672 2700 2769 2738 suo
2800 2685 2995 2753 optime
3030 2683 3388 2749 conveniebat,
3413 2681 3569 2752 idque
3601 2680 3779 2735 celato

499 2800 876 2855 nonnunquam
898 2786 1133 2840 auctoris
1158 2784 1386 2847 nomine,
1419 2784 1472 2837 in
1505 2783 1851 2854 Στρωματεῖς
1888 2797 2012 2834 suos
2054 2778 2294 2834 Clemens
2322 2779 2620 2835 transtulit.
2664 2777 2934 2850 Scriptum
2956 2776 3303 2833 Slromatum
3332 2775 3619 2846 exemplar
3644 2774 3778 2829 nul-

499 2877 610 2930 lum
629 2876 798 2929 oculis
821 2876 948 2931 meis
977 2876 1304 2946 perlustrare
1337 2875 1589 2928 hactenus
1615 2873 1787 2927 licuit.
1835 2868 2027 2925 Verum
2049 2871 2147 2923 hoc
2163 2886 2263 2933 me,
2291 2887 2412 2923 cum
2440 2871 2755 2941 infortunio,
2791 2880 2903 2924 tum
2925 2886 3078 2924 onere
3105 2868 3298 2925 levavit
3325 2870 3404 2925 vir
3435 2868 3779 2923 clarissimus

499 2962 811 3022 Bernartius
841 2963 1312 3035 Montefalconius,
1347 2964 1439 3036 qui
1485 2980 1580 3034 pro
1608 2963 1891 3026 acerrimo,
1917 2976 2018 3032 quo
2044 2976 2246 3030 semper
2274 2961 2445 3029 ardet,
2474 2962 2812 3017 humaniores
2834 2962 3041 3016 litteras
3069 2962 3410 3038 promovendi
3454 2962 3637 3033 studio
3674 2977 3777 3015 va-

499 3060 699 3113 riantes
745 3058 994 3115 lectiones
1044 3076 1151 3114 non
1202 3061 1372 3114 solum
1419 3076 1484 3115 ex
1539 3046 1920 3124 Ottoboniano,
1962 3059 2054 3129 qui
2081 3072 2262 3112 eorum
2293 3058 2588 3127 prolixiora
2617 3059 2869 3135 quadarn
2893 3057 3212 3127 fragmenta,
3241 3057 3331 3112 sed
3366 3072 3432 3110 ex
3471 3054 3777 3114 Parisiensi

496 3154 661 3208 etiam
690 3154 891 3220 codice,
912 3155 1003 3225 qui
1028 3155 1287 3226 integrum
1321 3153 1659 3209 Stromatum
1686 3169 1816 3223 opus
1844 3151 2231 3221 complectitur,
2263 3159 2512 3206 accurate
2539 3151 2833 3223 descriptas
2861 3151 2931 3204 ad
2970 3166 3049 3203 me
3097 3150 3428 3215 transmisit;
3467 3165 3623 3219 quas,
3654 3165 3781 3203 cum

498 3246 660 3315 paulo
683 3247 854 3302 serius
875 3247 1106 3319 advecta
1134 3264 1238 3302 non
1271 3258 1428 3302 antea
1458 3248 1527 3301 ad
1552 3264 1739 3303 manus
1774 3263 1914 3301 meas
1953 3255 2314 3316 pervenerunt,
2350 3262 2510 3317 quam
2548 3247 2750 3315 priores
2782 3254 3012 3316 quatuor
3044 3242 3190 3312 libri,
3219 3259 3337 3297 cum
3370 3243 3543 3314 quinti
3566 3241 3779 3313 princi-

496 3341 609 3408 pio,
637 3357 665 3394 e
683 3342 849 3410 prtelo
878 3343 1184 3409 evasissent,
1210 3345 1279 3397 ad
1302 3345 1498 3398 calcem
1525 3348 1695 3413 operis
1723 3345 1883 3398 simul
1907 3343 2221 3399 exhibendas
2246 3345 2447 3401 curavi.

573 3432 634 3489 S.
665 3432 977 3505 Scriptura,
1002 3453 1203 3490 necnon
1232 3437 1464 3491 aliorum
1491 3447 1723 3492 veterum
1762 3438 2021 3491 librorum
2065 3436 2277 3492 vocibus
2318 3455 2351 3491 a
2394 3435 2679 3493 Clementis
2726 3439 2895 3493 nostri
2937 3437 3106 3491 verbis
3164 3434 3578 3507 distinguendis,
3629 3432 3778 3505 quod

500 3542 650 3580 nemo
675 3529 929 3582 hactenus
954 3530 1088 3584 satis
1111 3539 1363 3585 accurate
1388 3529 1663 3600 praestitit,
1695 3546 1798 3584 non
1828 3546 2023 3600 parvus
2053 3529 2262 3596 quidem
2301 3529 2475 3596 labor,
2508 3548 2686 3587 verum
2705 3532 2776 3599 ei,
2800 3532 2891 3603 qui
2926 3539 3197 3586 auctorem
3221 3531 3359 3587 hunc
3396 3527 3778 3598 explicandum

497 3619 807 3689 susciperet,
833 3623 890 3676 in
916 3622 1104 3691 primis
1134 3624 1488 3686 necessarius,
1515 3622 1895 3689 impendendus
1921 3622 2047 3693 fuit.
2087 3619 2339 3676 Latinam
2385 3640 2502 3678 vero
2552 3627 2863 3691 versionem,
2914 3641 3005 3680 seu
3055 3641 3249 3684 novam,
3291 3626 3632 3683 concinnare,
3680 3638 3777 3677 seu

499 3725 721 3768 veterem
749 3717 1047 3783 emendare,
1078 3716 1300 3787 majoris
1326 3716 1499 3772 adhuc
1524 3718 1695 3787 operis
1725 3734 1805 3771 res
1836 3728 1975 3772 erat.
2011 3715 2154 3772 Nam
2190 3718 2406 3773 llerveti
2444 3721 2833 3789 interpretatio,
2872 3736 2990 3790 qua:
3018 3720 3072 3772 in
3117 3719 3387 3772 hominum
3436 3715 3684 3771 manibus
3716 3726 3779 3769 ut

500 3805 791 3874 plurimum
818 3819 1057 3865 versatur
1089 3821 1140 3865 et
1168 3813 1524 3881 posteriorum
1550 3811 1832 3867 Clementis
1862 3810 2179 3867 Editionum
2206 3830 2376 3868 comes
2402 3826 2481 3870 est
2526 3814 2826 3881 individua,
2877 3815 3001 3869 licet
3038 3831 3070 3868 a
3104 3813 3274 3868 doctis
3307 3814 3530 3873 antehac
3557 3812 3686 3865 viris
3720 3812 3780 3865 in

502 3898 691 3953 melius
712 3917 849 3971 stepe
877 3912 1118 3969 mutata;
1148 3904 1319 3960 adhuc
1350 3914 1526 3960 tamen
1557 3904 1611 3959 in
1642 3904 1824 3962 multis
1855 3904 1920 3960 ab
1942 3907 2177 3960 auctoris
2203 3916 2371 3961 mente
2397 3908 2529 3962 adeo
2553 3907 2754 3972 aliena,
2780 3908 2838 3962 in
2859 3908 2981 3962 aliis
3011 3924 3202 3962 manca
3239 3917 3287 3960 et
3340 3906 3671 3976 imperfecta,
3691 3962 3700 3968 ,
3720 3907 3782 3961 in

494 3991 910 4061 quatnplurimis
933 3996 1184 4066 ambigua
1216 4006 1266 4049 et
1292 3996 1515 4052 obscura
1543 4005 1642 4062 est,
1673 4004 1730 4051 ut
1760 4013 1896 4062 swpe
1929 3998 1984 4052 in
2022 3998 2136 4067 ipso
2168 3997 2433 4053 Clemente
2466 3999 2601 4053 nihil
2626 4001 2793 4071 magis
2830 4016 2991 4070 quam
3018 3997 3654 4063 Clementetndesia'cres,
3682 4014 3781 4055 nec

500 4102 626 4139 raro
648 4084 847 4142 Latina
880 4090 1058 4158 potius
1080 4108 1114 4145 a
1144 4089 1365 4156 Grazcis,
1391 4106 1549 4161 quam
1578 4090 1689 4145 hate
1710 4090 1774 4144 ab
1805 4092 1915 4146 illis
1947 4100 2117 4147 lucem
2150 4102 2482 4161 exspectent;
2513 4103 2563 4147 et
2590 4094 2679 4164 qui
2708 4094 2842 4148 hanc
2870 4092 3112 4161 denique,
3146 4101 3301 4161 prout
3340 4108 3418 4145 res
3442 4091 3629 4161 exigit,
3654 4106 3782 4145 cor-

496 4180 775 4251 rigendam
820 4183 1127 4252 susciperet,
1184 4184 1377 4255 Augtee
1408 4184 1564 4255 plane
1617 4184 1887 4239 stabulum
1939 4200 2181 4256 purgare.
2208 4184 2494 4241 videretur.
2562 4184 2796 4239 Proinde
2853 4183 3302 4239 Coliormliouem
3348 4183 3414 4238 ad
3455 4180 3676 4238 Graecos
3712 4199 3783 4237 cx

496 4271 687 4329 (ἕνεκα
716 4273 968 4331 Latinam
990 4277 1184 4331 iterum
1214 4278 1454 4348 fecimus,
1482 4278 1551 4332 ad
1583 4277 1866 4350 Pantagugi
1904 4278 2089 4348 forsan
2118 4295 2181 4333 ac
2214 4278 2555 4334 Slromatum
2599 4279 2764 4333 etiam
2802 4276 2965 4331 libros
2995 4278 3349 4346 progressuri,
3388 4274 3636 4333 nisialta
3679 4292 3781 4331 nos

495 4369 700 4436 studia,
724 4386 841 4439 qua:
868 4372 1075 4425 diutius
1103 4374 1451 4428 intermittere
1481 4374 1625 4428 haud
1658 4373 1833 4438 licuit,
1878 4391 1939 4428 eo
1983 4375 2198 4428 tandem
2236 4373 2633 4446 compulissent,
2681 4382 2739 4425 ut
2799 4371 2865 4424 de
2912 4368 3135 4424 Herveto
3177 4372 3352 4439 potius
3405 4371 3474 4424 ad
3526 4369 3782 4432 Grazcum

492 4473 699 4517 textum
733 4467 1181 4520 accommodanda
1204 4467 1446 4537 deinceps
1472 4470 1853 4537 cogitaremus;
1881 4469 1993 4537 qui,
2029 4478 2188 4538 prout
2217 4485 2356 4523 nunc
2385 4475 2629 4539 apparet,
2652 4465 2865 4520 etiamsi
2900 4479 3091 4533 parum
3112 4464 3322 4535 elegans
3358 4475 3410 4518 et
3443 4474 3686 4527 ornatus,
3710 4468 3781 4525 ,in

492 4553 758 4623 plerisque
787 4563 985 4621 tamen,
1019 4558 1099 4609 uti
1132 4573 1247 4625 spes
1286 4567 1387 4622 est,
1414 4558 1556 4611 haud
1579 4558 1735 4626 plane
1764 4558 1960 4628 inﬁdus
1986 4558 2267 4614 habebitur
2288 4558 2573 4614 Clementis
2597 4561 2876 4627 interpres.

568 4646 751 4703 Graeco
783 4667 845 4704 ac
871 4650 1067 4706 Latino
1099 4653 1268 4706 textui
1303 4651 1598 4723 Sylburgii,
1632 4651 1861 4718 Heinsii,
1897 4655 2231 4726 aliorumque
2263 4654 2544 4710 doctorum
2578 4655 2812 4709 virorum
2852 4651 3023 4707 Notas
3066 4652 3436 4720 adiunximus,
3481 4670 3614 4724 quas
3647 4651 3785 4714 libri

490 4741 715 4795 antehac
740 4744 890 4809 editi,
919 4760 1039 4797 cum
1069 4761 1102 4797 a
1136 4760 1191 4798 se
1214 4744 1458 4809 invicem,
1493 4757 1604 4800 tum
1634 4747 1698 4801 ab
1725 4749 1837 4816 ipso
1867 4748 2028 4802 etiam
2066 4762 2285 4802 auctore
2310 4748 2535 4802 nimium
2570 4755 2799 4800 remotas
2843 4745 2899 4799 in
2930 4745 3076 4799 calce
3102 4746 3282 4813 {totius
3319 4746 3491 4815 operis
3524 4744 3785 4804 exhiben-

490 4850 594 4900 tes,
635 4835 872 4904 ingratas
904 4837 1158 4891 studiosis
1188 4835 1471 4892 lectoribus
1512 4856 1688 4895 moras
1728 4842 1997 4912 injiciunt.
2036 4842 2136 4897 His
2168 4843 2307 4896 alias
2351 4841 2737 4895 immiscuimus
2776 4854 2804 4892 e
2837 4837 3167 4908 philologicis
3216 4837 3375 4907 hujus
3419 4855 3482 4892 ac
3532 4837 3784 4907 proxime

493 4928 783 4996 superioris
813 4929 996 4984 stvculi
1025 4930 1374 5000 scriptoribus
1410 4949 1442 4984 a
1473 4931 1863 5005 nobismetipsis
1908 4939 2140 5008 undique
2171 4946 2467 5005 excerptas.
2501 4935 2569 4989 In
2614 4934 2853 5004 margine
2895 4933 3092 4986 codicis
3137 4934 3246 4999 sui,
3278 4950 3430 5003 quem
3464 4934 3612 4996 mihi,
3651 4951 3782 4988 cum

491 5024 562 5075 ad
590 5031 841 5092 quartum
872 5019 1210 5078 Stromatum
1241 5022 1440 5077 librum
1468 5028 1838 5095 pervcnissem,
1884 5032 2112 5084 moriens
2157 5030 2377 5099 legavit,
2423 5026 2679 5083 nonnulla
2703 5026 3051 5079 adnotaverat
3080 5023 3311 5079 Grabius
3351 5030 3384 5080 ό
3409 5028 3777 5095 μακαρίτης.

492 5114 623 5169 Post
660 5113 866 5168 nullum
889 5131 1006 5168 vero
1038 5116 1165 5168 mihi
1199 5119 1567 5172 memorandus
1612 5132 1688 5174 est
1724 5122 1808 5178 W.
1851 5122 2143 5189 Lowthius,
2184 5122 2439 5178 Ecclesia:
2486 5119 2813 5177 cathedralis
2844 5118 3084 5173 Winton.
3123 5119 3524 5189 prtebendorius
3569 5120 3785 5190 dignis-

488 5214 696 5274 simus;
728 5210 820 5280 qui
849 5225 953 5263 non
980 5209 1152 5263 solum
1186 5222 1465 5280 perpetuas
1490 5216 1598 5285 fere
1623 5217 1676 5271 in
1708 5217 2028 5273 Clementem
2069 5230 2222 5274 notas
2266 5218 2411 5273 ultro
2442 5216 2573 5270 mihi
2602 5214 2819 5281 obtulit,
2856 5214 2947 5269 sed
2990 5214 3154 5267 etiam
3188 5213 3643 5269 Cohortalionem
3695 5216 3779 5269 ad

487 5303 729 5367 Graecos,
760 5313 810 5358 et
831 5314 948 5357 octo
984 5302 1322 5361 Slromatum
1363 5308 1528 5365 libros
1558 5329 1653 5380 pro
1692 5314 1902 5368 diversa
1948 5316 2206 5380 materiis,
2242 5332 2348 5385 qua
2385 5320 2652 5378 constant,
2714 5313 2938 5376 ratione,
2992 5319 3249 5380 quatenus
3297 5310 3415 5379 fieri
3471 5308 3667 5380 potuit,
3718 5309 3784 5362 in

491 5395 669 5465 σαρὶια
699 5396 917 5467 redegit.
948 5395 1078 5451 Ilaec
1102 5409 1279 5475 autem
1309 5402 1477 5471 infra,
1515 5407 1742 5476 propriis
1786 5417 2070 5462 auctorum
2112 5406 2414 5462 nominibus
2464 5405 2744 5469 distincta,
2794 5415 2844 5459 et
2890 5406 3003 5458 suis
3044 5417 3263 5475 quisque
3304 5401 3436 5456 locis
3482 5400 3780 5472 disposita,

495 5492 841 5559 τερετίεηηιτ·
870 5494 1020 5547 Αιίοδ
1043 5504 1298 5562 Praeterea
1330 5503 1507 5569 rogavi
1537 5504 1733 5559 amicos
1756 5504 2040 5574 doctosque
2063 5505 2226 5570 viros,
2262 5513 2319 5556 ut
2346 5500 2612 5572 symbolas
2644 5517 2773 5555 suas
2796 5498 3128 5576 conferrent;
3151 5495 3416 5561 omnibus,
3446 5497 3539 5567 qui
3568 5495 3639 5551 ad
3666 5494 3782 5548 aul-

492 5599 688 5639 ctorem
711 5595 946 5639 nostrum
978 5586 1361 5642 illustrandum
1391 5594 1835 5651 cmendandumve
1861 5598 2068 5667 aliquid
2100 5595 2429 5658 tribuissent,
2462 5596 2692 5665 gratias,
2734 5608 2864 5662 quas
2901 5606 3127 5661 possem,
3164 5592 3427 5645 maximas
3465 5592 3778 5659 habiturus.

496 5677 687 5733 Utrum
713 5679 795 5733 his
820 5680 999 5734 usibus
1038 5680 1404 5750 quadantenus
1432 5684 1681 5743 inservire
1709 5693 1961 5759 poterint,
1987 5706 2105 5760 qute
2134 5705 2229 5742 nos
2259 5705 2285 5742 e
2316 5689 2460 5741 tenui
2493 5696 2672 5740 nostro
2709 5702 2841 5755 penu
2875 5684 3317 5752 deprompsimus,
3370 5699 3550 5754 aequus
3599 5681 3783 5739 lector

491 5774 651 5840 facile
668 5773 957 5843 judicabit.
1001 5771 1127 5830 Haec
1168 5792 1326 5839 porro
1380 5778 1646 5849 excipiunt
1692 5798 1809 5853 qua:
1851 5784 1913 5838 de
1970 5782 2234 5838 Clemente
2277 5781 2490 5848 ejusque
2531 5777 2742 5834 scriptis
2782 5776 2989 5845 collegit
3028 5777 3099 5830 vir
3159 5776 3489 5832 cl'arissinms
3530 5774 3776 5831 Joannes
