  <div class='ocr_page' id='page_1' title='image "/cluster/home/n/w/nwhite01/storage/ocr_20150623/8/hvd.32044019206622/022.png"; bbox 0 0 3980 6514; ppageno 0'>
   <div class='ocr_carea' id='block_1_1' title="bbox 289 329 3561 399">
    <p class='ocr_par' dir='ltr' id='par_1_1' title="bbox 289 329 3561 399">
     <span class='ocr_line' id='line_1_1' title="bbox 289 329 3561 399; baseline 0 0"><span class='ocrx_word' id='word_1_1' title='bbox 289 329 367 387; x_wconf 70' lang='grc'><strong><em>29</em></strong></span> <span class='ocrx_word' id='word_1_2' title='bbox 1407 336 1777 394; x_wconf 78' lang='lat' dir='ltr'><strong><em>REINHOLDI</em></strong></span> <span class='ocrx_word' id='word_1_3' title='bbox 1809 337 2034 395; x_wconf 62' lang='lat' dir='ltr'><strong><em>non</em></strong></span> <span class='ocrx_word' id='word_1_4' title='bbox 2073 338 2463 399; x_wconf 68' lang='lat' dir='ltr'><strong><em>purum.</em></strong></span> <span class='ocrx_word' id='word_1_5' title='bbox 3477 345 3561 399; x_wconf 45' lang='grc' dir='ltr'><strong><em>δυ.</em></strong></span> 
     </span>
    </p>
   </div>
   <div class='ocr_carea' id='block_1_2' title="bbox 288 455 3546 537">
    <p class='ocr_par' dir='ltr' id='par_1_2' title="bbox 288 455 3546 537">
     <span class='ocr_line' id='line_1_2' title="bbox 288 455 3546 537; baseline 0.002 -28"><span class='ocrx_word' id='word_1_6' title='bbox 288 455 544 513; x_wconf 77' lang='lat' dir='ltr'><strong><em>Albertus</em></strong></span> <span class='ocrx_word' id='word_1_7' title='bbox 590 456 897 527; x_wconf 71' lang='lat' dir='ltr'><strong><em>Fabricius,</em></strong></span> <span class='ocrx_word' id='word_1_8' title='bbox 949 476 1056 516; x_wconf 84' lang='lat' dir='ltr'><strong><em>una</em></strong></span> <span class='ocrx_word' id='word_1_9' title='bbox 1096 477 1215 515; x_wconf 81' lang='lat' dir='ltr'><strong><em>eum</em></strong></span> <span class='ocrx_word' id='word_1_10' title='bbox 1263 469 1564 527; x_wconf 80' lang='lat' dir='ltr'><strong><em>auctorum,</em></strong></span> <span class='ocrx_word' id='word_1_11' title='bbox 1599 478 1731 532; x_wconf 84' lang='lat' dir='ltr'><strong><em>quos</em></strong></span> <span class='ocrx_word' id='word_1_12' title='bbox 1778 461 2017 517; x_wconf 76' lang='lat' dir='ltr'><strong><em>laudavit</em></strong></span> <span class='ocrx_word' id='word_1_13' title='bbox 2062 461 2323 531; x_wconf 92' lang='lat' dir='ltr'><strong><em>Clemens,</em></strong></span> <span class='ocrx_word' id='word_1_14' title='bbox 2367 463 2552 520; x_wconf 85' lang='lat' dir='ltr'><strong><em>Indice</em></strong></span> <span class='ocrx_word' id='word_1_15' title='bbox 2575 464 3027 537; x_wconf 80' lang='lat' dir='ltr'><strong><em>locupletissimo;</em></strong></span> <span class='ocrx_word' id='word_1_16' title='bbox 3059 467 3147 523; x_wconf 88' lang='lat' dir='ltr'><strong><em>cui</em></strong></span> <span class='ocrx_word' id='word_1_17' title='bbox 3192 485 3285 524; x_wconf 90' lang='lat' dir='ltr'><strong><em>nos</em></strong></span> <span class='ocrx_word' id='word_1_18' title='bbox 3318 466 3546 522; x_wconf 83' lang='lat' dir='ltr'><strong><em>alterum</em></strong></span> 
     </span>
    </p>
   </div>
   <div class='ocr_carea' id='block_1_3' title="bbox 286 546 3563 628">
    <p class='ocr_par' dir='ltr' id='par_1_3' title="bbox 286 546 3563 628">
     <span class='ocr_line' id='line_1_3' title="bbox 286 546 3563 628; baseline 0.004 -28"><span class='ocrx_word' id='word_1_19' title='bbox 286 546 606 616; x_wconf 82' lang='lat' dir='ltr'><strong><em>adjecimus,</em></strong></span> <span class='ocrx_word' id='word_1_20' title='bbox 647 551 742 619; x_wconf 82' lang='lat' dir='ltr'><strong><em>qui</em></strong></span> <span class='ocrx_word' id='word_1_21' title='bbox 770 547 828 605; x_wconf 86' lang='lat' dir='ltr'><strong><em>S.</em></strong></span> <span class='ocrx_word' id='word_1_22' title='bbox 876 548 1168 621; x_wconf 70' lang='lat' dir='ltr'><strong><em>Scriptura:</em></strong></span> <span class='ocrx_word' id='word_1_23' title='bbox 1191 554 1484 608; x_wconf 86' lang='lat' dir='ltr'><strong><em>sententias</em></strong></span> <span class='ocrx_word' id='word_1_24' title='bbox 1515 554 1580 608; x_wconf 89' lang='lat' dir='ltr'><strong><em>ab</em></strong></span> <span class='ocrx_word' id='word_1_25' title='bbox 1626 570 1685 608; x_wconf 92' lang='lat' dir='ltr'><strong><em>eo</em></strong></span> <span class='ocrx_word' id='word_1_26' title='bbox 1715 553 1976 607; x_wconf 89' lang='lat' dir='ltr'><strong><em>adductas</em></strong></span> <span class='ocrx_word' id='word_1_27' title='bbox 2014 565 2352 611; x_wconf 70' lang='lat' dir='ltr'><strong><em>monstraret.</em></strong></span> <span class='ocrx_word' id='word_1_28' title='bbox 2399 555 2651 628; x_wconf 85' lang='lat' dir='ltr'><strong><em>Sequitur</em></strong></span> <span class='ocrx_word' id='word_1_29' title='bbox 2703 558 2917 617; x_wconf 70' lang='lat' dir='ltr'><strong><em>Heneti</em></strong></span> <span class='ocrx_word' id='word_1_30' title='bbox 2960 561 3438 627; x_wconf 82' lang='lat' dir='ltr'><strong><em>Commentarios;</em></strong></span> <span class='ocrx_word' id='word_1_31' title='bbox 3483 572 3563 614; x_wconf 80' lang='lat' dir='ltr'><strong><em>ns‘</em></strong></span> 
     </span>
    </p>
   </div>
   <div class='ocr_carea' id='block_1_4' title="bbox 281 640 3546 724">
    <p class='ocr_par' dir='ltr' id='par_1_4' title="bbox 281 640 3546 724">
     <span class='ocr_line' id='line_1_4' title="bbox 281 640 3546 724; baseline 0.005 -31"><span class='ocrx_word' id='word_1_32' title='bbox 281 640 422 711; x_wconf 68' lang='lat' dir='ltr'><strong><em>quid</em></strong></span> <span class='ocrx_word' id='word_1_33' title='bbox 444 656 650 708; x_wconf 84' lang='lat' dir='ltr'><strong><em>eorum,</em></strong></span> <span class='ocrx_word' id='word_1_34' title='bbox 683 658 801 713; x_wconf 64' lang='lat' dir='ltr'><strong><em>qua!</em></strong></span> <span class='ocrx_word' id='word_1_35' title='bbox 829 643 1044 715; x_wconf 69' lang='lat' dir='ltr'><strong><em>reliqua</em></strong></span> <span class='ocrx_word' id='word_1_36' title='bbox 1071 643 1355 700; x_wconf 74' lang='lat' dir='ltr'><strong><em>Clementis</em></strong></span> <span class='ocrx_word' id='word_1_37' title='bbox 1391 646 1647 701; x_wconf 89' lang='lat' dir='ltr'><strong><em>editiones</em></strong></span> <span class='ocrx_word' id='word_1_38' title='bbox 1681 646 1947 714; x_wconf 64' lang='lat' dir='ltr'><strong><em>exhibent,</em></strong></span> <span class='ocrx_word' id='word_1_39' title='bbox 1986 648 2042 701; x_wconf 87' lang='lat' dir='ltr'><strong><em>in</em></strong></span> <span class='ocrx_word' id='word_1_40' title='bbox 2074 646 2176 703; x_wconf 77' lang='lat' dir='ltr'><strong><em>hac</em></strong></span> <span class='ocrx_word' id='word_1_41' title='bbox 2201 659 2383 704; x_wconf 90' lang='lat' dir='ltr'><strong><em>nostra</em></strong></span> <span class='ocrx_word' id='word_1_42' title='bbox 2416 650 2762 707; x_wconf 75' lang='lat' dir='ltr'><strong><em>desideretur.</em></strong></span> <span class='ocrx_word' id='word_1_43' title='bbox 2799 652 3001 724; x_wconf 80' lang='lat' dir='ltr'><strong><em>Agmen</em></strong></span> <span class='ocrx_word' id='word_1_44' title='bbox 3033 652 3289 707; x_wconf 85' lang='lat' dir='ltr'><strong><em>claudunt</em></strong></span> <span class='ocrx_word' id='word_1_45' title='bbox 3333 652 3546 708; x_wconf 91' lang='lat' dir='ltr'><strong><em>Indices</em></strong></span> 
     </span>
    </p>
   </div>
   <div class='ocr_carea' id='block_1_5' title="bbox 285 731 3548 816">
    <p class='ocr_par' dir='ltr' id='par_1_5' title="bbox 285 731 3548 816">
     <span class='ocr_line' id='line_1_5' title="bbox 285 731 3548 816; baseline 0.004 -29"><span class='ocrx_word' id='word_1_46' title='bbox 285 731 418 797; x_wconf 85' lang='lat' dir='ltr'><strong><em>duo,</em></strong></span> <span class='ocrx_word' id='word_1_47' title='bbox 443 748 619 789; x_wconf 86' lang='lat' dir='ltr'><strong><em>rerum</em></strong></span> <span class='ocrx_word' id='word_1_48' title='bbox 653 737 821 805; x_wconf 91' lang='lat' dir='ltr'><strong><em>prior,</em></strong></span> <span class='ocrx_word' id='word_1_49' title='bbox 861 738 1131 794; x_wconf 81' lang='lat' dir='ltr'><strong><em>verborum</em></strong></span> <span class='ocrx_word' id='word_1_50' title='bbox 1171 738 1462 808; x_wconf 78' lang='lat' dir='ltr'><strong><em>posterior;</em></strong></span> <span class='ocrx_word' id='word_1_51' title='bbox 1497 755 1627 809; x_wconf 85' lang='lat' dir='ltr'><strong><em>quos</em></strong></span> <span class='ocrx_word' id='word_1_52' title='bbox 1660 739 1896 793; x_wconf 71' lang='lat' dir='ltr'><strong><em>maxima</em></strong></span> <span class='ocrx_word' id='word_1_53' title='bbox 1920 739 2130 811; x_wconf 85' lang='lat' dir='ltr'><strong><em>quidem</em></strong></span> <span class='ocrx_word' id='word_1_54' title='bbox 2168 758 2233 797; x_wconf 78' lang='lat' dir='ltr'><strong><em>ea:</em></strong></span> <span class='ocrx_word' id='word_1_55' title='bbox 2270 754 2421 814; x_wconf 91' lang='lat' dir='ltr'><strong><em>parte</em></strong></span> <span class='ocrx_word' id='word_1_56' title='bbox 2450 744 2734 816; x_wconf 79' lang='lat' dir='ltr'><strong><em>Sylburgio</em></strong></span> <span class='ocrx_word' id='word_1_57' title='bbox 2762 746 3028 802; x_wconf 76' lang='lat' dir='ltr'><strong><em>debemus.</em></strong></span> <span class='ocrx_word' id='word_1_58' title='bbox 3075 745 3373 816; x_wconf 82' lang='lat' dir='ltr'><strong><em>Postremo,</em></strong></span> <span class='ocrx_word' id='word_1_59' title='bbox 3427 763 3548 801; x_wconf 89' lang='lat' dir='ltr'><strong><em>cum</em></strong></span> 
     </span>
    </p>
   </div>
   <div class='ocr_carea' id='block_1_6' title="bbox 281 824 3548 909">
    <p class='ocr_par' dir='ltr' id='par_1_6' title="bbox 281 824 3548 909">
     <span class='ocr_line' id='line_1_6' title="bbox 281 824 3548 909; baseline 0.003 -26"><span class='ocrx_word' id='word_1_60' title='bbox 281 824 574 883; x_wconf 71' lang='lat' dir='ltr'><strong><em>editionem</em></strong></span> <span class='ocrx_word' id='word_1_61' title='bbox 596 826 1006 901; x_wconf 82' lang='lat' dir='ltr'><strong><em>Sylburgianam</em></strong></span> <span class='ocrx_word' id='word_1_62' title='bbox 1034 846 1096 885; x_wconf 91' lang='lat' dir='ltr'><strong><em>ac</em></strong></span> <span class='ocrx_word' id='word_1_63' title='bbox 1130 829 1459 885; x_wconf 83' lang='lat' dir='ltr'><strong><em>Parisienses</em></strong></span> <span class='ocrx_word' id='word_1_64' title='bbox 1488 832 1623 886; x_wconf 87' lang='lat' dir='ltr'><strong><em>duas</em></strong></span> <span class='ocrx_word' id='word_1_65' title='bbox 1655 832 1712 885; x_wconf 92' lang='lat' dir='ltr'><strong><em>in</em></strong></span> <span class='ocrx_word' id='word_1_66' title='bbox 1744 830 1984 885; x_wconf 89' lang='lat' dir='ltr'><strong><em>manibus</em></strong></span> <span class='ocrx_word' id='word_1_67' title='bbox 2010 831 2284 889; x_wconf 84' lang='lat' dir='ltr'><strong><em>doctorum</em></strong></span> <span class='ocrx_word' id='word_1_68' title='bbox 2315 837 2579 905; x_wconf 66' lang='lat' dir='ltr'><strong><em>praecipue</em></strong></span> <span class='ocrx_word' id='word_1_69' title='bbox 2608 836 2774 906; x_wconf 76' lang='lat' dir='ltr'><strong><em>fuisse</em></strong></span> <span class='ocrx_word' id='word_1_70' title='bbox 2808 837 3055 903; x_wconf 80' lang='lat' dir='ltr'><strong><em>viderem,</em></strong></span> <span class='ocrx_word' id='word_1_71' title='bbox 3097 839 3288 892; x_wconf 78' lang='lat' dir='ltr'><strong><em>harum</em></strong></span> <span class='ocrx_word' id='word_1_72' title='bbox 3323 838 3548 909; x_wconf 81' lang='lat' dir='ltr'><strong><em>paginas</em></strong></span> 
     </span>
    </p>
   </div>
   <div class='ocr_carea' id='block_1_7' title="bbox 282 918 3055 994">
    <p class='ocr_par' dir='ltr' id='par_1_7' title="bbox 282 918 3055 994">
     <span class='ocr_line' id='line_1_7' title="bbox 282 918 3055 994; baseline 0.003 -16"><span class='ocrx_word' id='word_1_73' title='bbox 282 918 345 978; x_wconf 73' lang='lat' dir='ltr'><strong><em>in</em></strong></span> <span class='ocrx_word' id='word_1_74' title='bbox 374 918 549 975; x_wconf 63' lang='lat' dir='ltr'><strong><em>Croci</em></strong></span> <span class='ocrx_word' id='word_1_75' title='bbox 578 930 773 987; x_wconf 72' lang='lat' dir='ltr'><strong><em>textus,</em></strong></span> <span class='ocrx_word' id='word_1_76' title='bbox 803 922 951 978; x_wconf 86' lang='lat' dir='ltr'><strong><em>illius</em></strong></span> <span class='ocrx_word' id='word_1_77' title='bbox 970 940 1087 977; x_wconf 82' lang='lat' dir='ltr'><strong><em>vero</em></strong></span> <span class='ocrx_word' id='word_1_78' title='bbox 1111 924 1166 976; x_wconf 88' lang='lat' dir='ltr'><strong><em>in</em></strong></span> <span class='ocrx_word' id='word_1_79' title='bbox 1196 922 1379 977; x_wconf 80' lang='lat' dir='ltr'><strong><em>Latini</em></strong></span> <span class='ocrx_word' id='word_1_80' title='bbox 1399 924 1634 994; x_wconf 84' lang='lat' dir='ltr'><strong><em>margine</em></strong></span> <span class='ocrx_word' id='word_1_81' title='bbox 1657 925 1839 978; x_wconf 83' lang='lat' dir='ltr'><strong><em>curavi</em></strong></span> <span class='ocrx_word' id='word_1_82' title='bbox 1860 933 2106 994; x_wconf 88' lang='lat' dir='ltr'><strong><em>perpetuo</em></strong></span> <span class='ocrx_word' id='word_1_83' title='bbox 2131 926 2522 983; x_wconf 89' lang='lat' dir='ltr'><strong><em>describendas.</em></strong></span> <span class='ocrx_word' id='word_1_84' title='bbox 3052 982 3055 985; x_wconf 89' lang='lat'><strong><em>.</em></strong></span> 
     </span>
    </p>
   </div>
   <div class='ocr_carea' id='block_1_8' title="bbox 364 1011 3554 1085">
    <p class='ocr_par' dir='ltr' id='par_1_8' title="bbox 364 1011 3554 1085">
     <span class='ocr_line' id='line_1_8' title="bbox 364 1011 3554 1085; baseline 0.005 -19"><span class='ocrx_word' id='word_1_85' title='bbox 364 1011 497 1069; x_wconf 67' lang='lat' dir='ltr'><strong><em>Hac</em></strong></span> <span class='ocrx_word' id='word_1_86' title='bbox 515 1016 777 1084; x_wconf 64' lang='lat' dir='ltr'><strong><em>pracipue</em></strong></span> <span class='ocrx_word' id='word_1_87' title='bbox 806 1022 949 1081; x_wconf 87' lang='lat' dir='ltr'><strong><em>sunt,</em></strong></span> <span class='ocrx_word' id='word_1_88' title='bbox 978 1015 1146 1069; x_wconf 88' lang='lat' dir='ltr'><strong><em>amice</em></strong></span> <span class='ocrx_word' id='word_1_89' title='bbox 1173 1012 1381 1080; x_wconf 78' lang='lat' dir='ltr'><strong><em>Lector,</em></strong></span> <span class='ocrx_word' id='word_1_90' title='bbox 1406 1031 1525 1085; x_wconf 64' lang='lat' dir='ltr'><strong><em>qui:</em></strong></span> <span class='ocrx_word' id='word_1_91' title='bbox 1553 1016 1617 1070; x_wconf 91' lang='lat' dir='ltr'><strong><em>de</em></strong></span> <span class='ocrx_word' id='word_1_92' title='bbox 1646 1017 1745 1070; x_wconf 84' lang='lat' dir='ltr'><strong><em>hac</em></strong></span> <span class='ocrx_word' id='word_1_93' title='bbox 1782 1023 1966 1069; x_wconf 89' lang='lat' dir='ltr'><strong><em>nostra</em></strong></span> <span class='ocrx_word' id='word_1_94' title='bbox 1995 1015 2278 1074; x_wconf 82' lang='lat' dir='ltr'><strong><em>Clementis</em></strong></span> <span class='ocrx_word' id='word_1_95' title='bbox 2311 1019 2662 1076; x_wconf 70' lang='lat' dir='ltr'><strong><em>Alexandrini</em></strong></span> <span class='ocrx_word' id='word_1_96' title='bbox 2703 1020 2935 1078; x_wconf 85' lang='lat' dir='ltr'><strong><em>editione</em></strong></span> <span class='ocrx_word' id='word_1_97' title='bbox 2965 1024 3300 1079; x_wconf 80' lang='lat' dir='ltr'><strong><em>admonitum</em></strong></span> <span class='ocrx_word' id='word_1_98' title='bbox 3345 1034 3395 1079; x_wconf 87' lang='lat' dir='ltr'><strong><em>te</em></strong></span> <span class='ocrx_word' id='word_1_99' title='bbox 3442 1024 3554 1081; x_wconf 71' lang='lat' dir='ltr'><strong><em>vel-</em></strong></span> 
     </span>
    </p>
   </div>
   <div class='ocr_carea' id='block_1_9' title="bbox 282 1108 3551 1187">
    <p class='ocr_par' dir='ltr' id='par_1_9' title="bbox 282 1108 3551 1187">
     <span class='ocr_line' id='line_1_9' title="bbox 282 1108 3551 1187; baseline 0.003 -24"><span class='ocrx_word' id='word_1_100' title='bbox 282 1108 413 1174; x_wconf 65' lang='lat' dir='ltr'><strong><em>lem.</em></strong></span> <span class='ocrx_word' id='word_1_101' title='bbox 443 1108 600 1176; x_wconf 80' lang='lat' dir='ltr'><strong><em>Quod</em></strong></span> <span class='ocrx_word' id='word_1_102' title='bbox 625 1110 681 1179; x_wconf 66' lang='lat' dir='ltr'><strong><em>si</em></strong></span> <span class='ocrx_word' id='word_1_103' title='bbox 692 1126 755 1165; x_wconf 91' lang='lat' dir='ltr'><strong><em>ea</em></strong></span> <span class='ocrx_word' id='word_1_104' title='bbox 777 1109 938 1180; x_wconf 89' lang='lat' dir='ltr'><strong><em>paulo</em></strong></span> <span class='ocrx_word' id='word_1_105' title='bbox 965 1126 1122 1180; x_wconf 81' lang='lat' dir='ltr'><strong><em>quam</em></strong></span> <span class='ocrx_word' id='word_1_106' title='bbox 1150 1121 1544 1180; x_wconf 71' lang='lat' dir='ltr'><strong><em>exspectareras</em></strong></span> <span class='ocrx_word' id='word_1_107' title='bbox 1580 1110 1749 1164; x_wconf 86' lang='lat' dir='ltr'><strong><em>serius</em></strong></span> <span class='ocrx_word' id='word_1_108' title='bbox 1778 1110 2019 1179; x_wconf 85' lang='lat' dir='ltr'><strong><em>prodeat,</em></strong></span> <span class='ocrx_word' id='word_1_109' title='bbox 2046 1111 2125 1166; x_wconf 75' lang='lat' dir='ltr'><strong><em>uel</em></strong></span> <span class='ocrx_word' id='word_1_110' title='bbox 2152 1113 2200 1166; x_wconf 90' lang='lat' dir='ltr'><strong><em>si</em></strong></span> <span class='ocrx_word' id='word_1_111' title='bbox 2239 1114 2437 1183; x_wconf 83' lang='lat' dir='ltr'><strong><em>publici</em></strong></span> <span class='ocrx_word' id='word_1_112' title='bbox 2480 1132 2618 1169; x_wconf 88' lang='lat' dir='ltr'><strong><em>nunc</em></strong></span> <span class='ocrx_word' id='word_1_113' title='bbox 2655 1115 2799 1186; x_wconf 85' lang='lat' dir='ltr'><strong><em>juris</em></strong></span> <span class='ocrx_word' id='word_1_114' title='bbox 2849 1117 2997 1187; x_wconf 79' lang='lat' dir='ltr'><strong><em>facta</em></strong></span> <span class='ocrx_word' id='word_1_115' title='bbox 3049 1120 3182 1173; x_wconf 79' lang='lat' dir='ltr'><strong><em>votis</em></strong></span> <span class='ocrx_word' id='word_1_116' title='bbox 3225 1121 3332 1174; x_wconf 81' lang='lat' dir='ltr'><strong><em>tuis</em></strong></span> <span class='ocrx_word' id='word_1_117' title='bbox 3376 1120 3551 1175; x_wconf 86' lang='lat' dir='ltr'><strong><em>minus</em></strong></span> 
     </span>
    </p>
   </div>
   <div class='ocr_carea' id='block_1_10' title="bbox 280 1202 3552 1286">
    <p class='ocr_par' dir='ltr' id='par_1_10' title="bbox 280 1202 3552 1286">
     <span class='ocr_line' id='line_1_10' title="bbox 280 1202 3552 1286; baseline 0.003 -28"><span class='ocrx_word' id='word_1_118' title='bbox 280 1204 629 1275; x_wconf 72' lang='lat' dir='ltr'><strong><em>respondeat,</em></strong></span> <span class='ocrx_word' id='word_1_119' title='bbox 658 1203 714 1257; x_wconf 89' lang='lat' dir='ltr'><strong><em>id</em></strong></span> <span class='ocrx_word' id='word_1_120' title='bbox 739 1203 923 1275; x_wconf 82' lang='lat' dir='ltr'><strong><em>aliqua</em></strong></span> <span class='ocrx_word' id='word_1_121' title='bbox 950 1202 1138 1257; x_wconf 87' lang='lat' dir='ltr'><strong><em>saltem</em></strong></span> <span class='ocrx_word' id='word_1_122' title='bbox 1165 1219 1233 1258; x_wconf 67' lang='lat' dir='ltr'><strong><em>ea</em></strong></span> <span class='ocrx_word' id='word_1_123' title='bbox 1254 1214 1407 1273; x_wconf 87' lang='lat' dir='ltr'><strong><em>parte</em></strong></span> <span class='ocrx_word' id='word_1_124' title='bbox 1443 1202 1716 1257; x_wconf 86' lang='lat' dir='ltr'><strong><em>oculorum</em></strong></span> <span class='ocrx_word' id='word_1_125' title='bbox 1739 1219 1973 1257; x_wconf 85' lang='lat' dir='ltr'><strong><em>meorum</em></strong></span> <span class='ocrx_word' id='word_1_126' title='bbox 1996 1203 2347 1261; x_wconf 87' lang='lat' dir='ltr'><strong><em>imbecillitati</em></strong></span> <span class='ocrx_word' id='word_1_127' title='bbox 2374 1209 2619 1279; x_wconf 87' lang='lat' dir='ltr'><strong><em>imputes,</em></strong></span> <span class='ocrx_word' id='word_1_128' title='bbox 2655 1226 2811 1281; x_wconf 84' lang='lat' dir='ltr'><strong><em>rogo;</em></strong></span> <span class='ocrx_word' id='word_1_129' title='bbox 2842 1227 2961 1281; x_wconf 76' lang='lat' dir='ltr'><strong><em>qua:</em></strong></span> <span class='ocrx_word' id='word_1_130' title='bbox 2986 1228 3105 1266; x_wconf 88' lang='lat' dir='ltr'><strong><em>cum</em></strong></span> <span class='ocrx_word' id='word_1_131' title='bbox 3152 1212 3208 1267; x_wconf 90' lang='lat' dir='ltr'><strong><em>in</em></strong></span> <span class='ocrx_word' id='word_1_132' title='bbox 3245 1211 3552 1286; x_wconf 72' lang='lat' dir='ltr'><strong><em>chdagogo</em></strong></span> 
     </span>
    </p>
   </div>
   <div class='ocr_carea' id='block_1_11' title="bbox 272 1296 3550 1382">
    <p class='ocr_par' dir='ltr' id='par_1_11' title="bbox 272 1296 3550 1382">
     <span class='ocr_line' id='line_1_11' title="bbox 272 1296 3550 1382; baseline 0.003 -30"><span class='ocrx_word' id='word_1_133' title='bbox 272 1308 584 1353; x_wconf 67' lang='lat' dir='ltr'><strong><em>versantem</em></strong></span> <span class='ocrx_word' id='word_1_134' title='bbox 612 1297 783 1368; x_wconf 88' lang='lat' dir='ltr'><strong><em>primo</em></strong></span> <span class='ocrx_word' id='word_1_135' title='bbox 804 1297 1105 1362; x_wconf 81' lang='lat' dir='ltr'><strong><em>invasisset,</em></strong></span> <span class='ocrx_word' id='word_1_136' title='bbox 1128 1297 1259 1351; x_wconf 88' lang='lat' dir='ltr'><strong><em>adeo</em></strong></span> <span class='ocrx_word' id='word_1_137' title='bbox 1282 1297 1488 1352; x_wconf 86' lang='lat' dir='ltr'><strong><em>tandem</em></strong></span> <span class='ocrx_word' id='word_1_138' title='bbox 1515 1296 1741 1351; x_wconf 81' lang='lat' dir='ltr'><strong><em>invaluit</em></strong></span> <span class='ocrx_word' id='word_1_139' title='bbox 1768 1299 1951 1369; x_wconf 84' lang='lat' dir='ltr'><strong><em>quinto</em></strong></span> <span class='ocrx_word' id='word_1_140' title='bbox 1976 1298 2312 1357; x_wconf 83' lang='lat' dir='ltr'><strong><em>Strotnatum</em></strong></span> <span class='ocrx_word' id='word_1_141' title='bbox 2340 1302 2477 1358; x_wconf 81' lang='lat' dir='ltr'><strong><em>libro</em></strong></span> <span class='ocrx_word' id='word_1_142' title='bbox 2500 1304 2596 1358; x_wconf 88' lang='lat' dir='ltr'><strong><em>sub</em></strong></span> <span class='ocrx_word' id='word_1_143' title='bbox 2619 1305 2783 1374; x_wconf 77' lang='lat' dir='ltr'><strong><em>pra-lo</em></strong></span> <span class='ocrx_word' id='word_1_144' title='bbox 2811 1307 3056 1370; x_wconf 86' lang='lat' dir='ltr'><strong><em>sudante,</em></strong></span> <span class='ocrx_word' id='word_1_145' title='bbox 3082 1318 3139 1361; x_wconf 90' lang='lat' dir='ltr'><strong><em>ut</em></strong></span> <span class='ocrx_word' id='word_1_146' title='bbox 3164 1307 3357 1382; x_wconf 70' lang='lat' dir='ltr'><strong><em>alienis</em></strong></span> <span class='ocrx_word' id='word_1_147' title='bbox 3381 1310 3550 1363; x_wconf 85' lang='lat' dir='ltr'><strong><em>multo</em></strong></span> 
     </span>
    </p>
   </div>
   <div class='ocr_carea' id='block_1_12' title="bbox 278 1385 3552 1470">
    <p class='ocr_par' dir='ltr' id='par_1_12' title="bbox 278 1385 3552 1470">
     <span class='ocr_line' id='line_1_12' title="bbox 278 1385 3552 1470; baseline 0.004 -27"><span class='ocrx_word' id='word_1_148' title='bbox 278 1392 406 1461; x_wconf 87' lang='lat' dir='ltr'><strong><em>plus</em></strong></span> <span class='ocrx_word' id='word_1_149' title='bbox 438 1404 600 1459; x_wconf 80' lang='lat' dir='ltr'><strong><em>quam</em></strong></span> <span class='ocrx_word' id='word_1_150' title='bbox 630 1387 862 1457; x_wconf 90' lang='lat' dir='ltr'><strong><em>propriis</em></strong></span> <span class='ocrx_word' id='word_1_151' title='bbox 893 1385 1131 1457; x_wconf 84' lang='lat' dir='ltr'><strong><em>deinceps</em></strong></span> <span class='ocrx_word' id='word_1_152' title='bbox 1162 1387 1323 1457; x_wconf 79' lang='lat' dir='ltr'><strong><em>fidere</em></strong></span> <span class='ocrx_word' id='word_1_153' title='bbox 1342 1387 1480 1442; x_wconf 85' lang='lat' dir='ltr'><strong><em>dura</em></strong></span> <span class='ocrx_word' id='word_1_154' title='bbox 1506 1404 1606 1455; x_wconf 86' lang='lat' dir='ltr'><strong><em>me,</em></strong></span> <span class='ocrx_word' id='word_1_155' title='bbox 1636 1388 1726 1442; x_wconf 90' lang='lat' dir='ltr'><strong><em>sed</em></strong></span> <span class='ocrx_word' id='word_1_156' title='bbox 1762 1405 1980 1459; x_wconf 88' lang='lat' dir='ltr'><strong><em>prorsus</em></strong></span> <span class='ocrx_word' id='word_1_157' title='bbox 2011 1391 2385 1457; x_wconf 88' lang='lat' dir='ltr'><strong><em>ineluctabilis,</em></strong></span> <span class='ocrx_word' id='word_1_158' title='bbox 2419 1399 2702 1453; x_wconf 87' lang='lat' dir='ltr'><strong><em>necessitas</em></strong></span> <span class='ocrx_word' id='word_1_159' title='bbox 2732 1408 2957 1468; x_wconf 86' lang='lat' dir='ltr'><strong><em>cogeret.</em></strong></span> <span class='ocrx_word' id='word_1_160' title='bbox 2993 1399 3148 1466; x_wconf 72' lang='lat' dir='ltr'><strong><em>Quod</em></strong></span> <span class='ocrx_word' id='word_1_161' title='bbox 3184 1401 3232 1454; x_wconf 88' lang='lat' dir='ltr'><strong><em>si</em></strong></span> <span class='ocrx_word' id='word_1_162' title='bbox 3265 1417 3425 1470; x_wconf 86' lang='lat' dir='ltr'><strong><em>quam</em></strong></span> <span class='ocrx_word' id='word_1_163' title='bbox 3454 1401 3552 1462; x_wconf 74' lang='lat' dir='ltr'><strong><em>tibi</em></strong></span> 
     </span>
    </p>
   </div>
   <div class='ocr_carea' id='block_1_13' title="bbox 276 1478 3548 1563">
    <p class='ocr_par' dir='ltr' id='par_1_13' title="bbox 276 1478 3548 1563">
     <span class='ocr_line' id='line_1_13' title="bbox 276 1478 3548 1563; baseline 0.002 -24"><span class='ocrx_word' id='word_1_164' title='bbox 276 1498 376 1539; x_wconf 80' lang='lat' dir='ltr'><strong><em>seu</em></strong></span> <span class='ocrx_word' id='word_1_165' title='bbox 402 1481 723 1550; x_wconf 77' lang='lat' dir='ltr'><strong><em>uoluptatem</em></strong></span> <span class='ocrx_word' id='word_1_166' title='bbox 753 1494 844 1534; x_wconf 92' lang='lat' dir='ltr'><strong><em>seu</em></strong></span> <span class='ocrx_word' id='word_1_167' title='bbox 871 1478 1158 1534; x_wconf 88' lang='lat' dir='ltr'><strong><em>utilitatem</em></strong></span> <span class='ocrx_word' id='word_1_168' title='bbox 1185 1479 1241 1533; x_wconf 78' lang='grc' dir='ltr'><strong><em>Ιιὶ</em></strong></span> <span class='ocrx_word' id='word_1_169' title='bbox 1267 1481 1436 1534; x_wconf 87' lang='lat' dir='ltr'><strong><em>nostri</em></strong></span> <span class='ocrx_word' id='word_1_170' title='bbox 1479 1479 1681 1535; x_wconf 86' lang='lat' dir='ltr'><strong><em>labores</em></strong></span> <span class='ocrx_word' id='word_1_171' title='bbox 1723 1480 2019 1548; x_wconf 86' lang='lat' dir='ltr'><strong><em>attulerint,</em></strong></span> <span class='ocrx_word' id='word_1_172' title='bbox 2046 1484 2181 1537; x_wconf 86' lang='lat' dir='ltr'><strong><em>hanc</em></strong></span> <span class='ocrx_word' id='word_1_173' title='bbox 2205 1485 2366 1563; x_wconf 67' lang='lat' dir='ltr'><strong><em>uicem</em></strong></span> <span class='ocrx_word' id='word_1_174' title='bbox 2390 1487 2603 1542; x_wconf 86' lang='lat' dir='ltr'><strong><em>reddere</em></strong></span> <span class='ocrx_word' id='word_1_175' title='bbox 2629 1505 2693 1542; x_wconf 90' lang='lat' dir='ltr'><strong><em>ne</em></strong></span> <span class='ocrx_word' id='word_1_176' title='bbox 2717 1489 3036 1560; x_wconf 85' lang='lat' dir='ltr'><strong><em>dedigneris,</em></strong></span> <span class='ocrx_word' id='word_1_177' title='bbox 3069 1500 3127 1545; x_wconf 89' lang='lat' dir='ltr'><strong><em>ut</em></strong></span> <span class='ocrx_word' id='word_1_178' title='bbox 3158 1491 3265 1546; x_wconf 89' lang='lat' dir='ltr'><strong><em>Deo</em></strong></span> <span class='ocrx_word' id='word_1_179' title='bbox 3291 1508 3383 1545; x_wconf 90' lang='lat' dir='ltr'><strong><em>nos</em></strong></span> <span class='ocrx_word' id='word_1_180' title='bbox 3423 1490 3548 1563; x_wconf 78' lang='lat' dir='ltr'><strong><em>Opt-</em></strong></span> 
     </span>
    </p>
   </div>
   <div class='ocr_carea' id='block_1_14' title="bbox 282 1572 1419 1640">
    <p class='ocr_par' dir='ltr' id='par_1_14' title="bbox 282 1572 1419 1640">
     <span class='ocr_line' id='line_1_14' title="bbox 282 1572 1419 1640; baseline 0.003 -13"><span class='ocrx_word' id='word_1_181' title='bbox 282 1572 437 1627; x_wconf 62' lang='grc' dir='ltr'><strong><em>Μαι.</em></strong></span> <span class='ocrx_word' id='word_1_182' title='bbox 465 1573 702 1640; x_wconf 84' lang='lat' dir='ltr'><strong><em>precibus</em></strong></span> <span class='ocrx_word' id='word_1_183' title='bbox 742 1572 847 1625; x_wconf 88' lang='lat' dir='ltr'><strong><em>tuis</em></strong></span> <span class='ocrx_word' id='word_1_184' title='bbox 878 1572 1223 1629; x_wconf 85' lang='lat' dir='ltr'><strong><em>commendes.</em></strong></span> <span class='ocrx_word' id='word_1_185' title='bbox 1269 1572 1419 1630; x_wconf 75' lang='lat' dir='ltr'><strong><em>Vale:</em></strong></span> 
     </span>
    </p>
   </div>
   <div class='ocr_carea' id='block_1_15' title="bbox 1653 1670 3264 1748">
    <p class='ocr_par' dir='ltr' id='par_1_15' title="bbox 1653 1670 3264 1748">
     <span class='ocr_line' id='line_1_15' title="bbox 1653 1670 3264 1748; baseline 0.006 -22"><span class='ocrx_word' id='word_1_186' title='bbox 1653 1670 1859 1728; x_wconf 94' lang='lat' dir='ltr'><strong><em>Dabam</em></strong></span> <span class='ocrx_word' id='word_1_187' title='bbox 1889 1672 2149 1742; x_wconf 91' lang='lat' dir='ltr'><strong><em>Londini,</em></strong></span> <span class='ocrx_word' id='word_1_188' title='bbox 2181 1692 2278 1733; x_wconf 78' lang='lat' dir='ltr'><strong><em>xu:</em></strong></span> <span class='ocrx_word' id='word_1_189' title='bbox 2308 1676 2428 1733; x_wconf 82' lang='lat' dir='ltr'><strong><em>Kal.</em></strong></span> <span class='ocrx_word' id='word_1_190' title='bbox 2460 1676 2740 1748; x_wconf 76' lang='lat' dir='ltr'><strong><em>Septemb.</em></strong></span> <span class='ocrx_word' id='word_1_191' title='bbox 2769 1680 2834 1738; x_wconf 85' lang='lat' dir='ltr'><strong><em>A.</em></strong></span> <span class='ocrx_word' id='word_1_192' title='bbox 2864 1679 2929 1737; x_wconf 90' lang='lat' dir='ltr'><strong><em>D.</em></strong></span> <span class='ocrx_word' id='word_1_193' title='bbox 2957 1680 3264 1738; x_wconf 80' lang='lat' dir='ltr'><strong><em>MDCCXV.</em></strong></span> 
     </span>
    </p>
   </div>
   <div class='ocr_carea' id='block_1_16' title="bbox 880 1858 1221 1867">
    <p class='ocr_par' dir='ltr' id='par_1_16' title="bbox 880 1858 1221 1867">
     <span class='ocr_line' id='line_1_16' title="bbox 880 1858 1221 1867; baseline 0.003 -2"><span class='ocrx_word' id='word_1_194' title='bbox 880 1858 1221 1867; x_wconf 58' lang='grc' dir='ltr'><strong><em>-η--α-ο-</em></strong></span> 
     </span>
    </p>
   </div>
   <div class='ocr_carea' id='block_1_17' title="bbox 290 1859 872 1870">
    <p class='ocr_par' dir='ltr' id='par_1_17' title="bbox 290 1859 872 1870">
     <span class='ocr_line' id='line_1_17' title="bbox 290 1859 872 1870; baseline -0.005 -2"><span class='ocrx_word' id='word_1_195' title='bbox 290 1859 872 1870; x_wconf 71' lang='lat'><strong><em>-———.——-—————.—</em></strong></span> 
     </span>
    </p>
   </div>
   <div class='ocr_carea' id='block_1_18' title="bbox 998 1844 2830 1871">
    <p class='ocr_par' dir='ltr' id='par_1_18' title="bbox 998 1844 2830 1871">
     <span class='ocr_line' id='line_1_18' title="bbox 998 1844 2830 1871; baseline 0 -1"><span class='ocrx_word' id='word_1_196' title='bbox 998 1844 2830 1871; x_wconf 50' lang='lat' dir='ltr'><strong><em>m</em></strong></span> 
     </span>
    </p>
   </div>
   <div class='ocr_carea' id='block_1_19' title="bbox 3221 1859 3513 1885">
    <p class='ocr_par' dir='ltr' id='par_1_19' title="bbox 3221 1859 3513 1885">
     <span class='ocr_line' id='line_1_19' title="bbox 3221 1859 3513 1885; baseline 0.017 -5"><span class='ocrx_word' id='word_1_197' title='bbox 3221 1859 3513 1885; x_wconf 63' lang='lat'><strong><em>&#39;——-—____&quot;:3</em></strong></span> 
     </span>
    </p>
   </div>
   <div class='ocr_carea' id='block_1_20' title="bbox 362 1952 3544 2043">
    <p class='ocr_par' dir='ltr' id='par_1_20' title="bbox 362 1952 3544 2043">
     <span class='ocr_line' id='line_1_20' title="bbox 362 1952 3544 2043; baseline 0.006 -37"><span class='ocrx_word' id='word_1_198' title='bbox 362 1952 562 2043; x_wconf 46' lang='lat' dir='ltr'><strong><em>{.‘ipsit‘z</em></strong></span> <span class='ocrx_word' id='word_1_199' title='bbox 596 1954 842 2043; x_wconf 32' lang='grc' dir='ltr'><strong><em>’ξ’ὀριῖξῷ</em></strong></span> <span class='ocrx_word' id='word_1_200' title='bbox 856 1957 1076 2043; x_wconf 77' lang='lat' dir='ltr'><strong><em>prodiit,</em></strong></span> <span class='ocrx_word' id='word_1_201' title='bbox 1103 1958 1196 2039; x_wconf 74' lang='lat' dir='ltr'><strong><em>sed</em></strong></span> <span class='ocrx_word' id='word_1_202' title='bbox 1217 1955 1401 2026; x_wconf 71' lang='lat' dir='ltr'><strong><em>Cra&#39;ce</em></strong></span> <span class='ocrx_word' id='word_1_203' title='bbox 1434 1969 1659 2043; x_wconf 71' lang='lat' dir='ltr'><strong><em>tantum,</em></strong></span> <span class='ocrx_word' id='word_1_204' title='bbox 1692 1979 1822 2043; x_wconf 74' lang='lat' dir='ltr'><strong><em>noro</em></strong></span> <span class='ocrx_word' id='word_1_205' title='bbox 1854 1963 2134 2043; x_wconf 65' lang='lat' dir='ltr'><strong><em>Clementis</em></strong></span> <span class='ocrx_word' id='word_1_206' title='bbox 2162 1964 2606 2043; x_wconf 66' lang='lat' dir='ltr'><strong><em>Operunteditio,</em></strong></span> <span class='ocrx_word' id='word_1_207' title='bbox 2642 1982 2860 2025; x_wconf 88' lang='lat' dir='ltr'><strong><em>curante</em></strong></span> <span class='ocrx_word' id='word_1_208' title='bbox 2889 1971 3177 2026; x_wconf 78' lang='lat' dir='ltr'><strong><em>Reinltoldo</em></strong></span> <span class='ocrx_word' id='word_1_209' title='bbox 3205 1971 3386 2032; x_wconf 77' lang='lat' dir='ltr'><strong><em>Klotz.</em></strong></span> <span class='ocrx_word' id='word_1_210' title='bbox 3412 1972 3544 2043; x_wconf 81' lang='lat' dir='ltr'><strong><em>phil.</em></strong></span> 
     </span>
    </p>
   </div>
   <div class='ocr_carea' id='block_1_21' title="bbox 285 2024 3026 2112">
    <p class='ocr_par' dir='ltr' id='par_1_21' title="bbox 285 2024 3026 2112">
     <span class='ocr_line' id='line_1_21' title="bbox 285 2024 3026 2112; baseline 0.007 -35"><span class='ocrx_word' id='word_1_211' title='bbox 285 2024 435 2083; x_wconf 77' lang='lat' dir='ltr'><strong><em>doct.</em></strong></span> <span class='ocrx_word' id='word_1_212' title='bbox 469 2024 569 2096; x_wconf 89' lang='lat' dir='ltr'><strong><em>(a).</em></strong></span> <span class='ocrx_word' id='word_1_213' title='bbox 603 2025 744 2091; x_wconf 87' lang='lat' dir='ltr'><strong><em>Quid</em></strong></span> <span class='ocrx_word' id='word_1_214' title='bbox 774 2027 831 2080; x_wconf 91' lang='lat' dir='ltr'><strong><em>in</em></strong></span> <span class='ocrx_word' id='word_1_215' title='bbox 860 2024 965 2080; x_wconf 76' lang='lat' dir='ltr'><strong><em>hac</em></strong></span> <span class='ocrx_word' id='word_1_216' title='bbox 996 2024 1292 2082; x_wconf 80' lang='lat' dir='ltr'><strong><em>recensione</em></strong></span> <span class='ocrx_word' id='word_1_217' title='bbox 1318 2033 1631 2099; x_wconf 81' lang='lat' dir='ltr'><strong><em>prtestiterit,</em></strong></span> <span class='ocrx_word' id='word_1_218' title='bbox 1649 2033 1849 2101; x_wconf 83' lang='lat' dir='ltr'><strong><em>editor,</em></strong></span> <span class='ocrx_word' id='word_1_219' title='bbox 1871 2034 1982 2104; x_wconf 91' lang='lat' dir='ltr'><strong><em>ipse</em></strong></span> <span class='ocrx_word' id='word_1_220' title='bbox 2008 2036 2063 2090; x_wconf 91' lang='lat' dir='ltr'><strong><em>in</em></strong></span> <span class='ocrx_word' id='word_1_221' title='bbox 2085 2024 2488 2107; x_wconf 67' lang='lat' dir='ltr'><strong><em>prazfationibus</em></strong></span> <span class='ocrx_word' id='word_1_222' title='bbox 2516 2024 2628 2094; x_wconf 80' lang='lat' dir='ltr'><strong><em>suis</em></strong></span> <span class='ocrx_word' id='word_1_223' title='bbox 2651 2043 2729 2097; x_wconf 86' lang='lat' dir='ltr'><strong><em>sic</em></strong></span> <span class='ocrx_word' id='word_1_224' title='bbox 2752 2024 2979 2112; x_wconf 75' lang='lat' dir='ltr'><strong><em>explicat</em></strong></span> <span class='ocrx_word' id='word_1_225' title='bbox 3009 2061 3026 2096; x_wconf 94' lang='lat'><em>:</em></span> 
     </span>
    </p>
   </div>
   <div class='ocr_carea' id='block_1_22' title="bbox 752 2250 1409 2315">
    <p class='ocr_par' dir='ltr' id='par_1_22' title="bbox 752 2250 1409 2315">
     <span class='ocr_line' id='line_1_22' title="bbox 752 2250 1409 2315; baseline 0.012 -10"><span class='ocrx_word' id='word_1_226' title='bbox 752 2250 1125 2311; x_wconf 70' lang='grc' dir='ltr'><strong><em>ΡΒᾸΞΡΑΤΙΟ</em></strong></span> <span class='ocrx_word' id='word_1_227' title='bbox 1165 2255 1331 2312; x_wconf 81' lang='lat' dir='ltr'><strong><em>TOMI</em></strong></span> <span class='ocrx_word' id='word_1_228' title='bbox 1370 2259 1409 2315; x_wconf 92' lang='lat' dir='ltr'><strong><em>l.</em></strong></span> 
     </span>
    </p>
   </div>
   <div class='ocr_carea' id='block_1_23' title="bbox 360 2343 1874 2422">
    <p class='ocr_par' dir='ltr' id='par_1_23' title="bbox 360 2343 1874 2422">
     <span class='ocr_line' id='line_1_23' title="bbox 360 2343 1874 2422; baseline 0.012 -24"><span class='ocrx_word' id='word_1_229' title='bbox 360 2344 596 2422; x_wconf 56' lang='lat' dir='ltr'><strong><em>Cal-olus</em></strong></span> <span class='ocrx_word' id='word_1_230' title='bbox 635 2343 906 2422; x_wconf 83' lang='lat' dir='ltr'><strong><em>_Ernestus</em></strong></span> <span class='ocrx_word' id='word_1_231' title='bbox 958 2345 1246 2404; x_wconf 81' lang='lat' dir='ltr'><strong><em>Richterus</em></strong></span> <span class='ocrx_word' id='word_1_232' title='bbox 1300 2351 1377 2405; x_wconf 85' lang='lat' dir='ltr'><strong><em>vir</em></strong></span> <span class='ocrx_word' id='word_1_233' title='bbox 1416 2353 1784 2422; x_wconf 87' lang='lat' dir='ltr'><strong><em>clarissimus,</em></strong></span> <span class='ocrx_word' id='word_1_234' title='bbox 1829 2360 1874 2416; x_wconf 87' lang='lat' dir='ltr'><strong><em>is</em></strong></span> 
     </span>
    </p>
   </div>
   <div class='ocr_carea' id='block_1_24' title="bbox 282 2413 1874 2492">
    <p class='ocr_par' dir='ltr' id='par_1_24' title="bbox 282 2413 1874 2492">
     <span class='ocr_line' id='line_1_24' title="bbox 282 2413 1874 2492; baseline 0.01 -24"><span class='ocrx_word' id='word_1_235' title='bbox 282 2415 392 2485; x_wconf 77' lang='lat' dir='ltr'><strong><em>qui</em></strong></span> <span class='ocrx_word' id='word_1_236' title='bbox 426 2413 819 2492; x_wconf 75' lang='lat' dir='ltr'><strong><em>Bibliothecam</em></strong></span> <span class='ocrx_word' id='word_1_237' title='bbox 846 2418 986 2472; x_wconf 87' lang='lat' dir='ltr'><strong><em>hanc</em></strong></span> <span class='ocrx_word' id='word_1_238' title='bbox 1016 2434 1228 2474; x_wconf 88' lang='lat' dir='ltr'><strong><em>sacram</em></strong></span> <span class='ocrx_word' id='word_1_239' title='bbox 1263 2430 1389 2476; x_wconf 85' lang='lat' dir='ltr'><strong><em>ante</em></strong></span> <span class='ocrx_word' id='word_1_240' title='bbox 1418 2438 1621 2492; x_wconf 79' lang='lat' dir='ltr'><strong><em>paucos</em></strong></span> <span class='ocrx_word' id='word_1_241' title='bbox 1652 2426 1753 2482; x_wconf 89' lang='lat' dir='ltr'><strong><em>hos</em></strong></span> <span class='ocrx_word' id='word_1_242' title='bbox 1772 2413 1874 2483; x_wconf 57' lang='lat' dir='ltr'><strong><em>an;</em></strong></span> 
     </span>
    </p>
   </div>
   <div class='ocr_carea' id='block_1_25' title="bbox 288 2487 1873 2558">
    <p class='ocr_par' dir='ltr' id='par_1_25' title="bbox 288 2487 1873 2558">
     <span class='ocr_line' id='line_1_25' title="bbox 288 2487 1873 2558; baseline 0.009 -19"><span class='ocrx_word' id='word_1_243' title='bbox 288 2501 396 2558; x_wconf 81' lang='lat' dir='ltr'><strong><em>nos</em></strong></span> <span class='ocrx_word' id='word_1_244' title='bbox 431 2488 595 2540; x_wconf 89' lang='lat' dir='ltr'><strong><em>edere</em></strong></span> <span class='ocrx_word' id='word_1_245' title='bbox 626 2487 827 2555; x_wconf 62' lang='lat' dir='ltr'><strong><em>coepit,</em></strong></span> <span class='ocrx_word' id='word_1_246' title='bbox 863 2503 987 2541; x_wconf 86' lang='lat' dir='ltr'><strong><em>cum</em></strong></span> <span class='ocrx_word' id='word_1_247' title='bbox 1034 2505 1143 2558; x_wconf 83' lang='lat' dir='ltr'><strong><em>qua</em></strong></span> <span class='ocrx_word' id='word_1_248' title='bbox 1188 2506 1294 2543; x_wconf 78' lang='lat' dir='ltr'><strong><em>me.</em></strong></span> <span class='ocrx_word' id='word_1_249' title='bbox 1317 2502 1401 2546; x_wconf 90' lang='lat' dir='ltr'><strong><em>est</em></strong></span> <span class='ocrx_word' id='word_1_250' title='bbox 1418 2487 1676 2551; x_wconf 64' lang='lat' dir='ltr'><strong><em>&#39;amicitia</em></strong></span> <span class='ocrx_word' id='word_1_251' title='bbox 1718 2514 1873 2553; x_wconf 89' lang='lat' dir='ltr'><strong><em>com-</em></strong></span> 
     </span>
    </p>
   </div>
   <div class='ocr_carea' id='block_1_26' title="bbox 293 2557 1875 2635">
    <p class='ocr_par' dir='ltr' id='par_1_26' title="bbox 293 2557 1875 2635">
     <span class='ocr_line' id='line_1_26' title="bbox 293 2557 1875 2635; baseline 0.009 -26"><span class='ocrx_word' id='word_1_252' title='bbox 293 2557 510 2635; x_wconf 61' lang='lat' dir='ltr'><strong><em>plegns,</em></strong></span> <span class='ocrx_word' id='word_1_253' title='bbox 539 2572 711 2635; x_wconf 51' lang='lat' dir='ltr'><strong><em>amme</em></strong></span> <span class='ocrx_word' id='word_1_254' title='bbox 742 2558 988 2635; x_wconf 73' lang='lat' dir='ltr'><strong><em>petisset,</em></strong></span> <span class='ocrx_word' id='word_1_255' title='bbox 1029 2557 1089 2614; x_wconf 88' lang='lat' dir='ltr'><strong><em>ut</em></strong></span> <span class='ocrx_word' id='word_1_256' title='bbox 1118 2562 1576 2635; x_wconf 70' lang='lat' dir='ltr'><strong><em>quemadmodum</em></strong></span> <span class='ocrx_word' id='word_1_257' title='bbox 1637 2567 1751 2635; x_wconf 89' lang='lat' dir='ltr'><strong><em>ipse</em></strong></span> <span class='ocrx_word' id='word_1_258' title='bbox 1780 2568 1875 2623; x_wconf 81' lang='lat' dir='ltr'><strong><em>Jo-</em></strong></span> 
     </span>
    </p>
   </div>
   <div class='ocr_carea' id='block_1_27' title="bbox 287 2625 1873 2708">
    <p class='ocr_par' dir='ltr' id='par_1_27' title="bbox 287 2625 1873 2708">
     <span class='ocr_line' id='line_1_27' title="bbox 287 2625 1873 2708; baseline 0.009 -29"><span class='ocrx_word' id='word_1_259' title='bbox 287 2628 450 2708; x_wconf 52' lang='lat' dir='ltr'><strong><em>iephi</em></strong></span> <span class='ocrx_word' id='word_1_260' title='bbox 473 2637 537 2708; x_wconf 84' lang='lat' dir='ltr'><strong><em>et</em></strong></span> <span class='ocrx_word' id='word_1_261' title='bbox 550 2625 799 2708; x_wconf 59' lang='lat' dir='ltr'><strong><em>Philonis</em></strong></span> <span class='ocrx_word' id='word_1_262' title='bbox 828 2625 1157 2708; x_wconf 43' lang='lat' dir='ltr'><strong><em>Iudaeorum:</em></strong></span> <span class='ocrx_word' id='word_1_263' title='bbox 1171 2647 1332 2700; x_wconf 89' lang='lat' dir='ltr'><strong><em>opera</em></strong></span> <span class='ocrx_word' id='word_1_264' title='bbox 1364 2625 1750 2708; x_wconf 57' lang='lat' dir='ltr'><strong><em>edid_isset.&#39;ita</em></strong></span> <span class='ocrx_word' id='word_1_265' title='bbox 1772 2654 1873 2708; x_wconf 86' lang='lat' dir='ltr'><strong><em>ego</em></strong></span> 
     </span>
    </p>
   </div>
   <div class='ocr_carea' id='block_1_28' title="bbox 282 2696 1869 2778">
    <p class='ocr_par' dir='ltr' id='par_1_28' title="bbox 282 2696 1869 2778">
     <span class='ocr_line' id='line_1_28' title="bbox 282 2696 1869 2778; baseline 0.009 -28"><span class='ocrx_word' id='word_1_266' title='bbox 282 2697 596 2752; x_wconf 79' lang='lat' dir='ltr'><strong><em>Clementis</em></strong></span> <span class='ocrx_word' id='word_1_267' title='bbox 648 2696 1001 2753; x_wconf 79' lang='lat' dir='ltr'><strong><em>Alexandrini</em></strong></span> <span class='ocrx_word' id='word_1_268' title='bbox 1052 2696 1256 2778; x_wconf 76' lang='lat' dir='ltr'><strong><em>scripta</em></strong></span> <span class='ocrx_word' id='word_1_269' title='bbox 1324 2702 1530 2758; x_wconf 87' lang='lat' dir='ltr'><strong><em>edenda</em></strong></span> <span class='ocrx_word' id='word_1_270' title='bbox 1585 2696 1869 2778; x_wconf 68' lang='lat' dir='ltr'><strong><em>curarem;</em></strong></span> 
     </span>
    </p>
   </div>
   <div class='ocr_carea' id='block_1_29' title="bbox 290 2771 1870 2844">
    <p class='ocr_par' dir='ltr' id='par_1_29' title="bbox 290 2771 1870 2844">
     <span class='ocr_line' id='line_1_29' title="bbox 290 2771 1870 2844; baseline 0.011 -25"><span class='ocrx_word' id='word_1_271' title='bbox 290 2782 612 2837; x_wconf 82' lang='lat' dir='ltr'><strong><em>quanquam</em></strong></span> <span class='ocrx_word' id='word_1_272' title='bbox 642 2783 729 2821; x_wconf 88' lang='lat' dir='ltr'><strong><em>me</em></strong></span> <span class='ocrx_word' id='word_1_273' title='bbox 768 2784 873 2844; x_wconf 57' lang='lat' dir='ltr'><strong><em>non</em></strong></span> <span class='ocrx_word' id='word_1_274' title='bbox 905 2771 1215 2844; x_wconf 69' lang='lat' dir='ltr'><strong><em>prasterihat</em></strong></span> <span class='ocrx_word' id='word_1_275' title='bbox 1241 2784 1404 2843; x_wconf 79' lang='lat' dir='ltr'><strong><em>quam</em></strong></span> <span class='ocrx_word' id='word_1_276' title='bbox 1441 2789 1731 2844; x_wconf 90' lang='lat' dir='ltr'><strong><em>operosum</em></strong></span> <span class='ocrx_word' id='word_1_277' title='bbox 1765 2771 1870 2836; x_wconf 86' lang='lat' dir='ltr'><strong><em>hoc</em></strong></span> 
     </span>
    </p>
   </div>
   <div class='ocr_carea' id='block_1_30' title="bbox 290 2838 1871 2917">
    <p class='ocr_par' dir='ltr' id='par_1_30' title="bbox 290 2838 1871 2917">
     <span class='ocr_line' id='line_1_30' title="bbox 290 2838 1871 2917; baseline 0.009 -27"><span class='ocrx_word' id='word_1_278' title='bbox 290 2847 442 2892; x_wconf 81' lang='lat' dir='ltr'><strong><em>esset</em></strong></span> <span class='ocrx_word' id='word_1_279' title='bbox 462 2853 740 2907; x_wconf 87' lang='lat' dir='ltr'><strong><em>quamque</em></strong></span> <span class='ocrx_word' id='word_1_280' title='bbox 762 2838 1274 2917; x_wconf 74' lang='lat' dir='ltr'><strong><em>diﬂicilenegotiuni</em></strong></span> <span class='ocrx_word' id='word_1_281' title='bbox 1294 2883 1309 2907; x_wconf 95' lang='lat'><strong><em>,</em></strong></span> <span class='ocrx_word' id='word_1_282' title='bbox 1343 2859 1450 2897; x_wconf 91' lang='lat' dir='ltr'><strong><em>non</em></strong></span> <span class='ocrx_word' id='word_1_283' title='bbox 1478 2838 1656 2917; x_wconf 79' lang='lat' dir='ltr'><strong><em>tamen</em></strong></span> <span class='ocrx_word' id='word_1_284' title='bbox 1686 2851 1871 2917; x_wconf 87' lang='lat' dir='ltr'><strong><em>putavi</em></strong></span> 
     </span>
    </p>
   </div>
   <div class='ocr_carea' id='block_1_31' title="bbox 292 2910 1872 2983">
    <p class='ocr_par' dir='ltr' id='par_1_31' title="bbox 292 2910 1872 2983">
     <span class='ocr_line' id='line_1_31' title="bbox 292 2910 1872 2983; baseline 0.009 -22"><span class='ocrx_word' id='word_1_285' title='bbox 292 2924 519 2977; x_wconf 84' lang='lat' dir='ltr'><strong><em>operam</em></strong></span> <span class='ocrx_word' id='word_1_286' title='bbox 563 2910 1314 2983; x_wconf 70' lang='lat' dir='ltr'><strong><em>meamquantulanicunque</em></strong></span> <span class='ocrx_word' id='word_1_287' title='bbox 1354 2916 1565 2983; x_wconf 80' lang='lat' dir='ltr'><strong><em>roganti</em></strong></span> <span class='ocrx_word' id='word_1_288' title='bbox 1602 2910 1780 2975; x_wconf 78' lang='lat' dir='ltr'><strong><em>amico</em></strong></span> <span class='ocrx_word' id='word_1_289' title='bbox 1807 2935 1872 2975; x_wconf 86' lang='lat' dir='ltr'><strong><em>ac</em></strong></span> 
     </span>
    </p>
   </div>
   <div class='ocr_carea' id='block_1_32' title="bbox 293 2979 1862 3054">
    <p class='ocr_par' dir='ltr' id='par_1_32' title="bbox 293 2979 1862 3054">
     <span class='ocr_line' id='line_1_32' title="bbox 293 2979 1862 3054; baseline 0.008 -23"><span class='ocrx_word' id='word_1_290' title='bbox 293 2994 435 3047; x_wconf 84' lang='lat' dir='ltr'><strong><em>pene</em></strong></span> <span class='ocrx_word' id='word_1_291' title='bbox 461 2979 755 3054; x_wconf 77' lang='lat' dir='ltr'><strong><em>postulanti</em></strong></span> <span class='ocrx_word' id='word_1_292' title='bbox 793 2981 1149 3054; x_wconf 75' lang='lat' dir='ltr'><strong><em>recusandam</em></strong></span> <span class='ocrx_word' id='word_1_293' title='bbox 1180 2979 1300 3054; x_wconf 77' lang='lat' dir='ltr'><strong><em>esse</em></strong></span> <span class='ocrx_word' id='word_1_294' title='bbox 1329 2999 1394 3038; x_wconf 90' lang='lat' dir='ltr'><strong><em>ac</em></strong></span> <span class='ocrx_word' id='word_1_295' title='bbox 1422 2979 1822 3054; x_wconf 77' lang='lat' dir='ltr'><strong><em>deprecandam</em></strong></span> <span class='ocrx_word' id='word_1_296' title='bbox 1850 3010 1862 3045; x_wconf 92' lang='lat'>:</span> 
     </span>
    </p>
   </div>
   <div class='ocr_carea' id='block_1_33' title="bbox 286 3049 1873 3129">
    <p class='ocr_par' dir='ltr' id='par_1_33' title="bbox 286 3049 1873 3129">
     <span class='ocr_line' id='line_1_33' title="bbox 286 3049 1873 3129; baseline 0.008 -28"><span class='ocrx_word' id='word_1_297' title='bbox 286 3064 462 3117; x_wconf 86' lang='lat' dir='ltr'><strong><em>quam</em></strong></span> <span class='ocrx_word' id='word_1_298' title='bbox 499 3049 571 3103; x_wconf 91' lang='lat' dir='ltr'><strong><em>ob</em></strong></span> <span class='ocrx_word' id='word_1_299' title='bbox 607 3064 831 3103; x_wconf 83' lang='lat' dir='ltr'><strong><em>causam</em></strong></span> <span class='ocrx_word' id='word_1_300' title='bbox 864 3051 922 3129; x_wconf 85' lang='lat' dir='ltr'><strong><em>si_</em></strong></span> <span class='ocrx_word' id='word_1_301' title='bbox 946 3052 1085 3129; x_wconf 75' lang='lat' dir='ltr'><strong><em>quid</em></strong></span> <span class='ocrx_word' id='word_1_302' title='bbox 1123 3052 1208 3107; x_wconf 83' lang='lat' dir='ltr'><strong><em>cui</em></strong></span> <span class='ocrx_word' id='word_1_303' title='bbox 1248 3054 1392 3109; x_wconf 86' lang='lat' dir='ltr'><strong><em>vires</em></strong></span> <span class='ocrx_word' id='word_1_304' title='bbox 1425 3049 1558 3129; x_wconf 73' lang='lat' dir='ltr'><strong><em>meae</em></strong></span> <span class='ocrx_word' id='word_1_305' title='bbox 1588 3058 1873 3129; x_wconf 86' lang='lat' dir='ltr'><strong><em>haudqua-</em></strong></span> 
     </span>
    </p>
   </div>
   <div class='ocr_carea' id='block_1_34' title="bbox 286 3122 1869 3242">
    <p class='ocr_par' dir='ltr' id='par_1_34' title="bbox 286 3122 1869 3242">
     <span class='ocr_line' id='line_1_34' title="bbox 286 3122 1869 3242; baseline 0.009 -71"><span class='ocrx_word' id='word_1_306' title='bbox 286 3134 463 3242; x_wconf 43' lang='lat' dir='ltr'><strong><em>guam</em></strong></span> <span class='ocrx_word' id='word_1_307' title='bbox 500 3135 661 3189; x_wconf 86' lang='lat' dir='ltr'><strong><em>pares</em></strong></span> <span class='ocrx_word' id='word_1_308' title='bbox 706 3135 828 3174; x_wconf 89' lang='lat' dir='ltr'><strong><em>esse</em></strong></span> <span class='ocrx_word' id='word_1_309' title='bbox 873 3122 1160 3177; x_wconf 74' lang='lat' dir='ltr'><strong><em>videantur</em></strong></span> <span class='ocrx_word' id='word_1_310' title='bbox 1202 3125 1571 3193; x_wconf 86' lang='lat' dir='ltr'><strong><em>susceperim,</em></strong></span> <span class='ocrx_word' id='word_1_311' title='bbox 1603 3129 1656 3182; x_wconf 93' lang='lat' dir='ltr'><strong><em>id</em></strong></span> <span class='ocrx_word' id='word_1_312' title='bbox 1695 3122 1869 3200; x_wconf 72' lang='lat' dir='ltr'><strong><em>magis</em></strong></span> 
     </span>
     <span class='ocr_line' id='line_1_35' title="bbox 319 3190 1865 3242; baseline 0 0"><span class='ocrx_word' id='word_1_313' title='bbox 319 3190 559 3242; x_wconf 84' lang='lat' dir='ltr'><strong><em>acibtate</em></strong></span> <span class='ocrx_word' id='word_1_314' title='bbox 585 3206 725 3242; x_wconf 85' lang='lat' dir='ltr'><strong><em>mea.</em></strong></span> <span class='ocrx_word' id='word_1_315' title='bbox 753 3205 858 3242; x_wconf 87' lang='lat' dir='ltr'><strong><em>oua</em></strong></span> <span class='ocrx_word' id='word_1_316' title='bbox 888 3192 1186 3242; x_wconf 85' lang='lat' dir='ltr'><strong><em>amicorum</em></strong></span> <span class='ocrx_word' id='word_1_317' title='bbox 1216 3196 1478 3242; x_wconf 83' lang='lat' dir='ltr'><strong><em>voluntati</em></strong></span> <span class='ocrx_word' id='word_1_318' title='bbox 1520 3212 1738 3242; x_wconf 70' lang='lat' dir='ltr'><strong><em>semnm-</em></strong></span> <span class='ocrx_word' id='word_1_319' title='bbox 1765 3215 1865 3242; x_wconf 83' lang='lat' dir='ltr'><strong><em>nn-</em></strong></span> 
     </span>
    </p>
   </div>
   <div class='ocr_carea' id='block_1_35' title="bbox 319 3190 1865 3269">
    <p class='ocr_par' dir='ltr' id='par_1_35' title="bbox 319 3190 1865 3269">
     <span class='ocr_line' id='line_1_36' title="bbox 319 3190 1865 3269; baseline 0.008 -27"><span class='ocrx_word' id='word_1_320' title='bbox 319 3190 559 3269; x_wconf 77' lang='lat' dir='ltr'><strong><em>acilitate</em></strong></span> <span class='ocrx_word' id='word_1_321' title='bbox 585 3206 725 3269; x_wconf 86' lang='lat' dir='ltr'><strong><em>mea,</em></strong></span> <span class='ocrx_word' id='word_1_322' title='bbox 753 3205 858 3269; x_wconf 78' lang='lat' dir='ltr'><strong><em>qua</em></strong></span> <span class='ocrx_word' id='word_1_323' title='bbox 888 3192 1186 3269; x_wconf 79' lang='lat' dir='ltr'><strong><em>amicorum</em></strong></span> <span class='ocrx_word' id='word_1_324' title='bbox 1216 3190 1479 3269; x_wconf 81' lang='lat' dir='ltr'><strong><em>voluntati</em></strong></span> <span class='ocrx_word' id='word_1_325' title='bbox 1520 3212 1738 3268; x_wconf 84' lang='lat' dir='ltr'><strong><em>semper</em></strong></span> <span class='ocrx_word' id='word_1_326' title='bbox 1765 3190 1865 3269; x_wconf 41' lang='lat' dir='ltr'><strong><em>puu-</em></strong></span> 
     </span>
    </p>
   </div>
   <div class='ocr_carea' id='block_1_36' title="bbox 297 3260 1866 3342">
    <p class='ocr_par' dir='ltr' id='par_1_36' title="bbox 297 3260 1866 3342">
     <span class='ocr_line' id='line_1_37' title="bbox 297 3260 1866 3342; baseline 0.011 -32"><span class='ocrx_word' id='word_1_327' title='bbox 297 3260 563 3342; x_wconf 76' lang='lat' dir='ltr'><strong><em>taviesse</em></strong></span> <span class='ocrx_word' id='word_1_328' title='bbox 599 3262 1033 3330; x_wconf 78' lang='lat' dir='ltr'><strong><em>inserviendum,</em></strong></span> <span class='ocrx_word' id='word_1_329' title='bbox 1064 3279 1228 3334; x_wconf 86' lang='lat' dir='ltr'><strong><em>quam</em></strong></span> <span class='ocrx_word' id='word_1_330' title='bbox 1270 3267 1375 3320; x_wconf 89' lang='lat' dir='ltr'><strong><em>alia</em></strong></span> <span class='ocrx_word' id='word_1_331' title='bbox 1413 3267 1519 3321; x_wconf 89' lang='lat' dir='ltr'><strong><em>ulla</em></strong></span> <span class='ocrx_word' id='word_1_332' title='bbox 1552 3260 1712 3339; x_wconf 73' lang='lat' dir='ltr'><strong><em>culpa</em></strong></span> <span class='ocrx_word' id='word_1_333' title='bbox 1742 3260 1866 3328; x_wconf 79' lang='lat' dir='ltr'><strong><em>mea</em></strong></span> 
     </span>
    </p>
   </div>
   <div class='ocr_carea' id='block_1_37' title="bbox 282 3339 542 3385">
    <p class='ocr_par' dir='ltr' id='par_1_37' title="bbox 282 3339 542 3385">
     <span class='ocr_line' id='line_1_38' title="bbox 282 3339 542 3385; baseline 0.004 -1"><span class='ocrx_word' id='word_1_334' title='bbox 282 3339 542 3385; x_wconf 73' lang='lat' dir='ltr'><strong><em>conﬂuit.</em></strong></span> 
     </span>
    </p>
   </div>
   <div class='ocr_carea' id='block_1_38' title="bbox 364 3347 1869 3480">
    <p class='ocr_par' dir='ltr' id='par_1_38' title="bbox 364 3347 1869 3480">
     <span class='ocr_line' id='line_1_39' title="bbox 364 3347 1869 3480; baseline 0.008 -26"><span class='ocrx_word' id='word_1_335' title='bbox 581 3415 714 3480; x_wconf 64' lang='lat' dir='ltr'><strong><em>vero</em></strong></span> <span class='ocrx_word' id='word_1_336' title='bbox 746 3415 824 3480; x_wconf 64' lang='lat' dir='ltr'><strong><em>etc</em></strong></span> <span class='ocrx_word' id='word_1_337' title='bbox 867 3402 1002 3480; x_wconf 77' lang='lat' dir='ltr'><strong><em>mihi</em></strong></span> <span class='ocrx_word' id='word_1_338' title='bbox 1044 3405 1370 3480; x_wconf 67' lang='lat' dir='ltr'><strong><em>praescripta:</em></strong></span> <span class='ocrx_word' id='word_1_339' title='bbox 1398 3417 1556 3480; x_wconf 76' lang='lat' dir='ltr'><strong><em>erant</em></strong></span> <span class='ocrx_word' id='word_1_340' title='bbox 1591 3407 1773 3480; x_wconf 76' lang='lat' dir='ltr'><strong><em>leges,</em></strong></span> <span class='ocrx_word' id='word_1_341' title='bbox 1809 3421 1869 3466; x_wconf 89' lang='lat' dir='ltr'><strong><em>ut</em></strong></span> 
     </span>
    </p>
   </div>
   <div class='ocr_carea' id='block_1_39' title="bbox 290 3471 1867 3549">
    <p class='ocr_par' dir='ltr' id='par_1_39' title="bbox 290 3471 1867 3549">
     <span class='ocr_line' id='line_1_40' title="bbox 290 3471 1867 3549; baseline 0.007 -24"><span class='ocrx_word' id='word_1_342' title='bbox 290 3472 594 3549; x_wconf 76' lang='lat' dir='ltr'><strong><em>au_t_novis</em></strong></span> <span class='ocrx_word' id='word_1_343' title='bbox 639 3471 802 3549; x_wconf 87' lang='lat' dir='ltr'><strong><em>_|_ibris</em></strong></span> <span class='ocrx_word' id='word_1_344' title='bbox 837 3471 1192 3549; x_wconf 80' lang='lat' dir='ltr'><strong><em>anquirendis</em></strong></span> <span class='ocrx_word' id='word_1_345' title='bbox 1232 3471 1326 3531; x_wconf 86' lang='lat' dir='ltr'><strong><em>aut</em></strong></span> <span class='ocrx_word' id='word_1_346' title='bbox 1372 3476 1495 3531; x_wconf 82' lang='lat' dir='ltr'><strong><em>aliis</em></strong></span> <span class='ocrx_word' id='word_1_347' title='bbox 1538 3471 1867 3549; x_wconf 62' lang='lat' dir='ltr'><strong><em>adju&#39;mentis</em></strong></span> 
     </span>
    </p>
   </div>
   <div class='ocr_carea' id='block_1_40' title="bbox 284 3541 1865 3613">
    <p class='ocr_par' dir='ltr' id='par_1_40' title="bbox 284 3541 1865 3613">
     <span class='ocr_line' id='line_1_41' title="bbox 284 3541 1865 3613; baseline 0.007 -18"><span class='ocrx_word' id='word_1_348' title='bbox 284 3541 501 3597; x_wconf 80' lang='lat' dir='ltr'><strong><em>criticis</em></strong></span> <span class='ocrx_word' id='word_1_349' title='bbox 544 3542 787 3612; x_wconf 90' lang='lat' dir='ltr'><strong><em>undique</em></strong></span> <span class='ocrx_word' id='word_1_350' title='bbox 826 3541 1211 3613; x_wconf 69' lang='lat' dir='ltr'><strong><em>conquirendis</em></strong></span> <span class='ocrx_word' id='word_1_351' title='bbox 1248 3562 1442 3602; x_wconf 87' lang='lat' dir='ltr'><strong><em>novam</em></strong></span> <span class='ocrx_word' id='word_1_352' title='bbox 1480 3541 1674 3603; x_wconf 76' lang='lat' dir='ltr'><strong><em>horum</em></strong></span> <span class='ocrx_word' id='word_1_353' title='bbox 1725 3552 1865 3607; x_wconf 84' lang='lat' dir='ltr'><strong><em>seri--</em></strong></span> 
     </span>
    </p>
   </div>
   <div class='ocr_carea' id='block_1_41' title="bbox 1899 2273 3545 2340">
    <p class='ocr_par' dir='ltr' id='par_1_41' title="bbox 1899 2273 3545 2340">
     <span class='ocr_line' id='line_1_42' title="bbox 1899 2273 3545 2340; baseline -0.005 -7"><span class='ocrx_word' id='word_1_354' title='bbox 1899 2278 1947 2333; x_wconf 76' lang='grc' dir='ltr'><strong>Α</strong></span> <span class='ocrx_word' id='word_1_355' title='bbox 1974 2273 2206 2329; x_wconf 84' lang='lat' dir='ltr'><strong><em>tioribus</em></strong></span> <span class='ocrx_word' id='word_1_356' title='bbox 2252 2274 2461 2329; x_wconf 87' lang='lat' dir='ltr'><strong><em>criticis</em></strong></span> <span class='ocrx_word' id='word_1_357' title='bbox 2506 2274 2623 2330; x_wconf 85' lang='lat' dir='ltr'><strong><em>sive</em></strong></span> <span class='ocrx_word' id='word_1_358' title='bbox 2667 2290 2733 2330; x_wconf 83' lang='lat' dir='ltr'><strong><em>ex</em></strong></span> <span class='ocrx_word' id='word_1_359' title='bbox 2784 2275 2938 2330; x_wconf 85' lang='lat' dir='ltr'><strong><em>libris</em></strong></span> <span class='ocrx_word' id='word_1_360' title='bbox 2970 2276 3084 2330; x_wconf 83' lang='lat' dir='ltr'><strong><em>sive</em></strong></span> <span class='ocrx_word' id='word_1_361' title='bbox 3116 2276 3183 2329; x_wconf 83' lang='lat' dir='ltr'><strong><em>de</em></strong></span> <span class='ocrx_word' id='word_1_362' title='bbox 3231 2274 3545 2340; x_wconf 85' lang='lat' dir='ltr'><strong><em>conjectura</em></strong></span> 
     </span>
    </p>
   </div>
   <div class='ocr_carea' id='block_1_42' title="bbox 1978 2344 3547 2415">
    <p class='ocr_par' dir='ltr' id='par_1_42' title="bbox 1978 2344 3547 2415">
     <span class='ocr_line' id='line_1_43' title="bbox 1978 2344 3547 2415; baseline -0.001 -15"><span class='ocrx_word' id='word_1_363' title='bbox 1978 2345 2193 2415; x_wconf 76' lang='lat' dir='ltr'><strong><em>rectius</em></strong></span> <span class='ocrx_word' id='word_1_364' title='bbox 2211 2345 2565 2400; x_wconf 88' lang='lat' dir='ltr'><strong><em>constitutum</em></strong></span> <span class='ocrx_word' id='word_1_365' title='bbox 2598 2346 2855 2402; x_wconf 88' lang='lat' dir='ltr'><strong><em>vidissem</em></strong></span> <span class='ocrx_word' id='word_1_366' title='bbox 2887 2346 3231 2410; x_wconf 74' lang='lat' dir='ltr'><strong><em>asciscerent,</em></strong></span> <span class='ocrx_word' id='word_1_367' title='bbox 3264 2360 3371 2415; x_wconf 87' lang='lat' dir='ltr'><strong><em>qua</em></strong></span> <span class='ocrx_word' id='word_1_368' title='bbox 3402 2344 3455 2397; x_wconf 92' lang='lat' dir='ltr'><strong><em>in</em></strong></span> <span class='ocrx_word' id='word_1_369' title='bbox 3489 2360 3547 2399; x_wconf 86' lang='lat' dir='ltr'><strong><em>re</em></strong></span> 
     </span>
    </p>
   </div>
   <div class='ocr_carea' id='block_1_43' title="bbox 1977 2414 3548 2487">
    <p class='ocr_par' dir='ltr' id='par_1_43' title="bbox 1977 2414 3548 2487">
     <span class='ocr_line' id='line_1_44' title="bbox 1977 2414 3548 2487; baseline 0.002 -20"><span class='ocrx_word' id='word_1_370' title='bbox 1977 2414 2123 2487; x_wconf 87' lang='lat' dir='ltr'><strong><em>quod</em></strong></span> <span class='ocrx_word' id='word_1_371' title='bbox 2165 2423 2542 2487; x_wconf 78' lang='lat' dir='ltr'><strong><em>quantumque</em></strong></span> <span class='ocrx_word' id='word_1_372' title='bbox 2574 2416 2869 2487; x_wconf 87' lang='lat' dir='ltr'><strong><em>unicuique</em></strong></span> <span class='ocrx_word' id='word_1_373' title='bbox 2907 2416 3170 2470; x_wconf 81' lang='lat' dir='ltr'><strong><em>debeatur</em></strong></span> <span class='ocrx_word' id='word_1_374' title='bbox 3199 2434 3212 2469; x_wconf 87' lang='lat'><strong>:</strong></span> <span class='ocrx_word' id='word_1_375' title='bbox 3239 2416 3457 2487; x_wconf 76' lang='lat' dir='ltr'><strong><em>dicetur</em></strong></span> <span class='ocrx_word' id='word_1_376' title='bbox 3479 2430 3548 2470; x_wconf 93' lang='lat' dir='ltr'><strong><em>eo</em></strong></span> 
     </span>
    </p>
   </div>
   <div class='ocr_carea' id='block_1_44' title="bbox 1976 2485 3505 2556">
    <p class='ocr_par' dir='ltr' id='par_1_44' title="bbox 1976 2485 3505 2556">
     <span class='ocr_line' id='line_1_45' title="bbox 1976 2485 3505 2556; baseline -0.001 -17"><span class='ocrx_word' id='word_1_377' title='bbox 1976 2485 2717 2556; x_wconf 58' lang='lat' dir='ltr'><strong><em>volpminc,,quodcriticam</em></strong></span> <span class='ocrx_word' id='word_1_378' title='bbox 2750 2485 3152 2541; x_wconf 75' lang='lat' dir='ltr'><strong><em>adnotationem</em></strong></span> <span class='ocrx_word' id='word_1_379' title='bbox 3186 2485 3505 2540; x_wconf 84' lang='lat' dir='ltr'><strong><em>continebit.</em></strong></span> 
     </span>
    </p>
   </div>
   <div class='ocr_carea' id='block_1_45' title="bbox 2048 2554 3548 2612">
    <p class='ocr_par' dir='ltr' id='par_1_45' title="bbox 2048 2554 3548 2612">
     <span class='ocr_line' id='line_1_46' title="bbox 2048 2554 3548 2612; baseline 0.001 -4"><span class='ocrx_word' id='word_1_380' title='bbox 2048 2554 2185 2609; x_wconf 88' lang='lat' dir='ltr'><strong><em>Tum</em></strong></span> <span class='ocrx_word' id='word_1_381' title='bbox 2235 2557 2289 2609; x_wconf 81' lang='lat' dir='ltr'><strong><em>in</em></strong></span> <span class='ocrx_word' id='word_1_382' title='bbox 2318 2554 2676 2612; x_wconf 77' lang='lat' dir='ltr'><strong><em>emendandis</em></strong></span> <span class='ocrx_word' id='word_1_383' title='bbox 2729 2558 2814 2612; x_wconf 92' lang='lat' dir='ltr'><strong><em>his</em></strong></span> <span class='ocrx_word' id='word_1_384' title='bbox 2860 2557 3166 2612; x_wconf 75' lang='lat' dir='ltr'><strong><em>Clenwntis‘</em></strong></span> <span class='ocrx_word' id='word_1_385' title='bbox 3194 2556 3367 2610; x_wconf 70' lang='lat' dir='ltr'><strong><em>~libris</em></strong></span> <span class='ocrx_word' id='word_1_386' title='bbox 3412 2570 3548 2610; x_wconf 89' lang='lat' dir='ltr'><strong><em>usus</em></strong></span> 
     </span>
    </p>
   </div>
   <div class='ocr_carea' id='block_1_46' title="bbox 1976 2625 3547 2697">
    <p class='ocr_par' dir='ltr' id='par_1_46' title="bbox 1976 2625 3547 2697">
     <span class='ocr_line' id='line_1_47' title="bbox 1976 2625 3547 2697; baseline -0.002 -15"><span class='ocrx_word' id='word_1_387' title='bbox 1976 2642 2095 2682; x_wconf 87' lang='lat' dir='ltr'><strong><em>sum</em></strong></span> <span class='ocrx_word' id='word_1_388' title='bbox 2120 2626 2343 2682; x_wconf 85' lang='lat' dir='ltr'><strong><em>scholiis</em></strong></span> <span class='ocrx_word' id='word_1_389' title='bbox 2376 2625 2647 2683; x_wconf 82' lang='lat' dir='ltr'><strong><em>Parisinis</em></strong></span> <span class='ocrx_word' id='word_1_390' title='bbox 2664 2630 2904 2683; x_wconf 88' lang='lat' dir='ltr'><strong><em>nondum</em></strong></span> <span class='ocrx_word' id='word_1_391' title='bbox 2937 2627 3118 2694; x_wconf 85' lang='lat' dir='ltr'><strong><em>editis,</em></strong></span> <span class='ocrx_word' id='word_1_392' title='bbox 3150 2641 3272 2697; x_wconf 77' lang='lat' dir='ltr'><strong><em>qua:</em></strong></span> <span class='ocrx_word' id='word_1_393' title='bbox 3315 2625 3547 2681; x_wconf 86' lang='lat' dir='ltr'><strong><em>editioni</em></strong></span> 
     </span>
    </p>
   </div>
   <div class='ocr_carea' id='block_1_47' title="bbox 1976 2697 2556 2765">
    <p class='ocr_par' dir='ltr' id='par_1_47' title="bbox 1976 2697 2556 2765">
     <span class='ocr_line' id='line_1_48' title="bbox 1976 2697 2556 2765; baseline 0.002 -14"><span class='ocrx_word' id='word_1_394' title='bbox 1976 2706 2179 2751; x_wconf 66' lang='lat' dir='ltr'><strong><em>nostra:</em></strong></span> <span class='ocrx_word' id='word_1_395' title='bbox 2209 2697 2556 2765; x_wconf 70' lang='lat' dir='ltr'><strong><em>adjiciantur.</em></strong></span> 
     </span>
    </p>
   </div>
   <div class='ocr_carea' id='block_1_48' title="bbox 2048 2766 3547 2839">
    <p class='ocr_par' dir='ltr' id='par_1_48' title="bbox 2048 2766 3547 2839">
     <span class='ocr_line' id='line_1_49' title="bbox 2048 2766 3547 2839; baseline 0.001 -18"><span class='ocrx_word' id='word_1_396' title='bbox 2048 2766 2250 2839; x_wconf 59' lang='lat' dir='ltr'><strong><em>Deinde</em></strong></span> <span class='ocrx_word' id='word_1_397' title='bbox 2272 2777 2467 2839; x_wconf 69' lang='lat' dir='ltr'><strong><em>praeter</em></strong></span> <span class='ocrx_word' id='word_1_398' title='bbox 2496 2783 2661 2838; x_wconf 88' lang='lat' dir='ltr'><strong><em>quam</em></strong></span> <span class='ocrx_word' id='word_1_399' title='bbox 2682 2769 2829 2839; x_wconf 79' lang='lat' dir='ltr'><strong><em>quod</em></strong></span> <span class='ocrx_word' id='word_1_400' title='bbox 2859 2784 2981 2833; x_wconf 57' lang='lat' dir='ltr'><strong><em>quia}</em></strong></span> <span class='ocrx_word' id='word_1_401' title='bbox 3002 2768 3103 2822; x_wconf 86' lang='lat' dir='ltr'><strong><em>viri</em></strong></span> <span class='ocrx_word' id='word_1_402' title='bbox 3137 2768 3279 2823; x_wconf 89' lang='lat' dir='ltr'><strong><em>docti</em></strong></span> <span class='ocrx_word' id='word_1_403' title='bbox 3320 2766 3409 2839; x_wconf 89' lang='lat' dir='ltr'><strong><em>hic</em></strong></span> <span class='ocrx_word' id='word_1_404' title='bbox 3431 2767 3547 2839; x_wconf 85' lang='lat' dir='ltr'><strong><em>illic</em></strong></span> 
     </span>
    </p>
   </div>
   <div class='ocr_carea' id='block_1_49' title="bbox 1973 2837 3549 2909">
    <p class='ocr_par' dir='ltr' id='par_1_49' title="bbox 1973 2837 3549 2909">
     <span class='ocr_line' id='line_1_50' title="bbox 1973 2837 3549 2909; baseline 0.001 -19"><span class='ocrx_word' id='word_1_405' title='bbox 1973 2837 2040 2909; x_wconf 84' lang='lat' dir='ltr'><strong><em>de</em></strong></span> <span class='ocrx_word' id='word_1_406' title='bbox 2064 2837 2358 2893; x_wconf 85' lang='lat' dir='ltr'><strong><em>Clementis</em></strong></span> <span class='ocrx_word' id='word_1_407' title='bbox 2394 2837 2528 2892; x_wconf 84' lang='lat' dir='ltr'><strong><em>locis</em></strong></span> <span class='ocrx_word' id='word_1_408' title='bbox 2555 2837 2941 2909; x_wconf 69' lang='lat' dir='ltr'><strong><em>prmceperant,</em></strong></span> <span class='ocrx_word' id='word_1_409' title='bbox 2982 2839 3227 2894; x_wconf 88' lang='lat' dir='ltr'><strong><em>studiose</em></strong></span> <span class='ocrx_word' id='word_1_410' title='bbox 3253 2837 3448 2909; x_wconf 84' lang='lat' dir='ltr'><strong><em>collegi</em></strong></span> <span class='ocrx_word' id='word_1_411' title='bbox 3492 2845 3549 2891; x_wconf 89' lang='lat' dir='ltr'><strong><em>et</em></strong></span> 
     </span>
    </p>
   </div>
   <div class='ocr_carea' id='block_1_50' title="bbox 1974 2907 3546 2975">
    <p class='ocr_par' dir='ltr' id='par_1_50' title="bbox 1974 2907 3546 2975">
     <span class='ocr_line' id='line_1_51' title="bbox 1974 2907 3546 2975; baseline -0.001 -14"><span class='ocrx_word' id='word_1_412' title='bbox 1974 2908 2148 2963; x_wconf 90' lang='lat' dir='ltr'><strong><em>sicubi</em></strong></span> <span class='ocrx_word' id='word_1_413' title='bbox 2181 2923 2316 2963; x_wconf 90' lang='lat' dir='ltr'><strong><em>usus</em></strong></span> <span class='ocrx_word' id='word_1_414' title='bbox 2351 2909 2416 2964; x_wconf 87' lang='lat' dir='ltr'><strong><em>iis</em></strong></span> <span class='ocrx_word' id='word_1_415' title='bbox 2447 2907 2586 2975; x_wconf 81' lang='lat' dir='ltr'><strong><em>erat,</em></strong></span> <span class='ocrx_word' id='word_1_416' title='bbox 2628 2910 2680 2963; x_wconf 90' lang='lat' dir='ltr'><strong><em>in</em></strong></span> <span class='ocrx_word' id='word_1_417' title='bbox 2715 2907 2890 2963; x_wconf 84' lang='lat' dir='ltr'><strong><em>meam</em></strong></span> <span class='ocrx_word' id='word_1_418' title='bbox 2918 2925 3032 2964; x_wconf 85' lang='lat' dir='ltr'><strong><em>rem</em></strong></span> <span class='ocrx_word' id='word_1_419' title='bbox 3071 2911 3345 2972; x_wconf 88' lang='lat' dir='ltr'><strong><em>converti,</em></strong></span> <span class='ocrx_word' id='word_1_420' title='bbox 3380 2907 3546 2961; x_wconf 81' lang='lat' dir='ltr'><strong><em>etiam</em></strong></span> 
     </span>
    </p>
   </div>
   <div class='ocr_carea' id='block_1_51' title="bbox 1972 2977 3545 3048">
    <p class='ocr_par' dir='ltr' id='par_1_51' title="bbox 1972 2977 3545 3048">
     <span class='ocr_line' id='line_1_52' title="bbox 1972 2977 3545 3048; baseline 0 -17"><span class='ocrx_word' id='word_1_421' title='bbox 1972 2992 2059 3044; x_wconf 86' lang='lat' dir='ltr'><strong><em>ea,</em></strong></span> <span class='ocrx_word' id='word_1_422' title='bbox 2089 2993 2209 3048; x_wconf 68' lang='lat' dir='ltr'><strong><em>qum</em></strong></span> <span class='ocrx_word' id='word_1_423' title='bbox 2234 2977 2587 3033; x_wconf 85' lang='lat' dir='ltr'><strong><em>Villoisonius</em></strong></span> <span class='ocrx_word' id='word_1_424' title='bbox 2616 2981 2670 3033; x_wconf 91' lang='lat' dir='ltr'><strong><em>in</em></strong></span> <span class='ocrx_word' id='word_1_425' title='bbox 2708 2979 2958 3048; x_wconf 82' lang='lat' dir='ltr'><strong><em>Epistolis</em></strong></span> <span class='ocrx_word' id='word_1_426' title='bbox 2991 2978 3390 3033; x_wconf 76' lang='lat' dir='ltr'><strong><em>Vinariensibus</em></strong></span> <span class='ocrx_word' id='word_1_427' title='bbox 3413 2978 3545 3048; x_wconf 90' lang='lat' dir='ltr'><strong><em>inde</em></strong></span> 
     </span>
    </p>
   </div>
   <div class='ocr_carea' id='block_1_52' title="bbox 1973 3047 3544 3173">
    <p class='ocr_par' dir='ltr' id='par_1_52' title="bbox 1973 3047 3544 3173">
     <span class='ocr_line' id='line_1_53' title="bbox 1973 3047 3544 3173; baseline -0.001 -71"><span class='ocrx_word' id='word_1_428' title='bbox 1973 3063 2003 3102; x_wconf 88' lang='lat' dir='ltr'><strong><em>a</em></strong></span> <span class='ocrx_word' id='word_1_429' title='bbox 2035 3064 2175 3173; x_wconf 28' lang='lat' dir='ltr'><strong><em>paﬁn</em></strong></span> <span class='ocrx_word' id='word_1_430' title='bbox 2194 3048 2266 3103; x_wconf 70' lang='grc'><strong><em>92</em></strong></span> <span class='ocrx_word' id='word_1_431' title='bbox 2284 3048 2389 3114; x_wconf 84' lang='grc'><strong>-97,</strong></span> <span class='ocrx_word' id='word_1_432' title='bbox 2412 3050 2640 3130; x_wconf 70' lang='lat' dir='ltr'><strong><em>delocis</em></strong></span> <span class='ocrx_word' id='word_1_433' title='bbox 2667 3047 2993 3132; x_wconf 75' lang='lat' dir='ltr'><strong><em>quihusdam</em></strong></span> <span class='ocrx_word' id='word_1_434' title='bbox 3018 3049 3314 3131; x_wconf 74' lang='lat' dir='ltr'><strong><em>Clementis</em></strong></span> <span class='ocrx_word' id='word_1_435' title='bbox 3341 3047 3544 3128; x_wconf 77' lang='lat' dir='ltr'><strong><em>scripta</em></strong></span> 
     </span>
     <span class='ocr_line' id='line_1_54' title="bbox 1973 3116 3544 3173; baseline -0.001 -1"><span class='ocrx_word' id='word_1_436' title='bbox 1973 3133 2002 3172; x_wconf 94' lang='lat' dir='ltr'><strong><em>e</em></strong></span> <span class='ocrx_word' id='word_1_437' title='bbox 2048 3120 2098 3172; x_wconf 78' lang='lat' dir='ltr'><strong><em>hi</em></strong></span> <span class='ocrx_word' id='word_1_438' title='bbox 2142 3119 2377 3173; x_wconf 89' lang='lat' dir='ltr'><strong><em>hotbeca</em></strong></span> <span class='ocrx_word' id='word_1_439' title='bbox 2429 3118 2737 3173; x_wconf 78' lang='lat' dir='ltr'><strong><em>Vlllal‘lellSl</em></strong></span> <span class='ocrx_word' id='word_1_440' title='bbox 2785 3124 2930 3173; x_wconf 89' lang='lat' dir='ltr'><strong><em>loras</em></strong></span> <span class='ocrx_word' id='word_1_441' title='bbox 2979 3120 3161 3173; x_wconf 77' lang='lat' dir='ltr'><strong><em>dedit.</em></strong></span> <span class='ocrx_word' id='word_1_442' title='bbox 3208 3133 3447 3173; x_wconf 74' lang='lat' dir='ltr'><strong><em>excussu.</em></strong></span> <span class='ocrx_word' id='word_1_443' title='bbox 3481 3116 3544 3171; x_wconf 83' lang='grc' dir='ltr'><strong><em>ιη</em></strong></span> 
     </span>
    </p>
   </div>
   <div class='ocr_carea' id='block_1_53' title="bbox 1970 3116 3544 3183">
    <p class='ocr_par' dir='ltr' id='par_1_53' title="bbox 1970 3116 3544 3183">
     <span class='ocr_line' id='line_1_55' title="bbox 1970 3116 3544 3183; baseline -0.001 -11"><span class='ocrx_word' id='word_1_444' title='bbox 1970 3133 2002 3172; x_wconf 95' lang='lat' dir='ltr'><strong><em>e</em></strong></span> <span class='ocrx_word' id='word_1_445' title='bbox 2038 3116 2377 3173; x_wconf 81' lang='lat' dir='ltr'><strong><em>bibliotheca</em></strong></span> <span class='ocrx_word' id='word_1_446' title='bbox 2429 3118 2737 3173; x_wconf 89' lang='lat' dir='ltr'><strong><em>Vinariensi</em></strong></span> <span class='ocrx_word' id='word_1_447' title='bbox 2785 3122 2930 3174; x_wconf 83' lang='lat' dir='ltr'><strong><em>l‘oras</em></strong></span> <span class='ocrx_word' id='word_1_448' title='bbox 2979 3120 3161 3183; x_wconf 84' lang='lat' dir='ltr'><strong><em>dedit,</em></strong></span> <span class='ocrx_word' id='word_1_449' title='bbox 3208 3116 3544 3183; x_wconf 69' lang='lat' dir='ltr'><strong><em>excussiJn</em></strong></span> 
     </span>
    </p>
   </div>
   <div class='ocr_carea' id='block_1_54' title="bbox 1973 3187 3545 3244">
    <p class='ocr_par' dir='ltr' id='par_1_54' title="bbox 1973 3187 3545 3244">
     <span class='ocr_line' id='line_1_56' title="bbox 1973 3187 3545 3244; baseline 0.001 -3"><span class='ocrx_word' id='word_1_450' title='bbox 1973 3188 2058 3243; x_wconf 89' lang='lat' dir='ltr'><strong><em>bis</em></strong></span> <span class='ocrx_word' id='word_1_451' title='bbox 2112 3204 2245 3244; x_wconf 86' lang='lat' dir='ltr'><strong><em>vero</em></strong></span> <span class='ocrx_word' id='word_1_452' title='bbox 2296 3190 2538 3243; x_wconf 87' lang='lat' dir='ltr'><strong><em>virorum</em></strong></span> <span class='ocrx_word' id='word_1_453' title='bbox 2592 3190 2875 3243; x_wconf 88' lang='lat' dir='ltr'><strong><em>doctorum</em></strong></span> <span class='ocrx_word' id='word_1_454' title='bbox 2930 3189 3376 3244; x_wconf 83' lang='lat' dir='ltr'><strong><em>adnotationibus</em></strong></span> <span class='ocrx_word' id='word_1_455' title='bbox 3438 3187 3545 3242; x_wconf 81' lang='lat' dir='ltr'><strong><em>etsi</em></strong></span> 
     </span>
    </p>
   </div>
   <div class='ocr_carea' id='block_1_55' title="bbox 1972 3258 3541 3321">
    <p class='ocr_par' dir='ltr' id='par_1_55' title="bbox 1972 3258 3541 3321">
     <span class='ocr_line' id='line_1_57' title="bbox 1972 3258 3541 3321; baseline 0 -10"><span class='ocrx_word' id='word_1_456' title='bbox 1972 3259 2233 3314; x_wconf 88' lang='lat' dir='ltr'><strong><em>nonnulla</em></strong></span> <span class='ocrx_word' id='word_1_457' title='bbox 2266 3258 2338 3315; x_wconf 87' lang='lat' dir='ltr'><strong><em>ita</em></strong></span> <span class='ocrx_word' id='word_1_458' title='bbox 2376 3269 2533 3316; x_wconf 88' lang='lat' dir='ltr'><strong><em>erant</em></strong></span> <span class='ocrx_word' id='word_1_459' title='bbox 2557 3261 2849 3321; x_wconf 79' lang='lat' dir='ltr'><strong><em>declarata,</em></strong></span> <span class='ocrx_word' id='word_1_460' title='bbox 2878 3273 2935 3313; x_wconf 82' lang='lat' dir='ltr'><strong><em>Ill.</em></strong></span> <span class='ocrx_word' id='word_1_461' title='bbox 2955 3271 3008 3313; x_wconf 70' lang='grc' dir='ltr'><strong><em>οι</em></strong></span> <span class='ocrx_word' id='word_1_462' title='bbox 3037 3274 3321 3315; x_wconf 88' lang='lat' dir='ltr'><strong><em>assensum</em></strong></span> <span class='ocrx_word' id='word_1_463' title='bbox 3358 3272 3541 3312; x_wconf 85' lang='lat' dir='ltr'><strong><em>meum</em></strong></span> 
     </span>
    </p>
   </div>
   <div class='ocr_carea' id='block_1_56' title="bbox 1969 3329 3547 3413">
    <p class='ocr_par' dir='ltr' id='par_1_56' title="bbox 1969 3329 3547 3413">
     <span class='ocr_line' id='line_1_58' title="bbox 1969 3329 3547 3413; baseline -0.002 -29"><span class='ocrx_word' id='word_1_464' title='bbox 1969 3329 2195 3413; x_wconf 72' lang='lat' dir='ltr'><strong><em>tulerint</em></strong></span> <span class='ocrx_word' id='word_1_465' title='bbox 2240 3344 2343 3386; x_wconf 86' lang='lat' dir='ltr'><strong><em>nec</em></strong></span> <span class='ocrx_word' id='word_1_466' title='bbox 2390 3345 2491 3413; x_wconf 75' lang='lat' dir='ltr'><strong><em>ego</em></strong></span> <span class='ocrx_word' id='word_1_467' title='bbox 2534 3331 2896 3413; x_wconf 67' lang='lat' dir='ltr'><strong><em>dubitaverim</em></strong></span> <span class='ocrx_word' id='word_1_468' title='bbox 2931 3347 3096 3400; x_wconf 84' lang='lat' dir='ltr'><strong><em>quam</em></strong></span> <span class='ocrx_word' id='word_1_469' title='bbox 3144 3337 3547 3413; x_wconf 76' lang='lat' dir='ltr'><strong><em>proposuerunt</em></strong></span> 
     </span>
    </p>
   </div>
   <div class='ocr_carea' id='block_1_57' title="bbox 1970 3398 3542 3472">
    <p class='ocr_par' dir='ltr' id='par_1_57' title="bbox 1970 3398 3542 3472">
     <span class='ocr_line' id='line_1_59' title="bbox 1970 3398 3542 3472; baseline -0.002 -18"><span class='ocrx_word' id='word_1_470' title='bbox 1970 3399 2298 3472; x_wconf 83' lang='lat' dir='ltr'><strong><em>scripturam</em></strong></span> <span class='ocrx_word' id='word_1_471' title='bbox 2337 3398 2613 3469; x_wconf 83' lang='lat' dir='ltr'><strong><em>recipere;</em></strong></span> <span class='ocrx_word' id='word_1_472' title='bbox 2647 3401 2815 3455; x_wconf 86' lang='lat' dir='ltr'><strong><em>multa</em></strong></span> <span class='ocrx_word' id='word_1_473' title='bbox 2850 3398 3030 3455; x_wconf 77' lang='lat' dir='ltr'><strong><em>tanien</em></strong></span> <span class='ocrx_word' id='word_1_474' title='bbox 3060 3398 3183 3455; x_wconf 83' lang='lat' dir='ltr'><strong><em>esse</em></strong></span> <span class='ocrx_word' id='word_1_475' title='bbox 3208 3398 3439 3472; x_wconf 82' lang='lat' dir='ltr'><strong><em>cognovi</em></strong></span> <span class='ocrx_word' id='word_1_476' title='bbox 3458 3398 3542 3472; x_wconf 77' lang='lat' dir='ltr'><strong><em>ita</em></strong></span> 
     </span>
    </p>
   </div>
   <div class='ocr_carea' id='block_1_58' title="bbox 1969 3468 3545 3542">
    <p class='ocr_par' dir='ltr' id='par_1_58' title="bbox 1969 3468 3545 3542">
     <span class='ocr_line' id='line_1_60' title="bbox 1969 3468 3545 3542; baseline -0.001 -18"><span class='ocrx_word' id='word_1_477' title='bbox 1969 3468 2307 3542; x_wconf 75' lang='lat' dir='ltr'><strong><em>comparata,</em></strong></span> <span class='ocrx_word' id='word_1_478' title='bbox 2333 3481 2393 3525; x_wconf 91' lang='lat' dir='ltr'><strong><em>ut</em></strong></span> <span class='ocrx_word' id='word_1_479' title='bbox 2432 3468 2525 3542; x_wconf 87' lang='lat' dir='ltr'><strong><em>qui</em></strong></span> <span class='ocrx_word' id='word_1_480' title='bbox 2555 3480 2721 3542; x_wconf 15' lang='lat' dir='ltr'><strong><em>caute,</em></strong></span> <span class='ocrx_word' id='word_1_481' title='bbox 2751 3472 3002 3539; x_wconf 81' lang='lat' dir='ltr'><strong><em>criticum</em></strong></span> <span class='ocrx_word' id='word_1_482' title='bbox 3041 3480 3185 3542; x_wconf 84' lang='lat' dir='ltr'><strong><em>agat,</em></strong></span> <span class='ocrx_word' id='word_1_483' title='bbox 3218 3468 3313 3524; x_wconf 77' lang='lat' dir='ltr'><strong><em>aut</em></strong></span> <span class='ocrx_word' id='word_1_484' title='bbox 3345 3469 3400 3542; x_wconf 79' lang='lat' dir='ltr'><strong><em>in</em></strong></span> <span class='ocrx_word' id='word_1_485' title='bbox 3439 3468 3545 3525; x_wconf 87' lang='lat' dir='ltr'><strong><em>du-</em></strong></span> 
     </span>
    </p>
   </div>
   <div class='ocr_carea' id='block_1_59' title="bbox 1972 3538 3540 3621">
    <p class='ocr_par' dir='ltr' id='par_1_59' title="bbox 1972 3538 3540 3621">
     <span class='ocr_line' id='line_1_61' title="bbox 1972 3538 3540 3621; baseline 0.001 -28"><span class='ocrx_word' id='word_1_486' title='bbox 1972 3538 2292 3621; x_wconf 73' lang='lat' dir='ltr'><strong><em>bitationem</em></strong></span> <span class='ocrx_word' id='word_1_487' title='bbox 2344 3538 2541 3621; x_wconf 65' lang='lat' dir='ltr'><strong><em>vocare</em></strong></span> <span class='ocrx_word' id='word_1_488' title='bbox 2580 3558 2649 3621; x_wconf 73' lang='lat' dir='ltr'><strong><em>ea</em></strong></span> <span class='ocrx_word' id='word_1_489' title='bbox 2693 3538 2892 3621; x_wconf 74' lang='lat' dir='ltr'><strong><em>debeat</em></strong></span> <span class='ocrx_word' id='word_1_490' title='bbox 2939 3550 3035 3596; x_wconf 87' lang='lat' dir='ltr'><strong><em>aut</em></strong></span> <span class='ocrx_word' id='word_1_491' title='bbox 3085 3538 3247 3621; x_wconf 75' lang='lat' dir='ltr'><strong><em>plane</em></strong></span> <span class='ocrx_word' id='word_1_492' title='bbox 3290 3538 3540 3621; x_wconf 72' lang='lat' dir='ltr'><strong><em>rejicei-e.</em></strong></span> 
     </span>
    </p>
   </div>
   <div class='ocr_carea' id='block_1_60' title="bbox 359 3609 1864 3694">
    <p class='ocr_par' dir='ltr' id='par_1_60' title="bbox 359 3609 1864 3694">
     <span class='ocr_line' id='line_1_62' title="bbox 359 3609 1864 3694; baseline 0.008 -29"><span class='ocrx_word' id='word_1_493' title='bbox 359 3628 512 3694; x_wconf 75' lang='lat' dir='ltr'><strong><em>orum</em></strong></span> <span class='ocrx_word' id='word_1_494' title='bbox 546 3609 918 3694; x_wconf 65' lang='lat' dir='ltr'><strong><em>recensionem</em></strong></span> <span class='ocrx_word' id='word_1_495' title='bbox 937 3609 1300 3694; x_wconf 78' lang='lat' dir='ltr'><strong><em>instituerem.</em></strong></span> <span class='ocrx_word' id='word_1_496' title='bbox 1321 3617 1414 3694; x_wconf 77' lang='lat' dir='ltr'><strong><em>sed</em></strong></span> <span class='ocrx_word' id='word_1_497' title='bbox 1438 3626 1501 3672; x_wconf 82' lang='lat' dir='ltr'><strong><em>ut</em></strong></span> <span class='ocrx_word' id='word_1_498' title='bbox 1518 3634 1642 3689; x_wconf 64' lang='lat' dir='ltr'><strong><em>quae</em></strong></span> <span class='ocrx_word' id='word_1_499' title='bbox 1663 3623 1864 3694; x_wconf 87' lang='lat' dir='ltr'><strong><em>optima</em></strong></span> 
     </span>
    </p>
   </div>
   <div class='ocr_carea' id='block_1_61' title="bbox 1967 3609 3544 3694">
    <p class='ocr_par' dir='ltr' id='par_1_61' title="bbox 1971 3609 3544 3694">
     <span class='ocr_line' id='line_1_63' title="bbox 1971 3609 3544 3694; baseline -0.001 -30"><span class='ocrx_word' id='word_1_500' title='bbox 1971 3609 2157 3694; x_wconf 65' lang='lat' dir='ltr'><strong><em>itaque</em></strong></span> <span class='ocrx_word' id='word_1_501' title='bbox 2189 3612 2517 3694; x_wconf 83' lang='lat' dir='ltr'><strong><em>quos_locos</em></strong></span> <span class='ocrx_word' id='word_1_502' title='bbox 2544 3613 2643 3666; x_wconf 82' lang='lat' dir='ltr'><strong><em>viri</em></strong></span> <span class='ocrx_word' id='word_1_503' title='bbox 2676 3612 2821 3668; x_wconf 91' lang='lat' dir='ltr'><strong><em>docti</em></strong></span> <span class='ocrx_word' id='word_1_504' title='bbox 2857 3628 2954 3694; x_wconf 73' lang='lat' dir='ltr'><strong><em>pro</em></strong></span> <span class='ocrx_word' id='word_1_505' title='bbox 2984 3609 3544 3694; x_wconf 37' lang='lat' dir='ltr'><strong><em>corruptissimis‘baf</em></strong></span> 
     </span>
    </p>
   </div>
   <div class='ocr_carea' id='block_1_62' title="bbox 339 3681 1864 3762">
    <p class='ocr_par' dir='ltr' id='par_1_62' title="bbox 339 3681 1864 3762">
     <span class='ocr_line' id='line_1_64' title="bbox 339 3681 1864 3762; baseline 0.007 -27"><span class='ocrx_word' id='word_1_506' title='bbox 339 3681 588 3762; x_wconf 87' lang='lat' dir='ltr'><strong><em>aberetur</em></strong></span> <span class='ocrx_word' id='word_1_507' title='bbox 612 3682 801 3749; x_wconf 89' lang='lat' dir='ltr'><strong><em>editio,</em></strong></span> <span class='ocrx_word' id='word_1_508' title='bbox 822 3698 941 3762; x_wconf 69' lang='lat' dir='ltr'><strong><em>eam</em></strong></span> <span class='ocrx_word' id='word_1_509' title='bbox 974 3681 1550 3762; x_wconf 58' lang='lat' dir='ltr'><strong><em>litterismandarem;</em></strong></span> <span class='ocrx_word' id='word_1_510' title='bbox 1568 3703 1634 3744; x_wconf 81' lang='lat' dir='ltr'><strong><em>ac</em></strong></span> <span class='ocrx_word' id='word_1_511' title='bbox 1658 3681 1716 3762; x_wconf 62' lang='lat' dir='ltr'><strong><em>si&#39;</em></strong></span> <span class='ocrx_word' id='word_1_512' title='bbox 1733 3692 1864 3762; x_wconf 86' lang='lat' dir='ltr'><strong><em>quid</em></strong></span> 
     </span>
    </p>
   </div>
   <div class='ocr_carea' id='block_1_63' title="bbox 284 3754 1865 3832">
    <p class='ocr_par' dir='ltr' id='par_1_63' title="bbox 284 3754 1865 3832">
     <span class='ocr_line' id='line_1_65' title="bbox 284 3754 1865 3832; baseline 0.006 -25"><span class='ocrx_word' id='word_1_513' title='bbox 284 3761 481 3822; x_wconf 76' lang='lat' dir='ltr'><strong><em>aperte</em></strong></span> <span class='ocrx_word' id='word_1_514' title='bbox 531 3762 813 3832; x_wconf 76' lang='lat' dir='ltr'><strong><em>peccatum</em></strong></span> <span class='ocrx_word' id='word_1_515' title='bbox 860 3754 1340 3832; x_wconf 73' lang='lat' dir='ltr'><strong><em>deprehendissem</em></strong></span> <span class='ocrx_word' id='word_1_516' title='bbox 1366 3800 1382 3823; x_wconf 86' lang='lat'><strong><em>,</em></strong></span> <span class='ocrx_word' id='word_1_517' title='bbox 1418 3760 1486 3832; x_wconf 81' lang='lat' dir='ltr'><strong><em>id</em></strong></span> <span class='ocrx_word' id='word_1_518' title='bbox 1524 3754 1865 3832; x_wconf 31' lang='lat' dir='ltr'><strong><em>&#39;corrigei&#39;em</em></strong></span> 
     </span>
    </p>
   </div>
   <div class='ocr_carea' id='block_1_64' title="bbox 286 3824 1866 3902">
    <p class='ocr_par' dir='ltr' id='par_1_64' title="bbox 286 3824 1866 3902">
     <span class='ocr_line' id='line_1_66' title="bbox 286 3824 1866 3902; baseline 0.007 -25"><span class='ocrx_word' id='word_1_519' title='bbox 286 3832 461 3892; x_wconf 80' lang='lat' dir='ltr'><strong><em>atque</em></strong></span> <span class='ocrx_word' id='word_1_520' title='bbox 487 3824 832 3878; x_wconf 86' lang='lat' dir='ltr'><strong><em>emendarem</em></strong></span> <span class='ocrx_word' id='word_1_521' title='bbox 861 3842 874 3877; x_wconf 91' lang='lat'><strong>:</strong></span> <span class='ocrx_word' id='word_1_522' title='bbox 909 3841 1017 3895; x_wconf 89' lang='lat' dir='ltr'><strong><em>qua</em></strong></span> <span class='ocrx_word' id='word_1_523' title='bbox 1047 3840 1150 3896; x_wconf 89' lang='lat' dir='ltr'><strong><em>ego</em></strong></span> <span class='ocrx_word' id='word_1_524' title='bbox 1194 3827 1248 3880; x_wconf 91' lang='lat' dir='ltr'><strong><em>in</em></strong></span> <span class='ocrx_word' id='word_1_525' title='bbox 1296 3844 1356 3883; x_wconf 90' lang='lat' dir='ltr'><strong><em>re</em></strong></span> <span class='ocrx_word' id='word_1_526' title='bbox 1384 3829 1430 3884; x_wconf 90' lang='lat' dir='ltr'><strong><em>si</em></strong></span> <span class='ocrx_word' id='word_1_527' title='bbox 1474 3824 1713 3899; x_wconf 45' lang='lat' dir='ltr'><strong><em>quando.</em></strong></span> <span class='ocrx_word' id='word_1_528' title='bbox 1743 3833 1866 3902; x_wconf 84' lang='lat' dir='ltr'><strong><em>plus</em></strong></span> 
     </span>
    </p>
   </div>
   <div class='ocr_carea' id='block_1_65' title="bbox 280 3902 1866 3971">
    <p class='ocr_par' dir='ltr' id='par_1_65' title="bbox 280 3902 1866 3971">
     <span class='ocr_line' id='line_1_67' title="bbox 280 3902 1866 3971; baseline 0.006 -24"><span class='ocrx_word' id='word_1_529' title='bbox 280 3909 462 3971; x_wconf 64' lang='lat' dir='ltr'><strong><em>quam</em></strong></span> <span class='ocrx_word' id='word_1_530' title='bbox 498 3908 805 3971; x_wconf 72' lang='lat' dir='ltr'><strong><em>receperam</em></strong></span> <span class='ocrx_word' id='word_1_531' title='bbox 847 3906 1108 3971; x_wconf 58' lang='lat' dir='ltr'><strong><em>pra-stare</em></strong></span> <span class='ocrx_word' id='word_1_532' title='bbox 1151 3908 1382 3971; x_wconf 81' lang='lat' dir='ltr'><strong><em>conatus</em></strong></span> <span class='ocrx_word' id='word_1_533' title='bbox 1414 3915 1534 3954; x_wconf 80' lang='lat' dir='ltr'><strong><em>Slllll</em></strong></span> <span class='ocrx_word' id='word_1_534' title='bbox 1565 3910 1621 3971; x_wconf 61' lang='grc' dir='ltr'><strong><em>ςι</em></strong></span> <span class='ocrx_word' id='word_1_535' title='bbox 1668 3902 1866 3971; x_wconf 83' lang='lat' dir='ltr'><strong><em>quavis</em></strong></span> 
     </span>
    </p>
   </div>
   <div class='ocr_carea' id='block_1_66' title="bbox 285 3962 1868 4035">
    <p class='ocr_par' dir='ltr' id='par_1_66' title="bbox 285 3962 1868 4035">
     <span class='ocr_line' id='line_1_68' title="bbox 285 3962 1868 4035; baseline 0.006 -18"><span class='ocrx_word' id='word_1_536' title='bbox 285 3962 406 4019; x_wconf 79' lang='lat' dir='ltr'><strong><em>fere</em></strong></span> <span class='ocrx_word' id='word_1_537' title='bbox 424 3964 622 4033; x_wconf 84' lang='lat' dir='ltr'><strong><em>pagina</em></strong></span> <span class='ocrx_word' id='word_1_538' title='bbox 651 3966 720 4018; x_wconf 86' lang='lat' dir='ltr'><strong><em>ab</em></strong></span> <span class='ocrx_word' id='word_1_539' title='bbox 743 3965 831 4029; x_wconf 90' lang='lat' dir='ltr'><strong><em>iis,</em></strong></span> <span class='ocrx_word' id='word_1_540' title='bbox 849 3962 952 4035; x_wconf 83' lang='lat' dir='ltr'><strong><em>qui</em></strong></span> <span class='ocrx_word' id='word_1_541' title='bbox 979 3974 1106 4021; x_wconf 90' lang='lat' dir='ltr'><strong><em>ante</em></strong></span> <span class='ocrx_word' id='word_1_542' title='bbox 1134 3982 1222 4021; x_wconf 89' lang='lat' dir='ltr'><strong><em>me</em></strong></span> <span class='ocrx_word' id='word_1_543' title='bbox 1244 3969 1546 4025; x_wconf 89' lang='lat' dir='ltr'><strong><em>orationem</em></strong></span> <span class='ocrx_word' id='word_1_544' title='bbox 1570 3962 1868 4028; x_wconf 80' lang='lat' dir='ltr'><strong><em>Clementis</em></strong></span> 
     </span>
    </p>
   </div>
   <div class='ocr_carea' id='block_1_67' title="bbox 278 4035 1867 4105">
    <p class='ocr_par' dir='ltr' id='par_1_67' title="bbox 278 4035 1867 4105">
     <span class='ocr_line' id='line_1_69' title="bbox 278 4035 1867 4105; baseline 0.004 -14"><span class='ocrx_word' id='word_1_545' title='bbox 278 4036 711 4098; x_wconf 82' lang='lat' dir='ltr'><strong><em>constituerant,</em></strong></span> <span class='ocrx_word' id='word_1_546' title='bbox 752 4035 1141 4091; x_wconf 84' lang='lat' dir='ltr'><strong><em>discedendum</em></strong></span> <span class='ocrx_word' id='word_1_547' title='bbox 1181 4052 1304 4093; x_wconf 86' lang='lat' dir='ltr'><strong><em>esse</em></strong></span> <span class='ocrx_word' id='word_1_548' title='bbox 1332 4041 1461 4094; x_wconf 68' lang='lat' dir='ltr'><strong><em>duxi</em></strong></span> <span class='ocrx_word' id='word_1_549' title='bbox 1488 4081 1503 4105; x_wconf 90' lang='lat'><strong><em>,</em></strong></span> <span class='ocrx_word' id='word_1_550' title='bbox 1545 4041 1597 4095; x_wconf 90' lang='lat' dir='ltr'><strong><em>id</em></strong></span> <span class='ocrx_word' id='word_1_551' title='bbox 1629 4051 1688 4096; x_wconf 89' lang='lat' dir='ltr'><strong><em>ut</em></strong></span> <span class='ocrx_word' id='word_1_552' title='bbox 1716 4042 1867 4098; x_wconf 80' lang='lat' dir='ltr'><strong><em>ﬁeret</em></strong></span> 
     </span>
    </p>
   </div>
   <div class='ocr_carea' id='block_1_68' title="bbox 282 4105 1865 4179">
    <p class='ocr_par' dir='ltr' id='par_1_68' title="bbox 282 4105 1865 4179">
     <span class='ocr_line' id='line_1_70' title="bbox 282 4105 1865 4179; baseline 0.006 -21"><span class='ocrx_word' id='word_1_553' title='bbox 282 4115 358 4179; x_wconf 72' lang='lat' dir='ltr'><strong><em>et</em></strong></span> <span class='ocrx_word' id='word_1_554' title='bbox 373 4121 462 4159; x_wconf 83' lang='lat' dir='ltr'><strong><em>res</em></strong></span> <span class='ocrx_word' id='word_1_555' title='bbox 500 4105 931 4179; x_wconf 70' lang='lat' dir='ltr'><strong><em>ipsabagitabat</em></strong></span> <span class='ocrx_word' id='word_1_556' title='bbox 954 4114 1008 4179; x_wconf 85' lang='lat' dir='ltr'><strong><em>et</em></strong></span> <span class='ocrx_word' id='word_1_557' title='bbox 1038 4123 1070 4179; x_wconf 84' lang='lat' dir='ltr'><strong><em>a</em></strong></span> <span class='ocrx_word' id='word_1_558' title='bbox 1102 4108 1288 4179; x_wconf 88' lang='lat' dir='ltr'><strong><em>multis</em></strong></span> <span class='ocrx_word' id='word_1_559' title='bbox 1321 4125 1407 4163; x_wconf 91' lang='lat' dir='ltr'><strong><em>me</em></strong></span> <span class='ocrx_word' id='word_1_560' title='bbox 1440 4126 1601 4179; x_wconf 90' lang='lat' dir='ltr'><strong><em>spero</em></strong></span> <span class='ocrx_word' id='word_1_561' title='bbox 1631 4113 1735 4167; x_wconf 90' lang='lat' dir='ltr'><strong><em>boc</em></strong></span> <span class='ocrx_word' id='word_1_562' title='bbox 1763 4129 1865 4168; x_wconf 88' lang='lat' dir='ltr'><strong><em>no-</em></strong></span> 
     </span>
    </p>
   </div>
   <div class='ocr_carea' id='block_1_69' title="bbox 278 4176 1859 4249">
    <p class='ocr_par' dir='ltr' id='par_1_69' title="bbox 278 4176 1859 4249">
     <span class='ocr_line' id='line_1_71' title="bbox 278 4176 1859 4249; baseline 0.005 -19"><span class='ocrx_word' id='word_1_563' title='bbox 278 4176 1072 4249; x_wconf 73' lang='lat' dir='ltr'><strong><em>mine,quodultroexsolvi,</em></strong></span> <span class='ocrx_word' id='word_1_564' title='bbox 1108 4178 1306 4232; x_wconf 89' lang='lat' dir='ltr'><strong><em>bonam</em></strong></span> <span class='ocrx_word' id='word_1_565' title='bbox 1343 4176 1573 4249; x_wconf 80' lang='lat' dir='ltr'><strong><em>gratiam</em></strong></span> <span class='ocrx_word' id='word_1_566' title='bbox 1603 4183 1859 4238; x_wconf 86' lang='lat' dir='ltr'><strong><em>inivisse:</em></strong></span> 
     </span>
    </p>
   </div>
   <div class='ocr_carea' id='block_1_70' title="bbox 276 4246 1866 4316">
    <p class='ocr_par' dir='ltr' id='par_1_70' title="bbox 276 4246 1866 4316">
     <span class='ocr_line' id='line_1_72' title="bbox 276 4246 1866 4316; baseline 0.004 -17"><span class='ocrx_word' id='word_1_567' title='bbox 276 4261 347 4300; x_wconf 85' lang='lat' dir='ltr'><strong><em>ea</em></strong></span> <span class='ocrx_word' id='word_1_568' title='bbox 382 4247 534 4316; x_wconf 86' lang='lat' dir='ltr'><strong><em>enim</em></strong></span> <span class='ocrx_word' id='word_1_569' title='bbox 566 4246 693 4300; x_wconf 86' lang='lat' dir='ltr'><strong><em>huic</em></strong></span> <span class='ocrx_word' id='word_1_570' title='bbox 728 4247 978 4316; x_wconf 74' lang='lat' dir='ltr'><strong><em>scripturi</em></strong></span> <span class='ocrx_word' id='word_1_571' title='bbox 1023 4249 1218 4303; x_wconf 89' lang='lat' dir='ltr'><strong><em>cecidit</em></strong></span> <span class='ocrx_word' id='word_1_572' title='bbox 1251 4246 1404 4313; x_wconf 78' lang='lat' dir='ltr'><strong><em>sors,</em></strong></span> <span class='ocrx_word' id='word_1_573' title='bbox 1442 4260 1504 4304; x_wconf 90' lang='lat' dir='ltr'><strong><em>ut</em></strong></span> <span class='ocrx_word' id='word_1_574' title='bbox 1532 4267 1655 4305; x_wconf 91' lang='lat' dir='ltr'><strong><em>cum</em></strong></span> <span class='ocrx_word' id='word_1_575' title='bbox 1683 4268 1713 4305; x_wconf 92' lang='lat' dir='ltr'><strong><em>a</em></strong></span> <span class='ocrx_word' id='word_1_576' title='bbox 1746 4252 1866 4307; x_wconf 85' lang='lat' dir='ltr'><strong><em>Fri-</em></strong></span> 
     </span>
    </p>
   </div>
   <div class='ocr_carea' id='block_1_71' title="bbox 275 4315 1863 4391">
    <p class='ocr_par' dir='ltr' id='par_1_71' title="bbox 275 4315 1863 4391">
     <span class='ocr_line' id='line_1_73' title="bbox 275 4315 1863 4391; baseline 0.004 -21"><span class='ocrx_word' id='word_1_577' title='bbox 275 4317 470 4391; x_wconf 68' lang='lat' dir='ltr'><strong><em>derico</em></strong></span> <span class='ocrx_word' id='word_1_578' title='bbox 506 4315 801 4391; x_wconf 74' lang='lat' dir='ltr'><strong><em>Sylburgio</em></strong></span> <span class='ocrx_word' id='word_1_579' title='bbox 831 4315 1184 4383; x_wconf 86' lang='lat' dir='ltr'><strong><em>discesserit,</em></strong></span> <span class='ocrx_word' id='word_1_580' title='bbox 1217 4320 1311 4389; x_wconf 91' lang='lat' dir='ltr'><strong><em>qui</em></strong></span> <span class='ocrx_word' id='word_1_581' title='bbox 1351 4321 1610 4391; x_wconf 82' lang='lat' dir='ltr'><strong><em>majorem</em></strong></span> <span class='ocrx_word' id='word_1_582' title='bbox 1650 4332 1703 4377; x_wconf 89' lang='lat' dir='ltr'><strong><em>et</em></strong></span> <span class='ocrx_word' id='word_1_583' title='bbox 1755 4324 1863 4377; x_wconf 90' lang='lat' dir='ltr'><strong><em>uti-</em></strong></span> 
     </span>
    </p>
   </div>
   <div class='ocr_carea' id='block_1_72' title="bbox 278 4387 1860 4460">
    <p class='ocr_par' dir='ltr' id='par_1_72' title="bbox 278 4387 1860 4460">
     <span class='ocr_line' id='line_1_74' title="bbox 278 4387 1860 4460; baseline 0.004 -19"><span class='ocrx_word' id='word_1_584' title='bbox 278 4387 475 4460; x_wconf 81' lang='lat' dir='ltr'><strong><em>liorem</em></strong></span> <span class='ocrx_word' id='word_1_585' title='bbox 512 4388 663 4460; x_wconf 83' lang='lat' dir='ltr'><strong><em>ineo</em></strong></span> <span class='ocrx_word' id='word_1_586' title='bbox 706 4401 926 4460; x_wconf 83' lang='lat' dir='ltr'><strong><em>Operam</em></strong></span> <span class='ocrx_word' id='word_1_587' title='bbox 961 4405 1163 4457; x_wconf 87' lang='lat' dir='ltr'><strong><em>ponere</em></strong></span> <span class='ocrx_word' id='word_1_588' title='bbox 1194 4387 1288 4460; x_wconf 74' lang='lat' dir='ltr'><strong><em>aut</em></strong></span> <span class='ocrx_word' id='word_1_589' title='bbox 1323 4387 1507 4460; x_wconf 80' lang='lat' dir='ltr'><strong><em>posset</em></strong></span> <span class='ocrx_word' id='word_1_590' title='bbox 1543 4403 1639 4447; x_wconf 89' lang='lat' dir='ltr'><strong><em>aut</em></strong></span> <span class='ocrx_word' id='word_1_591' title='bbox 1666 4393 1860 4459; x_wconf 80' lang='lat' dir='ltr'><strong><em>vellet,</em></strong></span> 
     </span>
    </p>
   </div>
   <div class='ocr_carea' id='block_1_73' title="bbox 275 4458 1862 4531">
    <p class='ocr_par' dir='ltr' id='par_1_73' title="bbox 275 4458 1862 4531">
     <span class='ocr_line' id='line_1_75' title="bbox 275 4458 1862 4531; baseline 0.004 -20"><span class='ocrx_word' id='word_1_592' title='bbox 275 4458 549 4512; x_wconf 78' lang='lat' dir='ltr'><strong><em>editorexn</em></strong></span> <span class='ocrx_word' id='word_1_593' title='bbox 572 4458 844 4531; x_wconf 80' lang='lat' dir='ltr'><strong><em>invenerit</em></strong></span> <span class='ocrx_word' id='word_1_594' title='bbox 875 4460 1168 4513; x_wconf 84' lang='lat' dir='ltr'><strong><em>neminem.</em></strong></span> <span class='ocrx_word' id='word_1_595' title='bbox 1203 4458 1447 4531; x_wconf 82' lang='lat' dir='ltr'><strong><em>Namque</em></strong></span> <span class='ocrx_word' id='word_1_596' title='bbox 1466 4459 1706 4518; x_wconf 81' lang='lat' dir='ltr'><strong><em>Joannes</em></strong></span> <span class='ocrx_word' id='word_1_597' title='bbox 1732 4458 1862 4518; x_wconf 50' lang='lat' dir='ltr'><strong><em>Pot?</em></strong></span> 
     </span>
    </p>
   </div>
   <div class='ocr_carea' id='block_1_74' title="bbox 278 4527 1863 4601">
    <p class='ocr_par' dir='ltr' id='par_1_74' title="bbox 278 4527 1863 4601">
     <span class='ocr_line' id='line_1_76' title="bbox 278 4527 1863 4601; baseline 0.004 -20"><span class='ocrx_word' id='word_1_598' title='bbox 278 4538 455 4601; x_wconf 70' lang='lat' dir='ltr'><strong><em>serus,</em></strong></span> <span class='ocrx_word' id='word_1_599' title='bbox 488 4527 587 4601; x_wconf 82' lang='lat' dir='ltr'><strong><em>qui</em></strong></span> <span class='ocrx_word' id='word_1_600' title='bbox 609 4528 891 4601; x_wconf 79' lang='lat' dir='ltr'><strong><em>superiore</em></strong></span> <span class='ocrx_word' id='word_1_601' title='bbox 913 4530 1112 4584; x_wconf 70' lang='lat' dir='ltr'><strong><em>szeculo</em></strong></span> <span class='ocrx_word' id='word_1_602' title='bbox 1139 4527 1582 4601; x_wconf 52' lang='lat' dir='ltr'><strong><em>ineume&#39;scripta</em></strong></span> <span class='ocrx_word' id='word_1_603' title='bbox 1614 4534 1863 4588; x_wconf 80' lang='lat' dir='ltr'><strong><em>Clemen-</em></strong></span> 
     </span>
    </p>
   </div>
   <div class='ocr_carea' id='block_1_75' title="bbox 283 4599 1860 4672">
    <p class='ocr_par' dir='ltr' id='par_1_75' title="bbox 283 4599 1860 4672">
     <span class='ocr_line' id='line_1_77' title="bbox 283 4599 1860 4672; baseline 0.006 -22"><span class='ocrx_word' id='word_1_604' title='bbox 283 4600 355 4672; x_wconf 77' lang='lat' dir='ltr'><strong><em>tis</em></strong></span> <span class='ocrx_word' id='word_1_605' title='bbox 378 4599 591 4672; x_wconf 68' lang='lat' dir='ltr'><strong><em>edidit.</em></strong></span> <span class='ocrx_word' id='word_1_606' title='bbox 612 4600 715 4651; x_wconf 82' lang='lat' dir='ltr'><strong><em>etsi</em></strong></span> <span class='ocrx_word' id='word_1_607' title='bbox 754 4599 1063 4672; x_wconf 68' lang='lat' dir='ltr'><strong><em>itaoptime</em></strong></span> <span class='ocrx_word' id='word_1_608' title='bbox 1099 4608 1184 4655; x_wconf 89' lang='lat' dir='ltr'><strong><em>est</em></strong></span> <span class='ocrx_word' id='word_1_609' title='bbox 1230 4602 1296 4655; x_wconf 88' lang='lat' dir='ltr'><strong><em>de</em></strong></span> <span class='ocrx_word' id='word_1_610' title='bbox 1319 4604 1402 4657; x_wconf 90' lang='lat' dir='ltr'><strong><em>eis</em></strong></span> <span class='ocrx_word' id='word_1_611' title='bbox 1428 4599 1677 4667; x_wconf 84' lang='lat' dir='ltr'><strong><em>meritus,</em></strong></span> <span class='ocrx_word' id='word_1_612' title='bbox 1717 4606 1860 4672; x_wconf 90' lang='lat' dir='ltr'><strong><em>quod</em></strong></span> 
     </span>
    </p>
   </div>
   <div class='ocr_carea' id='block_1_76' title="bbox 276 4668 1858 4740">
    <p class='ocr_par' dir='ltr' id='par_1_76' title="bbox 276 4668 1858 4740">
     <span class='ocr_line' id='line_1_78' title="bbox 276 4668 1858 4740; baseline 0.004 -19"><span class='ocrx_word' id='word_1_613' title='bbox 276 4669 722 4740; x_wconf 55' lang='lat' dir='ltr'><strong><em>iibt’osscriptos</em></strong></span> <span class='ocrx_word' id='word_1_614' title='bbox 751 4668 1037 4738; x_wconf 85' lang='lat' dir='ltr'><strong><em>diligenter</em></strong></span> <span class='ocrx_word' id='word_1_615' title='bbox 1059 4680 1422 4740; x_wconf 82' lang='lat' dir='ltr'><strong><em>accurateque</em></strong></span> <span class='ocrx_word' id='word_1_616' title='bbox 1450 4675 1682 4727; x_wconf 91' lang='lat' dir='ltr'><strong><em>contulit</em></strong></span> <span class='ocrx_word' id='word_1_617' title='bbox 1705 4668 1858 4736; x_wconf 56' lang='lat' dir='ltr'><strong><em>{non</em></strong></span> 
     </span>
    </p>
   </div>
   <div class='ocr_carea' id='block_1_77' title="bbox 282 4737 1861 4812">
    <p class='ocr_par' dir='ltr' id='par_1_77' title="bbox 282 4737 1861 4812">
     <span class='ocr_line' id='line_1_79' title="bbox 282 4737 1861 4812; baseline 0.006 -23"><span class='ocrx_word' id='word_1_618' title='bbox 282 4737 515 4808; x_wconf 75' lang='lat' dir='ltr'><strong><em>proinde</em></strong></span> <span class='ocrx_word' id='word_1_619' title='bbox 567 4749 749 4792; x_wconf 89' lang='lat' dir='ltr'><strong><em>tamen</em></strong></span> <span class='ocrx_word' id='word_1_620' title='bbox 789 4737 869 4812; x_wconf 75' lang='lat' dir='ltr'><strong><em>ac</em></strong></span> <span class='ocrx_word' id='word_1_621' title='bbox 902 4740 1025 4793; x_wconf 84' lang='lat' dir='ltr'><strong><em>libri</em></strong></span> <span class='ocrx_word' id='word_1_622' title='bbox 1068 4737 1421 4810; x_wconf 81' lang='lat' dir='ltr'><strong><em>postulabant</em></strong></span> <span class='ocrx_word' id='word_1_623' title='bbox 1465 4743 1654 4812; x_wconf 88' lang='lat' dir='ltr'><strong><em>optimi</em></strong></span> <span class='ocrx_word' id='word_1_624' title='bbox 1711 4746 1861 4799; x_wconf 86' lang='lat' dir='ltr'><strong><em>locos</em></strong></span> 
     </span>
    </p>
   </div>
   <div class='ocr_carea' id='block_1_78' title="bbox 276 4808 1856 4882">
    <p class='ocr_par' dir='ltr' id='par_1_78' title="bbox 276 4808 1856 4882">
     <span class='ocr_line' id='line_1_80' title="bbox 276 4808 1856 4882; baseline 0.003 -19"><span class='ocrx_word' id='word_1_625' title='bbox 276 4816 579 4882; x_wconf 75' lang='lat' dir='ltr'><strong><em>corruptos</em></strong></span> <span class='ocrx_word' id='word_1_626' title='bbox 611 4808 905 4882; x_wconf 74' lang='lat' dir='ltr'><strong><em>emendare</em></strong></span> <span class='ocrx_word' id='word_1_627' title='bbox 958 4808 1131 4882; x_wconf 86' lang='lat' dir='ltr'><strong><em>ausus</em></strong></span> <span class='ocrx_word' id='word_1_628' title='bbox 1160 4819 1244 4865; x_wconf 89' lang='lat' dir='ltr'><strong><em>est</em></strong></span> <span class='ocrx_word' id='word_1_629' title='bbox 1285 4820 1450 4882; x_wconf 90' lang='lat' dir='ltr'><strong><em>atque</em></strong></span> <span class='ocrx_word' id='word_1_630' title='bbox 1491 4808 1856 4868; x_wconf 74' lang='lat' dir='ltr'><strong><em>conformare.</em></strong></span> 
     </span>
    </p>
   </div>
   <div class='ocr_carea' id='block_1_79' title="bbox 284 4879 1858 4952">
    <p class='ocr_par' dir='ltr' id='par_1_79' title="bbox 284 4879 1858 4952">
     <span class='ocr_line' id='line_1_81' title="bbox 284 4879 1858 4952; baseline 0.004 -20"><span class='ocrx_word' id='word_1_631' title='bbox 284 4880 473 4949; x_wconf 84' lang='lat' dir='ltr'><strong><em>Itaque</em></strong></span> <span class='ocrx_word' id='word_1_632' title='bbox 499 4894 646 4947; x_wconf 70' lang='lat' dir='ltr'><strong><em>saepe</em></strong></span> <span class='ocrx_word' id='word_1_633' title='bbox 667 4879 874 4952; x_wconf 79' lang='lat' dir='ltr'><strong><em>accidit</em></strong></span> <span class='ocrx_word' id='word_1_634' title='bbox 893 4919 908 4946; x_wconf 94' lang='lat'><strong><em>,</em></strong></span> <span class='ocrx_word' id='word_1_635' title='bbox 946 4887 1005 4933; x_wconf 92' lang='lat' dir='ltr'><strong><em>ut</em></strong></span> <span class='ocrx_word' id='word_1_636' title='bbox 1030 4881 1301 4949; x_wconf 85' lang='lat' dir='ltr'><strong><em>scriptura</em></strong></span> <span class='ocrx_word' id='word_1_637' title='bbox 1335 4879 1417 4945; x_wconf 65' lang='lat' dir='ltr'><strong><em>ea,</em></strong></span> <span class='ocrx_word' id='word_1_638' title='bbox 1447 4898 1611 4952; x_wconf 86' lang='lat' dir='ltr'><strong><em>quam</em></strong></span> <span class='ocrx_word' id='word_1_639' title='bbox 1651 4891 1706 4938; x_wconf 86' lang='lat' dir='ltr'><strong><em>et</em></strong></span> <span class='ocrx_word' id='word_1_640' title='bbox 1737 4885 1858 4938; x_wconf 89' lang='lat' dir='ltr'><strong><em>libri</em></strong></span> 
     </span>
    </p>
   </div>
   <div class='ocr_carea' id='block_1_80' title="bbox 274 4948 1932 5023">
    <p class='ocr_par' dir='ltr' id='par_1_80' title="bbox 274 4948 1932 5023">
     <span class='ocr_line' id='line_1_82' title="bbox 274 4948 1932 5023; baseline 0.002 -19"><span class='ocrx_word' id='word_1_641' title='bbox 274 4948 573 5023; x_wconf 68' lang='lat' dir='ltr'><strong><em>tuerentur</em></strong></span> <span class='ocrx_word' id='word_1_642' title='bbox 585 4958 641 5023; x_wconf 88' lang='lat' dir='ltr'><strong><em>_et</em></strong></span> <span class='ocrx_word' id='word_1_643' title='bbox 666 4948 782 5018; x_wconf 91' lang='lat' dir='ltr'><strong><em>ipse</em></strong></span> <span class='ocrx_word' id='word_1_644' title='bbox 803 4950 1025 5023; x_wconf 84' lang='lat' dir='ltr'><strong><em>duceret</em></strong></span> <span class='ocrx_word' id='word_1_645' title='bbox 1054 4948 1411 5020; x_wconf 84' lang='lat' dir='ltr'><strong><em>probandam,</em></strong></span> <span class='ocrx_word' id='word_1_646' title='bbox 1432 4948 1485 5005; x_wconf 79' lang='lat' dir='ltr'><strong><em>in</em></strong></span> <span class='ocrx_word' id='word_1_647' title='bbox 1509 4955 1861 5008; x_wconf 88' lang='lat' dir='ltr'><strong><em>adnotatione</em></strong></span> <span class='ocrx_word' id='word_1_648' title='bbox 1887 4961 1932 5023; x_wconf 70' lang='grc' dir='ltr'><strong><em>(ζ</em></strong></span> 
     </span>
    </p>
   </div>
   <div class='ocr_carea' id='block_1_81' title="bbox 273 5019 1849 5090">
    <p class='ocr_par' dir='ltr' id='par_1_81' title="bbox 273 5019 1849 5090">
     <span class='ocr_line' id='line_1_83' title="bbox 273 5019 1849 5090; baseline 0.002 -15"><span class='ocrx_word' id='word_1_649' title='bbox 273 5022 557 5075; x_wconf 79' lang='lat' dir='ltr'><strong><em>duntaxat</em></strong></span> <span class='ocrx_word' id='word_1_650' title='bbox 585 5019 763 5090; x_wconf 89' lang='lat' dir='ltr'><strong><em>locum</em></strong></span> <span class='ocrx_word' id='word_1_651' title='bbox 792 5019 1091 5075; x_wconf 82' lang='lat' dir='ltr'><strong><em>obtineret:</em></strong></span> <span class='ocrx_word' id='word_1_652' title='bbox 1119 5031 1303 5090; x_wconf 86' lang='lat' dir='ltr'><strong><em>aperta</em></strong></span> <span class='ocrx_word' id='word_1_653' title='bbox 1329 5023 1676 5077; x_wconf 90' lang='lat' dir='ltr'><strong><em>librariorum</em></strong></span> <span class='ocrx_word' id='word_1_654' title='bbox 1703 5040 1849 5078; x_wconf 86' lang='lat' dir='ltr'><strong><em>men-</em></strong></span> 
     </span>
    </p>
   </div>
   <div class='ocr_carea' id='block_1_82' title="bbox 274 5089 1858 5171">
    <p class='ocr_par' dir='ltr' id='par_1_82' title="bbox 274 5089 1858 5171">
     <span class='ocr_line' id='line_1_84' title="bbox 274 5089 1858 5171; baseline 0.001 -24"><span class='ocrx_word' id='word_1_655' title='bbox 274 5093 354 5147; x_wconf 83' lang='lat' dir='ltr'><strong><em>da</em></strong></span> <span class='ocrx_word' id='word_1_656' title='bbox 384 5105 492 5171; x_wconf 86' lang='lat' dir='ltr'><strong><em>non</em></strong></span> <span class='ocrx_word' id='word_1_657' title='bbox 538 5089 876 5171; x_wconf 52' lang='lat' dir='ltr'><strong><em>tollerentur:</em></strong></span> <span class='ocrx_word' id='word_1_658' title='bbox 918 5089 1247 5171; x_wconf 71' lang='lat' dir='ltr'><strong><em>§ylburgius</em></strong></span> <span class='ocrx_word' id='word_1_659' title='bbox 1286 5102 1486 5171; x_wconf 60' lang='lat' dir='ltr'><strong><em>contra</em></strong></span> <span class='ocrx_word' id='word_1_660' title='bbox 1529 5109 1858 5171; x_wconf 73' lang='lat' dir='ltr'><strong><em>quanquam</em></strong></span> 
     </span>
    </p>
   </div>
   <div class='ocr_carea' id='block_1_83' title="bbox 278 5159 1861 5234">
    <p class='ocr_par' dir='ltr' id='par_1_83' title="bbox 278 5159 1861 5234">
     <span class='ocr_line' id='line_1_85' title="bbox 278 5159 1861 5234; baseline 0.002 -18"><span class='ocrx_word' id='word_1_661' title='bbox 278 5169 482 5234; x_wconf 65' lang='lat' dir='ltr'><strong><em>praeter</em></strong></span> <span class='ocrx_word' id='word_1_662' title='bbox 510 5160 806 5234; x_wconf 77' lang='lat' dir='ltr'><strong><em>editionem</em></strong></span> <span class='ocrx_word' id='word_1_663' title='bbox 918 5159 1264 5215; x_wconf 27' lang='lat' dir='ltr'><strong><em>Victori‘uno</em></strong></span> <span class='ocrx_word' id='word_1_664' title='bbox 1286 5162 1427 5217; x_wconf 90' lang='lat' dir='ltr'><strong><em>libro</em></strong></span> <span class='ocrx_word' id='word_1_665' title='bbox 1448 5159 1861 5219; x_wconf 52' lang='lat' dir='ltr'><strong><em>Palatino—usus</em></strong></span> 
     </span>
    </p>
   </div>
   <div class='ocr_carea' id='block_1_84' title="bbox 272 5230 1862 5296">
    <p class='ocr_par' dir='ltr' id='par_1_84' title="bbox 272 5230 1862 5296">
     <span class='ocr_line' id='line_1_86' title="bbox 272 5230 1862 5296; baseline 0.001 -9"><span class='ocrx_word' id='word_1_666' title='bbox 272 5230 389 5296; x_wconf 64' lang='lat' dir='ltr'><strong><em>est,</em></strong></span> <span class='ocrx_word' id='word_1_667' title='bbox 428 5230 602 5284; x_wconf 89' lang='lat' dir='ltr'><strong><em>multa</em></strong></span> <span class='ocrx_word' id='word_1_668' title='bbox 627 5239 806 5285; x_wconf 89' lang='lat' dir='ltr'><strong><em>tamen</em></strong></span> <span class='ocrx_word' id='word_1_669' title='bbox 834 5231 904 5284; x_wconf 91' lang='lat' dir='ltr'><strong><em>ab</em></strong></span> <span class='ocrx_word' id='word_1_670' title='bbox 931 5247 997 5285; x_wconf 89' lang='lat' dir='ltr'><strong><em>eo</em></strong></span> <span class='ocrx_word' id='word_1_671' title='bbox 1028 5240 1157 5286; x_wconf 84' lang='lat' dir='ltr'><strong><em>sunt</em></strong></span> <span class='ocrx_word' id='word_1_672' title='bbox 1184 5235 1471 5288; x_wconf 88' lang='lat' dir='ltr'><strong><em>emendata</em></strong></span> <span class='ocrx_word' id='word_1_673' title='bbox 1504 5234 1630 5288; x_wconf 89' lang='lat' dir='ltr'><strong><em>vitia</em></strong></span> <span class='ocrx_word' id='word_1_674' title='bbox 1661 5244 1717 5289; x_wconf 89' lang='lat' dir='ltr'><strong><em>et</em></strong></span> <span class='ocrx_word' id='word_1_675' title='bbox 1742 5251 1862 5289; x_wconf 93' lang='lat' dir='ltr'><strong><em>om-</em></strong></span> 
     </span>
    </p>
   </div>
   <div class='ocr_carea' id='block_1_85' title="bbox 274 5302 1860 5375">
    <p class='ocr_par' dir='ltr' id='par_1_85' title="bbox 274 5302 1860 5375">
     <span class='ocr_line' id='line_1_87' title="bbox 274 5302 1860 5375; baseline 0.003 -19"><span class='ocrx_word' id='word_1_676' title='bbox 274 5304 370 5356; x_wconf 86' lang='lat' dir='ltr'><strong><em>nis</em></strong></span> <span class='ocrx_word' id='word_1_677' title='bbox 398 5318 534 5375; x_wconf 76' lang='lat' dir='ltr'><strong><em>cura</em></strong></span> <span class='ocrx_word' id='word_1_678' title='bbox 564 5309 729 5375; x_wconf 78' lang='lat' dir='ltr'><strong><em>atque</em></strong></span> <span class='ocrx_word' id='word_1_679' title='bbox 755 5316 918 5369; x_wconf 83' lang='lat' dir='ltr'><strong><em>opera</em></strong></span> <span class='ocrx_word' id='word_1_680' title='bbox 944 5303 998 5355; x_wconf 90' lang='lat' dir='ltr'><strong><em>in</em></strong></span> <span class='ocrx_word' id='word_1_681' title='bbox 1030 5302 1260 5372; x_wconf 86' lang='lat' dir='ltr'><strong><em>singulis</em></strong></span> <span class='ocrx_word' id='word_1_682' title='bbox 1291 5304 1668 5375; x_wconf 88' lang='lat' dir='ltr'><strong><em>universisque</em></strong></span> <span class='ocrx_word' id='word_1_683' title='bbox 1692 5322 1860 5375; x_wconf 73' lang='lat' dir='ltr'><strong><em>expo-</em></strong></span> 
     </span>
    </p>
   </div>
   <div class='ocr_carea' id='block_1_86' title="bbox 270 5372 710 5441">
    <p class='ocr_par' dir='ltr' id='par_1_86' title="bbox 270 5372 710 5441">
     <span class='ocr_line' id='line_1_88' title="bbox 270 5372 710 5441; baseline -0.011 -13"><span class='ocrx_word' id='word_1_684' title='bbox 270 5372 480 5428; x_wconf 82' lang='lat' dir='ltr'><strong><em>liendis</em></strong></span> <span class='ocrx_word' id='word_1_685' title='bbox 512 5372 710 5441; x_wconf 70' lang='lat' dir='ltr'><strong><em>posita.</em></strong></span> 
     </span>
    </p>
   </div>
   <div class='ocr_carea' id='block_1_87' title="bbox 353 5440 1854 5514">
    <p class='ocr_par' dir='ltr' id='par_1_87' title="bbox 353 5440 1854 5514">
     <span class='ocr_line' id='line_1_89' title="bbox 353 5440 1854 5514; baseline 0.003 -19"><span class='ocrx_word' id='word_1_686' title='bbox 353 5442 510 5514; x_wconf 83' lang='lat' dir='ltr'><strong><em>Quod</em></strong></span> <span class='ocrx_word' id='word_1_687' title='bbox 543 5456 670 5514; x_wconf 82' lang='lat' dir='ltr'><strong><em>cum</em></strong></span> <span class='ocrx_word' id='word_1_688' title='bbox 706 5440 779 5494; x_wconf 87' lang='lat' dir='ltr'><strong><em>ita</em></strong></span> <span class='ocrx_word' id='word_1_689' title='bbox 819 5442 909 5506; x_wconf 89' lang='lat' dir='ltr'><strong><em>sit,</em></strong></span> <span class='ocrx_word' id='word_1_690' title='bbox 944 5457 1053 5496; x_wconf 81' lang='lat' dir='ltr'><strong><em>non</em></strong></span> <span class='ocrx_word' id='word_1_691' title='bbox 1088 5458 1247 5512; x_wconf 86' lang='lat' dir='ltr'><strong><em>spero</em></strong></span> <span class='ocrx_word' id='word_1_692' title='bbox 1285 5441 1552 5509; x_wconf 78' lang='lat' dir='ltr'><strong><em>futurum,</em></strong></span> <span class='ocrx_word' id='word_1_693' title='bbox 1599 5455 1660 5500; x_wconf 90' lang='lat' dir='ltr'><strong><em>ut</em></strong></span> <span class='ocrx_word' id='word_1_694' title='bbox 1698 5447 1854 5514; x_wconf 86' lang='lat' dir='ltr'><strong><em>quis-</em></strong></span> 
     </span>
    </p>
   </div>
   <div class='ocr_carea' id='block_1_88' title="bbox 268 5509 1862 5588">
    <p class='ocr_par' dir='ltr' id='par_1_88' title="bbox 268 5509 1862 5588">
     <span class='ocr_line' id='line_1_90' title="bbox 268 5509 1862 5588; baseline 0.001 -23"><span class='ocrx_word' id='word_1_695' title='bbox 268 5527 448 5588; x_wconf 77' lang='lat' dir='ltr'><strong><em>quam</em></strong></span> <span class='ocrx_word' id='word_1_696' title='bbox 481 5513 585 5565; x_wconf 90' lang='lat' dir='ltr'><strong><em>hac</em></strong></span> <span class='ocrx_word' id='word_1_697' title='bbox 613 5509 681 5565; x_wconf 86' lang='lat' dir='ltr'><strong><em>de</em></strong></span> <span class='ocrx_word' id='word_1_698' title='bbox 720 5527 794 5588; x_wconf 70' lang='lat' dir='ltr'><strong><em>re</em></strong></span> <span class='ocrx_word' id='word_1_699' title='bbox 808 5528 1025 5567; x_wconf 90' lang='lat' dir='ltr'><strong><em>mecum</em></strong></span> <span class='ocrx_word' id='word_1_700' title='bbox 1058 5509 1387 5588; x_wconf 67' lang='lat' dir='ltr'><strong><em>dissentiat,</em></strong></span> <span class='ocrx_word' id='word_1_701' title='bbox 1416 5515 1565 5588; x_wconf 89' lang='lat' dir='ltr'><strong><em>quod</em></strong></span> <span class='ocrx_word' id='word_1_702' title='bbox 1592 5509 1862 5588; x_wconf 48' lang='lat' dir='ltr'><strong><em>Sylb&#39;urgii</em></strong></span> 
     </span>
    </p>
   </div>
   <div class='ocr_carea' id='block_1_89' title="bbox 269 5581 1853 5655">
    <p class='ocr_par' dir='ltr' id='par_1_89' title="bbox 269 5581 1853 5655">
     <span class='ocr_line' id='line_1_91' title="bbox 269 5581 1853 5655; baseline 0.001 -17"><span class='ocrx_word' id='word_1_703' title='bbox 269 5581 604 5655; x_wconf 64' lang='lat' dir='ltr'><strong><em>editionem</em></strong></span> <span class='ocrx_word' id='word_1_704' title='bbox 630 5581 797 5655; x_wconf 83' lang='lat' dir='ltr'><strong><em>malui</em></strong></span> <span class='ocrx_word' id='word_1_705' title='bbox 846 5599 1023 5655; x_wconf 80' lang='lat' dir='ltr'><strong><em>quam</em></strong></span> <span class='ocrx_word' id='word_1_706' title='bbox 1057 5582 1261 5639; x_wconf 85' lang='lat' dir='ltr'><strong><em>Pottcri</em></strong></span> <span class='ocrx_word' id='word_1_707' title='bbox 1298 5581 1473 5655; x_wconf 85' lang='lat' dir='ltr'><strong><em>sequi,</em></strong></span> <span class='ocrx_word' id='word_1_708' title='bbox 1510 5586 1584 5639; x_wconf 92' lang='lat' dir='ltr'><strong><em>ita</em></strong></span> <span class='ocrx_word' id='word_1_709' title='bbox 1611 5581 1666 5640; x_wconf 78' lang='lat' dir='ltr'><strong><em>ut</em></strong></span> <span class='ocrx_word' id='word_1_710' title='bbox 1711 5581 1853 5640; x_wconf 81' lang='lat' dir='ltr'><strong><em>hanc</em></strong></span> 
     </span>
    </p>
   </div>
   <div class='ocr_carea' id='block_1_90' title="bbox 271 5652 1851 5724">
    <p class='ocr_par' dir='ltr' id='par_1_90' title="bbox 271 5652 1851 5724">
     <span class='ocr_line' id='line_1_92' title="bbox 271 5652 1851 5724; baseline 0.001 -16"><span class='ocrx_word' id='word_1_711' title='bbox 271 5669 406 5708; x_wconf 76' lang='lat' dir='ltr'><strong><em>eam)</em></strong></span> <span class='ocrx_word' id='word_1_712' title='bbox 440 5654 530 5705; x_wconf 84' lang='lat' dir='ltr'><strong><em>illa</em></strong></span> <span class='ocrx_word' id='word_1_713' title='bbox 573 5652 859 5722; x_wconf 80' lang='lat' dir='ltr'><strong><em>d.ligenter</em></strong></span> <span class='ocrx_word' id='word_1_714' title='bbox 894 5653 1198 5710; x_wconf 78' lang='lat' dir='ltr'><strong><em>conferrem</em></strong></span> <span class='ocrx_word' id='word_1_715' title='bbox 1229 5664 1285 5709; x_wconf 88' lang='lat' dir='ltr'><strong><em>et</em></strong></span> <span class='ocrx_word' id='word_1_716' title='bbox 1324 5652 1389 5711; x_wconf 67' lang='grc' dir='ltr'><strong><em>δί’</em></strong></span> <span class='ocrx_word' id='word_1_717' title='bbox 1409 5656 1539 5724; x_wconf 89' lang='lat' dir='ltr'><strong><em>quid</em></strong></span> <span class='ocrx_word' id='word_1_718' title='bbox 1577 5672 1610 5711; x_wconf 91' lang='lat' dir='ltr'><strong><em>a</em></strong></span> <span class='ocrx_word' id='word_1_719' title='bbox 1657 5671 1851 5710; x_wconf 90' lang='lat' dir='ltr'><strong><em>recen-</em></strong></span> 
     </span>
    </p>
   </div>
   <div class='ocr_carea' id='block_1_91' title="bbox 1976 3681 3541 3753">
    <p class='ocr_par' dir='ltr' id='par_1_91' title="bbox 1976 3681 3541 3753">
     <span class='ocr_line' id='line_1_93' title="bbox 1976 3681 3541 3753; baseline 0.001 -18"><span class='ocrx_word' id='word_1_720' title='bbox 1976 3681 2217 3753; x_wconf 78' lang='lat' dir='ltr'><strong><em>buerunt</em></strong></span> <span class='ocrx_word' id='word_1_721' title='bbox 2242 3682 2478 3748; x_wconf 90' lang='lat' dir='ltr'><strong><em>multos,</em></strong></span> <span class='ocrx_word' id='word_1_722' title='bbox 2510 3697 2606 3738; x_wconf 90' lang='lat' dir='ltr'><strong><em>eos</em></strong></span> <span class='ocrx_word' id='word_1_723' title='bbox 2652 3698 2755 3753; x_wconf 84' lang='lat' dir='ltr'><strong><em>ego</em></strong></span> <span class='ocrx_word' id='word_1_724' title='bbox 2799 3681 2931 3737; x_wconf 88' lang='lat' dir='ltr'><strong><em>mihi</em></strong></span> <span class='ocrx_word' id='word_1_725' title='bbox 2966 3681 3163 3737; x_wconf 84' lang='lat' dir='ltr'><strong><em>videor</em></strong></span> <span class='ocrx_word' id='word_1_726' title='bbox 3200 3690 3294 3737; x_wconf 89' lang='lat' dir='ltr'><strong><em>aut</em></strong></span> <span class='ocrx_word' id='word_1_727' title='bbox 3331 3687 3541 3753; x_wconf 67' lang='lat' dir='ltr'><strong><em>mutata</em></strong></span> 
     </span>
    </p>
   </div>
   <div class='ocr_carea' id='block_1_92' title="bbox 1972 3749 3541 3823">
    <p class='ocr_par' dir='ltr' id='par_1_92' title="bbox 1972 3749 3541 3823">
     <span class='ocr_line' id='line_1_94' title="bbox 1972 3749 3541 3823; baseline -0.001 -19"><span class='ocrx_word' id='word_1_728' title='bbox 1972 3751 2411 3823; x_wconf 86' lang='lat' dir='ltr'><strong><em>interpunctione</em></strong></span> <span class='ocrx_word' id='word_1_729' title='bbox 2485 3761 2581 3807; x_wconf 89' lang='lat' dir='ltr'><strong><em>aut</em></strong></span> <span class='ocrx_word' id='word_1_730' title='bbox 2650 3749 2895 3809; x_wconf 76' lang='lat' dir='ltr'><strong><em>faciliore</em></strong></span> <span class='ocrx_word' id='word_1_731' title='bbox 2957 3753 3194 3823; x_wconf 89' lang='lat' dir='ltr'><strong><em>quadam</em></strong></span> <span class='ocrx_word' id='word_1_732' title='bbox 3250 3749 3541 3823; x_wconf 71' lang='lat' dir='ltr'><strong><em>medicina</em></strong></span> 
     </span>
    </p>
   </div>
   <div class='ocr_carea' id='block_1_93' title="bbox 1970 3818 3542 3895">
    <p class='ocr_par' dir='ltr' id='par_1_93' title="bbox 1970 3818 3542 3895">
     <span class='ocr_line' id='line_1_95' title="bbox 1970 3818 3542 3895; baseline -0.002 -18"><span class='ocrx_word' id='word_1_733' title='bbox 1970 3818 2136 3893; x_wconf 76' lang='lat' dir='ltr'><strong><em>quani</em></strong></span> <span class='ocrx_word' id='word_1_734' title='bbox 2190 3839 2312 3894; x_wconf 69' lang='lat' dir='ltr'><strong><em>quae</em></strong></span> <span class='ocrx_word' id='word_1_735' title='bbox 2369 3824 2600 3878; x_wconf 88' lang='lat' dir='ltr'><strong><em>istorum</em></strong></span> <span class='ocrx_word' id='word_1_736' title='bbox 2645 3824 2749 3878; x_wconf 83' lang='lat' dir='ltr'><strong><em>fuit</em></strong></span> <span class='ocrx_word' id='word_1_737' title='bbox 2802 3818 3204 3895; x_wconf 72' lang='lat' dir='ltr'><strong><em>persanavisse.</em></strong></span> <span class='ocrx_word' id='word_1_738' title='bbox 3236 3820 3411 3895; x_wconf 76' lang='lat' dir='ltr'><strong><em>Cujus</em></strong></span> <span class='ocrx_word' id='word_1_739' title='bbox 3459 3818 3542 3874; x_wconf 86' lang='lat' dir='ltr'><strong><em>rei</em></strong></span> 
     </span>
    </p>
   </div>
   <div class='ocr_carea' id='block_1_94' title="bbox 1970 3890 3543 3964">
    <p class='ocr_par' dir='ltr' id='par_1_94' title="bbox 1970 3890 3543 3964">
     <span class='ocr_line' id='line_1_96' title="bbox 1970 3890 3543 3964; baseline -0.001 -18"><span class='ocrx_word' id='word_1_740' title='bbox 1970 3890 2224 3962; x_wconf 77' lang='lat' dir='ltr'><strong><em>quamvis</em></strong></span> <span class='ocrx_word' id='word_1_741' title='bbox 2278 3895 2545 3964; x_wconf 91' lang='lat' dir='ltr'><strong><em>permulta</em></strong></span> <span class='ocrx_word' id='word_1_742' title='bbox 2591 3890 3077 3964; x_wconf 55' lang='lat' dir='ltr'><strong><em>possim&#39;exempla</em></strong></span> <span class='ocrx_word' id='word_1_743' title='bbox 3130 3890 3416 3959; x_wconf 27' lang='lat' dir='ltr'><strong><em>edere,’id</em></strong></span> <span class='ocrx_word' id='word_1_744' title='bbox 3460 3901 3543 3945; x_wconf 79' lang='lat' dir='ltr'><strong><em>ta—</em></strong></span> 
     </span>
    </p>
   </div>
   <div class='ocr_carea' id='block_1_95' title="bbox 1969 3964 3188 4036">
    <p class='ocr_par' dir='ltr' id='par_1_95' title="bbox 1969 3964 3188 4036">
     <span class='ocr_line' id='line_1_97' title="bbox 1969 3964 3188 4036; baseline 0 -20"><span class='ocrx_word' id='word_1_745' title='bbox 1969 3979 2093 4036; x_wconf 76' lang='lat' dir='ltr'><strong><em>men</em></strong></span> <span class='ocrx_word' id='word_1_746' title='bbox 2127 3976 2239 4019; x_wconf 90' lang='lat' dir='ltr'><strong><em>tum</em></strong></span> <span class='ocrx_word' id='word_1_747' title='bbox 2281 3964 2678 4021; x_wconf 81' lang='lat' dir='ltr'><strong><em>declarabitur.</em></strong></span> <span class='ocrx_word' id='word_1_748' title='bbox 2713 3981 2836 4019; x_wconf 90' lang='lat' dir='ltr'><strong><em>cum</em></strong></span> <span class='ocrx_word' id='word_1_749' title='bbox 2863 3966 2914 4019; x_wconf 89' lang='lat' dir='ltr'><strong><em>id</em></strong></span> <span class='ocrx_word' id='word_1_750' title='bbox 2943 3979 3188 4036; x_wconf 77' lang='lat' dir='ltr'><strong><em>agemus.</em></strong></span> 
     </span>
    </p>
   </div>
   <div class='ocr_carea' id='block_1_96' title="bbox 2040 4031 3543 4104">
    <p class='ocr_par' dir='ltr' id='par_1_96' title="bbox 2040 4031 3543 4104">
     <span class='ocr_line' id='line_1_98' title="bbox 2040 4031 3543 4104; baseline 0.002 -18"><span class='ocrx_word' id='word_1_751' title='bbox 2040 4032 2196 4101; x_wconf 85' lang='lat' dir='ltr'><strong><em>Quod</em></strong></span> <span class='ocrx_word' id='word_1_752' title='bbox 2230 4036 2297 4090; x_wconf 89' lang='lat' dir='ltr'><strong><em>ad</em></strong></span> <span class='ocrx_word' id='word_1_753' title='bbox 2331 4036 2504 4091; x_wconf 83' lang='lat' dir='ltr'><strong><em>libros</em></strong></span> <span class='ocrx_word' id='word_1_754' title='bbox 2533 4036 2766 4104; x_wconf 88' lang='lat' dir='ltr'><strong><em>scriptos</em></strong></span> <span class='ocrx_word' id='word_1_755' title='bbox 2795 4031 3008 4101; x_wconf 57' lang='lat' dir='ltr'><strong><em>attinet,</em></strong></span> <span class='ocrx_word' id='word_1_756' title='bbox 3036 4036 3299 4090; x_wconf 81' lang='lat' dir='ltr'><strong><em>antistare</em></strong></span> <span class='ocrx_word' id='word_1_757' title='bbox 3327 4031 3543 4089; x_wconf 69' lang='lat' dir='ltr'><strong><em>ceteris</em></strong></span> 
     </span>
    </p>
   </div>
   <div class='ocr_carea' id='block_1_97' title="bbox 1968 4103 3540 4175">
    <p class='ocr_par' dir='ltr' id='par_1_97' title="bbox 1968 4103 3540 4175">
     <span class='ocr_line' id='line_1_99' title="bbox 1968 4103 3540 4175; baseline -0.001 -18"><span class='ocrx_word' id='word_1_758' title='bbox 1968 4106 2182 4160; x_wconf 85' lang='lat' dir='ltr'><strong><em>videtur</em></strong></span> <span class='ocrx_word' id='word_1_759' title='bbox 2229 4107 2331 4175; x_wconf 17' lang='lat' dir='ltr'><strong><em>ille,</em></strong></span> <span class='ocrx_word' id='word_1_760' title='bbox 2368 4106 2540 4172; x_wconf 88' lang='lat' dir='ltr'><strong><em>liber,</em></strong></span> <span class='ocrx_word' id='word_1_761' title='bbox 2584 4103 2677 4175; x_wconf 89' lang='lat' dir='ltr'><strong><em>qui</em></strong></span> <span class='ocrx_word' id='word_1_762' title='bbox 2737 4115 3052 4160; x_wconf 88' lang='lat' dir='ltr'><strong><em>asservatur</em></strong></span> <span class='ocrx_word' id='word_1_763' title='bbox 3094 4106 3149 4159; x_wconf 88' lang='lat' dir='ltr'><strong><em>in</em></strong></span> <span class='ocrx_word' id='word_1_764' title='bbox 3205 4103 3540 4159; x_wconf 86' lang='lat' dir='ltr'><strong><em>bibliotheca</em></strong></span> 
     </span>
    </p>
   </div>
   <div class='ocr_carea' id='block_1_98' title="bbox 1969 4174 3544 4248">
    <p class='ocr_par' dir='ltr' id='par_1_98' title="bbox 1969 4174 3544 4248">
     <span class='ocr_line' id='line_1_100' title="bbox 1969 4174 3544 4248; baseline 0 -19"><span class='ocrx_word' id='word_1_765' title='bbox 1969 4176 2093 4248; x_wconf 75' lang='lat' dir='ltr'><strong><em>novi</em></strong></span> <span class='ocrx_word' id='word_1_766' title='bbox 2123 4177 2264 4246; x_wconf 84' lang='lat' dir='ltr'><strong><em>apud</em></strong></span> <span class='ocrx_word' id='word_1_767' title='bbox 2304 4174 2641 4248; x_wconf 71' lang='lat' dir='ltr'><strong><em>Oxonienses</em></strong></span> <span class='ocrx_word' id='word_1_768' title='bbox 2672 4175 2932 4248; x_wconf 84' lang='lat' dir='ltr'><strong><em>Collegii,</em></strong></span> <span class='ocrx_word' id='word_1_769' title='bbox 2966 4176 3059 4246; x_wconf 93' lang='lat' dir='ltr'><strong><em>qui</em></strong></span> <span class='ocrx_word' id='word_1_770' title='bbox 3108 4185 3288 4229; x_wconf 88' lang='lat' dir='ltr'><strong><em>tamen</em></strong></span> <span class='ocrx_word' id='word_1_771' title='bbox 3345 4182 3544 4248; x_wconf 60' lang='lat' dir='ltr'><strong><em>praeter</em></strong></span> 
     </span>
    </p>
   </div>
   <div class='ocr_carea' id='block_1_99' title="bbox 1968 4244 3542 4314">
    <p class='ocr_par' dir='ltr' id='par_1_99' title="bbox 1968 4244 3542 4314">
     <span class='ocr_line' id='line_1_101' title="bbox 1968 4244 3542 4314; baseline 0.001 -17"><span class='ocrx_word' id='word_1_772' title='bbox 1968 4244 2397 4299; x_wconf 80' lang='lat' dir='ltr'><strong><em>Cohortationem</em></strong></span> <span class='ocrx_word' id='word_1_773' title='bbox 2442 4245 2511 4298; x_wconf 87' lang='lat' dir='ltr'><strong><em>ad</em></strong></span> <span class='ocrx_word' id='word_1_774' title='bbox 2547 4246 2759 4301; x_wconf 79' lang='lat' dir='ltr'><strong><em>Crtecos</em></strong></span> <span class='ocrx_word' id='word_1_775' title='bbox 2805 4244 2914 4301; x_wconf 70' lang='lat' dir='ltr'><strong><em>duo</em></strong></span> <span class='ocrx_word' id='word_1_776' title='bbox 2951 4244 3159 4300; x_wconf 81' lang='lat' dir='ltr'><strong><em>tantum</em></strong></span> <span class='ocrx_word' id='word_1_777' title='bbox 3209 4244 3542 4314; x_wconf 85' lang='lat' dir='ltr'><strong><em>posteriores</em></strong></span> 
     </span>
    </p>
   </div>
   <div class='ocr_carea' id='block_1_100' title="bbox 1968 4315 3541 4387">
    <p class='ocr_par' dir='ltr' id='par_1_100' title="bbox 1968 4315 3541 4387">
     <span class='ocr_line' id='line_1_102' title="bbox 1968 4315 3541 4387; baseline -0.001 -18"><span class='ocrx_word' id='word_1_778' title='bbox 1968 4315 2254 4387; x_wconf 77' lang='lat' dir='ltr'><strong><em>Ptedagogi</em></strong></span> <span class='ocrx_word' id='word_1_779' title='bbox 2301 4317 2468 4370; x_wconf 89' lang='lat' dir='ltr'><strong><em>libros</em></strong></span> <span class='ocrx_word' id='word_1_780' title='bbox 2508 4320 2770 4371; x_wconf 87' lang='lat' dir='ltr'><strong><em>continet.</em></strong></span> <span class='ocrx_word' id='word_1_781' title='bbox 2803 4316 2959 4387; x_wconf 81' lang='lat' dir='ltr'><strong><em>Eum_</em></strong></span> <span class='ocrx_word' id='word_1_782' title='bbox 2980 4316 3331 4383; x_wconf 86' lang='lat' dir='ltr'><strong><em>potissimum</em></strong></span> <span class='ocrx_word' id='word_1_783' title='bbox 3364 4315 3451 4369; x_wconf 87' lang='lat' dir='ltr'><strong><em>bis</em></strong></span> <span class='ocrx_word' id='word_1_784' title='bbox 3483 4315 3541 4368; x_wconf 89' lang='lat' dir='ltr'><strong><em>in</em></strong></span> 
     </span>
    </p>
   </div>
   <div class='ocr_carea' id='block_1_101' title="bbox 1967 4385 3539 4456">
    <p class='ocr_par' dir='ltr' id='par_1_101' title="bbox 1967 4385 3539 4456">
     <span class='ocr_line' id='line_1_103' title="bbox 1967 4385 3539 4456; baseline 0 -17"><span class='ocrx_word' id='word_1_785' title='bbox 1967 4385 2504 4456; x_wconf 25' lang='lat' dir='ltr'><strong><em>libris’séquendum</em></strong></span> <span class='ocrx_word' id='word_1_786' title='bbox 2552 4387 2882 4442; x_wconf 81' lang='lat' dir='ltr'><strong><em>existimavi.</em></strong></span> <span class='ocrx_word' id='word_1_787' title='bbox 2935 4385 3138 4441; x_wconf 68' lang='lat' dir='ltr'><strong><em>Praeter</em></strong></span> <span class='ocrx_word' id='word_1_788' title='bbox 3183 4386 3330 4440; x_wconf 88' lang='lat' dir='ltr'><strong><em>enim</em></strong></span> <span class='ocrx_word' id='word_1_789' title='bbox 3372 4401 3539 4456; x_wconf 88' lang='lat' dir='ltr'><strong><em>quam</em></strong></span> 
     </span>
    </p>
   </div>
   <div class='ocr_carea' id='block_1_102' title="bbox 1966 4457 3537 4528">
    <p class='ocr_par' dir='ltr' id='par_1_102' title="bbox 1966 4457 3537 4528">
     <span class='ocr_line' id='line_1_104' title="bbox 1966 4457 3537 4528; baseline 0.002 -19"><span class='ocrx_word' id='word_1_790' title='bbox 1966 4458 2112 4526; x_wconf 87' lang='lat' dir='ltr'><strong><em>quod</em></strong></span> <span class='ocrx_word' id='word_1_791' title='bbox 2139 4457 2459 4527; x_wconf 88' lang='lat' dir='ltr'><strong><em>plerumque</em></strong></span> <span class='ocrx_word' id='word_1_792' title='bbox 2488 4457 2742 4528; x_wconf 88' lang='lat' dir='ltr'><strong><em>meliores</em></strong></span> <span class='ocrx_word' id='word_1_793' title='bbox 2762 4457 3015 4513; x_wconf 75' lang='lat' dir='ltr'><strong><em>exhibuit</em></strong></span> <span class='ocrx_word' id='word_1_794' title='bbox 3043 4458 3366 4528; x_wconf 84' lang='lat' dir='ltr'><strong><em>scripturas,</em></strong></span> <span class='ocrx_word' id='word_1_795' title='bbox 3384 4457 3537 4512; x_wconf 79' lang='lat' dir='ltr'><strong><em>dete-</em></strong></span> 
     </span>
    </p>
   </div>
   <div class='ocr_carea' id='block_1_103' title="bbox 1964 4527 3538 4599">
    <p class='ocr_par' dir='ltr' id='par_1_103' title="bbox 1964 4527 3538 4599">
     <span class='ocr_line' id='line_1_105' title="bbox 1964 4527 3538 4599; baseline 0.001 -18"><span class='ocrx_word' id='word_1_796' title='bbox 1964 4529 2137 4583; x_wconf 86' lang='lat' dir='ltr'><strong><em>riores</em></strong></span> <span class='ocrx_word' id='word_1_797' title='bbox 2191 4530 2428 4597; x_wconf 87' lang='lat' dir='ltr'><strong><em>sprevit,</em></strong></span> <span class='ocrx_word' id='word_1_798' title='bbox 2468 4527 2741 4599; x_wconf 86' lang='lat' dir='ltr'><strong><em>interdum</em></strong></span> <span class='ocrx_word' id='word_1_799' title='bbox 2796 4528 3007 4599; x_wconf 88' lang='lat' dir='ltr'><strong><em>singula</em></strong></span> <span class='ocrx_word' id='word_1_800' title='bbox 3050 4530 3132 4582; x_wconf 91' lang='lat' dir='ltr'><strong><em>vel</em></strong></span> <span class='ocrx_word' id='word_1_801' title='bbox 3162 4527 3341 4599; x_wconf 85' lang='lat' dir='ltr'><strong><em>plura</em></strong></span> <span class='ocrx_word' id='word_1_802' title='bbox 3372 4529 3538 4582; x_wconf 87' lang='lat' dir='ltr'><strong><em>etiam</em></strong></span> 
     </span>
    </p>
   </div>
   <div class='ocr_carea' id='block_1_104' title="bbox 1963 4598 3541 4669">
    <p class='ocr_par' dir='ltr' id='par_1_104' title="bbox 1963 4598 3541 4669">
     <span class='ocr_line' id='line_1_106' title="bbox 1963 4598 3541 4669; baseline 0.003 -18"><span class='ocrx_word' id='word_1_803' title='bbox 1963 4599 2235 4668; x_wconf 86' lang='lat' dir='ltr'><strong><em>supplevit</em></strong></span> <span class='ocrx_word' id='word_1_804' title='bbox 2260 4599 2444 4664; x_wconf 84' lang='lat' dir='ltr'><strong><em>verba,</em></strong></span> <span class='ocrx_word' id='word_1_805' title='bbox 2462 4614 2585 4668; x_wconf 71' lang='lat' dir='ltr'><strong><em>qua:</em></strong></span> <span class='ocrx_word' id='word_1_806' title='bbox 2606 4598 2954 4652; x_wconf 83' lang='lat' dir='ltr'><strong><em>librariorum</em></strong></span> <span class='ocrx_word' id='word_1_807' title='bbox 2984 4600 3305 4669; x_wconf 79' lang='lat' dir='ltr'><strong><em>negligentia</em></strong></span> <span class='ocrx_word' id='word_1_808' title='bbox 3333 4598 3386 4651; x_wconf 91' lang='lat' dir='ltr'><strong><em>in</em></strong></span> <span class='ocrx_word' id='word_1_809' title='bbox 3414 4599 3541 4655; x_wconf 86' lang='lat' dir='ltr'><strong><em>aliis</em></strong></span> 
     </span>
    </p>
   </div>
   <div class='ocr_carea' id='block_1_105' title="bbox 1965 4668 3534 4739">
    <p class='ocr_par' dir='ltr' id='par_1_105' title="bbox 1965 4668 3534 4739">
     <span class='ocr_line' id='line_1_107' title="bbox 1965 4668 3534 4739; baseline 0.001 -18"><span class='ocrx_word' id='word_1_810' title='bbox 1965 4669 2118 4739; x_wconf 81' lang='lat' dir='ltr'><strong><em>libris</em></strong></span> <span class='ocrx_word' id='word_1_811' title='bbox 2144 4669 2389 4724; x_wconf 89' lang='lat' dir='ltr'><strong><em>videmus</em></strong></span> <span class='ocrx_word' id='word_1_812' title='bbox 2410 4684 2543 4739; x_wconf 87' lang='lat' dir='ltr'><strong><em>esse</em></strong></span> <span class='ocrx_word' id='word_1_813' title='bbox 2572 4669 2801 4733; x_wconf 88' lang='lat' dir='ltr'><strong><em>omissa,</em></strong></span> <span class='ocrx_word' id='word_1_814' title='bbox 2830 4681 2897 4739; x_wconf 81' lang='lat' dir='ltr'><strong><em>ut</em></strong></span> <span class='ocrx_word' id='word_1_815' title='bbox 2924 4668 3216 4739; x_wconf 84' lang='lat' dir='ltr'><strong><em>Protrept.,</em></strong></span> <span class='ocrx_word' id='word_1_816' title='bbox 3252 4686 3277 4732; x_wconf 61' lang='grc' dir='ltr'>ς</span> <span class='ocrx_word' id='word_1_817' title='bbox 3309 4670 3365 4731; x_wconf 72' lang='grc'><strong><em>2,</em></strong></span> <span class='ocrx_word' id='word_1_818' title='bbox 3394 4685 3450 4739; x_wconf 93' lang='lat' dir='ltr'><strong><em>p.</em></strong></span> <span class='ocrx_word' id='word_1_819' title='bbox 3477 4670 3534 4733; x_wconf 78' lang='lat'><strong><em>5,</em></strong></span> 
     </span>
    </p>
   </div>
   <div class='ocr_carea' id='block_1_106' title="bbox 1962 4737 3618 4809">
    <p class='ocr_par' dir='ltr' id='par_1_106' title="bbox 1962 4737 3618 4809">
     <span class='ocr_line' id='line_1_108' title="bbox 1962 4737 3618 4809; baseline 0 -17"><span class='ocrx_word' id='word_1_820' title='bbox 1962 4739 2049 4792; x_wconf 88' lang='lat' dir='ltr'><strong><em>ed.</em></strong></span> <span class='ocrx_word' id='word_1_821' title='bbox 2093 4737 2262 4803; x_wconf 90' lang='lat' dir='ltr'><strong><em>Pott.,</em></strong></span> <span class='ocrx_word' id='word_1_822' title='bbox 2301 4740 2415 4809; x_wconf 67' lang='lat' dir='ltr'><strong><em>haec</em></strong></span> <span class='ocrx_word' id='word_1_823' title='bbox 2441 4738 2601 4794; x_wconf 85' lang='lat' dir='ltr'><strong><em>verba</em></strong></span> <span class='ocrx_word' id='word_1_824' title='bbox 2629 4757 2643 4794; x_wconf 87' lang='lat'><strong>:</strong></span> <span class='ocrx_word' id='word_1_825' title='bbox 2676 4740 2786 4793; x_wconf 80' lang='lat' dir='ltr'><strong><em>Kal</em></strong></span> <span class='ocrx_word' id='word_1_826' title='bbox 2827 4738 2945 4792; x_wconf 83' lang='grc' dir='ltr'><strong><em>τῶν</em></strong></span> <span class='ocrx_word' id='word_1_827' title='bbox 2973 4737 3285 4809; x_wconf 73' lang='grc' dir='ltr'><strong><em>δραμάτων</em></strong></span> <span class='ocrx_word' id='word_1_828' title='bbox 3312 4742 3367 4793; x_wconf 86' lang='lat' dir='ltr'><strong><em>ol</em></strong></span> <span class='ocrx_word' id='word_1_829' title='bbox 3393 4737 3539 4797; x_wconf 75' lang='grc' dir='ltr'><strong><em>ὖπο-</em></strong></span> <span class='ocrx_word' id='word_1_830' title='bbox 3602 4756 3618 4771; x_wconf 79' lang='lat'><strong>-</strong></span> 
     </span>
    </p>
   </div>
   <div class='ocr_carea' id='block_1_107' title="bbox 1962 4808 3535 4880">
    <p class='ocr_par' dir='ltr' id='par_1_107' title="bbox 1962 4808 3535 4880">
     <span class='ocr_line' id='line_1_109' title="bbox 1962 4808 3535 4880; baseline 0.003 -19"><span class='ocrx_word' id='word_1_831' title='bbox 1962 4810 2154 4878; x_wconf 75' lang='grc' dir='ltr'><strong><em>κριταὶ</em></strong></span> <span class='ocrx_word' id='word_1_832' title='bbox 2183 4808 2479 4880; x_wconf 77' lang='grc' dir='ltr'><strong><em>θυμηδίας</em></strong></span> <span class='ocrx_word' id='word_1_833' title='bbox 2503 4809 2783 4879; x_wconf 82' lang='grc' dir='ltr'><strong><em>θεάματα,</em></strong></span> <span class='ocrx_word' id='word_1_834' title='bbox 2824 4825 2946 4879; x_wconf 80' lang='lat' dir='ltr'><strong><em>qua-</em></strong></span> <span class='ocrx_word' id='word_1_835' title='bbox 2970 4808 3102 4879; x_wconf 85' lang='lat' dir='ltr'><strong><em>quin</em></strong></span> <span class='ocrx_word' id='word_1_836' title='bbox 3141 4812 3211 4864; x_wconf 88' lang='lat' dir='ltr'><strong><em>ab</em></strong></span> <span class='ocrx_word' id='word_1_837' title='bbox 3252 4812 3379 4880; x_wconf 86' lang='lat' dir='ltr'><strong><em>ipso</em></strong></span> <span class='ocrx_word' id='word_1_838' title='bbox 3411 4811 3535 4865; x_wconf 87' lang='lat' dir='ltr'><strong><em>Cle-</em></strong></span> 
     </span>
    </p>
   </div>
   <div class='ocr_carea' id='block_1_108' title="bbox 1962 4879 3533 4949">
    <p class='ocr_par' dir='ltr' id='par_1_108' title="bbox 1962 4879 3533 4949">
     <span class='ocr_line' id='line_1_110' title="bbox 1962 4879 3533 4949; baseline 0.003 -20"><span class='ocrx_word' id='word_1_839' title='bbox 1962 4889 2144 4949; x_wconf 77' lang='lat' dir='ltr'><strong><em>mente</em></strong></span> <span class='ocrx_word' id='word_1_840' title='bbox 2172 4880 2411 4948; x_wconf 81' lang='lat' dir='ltr'><strong><em>profecta</em></strong></span> <span class='ocrx_word' id='word_1_841' title='bbox 2441 4879 2552 4933; x_wconf 91' lang='lat' dir='ltr'><strong><em>sint</em></strong></span> <span class='ocrx_word' id='word_1_842' title='bbox 2579 4896 2688 4932; x_wconf 89' lang='lat' dir='ltr'><strong><em>non</em></strong></span> <span class='ocrx_word' id='word_1_843' title='bbox 2718 4889 2893 4949; x_wconf 79' lang='lat' dir='ltr'><strong><em>potest</em></strong></span> <span class='ocrx_word' id='word_1_844' title='bbox 2925 4896 3048 4935; x_wconf 89' lang='lat' dir='ltr'><strong><em>esse</em></strong></span> <span class='ocrx_word' id='word_1_845' title='bbox 3072 4879 3321 4935; x_wconf 83' lang='lat' dir='ltr'><strong><em>dubium.</em></strong></span> <span class='ocrx_word' id='word_1_846' title='bbox 3362 4879 3533 4944; x_wconf 87' lang='lat' dir='ltr'><strong><em>Ibid.,</em></strong></span> 
     </span>
    </p>
   </div>
   <div class='ocr_carea' id='block_1_109' title="bbox 1963 4948 3534 5074">
    <p class='ocr_par' dir='ltr' id='par_1_109' title="bbox 1963 4948 3534 5074">
     <span class='ocr_line' id='line_1_111' title="bbox 1963 4948 3534 5074; baseline 0.001 -71"><span class='ocrx_word' id='word_1_847' title='bbox 1963 4948 1997 5074; x_wconf 60' lang='lat'>3</span> <span class='ocrx_word' id='word_1_848' title='bbox 2029 4950 2116 5014; x_wconf 84' lang='lat' dir='ltr'><strong><em>ll,</em></strong></span> <span class='ocrx_word' id='word_1_849' title='bbox 2158 4967 2210 5020; x_wconf 88' lang='lat' dir='ltr'><strong><em>p.</em></strong></span> <span class='ocrx_word' id='word_1_850' title='bbox 2247 4951 2334 5013; x_wconf 78' lang='lat' dir='ltr'><strong><em>ll,</em></strong></span> <span class='ocrx_word' id='word_1_851' title='bbox 2362 4951 2450 5005; x_wconf 86' lang='lat' dir='ltr'><strong><em>ed.</em></strong></span> <span class='ocrx_word' id='word_1_852' title='bbox 2484 4949 2648 5014; x_wconf 87' lang='lat' dir='ltr'><strong><em>Pott.,</em></strong></span> <span class='ocrx_word' id='word_1_853' title='bbox 2696 4948 2811 5005; x_wconf 77' lang='lat' dir='ltr'><strong><em>inec</em></strong></span> <span class='ocrx_word' id='word_1_854' title='bbox 2854 4952 3012 5004; x_wconf 88' lang='lat' dir='ltr'><strong><em>verba</em></strong></span> <span class='ocrx_word' id='word_1_855' title='bbox 3039 4967 3103 5006; x_wconf 76' lang='lat' dir='ltr'><strong><em>ex</em></strong></span> <span class='ocrx_word' id='word_1_856' title='bbox 3134 4965 3202 5005; x_wconf 86' lang='lat' dir='ltr'><strong><em>eo</em></strong></span> <span class='ocrx_word' id='word_1_857' title='bbox 3232 4950 3534 5020; x_wconf 85' lang='lat' dir='ltr'><strong><em>adjicienda</em></strong></span> 
     </span>
     <span class='ocr_line' id='line_1_112' title="bbox 2003 5019 3534 5074; baseline 0 0"><span class='ocrx_word' id='word_1_858' title='bbox 2003 5021 2093 5074; x_wconf 79' lang='lat' dir='ltr'><strong><em>uxi</em></strong></span> <span class='ocrx_word' id='word_1_859' title='bbox 2122 5040 2134 5074; x_wconf 94' lang='lat'><strong>:</strong></span> <span class='ocrx_word' id='word_1_860' title='bbox 2165 5021 2273 5074; x_wconf 73' lang='lat' dir='ltr'><strong><em>Kal</em></strong></span> <span class='ocrx_word' id='word_1_861' title='bbox 2294 5020 2535 5074; x_wconf 70' lang='grc' dir='ltr'><em>πλάνης</em></span> <span class='ocrx_word' id='word_1_862' title='bbox 2561 5019 2823 5074; x_wconf 69' lang='grc' dir='ltr'><strong><em>ἀκράτου</em></strong></span> <span class='ocrx_word' id='word_1_863' title='bbox 2852 5021 3227 5074; x_wconf 75' lang='grc' dir='ltr'><strong><em>κυϐευτήοια.</em></strong></span> <span class='ocrx_word' id='word_1_864' title='bbox 3264 5021 3361 5074; x_wconf 85' lang='lat' dir='ltr'><strong><em>Est</em></strong></span> <span class='ocrx_word' id='word_1_865' title='bbox 3389 5021 3534 5074; x_wconf 92' lang='lat' dir='ltr'><strong><em>enim</em></strong></span> 
     </span>
    </p>
   </div>
   <div class='ocr_carea' id='block_1_110' title="bbox 2003 5019 3535 5090">
    <p class='ocr_par' dir='ltr' id='par_1_110' title="bbox 2003 5019 3535 5090">
     <span class='ocr_line' id='line_1_113' title="bbox 2003 5019 3535 5090; baseline -0.001 -16"><span class='ocrx_word' id='word_1_866' title='bbox 2003 5021 2093 5080; x_wconf 76' lang='grc' dir='ltr'><strong><em>ιιιί</em></strong></span> <span class='ocrx_word' id='word_1_867' title='bbox 2122 5040 2134 5075; x_wconf 93' lang='lat'>:</span> <span class='ocrx_word' id='word_1_868' title='bbox 2165 5021 2273 5074; x_wconf 77' lang='lat' dir='ltr'><strong><em>Kal</em></strong></span> <span class='ocrx_word' id='word_1_869' title='bbox 2294 5020 2535 5088; x_wconf 75' lang='grc' dir='ltr'><strong><em>πλάνης</em></strong></span> <span class='ocrx_word' id='word_1_870' title='bbox 2561 5019 2823 5089; x_wconf 77' lang='grc' dir='ltr'><strong><em>ἀκράτου</em></strong></span> <span class='ocrx_word' id='word_1_871' title='bbox 2852 5021 3227 5090; x_wconf 74' lang='grc' dir='ltr'><strong><em>κυϐευτήρια.</em></strong></span> <span class='ocrx_word' id='word_1_872' title='bbox 3264 5019 3361 5076; x_wconf 84' lang='lat' dir='ltr'><strong><em>Est</em></strong></span> <span class='ocrx_word' id='word_1_873' title='bbox 3389 5021 3535 5075; x_wconf 89' lang='lat' dir='ltr'><strong><em>enim</em></strong></span> 
     </span>
    </p>
   </div>
   <div class='ocr_carea' id='block_1_111' title="bbox 1964 5091 3535 5161">
    <p class='ocr_par' dir='ltr' id='par_1_111' title="bbox 1964 5091 3535 5161">
     <span class='ocr_line' id='line_1_114' title="bbox 1964 5091 3535 5161; baseline 0 -16"><span class='ocrx_word' id='word_1_874' title='bbox 1964 5091 2089 5145; x_wconf 91' lang='lat' dir='ltr'><strong><em>boni</em></strong></span> <span class='ocrx_word' id='word_1_875' title='bbox 2139 5091 2317 5147; x_wconf 88' lang='lat' dir='ltr'><strong><em>critici</em></strong></span> <span class='ocrx_word' id='word_1_876' title='bbox 2357 5106 2463 5145; x_wconf 91' lang='lat' dir='ltr'><strong><em>non</em></strong></span> <span class='ocrx_word' id='word_1_877' title='bbox 2504 5092 2679 5144; x_wconf 90' lang='lat' dir='ltr'><strong><em>solum</em></strong></span> <span class='ocrx_word' id='word_1_878' title='bbox 2712 5108 2836 5161; x_wconf 65' lang='lat' dir='ltr'><strong><em>quae</em></strong></span> <span class='ocrx_word' id='word_1_879' title='bbox 2878 5093 3071 5146; x_wconf 70' lang='lat' dir='ltr'><strong><em>interitu</em></strong></span> <span class='ocrx_word' id='word_1_880' title='bbox 3108 5101 3239 5147; x_wconf 91' lang='lat' dir='ltr'><strong><em>sunt</em></strong></span> <span class='ocrx_word' id='word_1_881' title='bbox 3284 5101 3535 5159; x_wconf 87' lang='lat' dir='ltr'><strong><em>suspecta</em></strong></span> 
     </span>
    </p>
   </div>
   <div class='ocr_carea' id='block_1_112' title="bbox 1963 5161 3534 5231">
    <p class='ocr_par' dir='ltr' id='par_1_112' title="bbox 1963 5161 3534 5231">
     <span class='ocr_line' id='line_1_115' title="bbox 1963 5161 3534 5231; baseline 0.001 -16"><span class='ocrx_word' id='word_1_882' title='bbox 1963 5162 2212 5230; x_wconf 84' lang='lat' dir='ltr'><strong><em>rejicere,</em></strong></span> <span class='ocrx_word' id='word_1_883' title='bbox 2239 5177 2426 5216; x_wconf 85' lang='lat' dir='ltr'><strong><em>verum</em></strong></span> <span class='ocrx_word' id='word_1_884' title='bbox 2473 5162 2635 5215; x_wconf 90' lang='lat' dir='ltr'><strong><em>etiam</em></strong></span> <span class='ocrx_word' id='word_1_885' title='bbox 2671 5162 2716 5216; x_wconf 87' lang='lat' dir='ltr'><strong><em>si</em></strong></span> <span class='ocrx_word' id='word_1_886' title='bbox 2754 5162 2885 5231; x_wconf 89' lang='lat' dir='ltr'><strong><em>quid</em></strong></span> <span class='ocrx_word' id='word_1_887' title='bbox 2934 5161 3277 5217; x_wconf 89' lang='lat' dir='ltr'><strong><em>librariorum</em></strong></span> <span class='ocrx_word' id='word_1_888' title='bbox 3318 5161 3534 5216; x_wconf 84' lang='lat' dir='ltr'><strong><em>incuria</em></strong></span> 
     </span>
    </p>
   </div>
   <div class='ocr_carea' id='block_1_113' title="bbox 1961 5231 3477 5302">
    <p class='ocr_par' dir='ltr' id='par_1_113' title="bbox 1961 5231 3477 5302">
     <span class='ocr_line' id='line_1_116' title="bbox 1961 5231 3477 5302; baseline -0.002 -16"><span class='ocrx_word' id='word_1_889' title='bbox 1961 5232 2223 5302; x_wconf 76' lang='lat' dir='ltr'><strong><em>amissum</em></strong></span> <span class='ocrx_word' id='word_1_890' title='bbox 2260 5233 2349 5298; x_wconf 88' lang='lat' dir='ltr'><strong><em>sit,</em></strong></span> <span class='ocrx_word' id='word_1_891' title='bbox 2388 5231 2442 5285; x_wconf 87' lang='lat' dir='ltr'><strong><em>id</em></strong></span> <span class='ocrx_word' id='word_1_892' title='bbox 2469 5242 2734 5302; x_wconf 83' lang='lat' dir='ltr'><strong><em>quantum</em></strong></span> <span class='ocrx_word' id='word_1_893' title='bbox 2771 5249 2822 5285; x_wconf 82' lang='grc' dir='ltr'><strong><em>ιιι</em></strong></span> <span class='ocrx_word' id='word_1_894' title='bbox 2856 5248 2913 5287; x_wconf 86' lang='lat' dir='ltr'><strong><em>se</em></strong></span> <span class='ocrx_word' id='word_1_895' title='bbox 2948 5241 3033 5287; x_wconf 89' lang='lat' dir='ltr'><strong><em>est</em></strong></span> <span class='ocrx_word' id='word_1_896' title='bbox 3060 5231 3477 5302; x_wconf 83' lang='lat' dir='ltr'><strong><em>reprehendere.</em></strong></span> 
     </span>
    </p>
   </div>
   <div class='ocr_carea' id='block_1_114' title="bbox 2038 5301 3534 5372">
    <p class='ocr_par' dir='ltr' id='par_1_114' title="bbox 2038 5301 3534 5372">
     <span class='ocr_line' id='line_1_117' title="bbox 2038 5301 3534 5372; baseline 0.002 -19"><span class='ocrx_word' id='word_1_897' title='bbox 2038 5301 2238 5357; x_wconf 85' lang='lat' dir='ltr'><strong><em>Versus</em></strong></span> <span class='ocrx_word' id='word_1_898' title='bbox 2284 5318 2423 5372; x_wconf 86' lang='lat' dir='ltr'><strong><em>quos</em></strong></span> <span class='ocrx_word' id='word_1_899' title='bbox 2471 5303 2671 5356; x_wconf 86' lang='lat' dir='ltr'><strong><em>multos</em></strong></span> <span class='ocrx_word' id='word_1_900' title='bbox 2719 5302 2906 5356; x_wconf 84' lang='lat' dir='ltr'><strong><em>laudat</em></strong></span> <span class='ocrx_word' id='word_1_901' title='bbox 2955 5301 3208 5357; x_wconf 82' lang='lat' dir='ltr'><strong><em>Clemens</em></strong></span> <span class='ocrx_word' id='word_1_902' title='bbox 3239 5301 3312 5355; x_wconf 90' lang='lat' dir='ltr'><strong><em>ita</em></strong></span> <span class='ocrx_word' id='word_1_903' title='bbox 3348 5302 3534 5356; x_wconf 87' lang='lat' dir='ltr'><strong><em>studui</em></strong></span> 
     </span>
    </p>
   </div>
   <div class='ocr_carea' id='block_1_115' title="bbox 1962 5371 3533 5443">
    <p class='ocr_par' dir='ltr' id='par_1_115' title="bbox 1962 5371 3533 5443">
     <span class='ocr_line' id='line_1_118' title="bbox 1962 5371 3533 5443; baseline -0.001 -16"><span class='ocrx_word' id='word_1_904' title='bbox 1962 5371 2315 5433; x_wconf 76' lang='lat' dir='ltr'><strong><em>constituere.</em></strong></span> <span class='ocrx_word' id='word_1_905' title='bbox 2344 5380 2403 5427; x_wconf 89' lang='lat' dir='ltr'><strong><em>ut</em></strong></span> <span class='ocrx_word' id='word_1_906' title='bbox 2429 5374 2671 5443; x_wconf 79' lang='lat' dir='ltr'><strong><em>exceptis</em></strong></span> <span class='ocrx_word' id='word_1_907' title='bbox 2701 5374 2890 5442; x_wconf 88' lang='lat' dir='ltr'><strong><em>paucis</em></strong></span> <span class='ocrx_word' id='word_1_908' title='bbox 2914 5389 3051 5442; x_wconf 86' lang='lat' dir='ltr'><strong><em>quos</em></strong></span> <span class='ocrx_word' id='word_1_909' title='bbox 3082 5380 3265 5441; x_wconf 87' lang='lat' dir='ltr'><strong><em>aperte</em></strong></span> <span class='ocrx_word' id='word_1_910' title='bbox 3294 5371 3533 5428; x_wconf 86' lang='lat' dir='ltr'><strong><em>viderem</em></strong></span> 
     </span>
    </p>
   </div>
   <div class='ocr_carea' id='block_1_116' title="bbox 1962 5443 3532 5513">
    <p class='ocr_par' dir='ltr' id='par_1_116' title="bbox 1962 5443 3532 5513">
     <span class='ocr_line' id='line_1_119' title="bbox 1962 5443 3532 5513; baseline 0.001 -15"><span class='ocrx_word' id='word_1_911' title='bbox 1962 5458 2083 5513; x_wconf 83' lang='lat' dir='ltr'><strong><em>esse</em></strong></span> <span class='ocrx_word' id='word_1_912' title='bbox 2109 5445 2454 5513; x_wconf 85' lang='lat' dir='ltr'><strong><em>depravatos,</em></strong></span> <span class='ocrx_word' id='word_1_913' title='bbox 2484 5452 2538 5498; x_wconf 89' lang='lat' dir='ltr'><strong><em>et</em></strong></span> <span class='ocrx_word' id='word_1_914' title='bbox 2576 5453 2750 5498; x_wconf 87' lang='lat' dir='ltr'><strong><em>metro</em></strong></span> <span class='ocrx_word' id='word_1_915' title='bbox 2788 5452 2843 5497; x_wconf 87' lang='lat' dir='ltr'><strong><em>et</em></strong></span> <span class='ocrx_word' id='word_1_916' title='bbox 2867 5443 3152 5498; x_wconf 70' lang='lat' dir='ltr'><strong><em>sententia:</em></strong></span> <span class='ocrx_word' id='word_1_917' title='bbox 3183 5451 3357 5513; x_wconf 71' lang='lat' dir='ltr'><strong><em>poeta:</em></strong></span> <span class='ocrx_word' id='word_1_918' title='bbox 3394 5443 3532 5500; x_wconf 85' lang='lat' dir='ltr'><strong><em>satis</em></strong></span> 
     </span>
    </p>
   </div>
   <div class='ocr_carea' id='block_1_117' title="bbox 1963 5512 3533 5584">
    <p class='ocr_par' dir='ltr' id='par_1_117' title="bbox 1963 5512 3533 5584">
     <span class='ocr_line' id='line_1_120' title="bbox 1963 5512 3533 5584; baseline 0.002 -18"><span class='ocrx_word' id='word_1_919' title='bbox 1963 5512 2220 5584; x_wconf 76' lang='lat' dir='ltr'><strong><em>iacerent,</em></strong></span> <span class='ocrx_word' id='word_1_920' title='bbox 2246 5515 2548 5583; x_wconf 77' lang='lat' dir='ltr'><strong><em>praesertim</em></strong></span> <span class='ocrx_word' id='word_1_921' title='bbox 2573 5528 2698 5568; x_wconf 87' lang='lat' dir='ltr'><strong><em>cum</em></strong></span> <span class='ocrx_word' id='word_1_922' title='bbox 2725 5515 2779 5567; x_wconf 89' lang='lat' dir='ltr'><strong><em>in</em></strong></span> <span class='ocrx_word' id='word_1_923' title='bbox 2810 5513 3164 5568; x_wconf 87' lang='lat' dir='ltr'><strong><em>adnotatione</em></strong></span> <span class='ocrx_word' id='word_1_924' title='bbox 3189 5512 3378 5568; x_wconf 88' lang='lat' dir='ltr'><strong><em>critica</em></strong></span> <span class='ocrx_word' id='word_1_925' title='bbox 3409 5530 3533 5584; x_wconf 82' lang='lat' dir='ltr'><strong><em>qua:</em></strong></span> 
     </span>
    </p>
   </div>
   <div class='ocr_carea' id='block_1_118' title="bbox 1961 5583 3532 5653">
    <p class='ocr_par' dir='ltr' id='par_1_118' title="bbox 1961 5583 3532 5653">
     <span class='ocr_line' id='line_1_121' title="bbox 1961 5583 3532 5653; baseline 0.001 -16"><span class='ocrx_word' id='word_1_926' title='bbox 1961 5583 2017 5637; x_wconf 90' lang='lat' dir='ltr'><strong><em>in</em></strong></span> <span class='ocrx_word' id='word_1_927' title='bbox 2046 5584 2201 5639; x_wconf 90' lang='lat' dir='ltr'><strong><em>libris</em></strong></span> <span class='ocrx_word' id='word_1_928' title='bbox 2228 5593 2375 5639; x_wconf 85' lang='lat' dir='ltr'><strong><em>esset</em></strong></span> <span class='ocrx_word' id='word_1_929' title='bbox 2396 5584 2670 5653; x_wconf 89' lang='lat' dir='ltr'><strong><em>scriptura</em></strong></span> <span class='ocrx_word' id='word_1_930' title='bbox 2706 5598 2883 5639; x_wconf 90' lang='lat' dir='ltr'><strong><em>essem</em></strong></span> <span class='ocrx_word' id='word_1_931' title='bbox 2916 5584 3278 5640; x_wconf 88' lang='lat' dir='ltr'><strong><em>indicaturus.</em></strong></span> <span class='ocrx_word' id='word_1_932' title='bbox 3315 5583 3532 5639; x_wconf 35' lang='lat' dir='ltr'><strong><em>Alii’sic</em></strong></span> 
     </span>
    </p>
   </div>
   <div class='ocr_carea' id='block_1_119' title="bbox 1959 5653 3529 5725">
    <p class='ocr_par' dir='ltr' id='par_1_119' title="bbox 1959 5653 3529 5725">
     <span class='ocr_line' id='line_1_122' title="bbox 1959 5653 3529 5725; baseline -0.001 -16"><span class='ocrx_word' id='word_1_933' title='bbox 1959 5664 2114 5710; x_wconf 89' lang='lat' dir='ltr'><strong><em>erant</em></strong></span> <span class='ocrx_word' id='word_1_934' title='bbox 2138 5670 2264 5709; x_wconf 89' lang='lat' dir='ltr'><strong><em>cum</em></strong></span> <span class='ocrx_word' id='word_1_935' title='bbox 2290 5655 2586 5711; x_wconf 87' lang='lat' dir='ltr'><strong><em>Clementis</em></strong></span> <span class='ocrx_word' id='word_1_936' title='bbox 2607 5655 2857 5709; x_wconf 87' lang='lat' dir='ltr'><strong><em>oratione</em></strong></span> <span class='ocrx_word' id='word_1_937' title='bbox 2878 5653 3180 5724; x_wconf 84' lang='lat' dir='ltr'><strong><em>conjuncti,</em></strong></span> <span class='ocrx_word' id='word_1_938' title='bbox 3205 5663 3267 5709; x_wconf 90' lang='lat' dir='ltr'><strong><em>ut</em></strong></span> <span class='ocrx_word' id='word_1_939' title='bbox 3286 5657 3529 5725; x_wconf 88' lang='lat' dir='ltr'><strong><em>separari</em></strong></span> 
     </span>
    </p>
   </div>
   <div class='ocr_carea' id='block_1_120' title="bbox 342 5766 3529 5841">
    <p class='ocr_par' dir='ltr' id='par_1_120' title="bbox 342 5766 3529 5841">
     <span class='ocr_line' id='line_1_123' title="bbox 342 5766 3529 5841; baseline 0.003 -24"><span class='ocrx_word' id='word_1_940' title='bbox 342 5770 418 5841; x_wconf 62' lang='lat' dir='ltr'><strong><em>ta)</em></strong></span> <span class='ocrx_word' id='word_1_941' title='bbox 458 5766 753 5841; x_wconf 61' lang='lat' dir='ltr'><strong><em>Bibliotheca</em></strong></span> <span class='ocrx_word' id='word_1_942' title='bbox 772 5773 1140 5841; x_wconf 51' lang='lat' dir='ltr'><strong><em>socraﬁatrnm</em></strong></span> <span class='ocrx_word' id='word_1_943' title='bbox 1163 5771 1388 5841; x_wconf 69' lang='lat' dir='ltr'><strong><em>Erclesitr</em></strong></span> <span class='ocrx_word' id='word_1_944' title='bbox 1407 5776 1704 5841; x_wconf 45' lang='lat' dir='ltr'><strong><em>Grecorum.</em></strong></span> <span class='ocrx_word' id='word_1_945' title='bbox 1733 5772 1834 5841; x_wconf 80' lang='lat' dir='ltr'><strong><em>Titi</em></strong></span> <span class='ocrx_word' id='word_1_946' title='bbox 1868 5772 2028 5841; x_wconf 62' lang='lat' dir='ltr'><strong><em>Flavii</em></strong></span> <span class='ocrx_word' id='word_1_947' title='bbox 2056 5772 2657 5841; x_wconf 74' lang='lat' dir='ltr'><strong><em>ClementisAlea&#39;andrini</em></strong></span> <span class='ocrx_word' id='word_1_948' title='bbox 2679 5777 2838 5837; x_wconf 88' lang='lat' dir='ltr'><strong><em>Opera</em></strong></span> <span class='ocrx_word' id='word_1_949' title='bbox 2874 5773 3052 5826; x_wconf 85' lang='lat' dir='ltr'><strong><em>omnia.</em></strong></span> <span class='ocrx_word' id='word_1_950' title='bbox 3083 5772 3365 5841; x_wconf 81' lang='lat' dir='ltr'><strong><em>Recognorit</em></strong></span> <span class='ocrx_word' id='word_1_951' title='bbox 3393 5770 3529 5825; x_wconf 68' lang='lat' dir='ltr'><strong><em>Rein-</em></strong></span> 
     </span>
    </p>
   </div>
   <div class='ocr_carea' id='block_1_121' title="bbox 272 5831 2403 5900">
    <p class='ocr_par' dir='ltr' id='par_1_121' title="bbox 272 5831 2403 5900">
     <span class='ocr_line' id='line_1_124' title="bbox 272 5831 2403 5900; baseline 0.002 -17"><span class='ocrx_word' id='word_1_952' title='bbox 272 5831 455 5883; x_wconf 66' lang='lat' dir='ltr'><strong><em>holtlus</em></strong></span> <span class='ocrx_word' id='word_1_953' title='bbox 494 5832 649 5881; x_wconf 68' lang='lat' dir='ltr'><strong><em>iiuna</em></strong></span> <span class='ocrx_word' id='word_1_954' title='bbox 693 5832 886 5896; x_wconf 65' lang='lat' dir='ltr'><strong><em>lipsim,</em></strong></span> <span class='ocrx_word' id='word_1_955' title='bbox 918 5834 1149 5895; x_wconf 72' lang='lat' dir='ltr'><strong><em>issu-5t,</em></strong></span> <span class='ocrx_word' id='word_1_956' title='bbox 1170 5837 1446 5897; x_wconf 79' lang='lat' dir='ltr'><strong><em>sumptibus</em></strong></span> <span class='ocrx_word' id='word_1_957' title='bbox 1468 5838 1522 5886; x_wconf 76' lang='grc' dir='ltr'><strong><em>Ε.</em></strong></span> <span class='ocrx_word' id='word_1_958' title='bbox 1552 5839 1603 5888; x_wconf 86' lang='grc' dir='ltr'><strong><em>Β.</em></strong></span> <span class='ocrx_word' id='word_1_959' title='bbox 1629 5837 1971 5900; x_wconf 79' lang='lat' dir='ltr'><strong><em>Schwirkerti,</em></strong></span> <span class='ocrx_word' id='word_1_960' title='bbox 1998 5839 2155 5899; x_wconf 72' lang='lat' dir='ltr'><strong><em>iit-12,</em></strong></span> <span class='ocrx_word' id='word_1_961' title='bbox 2180 5842 2276 5888; x_wconf 82' lang='lat' dir='ltr'><strong><em>vol.</em></strong></span> <span class='ocrx_word' id='word_1_962' title='bbox 2306 5838 2403 5888; x_wconf 77' lang='lat' dir='ltr'><strong><em>l-l.</em></strong></span> 
     </span>
    </p>
   </div>
  </div>
