3980 6512
253 351 327 409 ss
1102 430 1115 443 ι
1194 303 1218 314 ’
1481 341 1822 402 versanti
1863 336 2281 400 resrmosi‘i
3441 346 3516 400 st

1140 673 1715 770 VETERUM
1793 669 2591 765 TESTIMONIA.

1831 889 1903 906 -

1169 1017 1451 1086 Eusebius,
1496 1017 1808 1074 Ecclesiast.
1853 1017 2061 1072 Hister.
2102 1016 2199 1072 lib.
2230 1033 2304 1082 tv,
2345 1032 2461 1086 cap.
2489 1015 2579 1071 26.

329 1138 532 1195 Τούτου
560 1138 617 1192 δὲ
644 1137 738 1192 τοῦ
758 1135 914 1206 λόγου
935 1123 1216 1208 μέμνηται
1256 1135 1487 1207 Κλήμης
1529 1137 1557 1188 ό
1607 1132 1848 1198 Ἀλεξαν-

2035 1129 2209 1200 llujus
2258 1141 2438 1186 autem
2498 1131 2618 1185 libri
2679 1141 2826 1186 ment
2852 1145 3011 1186 onem
3071 1132 3202 1189 facit
3257 1133 3518 1191 Clemens

250 1235 419 1307 δρεὺς
446 1235 504 1286 ἐν
537 1231 651 1302 ίδίῳ
681 1230 816 1302 Περὶ
835 1229 930 1284 τοῦ
955 1229 1146 1302 Πάσχα
1174 1230 1336 1300 λόγῳ,
1365 1229 1423 1282 δν
1443 1227 1504 1293 ὲξ
1530 1227 1710 1292 αίτίας
1735 1227 1836 1298 τῆς

251 1325 353 1378 τοῦ
384 1324 692 1387 Μελίτωνος
722 1321 943 1395 γραφῆς
971 1323 1133 1395 φησιν
1162 1322 1350 1377 ἑαυτὸν
1381 1320 1654 1386 συντάξαι.

1939 1221 2343 1277 Alexandrinus
2379 1222 2433 1275 in
2457 1237 2621 1291 opere
2644 1236 2748 1276 suo
2775 1221 2851 1276 De
2875 1221 3169 1291 Paschate;
3216 1227 3360 1296 quod
3390 1225 3515 1296 qui-

1939 1316 2060 1370 dem
2088 1325 2149 1369 ut
2175 1316 2571 1381 conscriberet,
2605 1314 2877 1372 Melitonis
2907 1317 3106 1373 librum
3154 1334 3376 1374 causam
3408 1319 3513 1374 sibi

1940 1405 2241 1477 praebuisse
2263 1413 2518 1461 testatur.

1481 1524 1652 1595 Idem,
1685 1527 1815 1582 ibid.
1847 1524 1942 1580 lib.
1973 1541 2027 1591 v,
2055 1541 2170 1594 cap.
2202 1523 2292 1578 li.

330 1646 491 1701 Κατὰ
518 1645 708 1703 τοῦτον
736 1645 861 1719 (τὸν
888 1646 1218 1718 Πάνταινον)
1241 1649 1362 1710 ταῖς
1389 1644 1560 1709 θείαις
1606 1647 1843 1718 γραφαῖς

260 1740 533 1793 συνασκού
542 1756 698 1811 μενος
713 1740 801 1793 ἐπ’
835 1739 1238 1812 Ἀλεξανδρείας
1256 1737 1581 1810 ὲγνωρίζετο
1592 1737 1842 1809 Κλήμης,

253 1830 552 1902 ὁμώνυμος
578 1831 655 1902 τῷ
675 1831 856 1886 ’πάλαι
885 1833 983 1902 τῆς
1024 1833 1308 1902 Ῥωμαίων
1360 1830 1684 1904 Ἐκκλησίας
1709 1834 1845 1903 ἡγη-

264 1923 488 1994 σαμένῳ
516 1927 742 1995 φοιτητῇ
774 1923 880 1977 τῶν
909 1925 1247 1977 ἀποστόλων
1279 1924 1339 1988 ὃς
1367 1924 1429 1996 δὴ
1457 1921 1552 1978 καὶ¹
1587 1924 1846 1994 ὀνομαστὶ

260 2016 320 2067 ὲν
352 2009 444 2078 αἷς
473 2015 760 2080 συνέταξεν
801 2009 1302 2078 Ὑποτυπὼσεσιν,
1330 2017 1406 2079 ὼς
1434 2015 1500 2070 ἂν
1528 2015 1843 2068 διδασκάλου

258 2106 370 2160 τοῦς
386 2107 687 2161 Πανταίνου
735 2107 1027 2178 μέμνηται.
1077 2106 1279 2160 Τοῦτον
1319 2093 1374 2160 δὲ
1401 2107 1563 2160 αύτδν
1601 2107 1695 2160 καὶ
1737 2106 1844 2160 τῶν

259 2199 658 2268 Στρωματέων
686 2200 743 2256 ἐν
762 2198 962 2271 πρώτῳ
990 2199 1381 2271 συγγράμματι
1398 2198 1724 2253 αἰνίττεσθαί
1755 2216 1846 2270 μοι

258 2291 428 2353 δοκεῖ,
459 2293 546 2345 ὅτε
575 2293 701 2356 τοὺς
728 2291 1164 2364 ὲμφανεστέρους
1179 2289 1248 2365 ἦς
1266 2291 1589 2362 κατείληφεν
1617 2292 1848 2344 ἀποστο-

262 2383 424 2453 λικῆς
443 2383 689 2454 διαδοχῆς
718 2383 1228 2454 ὲπισημαινόμενος,
1262 2382 1434 2436 ταῦτά
1480 2399 1670 2453 φησιν’
1707 2383 1844 2454 Ἤδη

252 2475 323 2528 δὲ
347 2477 412 2528 ού
441 2477 625 2547 γραφὴ
655 2477 736 2538 είς
762 2473 1019 2540 ἐπίδειξιν
1061 2474 1464 2544 τετεχνασμένη
1502 2473 1595 2547 ἥδε
1625 2475 1659 2545 ὴ
1704 2489 1847 2545 πρα-

261 2569 504 2638 γματεία
527 2584 541 2598 ο
570 2567 708 2621 ἀλλά
739 2583 830 2638 μοι
859 2567 1228 2638 ὑπομνήματα
1257 2569 1338 2630 εἰς
1381 2567 1555 2637 γῆρας
1596 2565 1852 2637 θησαυρί-

2014 1642 2264 1697 Clemens
2307 1641 2523 1712 gentilis
2572 1641 2718 1698 illius
2753 1642 3072 1710 Clementis,
3103 1645 3196 1716 qui
3242 1645 3518 1716 apostolo-

1943 1751 2063 1789 rum
2095 1733 2395 1804 discipulus
2432 1742 2579 1796 erat,
2615 1750 2680 1790 ac
2711 1733 3084 1790 Romanorum
3129 1736 3258 1790 olim
3301 1743 3518 1790 rexerat

1944 1826 2267 1892 Ecclesiam,
2304 1826 2642 1894 temporibus
2670 1824 2936 1892 Pantaeni,
2964 1826 3122 1896 cujus
3153 1842 3316 1897 Opera
3346 1827 3401 1881 in
3428 1842 3519 1881 sa-

1943 1919 2052 1973 cris
2083 1919 2281 1973 litteris
2313 1917 2603 1984 educatus,
2634 1917 2974 1988 multumque
3015 1919 3347 1973 exercitatus
3375 1928 3516 1982 erat,

1947 2011 2293 2066 Alexandria:
2353 2011 2636 2066 hominum
2694 2011 2837 2065 fama
2888 2021 2945 2065 et
2995 2011 3521 2066 commemoratione

1945 2103 2176 2157 multum
2210 2103 2532 2158 nobilitatus
2556 2112 2668 2168 est;
2703 2102 2795 2173 qui
2823 2103 3042 2172 quidem
3075 2103 3128 2156 in
3159 2103 3316 2157 libris
3350 2104 3521 2157 ’Υποο

1939 2195 2269 2250 τυπώσεων
2301 2196 2370 2250 ab
2409 2195 2530 2265 ipso
2573 2195 2913 2264 compositis,
2945 2194 3271 2248 nominatim
3313 2210 3516 2266 prace-

1947 2286 2122 2357 ptoris
2153 2286 2238 2342 sui
2253 2285 2496 2340 Pantami
2527 2287 2862 2340 mentionem
2887 2285 3035 2340 facit.
3063 2285 3234 2352 Quem
3269 2286 3430 2340 etiam
3465 2287 3520 2340 in

1949 2377 2126 2446 primo
2164 2377 2306 2431 libro
2333 2374 2665 2429 Stromatum
2706 2375 2922 2430 videtur
2977 2376 3244 2444 innuisse,
3275 2378 3366 2430 ubi
3397 2393 3524 2431 cer-

1955 2478 2043 2524 tos
2072 2458 2342 2540 quosdam
2383 2469 2528 2525 viros
2570 2469 2867 2539 apostolica
2898 2470 3149 2524 doctrina
3177 2470 3360 2540 (quam
3407 2471 3524 2540 ipse

1949 2560 2020 2615 ab
2064 2563 2172 2618 illis
2213 2560 2529 2631 acceperat)
2577 2576 2702 2616 cum
2745 2561 2937 2632 primis
2967 2562 3204 2618 eximios
3253 2572 3524 2625 recenset,

262 2659 443 2724 ζεται,
473 2659 643 2731 λήθης
671 2659 980 2730 φάρμακον,
1015 2657 1229 2712 εἴδωλον
1275 2657 1516 2728 ἀτεχνῶς
1560 2659 1656 2711 καὶ
1699 2675 1851 2711 σκια-

1960 2653 2040 2708 his
2075 2653 2301 2710 verbis:
2343 2655 2493 2710 Istud
2536 2671 2566 2709 a
2609 2671 2696 2710 me
2734 2655 2848 2726 jam
2884 2656 3192 2712 institutum
3237 2675 3377 2732 opus
3415 2676 3524 2712 non

263 2751 477 2822 γραφία
495 2751 602 2804 τῶν
629 2750 875 2822 ἐναργῶν
903 2751 997 2804 καὶ
1026 2749 1282 2822 ἐμψύχων
1311 2749 1534 2802 ἐκείνων
1576 2742 1652 2803 ὧν
1684 2767 1850 2822 κατη-

265 2842 470 2914 ξιώθην
497 2843 728 2896 ἀκοῦσαι
747 2843 921 2912 λόγων
943 2860 1003 2896 τε
1049 2843 1144 2898 καὶ
1178 2841 1385 2914 ἀνδρῶν
1434 2841 1716 2912 μακαρίων
1757 2842 1853 2895 καὶ

263 2935 347 3006 τῷ
377 2935 490 2987 δντι
510 2933 820 3002 ἀξιολόγων.
852 2933 1068 2986 Τούτων
1094 2933 1122 2985 ὁ
1154 2931 1272 3002 μὲν,
1307 2931 1400 2984 ἐπὶ
1430 2931 1530 3002 τῆς
1579 2929 1850 2992 Ἑλλάδος,

263 3027 297 3078 ό
341 3025 577 3088 Ἰωνικός
596 3042 610 3055 ο
641 3027 670 3079 ό
695 3025 773 3089 δὲ,
796 3025 888 3078 ἐπὶ
912 3023 1014 3095 τῆς
1042 3023 1281 3095 μεγάλης
1309 3021 1558 3086 Ἑλλάδος
1577 3037 1591 3051 ⁸
1625 3021 1723 3092 τῆς
1742 3019 1849 3074 κοί-

266 3118 370 3187 λης
398 3119 595 3189 ἅτερος
619 3117 799 3172 αὐτῶν
829 3117 1030 3189 Συρίας
1055 3111 1124 3187 ἦν
1146 3132 1160 3146 ο
1195 3117 1224 3168 ὁ
1255 3115 1310 3168 δὲ
1335 3155 1349 3178 ,
1396 3115 1490 3168 ἀπ’
1533 3112 1809 3183 Αίγύπτου
1833 3127 1847 3143 ·

263 3211 418 3266 ἄλλοι
445 3210 522 3274 δὲ,
542 3209 647 3265 ἀνὰ
670 3209 1085 3284 τὴνᾎνατολήν·
1111 3207 1203 3262 καὶ
1227 3207 1428 3277 ταύτης
1455 3207 1484 3258 ό
1502 3205 1598 3277 μέν
1625 3221 1728 3268 τις,
1745 3202 1853 3257 τῶν

281 3299 582 3368 ’Δσσυρίων
603 3315 617 3328 ·
650 3299 678 3350 ὁ
707 3298 784 3362 δὲ,
814 3299 871 3351 ὲν
899 3300 965 3369 τῇ
998 3295 1351 3369 Παλαιστίνῃ,
1396 3296 1642 3367 Ἐϐραῖος
1660 3294 1854 3348 ἀνέκα-

269 3390 384 3444 θεν.
429 3391 674 3463 ’Υστάτῳ
709 3390 766 3444 δὲ
795 3388 1130 3462 περιτυχών·
1163 3389 1390 3460 δυνάμει
1417 3387 1473 3442 δὲ
1515 3387 1624 3460 ἄρα
1641 3385 1854 3459 πρῶτος

267 3479 342 3555 ἦν
358 3501 371 3514 ·
391 3484 786 3554 ἀνεπαυσάμην
805 3484 863 3536 ὲν
882 3482 1140 3553 Αἰγύπτῳ
1156 3481 1398 3556 θηράσας
1412 3479 1689 3550 λεληθότα.
1717 3478 1853 3532 Ἀλλ’

269 3577 326 3628 οἱ
356 3576 473 3648 μὲν,
493 3577 594 3649 τὴν
623 3575 795 3647 ἀληθῆ
829 3575 929 3646 τῆς
961 3565 1238 3646 μακαρίας
1277 3571 1621 3635 διδασκαλίας
1660 3570 1856 3636 σώζον-

274 3684 376 3730 τες
403 3668 721 3740 παράδοσιν,
749 3666 910 3730 εὐθὺς
939 3666 1047 3720 ἀπὸ
1075 3666 1284 3738 Πέτρου
1325 3681 1385 3718 τε
1426 3663 1519 3720 καὶ
1574 3661 1854 3727 Ἰακώϐου,

292 3759 538 3813 Ἰωάννου
565 3776 626 3812 τε
653 3759 747 3812 καὶ
772 3758 986 3811 Παύλου
1020 3757 1128 3811 τῶν
1159 3757 1327 3826 άγίων
1348 3755 1662 3810 ἀποστόλων
1681 3793 1697 3817 ,
1729 3756 1856 3818 παῖς

273 3850 440 3922 παρὰ
484 3849 684 3923 πατρὸς
726 3851 1083 3922 ἐκδεξάμενος
1103 3866 1119 3882 ο
1175 3849 1344 3918 ὀλίγοι
1389 3848 1446 3901 δὲ
1489 3849 1540 3902 οἱ
1586 3846 1857 3918 πατράσιν

276 3946 466 4016 ὅμοιοι
489 3962 503 3976 °
533 3939 662 4018 ἧκον
687 3944 754 4016 δὴ
784 3945 882 3998 σὺν
911 3943 1031 4014 Θεῷ
1059 3943 1152 3997 καὶ
1184 3943 1262 4006 είς
1291 3942 1438 4014 ἡμᾶς
1463 3940 1530 3994 τὰ
1559 3939 1857 4013 προγονικὰ

274 4040 465 4094 ἐκεῖνα
490 4040 583 4092 καὶ
611 4037 944 4092 άποστολικὰ
969 4033 1434 4106 κατασθησόμενοι
1476 4032 1785 4103 σπέρματα.

1950 2753 2033 2799 est
2063 2754 2210 2800 certe
2238 2761 2376 2815 opus
2411 2746 2710 2802 artiﬁciose
2739 2747 2808 2803 ad
2838 2748 3057 2804 inanem
3099 2752 3524 2805 ostentationem

1950 2837 2327 2902 elaboratum,
2369 2838 2462 2892 sed
2505 2848 2765 2908 tanquam
2813 2843 3242 2897 commentarius
3281 2843 3348 2897 ad
3388 2843 3527 2898 obli-

1952 2927 2127 2981 vionis
2167 2927 2418 2980 morbum
2459 2929 2767 2982 curandum
2801 2929 2857 2984 in
2886 2945 3156 2984 summam
3189 2941 3526 2986 seneitutem

1949 3019 2262 3087 repositus,
2319 3018 2678 3073 simulacrum
2727 3019 2887 3091 plane
2927 3030 2981 3076 et
3022 3022 3371 3076 adumbratio
3416 3040 3526 3076 non

1952 3111 2117 3165 modo
2134 3109 2370 3165 cllicacis
2399 3109 2546 3164 illius
2567 3119 2623 3165 et
2648 3111 2820 3182 plena:
2841 3113 3037 3183 spiritu
3055 3129 3118 3167 ac
3138 3115 3241 3168 vita
3265 3115 3530 3172 doctrina:

1952 3219 2120 3274 quam
2173 3203 2308 3257 mihi
2366 3197 2695 3258 concessum
2743 3214 2828 3258 est
2875 3206 3097 3272 audire;
3132 3222 3320 3262 verum
3362 3209 3527 3262 etiam

1953 3296 2237 3351 beatorum
2294 3297 2616 3363 hominum,
2679 3312 2772 3366 qui
2840 3309 2970 3352 sunt
3035 3301 3281 3354 omnium
3339 3317 3530 3356 revera

1955 3387 2241 3458 praeconiis
2267 3388 2463 3443 merito
2495 3388 2830 3444 celebrandi.
2865 3387 3110 3456 Quorum
3139 3406 3283 3445 unus
3313 3389 3534 3446 Ionicus

1941 3494 2188 3547 genere,
2239 3479 2292 3532 in
2326 3479 2532 3535 Graecia
2578 3479 2748 3547 vixit;
2797 3481 2934 3534 alter
2981 3497 3235 3552 magnam
3265 3481 3531 3540 Grzeciam

1957 3571 2222 3639 incoluit;
2257 3573 2394 3628 alter
2421 3575 2473 3626 in
2499 3573 2796 3645 leesyria
2826 3583 3010 3640 natus,
3046 3575 3246 3630 ibidem
3278 3591 3532 3632 commo-

1955 3672 2110 3718 ratus
2153 3673 2277 3730 est;
2337 3665 2476 3720 alter
2519 3682 2587 3720 ex
2615 3665 2852 3738 Egypto
2904 3668 3172 3724 oriundus
3235 3667 3377 3734 fuit;
3439 3669 3536 3724 alii

1956 3753 2239 3810 Orientem
2271 3756 2520 3810 doctrina
2561 3757 2877 3827 evangelica
2920 3757 3235 3812 imbuerunt
3263 3772 3536 3827 :quorum

1957 3862 2102 3902 unus
2133 3863 2199 3902 ex
2224 3847 2466 3918 Assyriis
2495 3857 2796 3918 prognatus
2826 3858 2930 3914 est,
2977 3848 3120 3902 alius
3162 3850 3218 3902 in
3248 3847 3536 3905 Palaestina

1958 3941 2180 4009 antiqua
2216 3939 2568 3995 Hebraeorum
2605 3942 2775 4010 stirpe
2816 3942 3018 3996 editus.
3051 3940 3116 3996 Et
3144 3957 3269 3997 eum
3310 3940 3534 3995 demum

1885 4015 1931 4076 (ἶ
1962 4033 2081 4103 ipse
2121 4032 2398 4087 hominem
2450 4034 2504 4086 in
2531 4031 2770 4104 Egypto
2832 4034 3226 4089 delitescenten
3271 4033 3537 4104 vestigas-

273 4148 428 4196 sem,
477 4132 644 4202 inque
685 4147 811 4187 eum
839 4139 1176 4202 postremum
1213 4127 1549 4192 incidissem,
1581 4129 1675 4198 qui
1698 4127 1902 4182 virtute
1945 4136 1998 4183 et
2037 4127 2288 4184 doctrina
2331 4137 2449 4183 erat
2489 4144 2546 4183 re
2585 4129 2702 4199 ipsa
2734 4129 2978 4182 omnium
3022 4129 3264 4198 primus,
3318 4129 3535 4182 tandem

275 4243 406 4283 cum
470 4227 566 4282 illo
627 4225 933 4298 conquievi.
983 4225 1161 4296 Atque
1224 4224 1316 4279 isti
1355 4238 1540 4278 veram
1593 4232 1961 4278 sacrosanctae
2033 4222 2301 4277 doctrina:
2357 4222 2726 4288 traditionem,
2776 4238 2940 4292 quam
2987 4223 3356 4280 successionis
3396 4222 3538 4276 serio

277 4320 350 4374 ab
374 4321 509 4390 ipsis
541 4336 715 4392 usque
741 4321 950 4377 sanctis
976 4319 1258 4390 apostolis.
1284 4317 1470 4381 Petro,
1504 4316 1731 4384 Jacobo,
1761 4318 1973 4374 Joanne
2003 4327 2058 4374 et
2086 4316 2258 4372 Paulo
2291 4317 2548 4383 deducta,
2580 4318 2726 4370 velut
2756 4317 2900 4372 [ilius
2936 4333 2967 4371 a
3005 4325 3158 4388 patre
3191 4323 3538 4388 acceperant,

277 4415 405 4471 licet
427 4416 591 4487 pauci
640 4430 870 4471 numero
912 4416 1094 4487 (pauci
1133 4415 1280 4470 enim
1318 4423 1446 4469 sunt
1477 4413 1725 4484 patribus
1751 4413 1980 4484 similes)
2007 4413 2228 4468 assidue
2270 4421 2680 4474 conservantes,
2709 4411 2775 4466 ad
2815 4420 3061 4468 nostram
3094 4420 3307 4466 aetatem
3341 4426 3537 4480 usque.

277 4512 460 4567 divina
498 4514 719 4568 favente
745 4513 1056 4580 clementia,
1087 4513 1254 4568 vitam
1283 4519 1678 4582 propagarunt,
1704 4527 1814 4582 quo
1845 4511 2070 4581 antiqua
2102 4510 2194 4566 illa
2235 4519 2290 4565 et
2319 4509 2617 4581 apostolica
2647 4508 2910 4564 doctrinae
2938 4508 3208 4579 przedictae
3240 4507 3448 4564 semina
3483 4507 3538 4560 in

281 4605 484 4660 animis
516 4606 724 4661 nostris
751 4606 1070 4661 insererent.
2455 4619 2464 4626 ‘

1493 4697 1665 4766 Idem,
1704 4700 1836 4756 ibid.
1878 4699 1971 4754 lib.
2008 4714 2060 4766 v,
2101 4715 2218 4768 cap.
2247 4697 2338 4753 28.

352 4808 462 4866 Ἦν
492 4811 536 4865 δ’
560 4811 626 4866 ἂν
653 4811 813 4882 τυχὸν
844 4810 1066 4865 πιθανὸν
1085 4810 1144 4864 τὸ
1165 4809 1456 4882 λεγόμενον
1475 4848 1490 4873 ,
1523 4813 1572 4865 εί
1603 4809 1678 4881 μὴ
1710 4810 1862 4882 πρῶ-

277 4922 380 4958 τον
402 4907 498 4976 μὲν
525 4905 855 4958 ἀντέπιπτον
880 4905 1062 4967 αὐτοῖς
1081 4905 1139 4956 αἱ
1169 4901 1307 4958 θεῖαι
1328 4901 1539 4974 Γραφαί
1555 4919 1569 4932 ·
1595 4901 1691 4956 καὶ
1713 4902 1866 4958 ἀδελ-

281 4997 406 5066 φῶν
437 4996 491 5050 δέ
521 5013 681 5049 τινων
703 4996 820 5049 ἐστὶ
849 4995 1151 5066 γράμματα
1180 4993 1523 5066 πρεσϐύτερα
1552 4992 1660 5046 τῶν
1679 4993 1866 5046 Βίκτο-

283 5105 384 5160 ρος
401 5088 629 5159 χρόνων,
650 5086 685 5140 ἃ
706 5087 902 5140 ἐκεῖνοι
924 5088 1060 5158 πρὸς
1082 5087 1150 5140 τὰ
1165 5085 1292 5157 ἔθνη
1317 5085 1458 5156 ὑπὲρ
1475 5085 1573 5154 τῆς
1588 5085 1863 5156 ἀληθείας,

278 5179 383 5233 καὶ
416 5178 553 5251 πρὸς
580 5177 680 5241 τάς
696 5177 818 5230 τότε
847 5179 1086 5250 αἱρέσεις
1129 5177 1388 5249 ἔγραψαν.
1433 5176 1591 5244 Λέγω
1635 5177 1692 5230 δὲ
1740 5179 1867 5231 ἰου-

280 5270 472 5323 στίνου
505 5272 599 5324 καὶ
637 5271 930 5324 Μιλτιάδου
967 5274 1062 5326 καὶ
1093 5271 1356 5325 Τατιανοῦ
1390 5271 1484 5324 καλ⁸
1527 5269 1863 5341 Κλήμεντος,

277 5363 384 5415 καὶ
417 5362 618 5435 ἑτάρων
647 5363 904 5418 πλειόνων
935 5365 992 5418 ὲν
1017 5362 1099 5429 οἷς
1128 5367 1296 5420 ἅπασι
1317 5363 1642 5433 θεολογείται
1671 5365 1701 5416 ὁ
1732 5365 1868 5436 Χρι-

280 5448 433 5512 στός.

2040 4811 2119 4864 Ac
2147 4809 2379 4864 fortasse
2414 4809 2467 4864 id
2495 4809 2639 4880 quod
2670 4809 2895 4874 dicunt,
2941 4807 3206 4864 credibile
3243 4807 3542 4869 videretur,

1969 4901 2078 4956 nisi
2103 4901 2184 4957 eis
2214 4901 2625 4973 refragarentur
2657 4901 2892 4972 primum
2917 4900 3136 4970 quidem
3166 4900 3364 4954 divinae
3391 4898 3542 4953 Scri-

1967 5003 2177 5064 pturae;
2209 4995 2406 5049 deinde
2430 4993 2663 5049 fratrum
2697 4994 3062 5064 quorumdam
3105 4993 3331 5062 scripta,
3358 4989 3544 5045 Victo-

1969 5083 2048 5139 ris
2081 5091 2239 5140 setate
2283 5084 2618 5154 antiquiora,
2663 5099 2786 5153 qua:
2827 5081 2905 5135 illi
2959 5081 3223 5135 adversus
3265 5086 3452 5149 gentes
3489 5085 3546 5131 et

1969 5185 2163 5231 contra
2203 5175 2290 5230 sui
2328 5177 2589 5245 temporis
2631 5172 2919 5230 haereticos
2951 5187 3052 5242 pro
3079 5170 3321 5227 veritatis
3357 5167 3544 5223 delen-

1971 5265 2128 5320 sione
2161 5266 2520 5334 scripserunt.
2551 5263 2826 5319 Justinum
2855 5262 3124 5330 intelligo,
3149 5267 3202 5312 et
3223 5257 3544 5324 Miltiadem,

1971 5366 2026 5410 et
2064 5356 2389 5422 Tatianum,
2431 5374 2494 5413 ac
2523 5357 2880 5420 Clementem,
2927 5354 3176 5421 aliosque
3206 5350 3548 5420 quampluri-

1973 5463 2128 5516 mos;
2175 5449 2230 5503 in
2256 5465 2491 5520 quorum
2538 5449 2786 5504 omnium
2839 5447 2993 5500 libris
3023 5443 3232 5499 Christi
3285 5442 3548 5498 divinitas

1901 5539 1945 5594 D
1974 5541 2261 5596 astruitur.
2304 5613 2306 5616 ν

1403 5659 1574 5729 Idem,
1614 5661 1748 5716 ibid.
1789 5659 1884 5713 lib.
1913 5672 1988 5724 γι,
2027 5673 2144 5726 cap.
2175 5657 2244 5710 13
2271 5666 2320 5710 et
2345 5655 2432 5709 14.

359 5771 471 5827 Τοῦ
498 5772 557 5829 δδ
576 5773 894 5848 Κλήμεντος
911 5777 1272 5848 Στρωματεῒς
1287 5778 1337 5831 οί
1362 5777 1561 5842 πάντες
1575 5776 1718 5830 ὀκτὼ
1735 5793 1809 5829 πα
1818 5777 1862 5846 ρ’

282 5870 423 5938 ἡμῖν
455 5867 715 5936 σώζονται
733 5887 747 5903 ο
783 5870 876 5937 οὓς
893 5873 986 5926 καὶ
1011 5870 1264 5946 τοιαύτης
1282 5871 1512 5946 ἠξίωσεν
1532 5870 1862 5944 ὲιιτιγροιῖίπιτις⁸

2041 5771 2338 5828 Clementis
2377 5784 2569 5826 omnes
2611 5779 2736 5825 octo
2779 5769 2904 5824 libri
2942 5767 3328 5839 Στρωματεῖς,
3370 5766 3422 5822 id
3463 5773 3549 5822 est

1978 5868 2122 5925 varie
2173 5863 2432 5936 contexti,
2477 5861 2624 5936 apud
2667 5876 2768 5918 nos
2817 5859 3013 5934 integri
3071 5866 3378 5926 servantur,
3405 5871 3548 5928 quos
