3980 6562
498 353 572 411 35
1690 358 2010 417 CLEMENS
2039 357 2603 419 -A—I.EXANDRINUS.
2778 403 2791 411 .
3314 368 3317 371 ·
3682 371 3757 429 εσ

498 470 594 527 tali
617 466 978 541 inscriptione
1009 474 1233 529 donavit
1255 472 1399 541 :jTiti
1417 472 1593 530 Flavii
1621 475 1900 531 Clementis
1929 491 2053 530 ccm

2182 475 2352 531 Τίτου
2392 477 2656 531 Φλαυίου
2690 478 3037 549 [maiust-tog
3060 482 3177 538 τῶν
3215 483 3364 540 κατὰ
3402 483 3517 555 τὴν
3552 486 3755 559 ἀληθῆ

501 563 761 616 mentaria
788 564 1186 633 Στρωματεῖς,
1218 565 1322 621 hoc
1365 576 1449 621 est
1496 567 1648 620 varia
1695 568 1900 622 ratione
1949 584 2073 620 con-

501 655 652 718 texti,
684 655 788 726 'qui
836 655 1178 726 multiplicem
1226 675 1359 713 vero:
1393 675 1455 713 ac
1491 659 1686 715 divina:
1728 660 2073 732 philosophice

499 749 852 820 cognitionem
920 750 1358 819 complectuntur.
1421 751 1671 817 Totidem
1735 754 1901 809 etiam
1948 754 2068 809 lib:-i

498 850 630 897 sunt
659 841 727 895 ab
764 857 831 895 co
871 842 1026 908 editi,
1068 843 1162 913 qui
1196 845 1661 911 ’Υποτυπώσεις,
1698 846 1751 899 id
1776 854 1860 900 est
1884 843 2068 917 Infor-

496 932 778 998 mationes,
798 932 1206 1002 inscribuntur;
1231 935 1283 989 in
1310 935 1511 1005 quibus
1535 934 1847 991 Pantamum
1876 937 2068 992 docto-

497 1037 612 1076 rem
638 1030 691 1077 et
714 1022 1034 1094 magistrum
1061 1042 1221 1082 suum
1271 1026 1594 1083 nominatim
1624 1038 1917 1092 memorat,
1943 1045 2065 1084 cum
2110 1031 2119 1045 '

493 1109 934 1171 Commentarios
957 1116 1086 1187 ejus
1136 1117 1192 1172 in
1235 1133 1423 1174 sacras
1464 1120 1675 1176 litteras
1710 1121 2065 1183 recensendo,

492 1217 608 1262 tum
629 1210 959 1266 traditiones
987 1211 1151 1266 etiam
1176 1212 1538 1283 explanando.
1565 1213 1661 1270 Est
1682 1214 1803 1284 ejus
1830 1216 1970 1271 liber
1999 1218 2066 1272 ad

492 1300 721 1370 gentiles
746 1300 1118 1356 ‘Hortatorius.
1169 1302 1304 1359 Tres
1350 1304 1504 1370 item,
1547 1307 1643 1375 qui
1688 1306 2068 1364 inscribuntur

489 1392 842 1464 Pwdagogus.
870 1393 1045 1459 Alius,
1078 1395 1238 1466 cujus
1264 1396 1455 1451 titulus
1481 1397 1562 1452 sic
1593 1397 1786 1452 habet:
1807 1396 2066 1464 Quisnam

487 1487 633 1542 dives
664 1487 754 1540 ille
779 1488 869 1552 sit,
893 1488 983 1557 qui
1025 1488 1278 1542 salvetur.
1335 1487 1411 1542 De
1434 1488 1701 1544 Paschate
1735 1489 1875 1545 liber
1899 1506 2063 1546 unus.

486 1578 888 1650 Disputationes
936 1580 1001 1633 de
1025 1580 1253 1650 jejunio.
1306 1580 1469 1637 Liber
1498 1581 1932 1638 Obtrectationis.
1966 1582 2064 1640 Est

484 1679 749 1739 praeterea
768 1669 913 1725 'liber
928 1670 975 1740 ej
985 1686 1046 1725 us
1065 1669 1411 1726 Hortatorius
1439 1672 1505 1727 ad
1523 1673 1860 1743 patientiam.
1876 1674 2057 1742 Alius,

485 1760 571 1815 Ad
602 1778 768 1831 nuper
793 1756 1123 1832 baptizatos.
1169 1762 1326 1819 Alius
1351 1764 1445 1834 qui
1492 1776 1840 1836 nuncupatur
1879 1765 2061 1822 Conon

483 1850 895 1919 ecclesiasticus,
925 1853 1038 1910 sive
1055 1863 1241 1910 contra
1265 1871 1359 1910 eos
1381 1856 1474 1926 qui
1490 1854 1803 1913 Iudaeorum
1822 1873 2061 1928 sequun-
2092 1846 2135 1900 Β

484 1955 575 2018 tur
610 1960 887 2012 errorem;
937 1961 1100 2015 quem
1146 1946 1404 2016 episcopo
1448 1946 1791 2014 Alexandro,
1840 1950 1905 2004 de
1949 1965 2059 2020 quo

483 2054 646 2109 supra
675 2040 836 2094 verba
874 2032 1135 2105 fecimus,
1175 2038 1467 2095 dedicavit.
1509 2038 1565 2093 lu
1603 2040 1758 2096 libris
1782 2044 2056 2112 Στρωμα-

481 2130 651 2193 τέων,
710 2147 819 2186 non
874 2130 1039 2186 modo
1092 2132 1396 2187 sententias
1447 2147 1514 2187 ex
1566 2146 1724 2188 sacra
1776 2132 2054 2203 Scriptura

482 2223 742 2278 collectas
780 2222 1027 2293 disperso
1071 2223 1295 2289 intexit;
1329 2223 1423 2278 sed
1469 2218 1634 2278 etiam
1678 2240 1745 2279 ex
1775 2225 2055 2295 gentilium

408 2386 409 2391 η
480 2316 811 2387 scriptorum
857 2316 1035 2382 libris,
1069 2317 1114 2373 si
1142 2317 1271 2387 quid
1301 2318 1371 2372 ab
1400 2317 1506 2371 illis
1534 2319 1823 2371 commodo
1849 2317 2053 2372 dictum

482 2410 750 2477 videatur,
779 2406 968 2477 sumit,
997 2425 1119 2464 cum
1160 2405 1475 2465 'Graacorum
1518 2408 1685 2463 simul
1711 2419 1762 2465 et
1794 2410 2056 2465 barbaro-

478 2518 603 2557 rum
649 2502 981 2573 0piniones,
1034 2518 1156 2573 qua:
1204 2503 1347 2573 apud
1398 2502 1600 2558 multos
1640 2502 1857 2573 iactatae
1904 2508 2051 2562 sunt.

477 2595 777 2666 aperiendo
830 2608 847 2648 ‘:
896 2604 1013 2650 tum
1057 2595 1224 2650 falsos
1278 2604 1330 2650 et
1385 2595 1787 2652 commentitios
1841 2607 2055 2651 errares

479 2701 694 2753 corum,
732 2687 825 2757 qui
858 2687 1002 2740 inter
1029 2686 1322 2742 haereticos
1348 2687 1652 2758 principem
1687 2687 1867 2742 locum
1915 2686 2055 2741 obti-

478 2775 704 2843 nebant,
742 2772 1130 2843 coarguendo;
1164 2775 1403 2846 denique
1441 2777 1882 2847 explanationem
1916 2776 2055 2831 mul-

477 2867 679 2938 tiplicis
716 2868 1000 2935 doctrinze,
1051 2876 1106 2923 et
1149 2868 1455 2924 litterarum
1494 2871 1763 2941 cujusque
1818 2870 2051 2942 generis,

477 2961 624 3017 unde
674 2962 897 3032 copiosa
944 2960 1174 3018 materia
1226 2964 1387 3019 nobis
1441 2965 1681 3034 suppetit
1725 2964 2048 3034 prudentiae.

476 3063 605 3109 ante
636 3053 834 3110 oculos
872 3049 1101 3109 lectoris
1136 3053 1412 3124 proponit.
1461 3053 1639 3124 Atque
1672 3054 1756 3109 his
1778 3053 2051 3109 universis

476 3145 926 3218 pliilosophoz‘mn
965 3145 1219 3216 dogmata
1255 3145 1569 3201 admiscuit.
1610 3143 1764 3200 Unde
1802 3155 1908 3200 non
1935 3146 2053 3200 sine
2079 3184 2121 3242 Ο

474 3254 667 3307 causa.
692 3237 1109 3308 inscriptionem
1154 3239 1337 3308 operis
1377 3246 1701 3308 argumento
1730 3237 1884 3292 valde
1920 3252 2050 3292 con-

475 3339 793 3387 scntaneam
827 3328 977 3396 fecit,
998 3330 1382 3400 Στρωματεῖς.
1418 3329 1474 3384 1η
1511 3330 1716 3385 eisdem
1744 3339 1868 3385 octo
1896 3329 2052 3385 libris

474 3421 647 3477 utitur
697 3421 1027 3477 testimoniis
1052 3416 1482 3490 Scripturarum,
1529 3421 1733 3492 quibus
1783 3437 1814 3477 a
1864 3422 2050 3476 multis

474 3513 616 3570 solet
655 3513 1005 3570 contradici:
1059 3512 1320 3567 nimirum
1371 3509 1681 3583 Sapientiw,
1733 3522 1855 3583 quae
1897 3510 2053 3566 Salo-

472 3606 654 3662 monis
681 3606 904 3671 dicitur,
933 3616 988 3661 et
1015 3602 1405 3671 Ecclesiastici,
1432 3604 1559 3661 Jesu
1586 3602 1819 3672 'Sirach,
1840 3614 1894 3660 ct
1923 3603 2051 3675 Epi-

472 3698 628 3753 stolas
675 3699 743 3753 ad
782 3697 1076 3765 Hebraeos,
1127 3707 1181 3753 et
1231 3697 1514 3766 Barnabre,
1544 3707 1598 3753 et
1624 3697 1946 3763 Clementis,
1998 3708 2053 3754 et

470 3787 642 3846 Iudae.
671 3778 885 3846 Tatiani
920 3791 1049 3848 item
1077 3790 1279 3847 librum
1306 3801 1497 3848 contra
1530 3791 1760 3862 gentiles
1790 3792 1926 3846 citat
1953 3807 1966 3843 :
1995 3801 2051 3847 et

470 3882 672 3937 librum
713 3880 1000 3948 Cassiani,
1049 3899 1212 3954 quem
1247 3880 1320 3938 De
1352 3892 1644 3953 temporum
1692 3883 1876 3936 ordine
1916 3897 2050 3939 con-

470 3973 715 4043 scripsit.
787 3971 1036 4029 Philonis
1095 3989 1304 4044 porro,
1353 3983 1407 4029 et
1444 3973 1782 4039 Aristobuli,
1825 3971 2048 4043 Josephi

467 4075 526 4123 et
563 4065 820 4123 Demetrii
875 4077 930 4123 et
973 4066 1292 4140 Eupolemi,
1345 4064 1660 4122 Judworum
1690 4068 2046 4136 scriptorum,

467 4160 791 4214 memoriam
844 4175 951 4215 non
999 4159 1243 4231 praeterit
1273 4178 1287 4215 :
1320 4160 1521 4230 quippe
1549 4158 1643 4229 qui
1680 4158 1797 4214 suis
1825 4159 2047 4228 scriptis

466 4248 713 4322 Moysen,
742 4260 796 4308 et
818 4250 1133 4308 indecorum
1179 4261 1417 4323 gentem,
1454 4259 1636 4306 vetere
1666 4251 1757 4305 illa
1788 4250 2051 4321 prosapia

465 4357 590 4412 qua:
650 4342 794 4413 apud
837 4343 1056 4399 Graecos
1112 4343 1389 4414 jactatur,
1442 4344 1601 4415 longe
1671 4342 2042 4414 antiquiorem

466 4434 639 4491 fuisse
667 4436 955 4507 perspicue
977 4445 1435 4493 commonstrant.
1454 4438 1635 4509 Atque
1662 4438 1752 4494 isti
1789 4436 2042 4494 Clemen-

2171 570 2540 639 φιλοσοφίαν
2552 572 2897 640 γνωστικῶγ
2911 576 3349 647 ὑπομνημάτων
3362 582 3749 650 Στρωματεῶ.

2185 661 2481 734 Ἰσάριθμοί
2509 681 2568 716 τε
2599 663 2810 730 τούτοις
2837 668 2974 720 είσὶν
2992 669 3043 721 oi
3072 670 3539 744 ἐπιγεγραμμένοι
3579 674 3750 729 Ὑποδ

2169 757 2492 811 τυπώσεων
2517 754 2683 811 αὺτοῦ
2704 758 2884 828 λόγοι·
2917 761 2975 815 ὲν
3001 754 3081 826 οἷς
3109 762 3368 835 ὀνομαστὶ
3394 763 3470 829 ὡς
3498 764 3751 822 διδασκά-

2169 848 2282 913 λου,
2323 849 2417 904 τοῦ
2454 852 2751 906 Πανταίνου
2800 853 3161 927 μνημονεύει,
3209 856 3435 929 ἐκδοχάς
3466 875 3526 913 τε
3575 859 3751 915 αὐτοῦ

2168 941 2416 1014 γράφων,
2446 944 2541 997 καὶ
2571 944 2895 1018 παραδόσεις
2922 947 3287 1020 ἐκτιθέμενος.
3323 952 3480 1004 Ἐστι
3505 950 3562 1005 δὲ
3590 940 3745 1023 αύτῷ

2168 1035 2261 1088 καὶ
2289 1036 2425 1107 πρὸς
2459 1029 2725 1108 Ἕλληνας
2762 1038 2916 1109 λόγος
2942 1041 2971 1093 ό
3012 1042 3444 1114 Προτρεπτικὸς,
3493 1034 3644 1116 τρεῖς
3679 1059 3746 1098 τε

2166 1127 2216 1179 οἱ
2245 1126 2340 1179 τοῦ
2370 1129 2845 1202 ἐπιγεγραμμένου
2874 1132 3257 1205 Παιδαγωγοῦ
3277 1152 3289 1165 ⁸
3322 1135 3417 1189 καὶ
3445 1136 3544 1204 Τίς
3570 1139 3604 1192 ό
3630 1150 3741 1191 σίω-

2166 1216 2406 1287 ζόμενος
2431 1221 2944 1293 πλούσιος;ούτως
2988 1226 3313 1299 ἐπιγραφεὶς
3347 1228 3531 1301 ἕτερος
3564 1227 3743 1283 aurai

2165 1305 2320 1376 λ’όγος
2337 1324 2351 1338 ο
2379 1308 2440 1362 τό
2460 1326 2518 1363 τε
2562 1313 2703 1381 Περὶ
2719 1312 2825 1367 τοῦ
2851 1313 3068 1385 Πάσχα
3091 1316 3449 1390 σύγγραμμα,
3483 1319 3578 1372 καὶ
3605 1321 3741 1373 Διαι-

2122 1470 2125 1475 ⁴
2164 1397 2365 1468 λέξεις
2391 1402 2524 1466 περὶ
2551 1405 2858 1471 νηστείας,
2890 1407 2984 1460 καὶ
2999 1408 3139 1476 Περὶ
3166 1408 3553 1477 καταλαλιᾶς,
3586 1413 3679 1467 καὶ
3703 1406 3737 1467 ξ

2177 1492 2603 1560 Προτρεπτικὸς
2631 1492 2768 1566 πρὸς
2791 1495 3088 1568 ὑπομονὴν,
3129 1495 3222 1548 atat
3234 1498 3337 1560 Εὶς
3358 1497 3498 1564 τοὺς
3519 1501 3726 1554 νεωστὶ

2173 1578 2709 1651 βεϐαυττισμένους,
2740 1586 2834 1638 καὶ
2859 1587 2888 1638 ό
2911 1587 3381 1658 ἐπιγεγραμμένος
3406 1589 3618 1660 Κάνῳν
3641 1593 3740 1646 ex-

2178 1677 2674 1749 κλησιαστικὸς,ἢ
2700 1678 2830 1750 πρὸς
2850 1680 2974 1743 τοὺς
2997 1680 3398 1746 ’ἰουδαΐζοντας
3421 1683 3480 1736 ὃν
3496 1684 3741 1751 Ἀλεξανο

2176 1768 2288 1843 δρῷ
2309 1769 2762 1847 τῷδεδηλωμένῳ
2804 1774 3083 1843 ἐπισκόπῳ
3116 1774 3475 1831 ἀνατέθεικεν.
3512 1779 3605 1834 Ἐν
3638 1780 3722 1848 μὲν

2162 1854 2252 1913 οὖν
2276 1859 2390 1921 τοῖς
2433 1858 2887 1927 Στρωματεῢσιν
2925 1859 2987 1912 ού
3039 1859 3199 1930 μόνον
3236 1850 3334 1931 τῆς
3377 1859 3527 1923 θείας
3563 1859 3746 1911 κατά-

2162 1964 2394 2019 στρωσιν
2422 1949 2714 2019 πεποίηται
2742 1949 2984 2021 Γραφῆς,
3015 1950 3149 2004 ἀλλὰ
3183 1951 3278 2004 καὶ
3303 1950 3411 2005 τῶν
3445 1952 3574 2021 παρ’
3606 1949 3736 2003 Ἕλι

2159 2037 2334 2109 λησιν,
2364 2040 2501 2094 εἴτι
2543 2040 2652 2111 ἄρα
2693 2040 2965 2113 ὠφέλιμον
3006 2041 3180 2095 ἐδόκει
3220 2042 3404 2105 αὐτοῖς
3443 2040 3737 2113 εἰρῆσθαι,

2162 2129 2511 2201 μνημονεύει,
2539 2129 2646 2183 τῶν
2672 2149 2730 2183 τε
2758 2131 2910 2204 παρὰ
2937 2136 3050 2196 τοῖς
3082 2133 3294 2198 πολλοῖς
3312 2133 3617 2205 δογμάτων,
3661 2133 3745 2188 τὰ

2132 2281 2143 2297 ,
2172 2221 2433 2294 Ἑλλήνων
2462 2219 2598 2293 ὁμοῦ
2629 2223 2721 2275 καὶ
2760 2222 2826 2276 τὰ
2873 2223 3165 2298 βαρϐάρων
3199 2226 3558 2280 ἀναπτύσσων
3577 2256 3594 2289 ν
3636 2226 3733 2279 καὶ

2158 2313 2236 2366 ἔτι
2267 2312 2367 2377 τὰς
2392 2313 2501 2366 τῶν
2529 2314 2893 2387 αἱρεσιαρχῶν
2915 2316 3260 2386 ψευδεδοξίας
3285 2317 3551 2381 εὐθύνων,
3590 2319 3735 2372 ἱστο-

2160 2404 2281 2476 ρίαν
2301 2423 2360 2458 τε
2383 2406 2583 2479 πολλὴν
2608 2407 2829 2472 ἐξαπλοί
2850 2448 2863 2472 ,
2910 2408 3162 2462 ὑπόθεσιν
3208 2410 3342 2481 ἡμῖν
3387 2409 3741 2482 πολυμαθοῦς

2157 2497 2410 2569 παρέχων
2439 2499 2703 2563 παιδείας.
2751 2500 2974 2564 Τούτοις
3016 2502 3190 2555 ἄπασι
3234 2503 3600 2573 καταμίγνυσι
3636 2504 3744 2556 καὶ

2155 2586 2225 2640 τὰ
2251 2586 2552 2658 φιλοσόφων
2572 2588 2835 2660 δόγματα.
2876 2588 3040 2643 Ὅθεν
3060 2590 3282 2654 εἰκότως
3315 2589 3645 2663 κατάλληλον
3664 2595 3736 2664 τῇ

2158 2677 2409 2731 ὑποθέσει
2434 2678 2527 2732 καὶ
2554 2680 2653 2750 τὴν
2692 2680 3016 2752 προγραφὴν
3060 2680 3168 2733 τῶν
3201 2680 3596 2751 Στρωματέων
3636 2700 3747 2736 πε-

2158 2771 2395 2842 ποίηται.
2428 2774 2706 2847 Κέχρηται
2724 2775 2768 2827 δ’
2791 2776 2848 2829 ἐν
2875 2776 3059 2840 αὐτοῖς
3084 2777 3180 2830 καὶ
3211 2780 3332 2842 ταῖς
3359 2778 3468 2831 ἀπὸ
3495 2778 3607 2834 τῶν
3637 2782 3742 2834 ἀνθ

2153 2864 2514 2936 τιλεγομένων
2543 2866 2774 2939 Γραφῶν
2810 2870 3169 2941 μαρτυρίαις,
3211 2871 3310 2942 τῆς
3343 2888 3400 2923 τε
3433 2870 3743 2944 λεγομένης

2155 2956 2498 3028 Σολομῶντος
2515 2960 2758 3028 Σοφίας,
2798 2960 3019 3031 καὶτῆς
3060 2962 3234 3033 Ἰησοῦ
3272 2962 3365 3015 τοῦ
3397 2961 3597 3036 Σιρὰχ,
3637 2964 3741 3017 καὶ

2154 3047 2252 3120 τῆς
2284 3047 2421 3120 πρὸς
2461 3049 2740 3122 Ἑϐραίους
2778 3051 3115 3123 Ἐπιστολῆς,
3145 3052 3246 3123 τῆς
3272 3070 3329 3107 τε
3354 3050 3608 3127 Βαρνάόα
3635 3056 3737 3110 καὶ

2154 3140 2472 3214 Κλήμεντος
2489 3144 2582 3196 καὶ
2624 3141 2812 3196 Ἰούδα.
2843 3144 3190 3215 Μνημονεύει
3209 3160 3269 3197 τε
3295 3144 3391 3199 τοῦ
3441 3145 3579 3218 πρὸς
3613 3146 3741 3200 Ἕλ-

2155 3232 2321 3306 ληνας
2352 3234 2616 3289 Τατιανοῦ
2638 3234 2816 3304 λόγου,
2848 3229 2942 3288 καὶ
2962 3235 3294 3300 Κασσιανοῦ,
3322 3236 3399 3301 ὡς
3430 3238 3524 3292 καὶ
3563 3236 3740 3291 αὐτοῦ

2152 3328 2603 3397 Χρονοττραςοίαν
2629 3328 3017 3399 πεποιημένου.
3060 3329 3180 3381 Ἔτι
3232 3327 3340 3400 μὴν
3372 3328 3606 3394 Φίλωνος
3638 3330 3741 3384 καὶ

2166 3418 2594 3491 ’Δριστοϋούλου,
2638 3419 2900 3491 Ἰωσήπου
2933 3437 2993 3473 τε
3022 3421 3116 3473 καὶ
3149 3420 3463 3493 Δημητρίου
3494 3422 3590 3476 καὶ
3622 3422 3741 3475 Εὐ-

2154 3508 2412 3580 πολέμου,
2453 3508 2722 3563 Ἰουδαίων
2743 3509 3120 3579 συγγραφέων,
3138 3510 3214 3574 ὡς
3242 3510 3308 3564 ἂν
3322 3511 3527 3565 τούτων
3551 3513 3739 3567 anav-

2151 3618 2260 3655 των
2282 3601 2574 3673 ἐγγράφως
2613 3600 2982 3674 πρεσϐύτερον
3020 3601 3121 3672 τῆς
3156 3603 3286 3675 παρ’
3330 3602 3586 3671 Ἕλλησιν
3630 3604 3737 3676 ἀρ·-

2151 3693 2458 3763 χαιογονίας
2485 3692 2722 3747 Μωῦσέα
2743 3710 2802 3748 τε
2832 3694 2926 3748 καὶ
2952 3693 3015 3747 τὸ
3039 3695 3308 3749 Ἰουδαίων
3335 3695 3486 3760 ἔθνος
3513 3697 3739 3753 ἀποδει-

2154 3785 2378 3851 ξάντων.
2393 3786 2503 3840 Καὶ
2516 3785 2680 3857 ἄλλης
2693 3787 2750 3840 δὲ
2767 3787 3025 3857 πλείστης
3045 3805 3148 3860 χρη
3157 3787 3480 3859 στομαθείας
3499 3788 3735 3861 ἔμπλεοι

2150 3880 2201 3933 οἱ
2247 3878 2561 3952 δηλούμενοι
2607 3880 2934 3951 τυγχάνουσι
2974 3880 3071 3934 τοῦ
3114 3880 3307 3953 ἀνδρὸς
3345 3881 3510 3951 λόγοι.
3541 3876 3641 3937 Ὧν
3668 3885 3737 3939 ἐν

2149 3970 2227 4043 τῷ
2248 3968 2458 4044 πρώτῳ
2474 3973 2604 4044 περὶ
2620 3970 2815 4025 ἑαυτοῦ
2838 3971 2989 4044 δηλοῖ
3006 3971 3083 4036 ὡς
3098 3971 3327 4042 ἔγγιστα
3351 3972 3452 4044 τῆς
3470 3966 3580 4029 τῶν
3598 3976 3733 4029 ἀπο-

2151 4062 2351 4117 στόλων
2369 4063 2656 4135 γενομένου
2690 4063 2956 4135 διαδοχῆς.
3005 4064 3371 4136 ’Υπισχνεῖται
3393 4064 3436 4118 δ’
3455 4068 3513 4119 ἐν
3543 4067 3734 4133 αὐτοῖς

2149 4156 2243 4209 καὶ
2267 4158 2354 4222 είς
2377 4154 2490 4225 τὴν
2512 4156 2767 4211 Γένεσιν
2803 4157 3350 4229 ὑωμνηματιείσθαι.
3400 4159 3512 4214 Καὶ
3548 4161 3611 4214 ἐν
3644 4160 3731 4233 τῷ

2147 4247 2291 4319 λόγῳ
2317 4247 2373 4301 δὲ
2396 4246 2559 4301 αὐτοῦ
2587 4248 2665 4319 τῷ
2738 4250 2795 4315 ἐς
2831 4249 3049 4321 Πάσχα
3090 4248 3443 4322 ἐκϐιασθῆναι
3471 4250 3729 4323 ὁμολογεῖ

2147 4341 2285 4413 πρὸς
2309 4338 2417 4394 τῶν
2446 4340 2697 4412 ἑταίρων,
2725 4340 2791 4405 ἃς
2816 4341 2972 4413 ἔτυχε
3006 4341 3158 4413 παρὰ
3176 4341 3294 4396 τῶν
3321 4343 3569 4415 ἀρχαίων
3590 4361 3730 4417 πρε-

2149 4431 2425 4503 σϐυτέρων
2477 4430 2729 4503 ἀκηκοὼς
2777 4432 3134 4503 παραδόσεις,
3179 4436 3364 4505 γραφῇ
3412 4436 3525 4497 τοῖς
3583 4432 3727 4506 μετὰ

464 4528 538 4583 tis
561 4526 722 4596 libri,
749 4543 889 4599 quos
915 4528 1028 4599 jam
1069 4531 1341 4600 persecuti
1366 4546 1594 4602 .sumus,
1625 4531 1867 4587 maxima
1894 4532 2040 4603 opti-

2154 4523 2320 4578 ταῦτα
2348 4522 2702 4595 παραδοῦναι.
2736 4525 3025 4597 Μέμνηται
3059 4525 3102 4579 δ’
3130 4527 3188 4579 ἐν
3231 4526 3380 4598 αὐτῷ
3414 4526 3728 4591 Μελίτωνος

465 4635 681 4676 marum
747 4621 1157 4693 disciplinarum
1224 4626 1451 4678 materia
1516 4622 1702 4679 referti
1771 4634 1920 4680 sunt.
1984 4623 2041 4679 ln

465 4712 647 4785 primo
691 4713 834 4768 libro
876 4713 1122 4784 ejusdem
1178 4715 1359 4784 operis
1408 4717 1476 4770 de
1520 4716 1702 4787 seipso
1761 4716 2037 4786 loquitur,

461 4804 612 4875 quad
643 4820 812 4875 prope
830 4805 897 4860 ad
933 4806 1307 4875 apostolorum
1340 4814 1584 4876 tempora
1614 4807 1959 4862 successerit.
1982 4805 2041 4861 ln

462 4895 670 4952 eisdem
701 4895 859 4952 libris
873 4894 1293 4952 Commentarios
1323 4898 1378 4951 in
1405 4895 1644 4952 Cenesim
1676 4913 1735 4954 se
1762 4899 2037 4954 editurum

462 4974 773 5062 pollicetur.
823 4989 955 5045 Item
996 4991 1053 5044 in
1100 4989 1241 5045 libro
1280 4989 1429 5045 illius
1466 5005 1628 5059 quem
1672 4991 1750 5044 De
1775 4990 2041 5045 Paschate

462 5086 807 5157 composuit,
854 5082 1059 5139 fatetur
1086 5100 1147 5140 se
1184 5099 1215 5139 a
1246 5083 1611 5141 familiaribus
1642 5086 1759 5142 suis
1787 5087 2038 5156 compul-

460 5191 609 5244 sum,
658 5188 718 5234 ut
764 5177 1107 5246 traditiones,
1149 5193 1287 5248 quas
1327 5179 1661 5234 aveterihus
1704 5180 2039 5251 presbyteris

464 5270 786 5341 accepisset,
841 5268 1040 5325 litteris
1096 5269 1350 5339 proderet
1405 5270 1472 5324 ad
1525 5270 1925 5340 posteritatem.
1979 5269 2034 5324 ln

463 5363 654 5417 eodem
708 5363 852 5419 libro
901 5360 1251 5427 Melitenem,
1302 5359 1565 5418 Irenaeum
1616 5373 1671 5418 et
1718 5361 1857 5419 alios
1899 5378 2039 5418 non-

462 5456 647 5511 nullos
699 5464 1141 5520 commemorat,
1198 5457 1654 5527 narrationesque
1710 5458 1921 5527 aliquot
1968 5472 2035 5510 ex

460 5563 653 5604 eorum
701 5548 857 5605 libris
897 5550 1018 5619 pias
1069 5557 1336 5602 recenset.
1384 5547 1441 5601 In
1492 5549 1648 5604 libris
1693 5548 2036 5604 ’Υποτυπώ-

459 5653 642 5706 σεων,
678 5647 739 5693 ut
764 5640 1082 5695 summatim
1118 5639 1606 5709 comprehendam,
1639 5643 1785 5698 sicut
1813 5643 1869 5696 in
1908 5643 2034 5696 uni-

461 5745 651 5787 versas
681 5728 1028 5801 Scripturas,
1067 5746 1190 5798 quae
1230 5731 1476 5785 omnium
1521 5735 1897 5790 consentiente
1938 5749 2037 5787 au-

461 5823 716 5881 ctoritate
750 5822 1168 5897 continuantur,
1219 5829 1413 5883 breves
1455 5827 1672 5897 scripsit
1712 5826 2032 5898 explicatio--

2146 4617 2242 4670 καὶ
2260 4616 2576 4689 Είρηναίου,
2609 4616 2704 4670 καί
2728 4634 2890 4670 τινων
2920 4617 3144 4690 ἑτέρων,
3172 4610 3246 4670 ὧν
3266 4620 3359 4672 καὶ
3386 4617 3485 4682 τὰς
3527 4619 3725 4692 διηγη-

2146 4727 2261 4775 σεις
2293 4711 2546 4765 τέθειται.
2582 4712 2671 4764 Ἐν
2709 4712 2767 4766 δέ
2795 4715 2914 4776 ταῖς
2953 4710 3413 4777 Ὑποτυπώσεσι,
3439 4711 3729 4777 ξυνελόντα

2142 4806 2337 4871 εἰπεῖν,
2368 4806 2549 4877 πάσης
2568 4806 2666 4876 τῆς
2690 4804 3005 4877 ἐνδιαθήκου
3031 4803 3254 4876 Γραφῆς
3282 4804 3725 4877 ὲπιτετμημένας

2142 4904 2432 4977 πεποίηται
2453 4904 2757 4975 διηγήσεις,
2790 4901 2924 4973 μηδὲ
2951 4901 3052 4965 τὰς
3079 4899 3498 4972 ὰντιλεγομένας
3517 4902 3727 4973 παρελ-

2143 4994 2281 5050 θὼν·
2314 4980 2423 5066 ’τὴν
2455 4993 2625 5048 Ἰούδα
2661 4992 2803 5061 λέγω
2845 4993 2940 5046 και
2982 4990 3083 5055 τὰς
3130 4989 3386 5063 (λοιπὰς)
3423 4988 3730 5055 meamet,-

2142 5086 2449 5151 ἐπιστολὰς,
2481 5087 2581 5158 τήν
2606 5102 2666 5139 τε
2699 5084 2973 5156 Βαρνάϐα,
3002 5084 3097 5138 καὶ
3123 5083 3222 5156 τὴν
3246 5083 3453 5154 Πέτρου
3492 5081 3728 5153 λεγομέ-

2141 5195 2238 5251 νην
2274 5176 2655 5246 Ἀποκάλυψιν.
2716 5177 2827 5231 Καὶ
2854 5175 2950 5248 τὴν
2978 5175 3117 5248 πρὸς
3178 5174 3463 5247 Ἐϐραίους
3481 5172 3541 5228 δὲ
3569 5173 3727 5227 Ἐπι-

2141 5269 2354 5341 στολὴν,
2378 5267 2590 5321 Παύλου
2615 5269 2710 5340 μὲν
2738 5264 2876 5323 εἶναι
2904 5284 3058 5338 φησι,
3076 5266 3381 5336 γεγράφθαι
3404 5266 3462 5320 δὲ
3500 5265 3723 5337 Ἑϐραί-

2138 5378 2219 5425 οις
2257 5358 2517 5431 Ἐὃραῖκῇ
2553 5361 2726 5432 φωνῇ,
2754 5360 2964 5413 Λουκᾶν
2993 5358 3050 5412 δὲ
3081 5358 3377 5430 φιλοτίμως
3410 5357 3579 5431 αὐτὴν
3616 5377 3719 5432 με·

2140 5452 2585 5525 θερμηνεύσαντα
2608 5493 2623 5517 ,
2675 5451 2921 5506 ἐκδοῦναι
2968 5454 3081 5516 τοῖς
3103 5450 3388 5523 Ἕλλησιν·
3446 5448 3570 5503 ὅθεν
3623 5450 3718 5505 τὸν

2138 5544 2299 5597 αὐτὸν
2317 5545 2500 5615 χρῶτα
2531 5541 2875 5617 εὑρίσκεσθαι
2904 5541 3045 5596 κατὰ
3062 5542 3159 5614 τὴν
3176 5542 3493 5614 ἑρμηνείαν,
3509 5540 3719 5612 ταύτης

2138 5653 2197 5690 τε
2217 5636 2315 5706 τῆς
2331 5632 2672 5703 Ἐπιστολῆς,
2697 5636 2792 5690 καὶ
2820 5636 2928 5690 τῶν
2957 5635 3214 5708 Πράξεων
3234 5651 3248 5664 ·
3284 5634 3358 5705 μὴ
3404 5634 3716 5705 προγεγρά-

2141 5731 2273 5803 φθαι
2301 5731 2358 5785 δὲ
2378 5730 2457 5799 τὸ,
2477 5730 2716 5797 Παῦλος
2741 5731 3101 5796 ἀπόστολος,
3133 5728 3375 5791 εἰκότως.
3400 5746 3419 5780 ι
3441 5725 3718 5799 Ἑϐραίοις

2128 5800 2267 5898 γὰρ,
2288 5841 2359 5895 φη
2368 5825 2472 5889 σίν,
2497 5824 2844 5887 ἐπιστέλλων,
2861 5821 3127 5895 πρόληψιν
3146 5821 3392 5895 εἰληφόσι
3415 5821 3535 5874 κατ’
3550 5819 3717 5875 αὐτοῦ
