3980 6554
267 376 337 431 37
884 402 899 416 ε
1541 379 1841 441 VETERU]

1947 382 2363 442 rssrmoms.
3470 389 3541 471 πρ

268 500 367 552 καὶ
394 499 1013 569 ὒποπτεῠουσινάὐτδν,
1040 506 1274 571 συνετῶς
1300 507 1440 561 πάνυ
1485 508 1586 561 οὐκ
1624 509 1682 560 ὲν
1710 508 1841 579 ἀρχῖ

1962 522 2059 562 nes
2087 525 2100 560 :
2131 507 2210 561 ita
2249 520 2426 577 neque
2458 522 2551 562 cas
2582 508 2803 577 quidem
2836 523 2960 579 quin
2999 524 3028 562 a
3060 503 3246 563 multis
3273 520 3539 563 vocantur

266 590 582 667 ἀπέτρεψεν
611 596 831 663 αὐτοὺς,
861 598 923 652 τὸ
952 599 1122 671 ὄνομα
1143 599 1275 664 θείς.
1299 595 1463 654 »Εἶτα
1500 601 1707 666 ὐποϐἀς
1735 604 1855 657 ἐπιά

265 688 447 757 λέγει’
486 708 506 740 ι
542 690 680 761 Ἤδη
709 689 786 754 δὲ,
816 690 893 755 ὡς
917 690 947 744 ό
978 692 1246 765 μακάριος
1276 693 1425 762 ἔλεγε
1463 693 1852 767 πρεσϐύτερος,

265 783 393 835 ἐπεὶ
428 785 457 835 ό
486 781 742 855 Κύριος,
784 784 1104 849 Ἀπόστολος
1134 784 1210 839 ὣν
1244 785 1340 840 τοῦ
1385 787 1850 861 Παντοκράτορος,

264 876 550 948 ἀπεστάλη
578 877 716 950 πρὸς
747 877 1052 949 Ἐϐραίους,
1080 878 1167 932 διά
1197 879 1523 952 μετριότητα
1550 874 1578 932 ὀ
1617 879 1849 947 Παῦλος,

263 968 345 1032 ὡς
363 968 431 1021 ἂν
458 971 540 1032 εἰς
566 969 635 1023 τά
667 969 1248 1043 ἔθνηνάπεσταλμένος,
1279 971 1382 1027 οὐκ
1411 972 1679 1044 ἐγγράφει
1724 973 1854 1027 ἑαυ-

262 1062 357 1115 τὸν
410 1062 679 1135 Ἐϐραίων
706 1064 1023 1129 ἀπόστολον,
1043 1065 1131 1120 διά
1157 1083 1216 1119 τε
1236 1065 1332 1139 τὴν
1361 1066 1497 1138 πρὸς
1528 1065 1618 1120 τὸν
1645 1067 1851 1143 Ιςύριον

262 1156 466 1229 τιμὴν,
512 1157 602 1211 διά
644 1175 702 1210 τε
741 1158 804 1211 τὸ
827 1152 908 1212 ’ὲκ
938 1159 1255 1231 περιουσίας
1292 1160 1387 1213 καὶ
1430 1162 1543 1224 τοῖς
1581 1152 1853 1232 Ἑϐραίοις

263 1250 811 1315 ὲπιστέλλειν,ὲθνῶν
840 1253 1057 1324 κήρυκα
1087 1250 1217 1306 ὅντα
1246 1253 1341 1307 καὶ
1368 1252 1682 1307 ἀπόστολον.
1699 1273 1717 1305 ι
1735 1249 1848 1308 Λῦ-

262 1342 353 1407 θις
380 1342 427 1396 δ’
455 1345 517 1396 ἐν
545 1346 658 1407 τοῖς
683 1344 879 1408 αὐτοῖς·
897 1346 926 1397 ὁ
956 1344 1186 1417 Κλήμης
1216 1344 1438 1416 βιϐλίοις
1466 1348 1593 1420 περὶ
1621 1340 1721 1418 τῆς
1756 1348 1852 1403 τά-

263 1436 405 1502 ξεως
430 1436 540 1492 τῶν
567 1428 915 1507 Εὐαγγελίων
950 1437 1245 1510 παράδοσιν
1273 1439 1380 1492 τῶν
1410 1440 1672 1495 ἀνέκαθεν
1718 1455 1851 1514 πρε-

264 1530 549 1602 σϐυτέρων
565 1530 820 1595 τέθειται,
839 1522 1027 1583 τοῦτον
1056 1530 1283 1602 ἔχουσαν
1301 1530 1392 1585 τὸν
1420 1533 1618 1605 τρόπον
1638 1550 1652 1563 ·
1678 1553 1695 1585 t
1708 1535 1851 1606 Προ-

261 1621 580 1692 γεγράφθαι
609 1621 824 1690 ἐλέγετο
851 1616 1363 1691 τῶνἘῦαγγελίων,
1409 1622 1476 1677 τά
1527 1621 1848 1695 περιέχοντα

260 1701 737 1784 τάς,γενεαλογίας
759 1732 777 1747 ·
813 1716 874 1770 τὸ
899 1712 955 1770 δὲ
984 1715 1124 1769 κατὰ
1155 1715 1406 1787 Μάρκον,
1453 1715 1658 1789 ταύτην
1686 1718 1851 1789 ἐσχη-

261 1808 423 1862 κέναι
448 1806 547 1879 τὴν
576 1808 904 1880 οἰκονομίαν.
936 1803 1041 1862 Τοῦ
1063 1808 1270 1881 Πέτρου
1291 1807 1523 1881 δημοσίᾳ
1564 1809 1621 1861 ὲν
1662 1808 1846 1882 Ῥώμῃ

1959 597 2013 650 in
2044 600 2492 663 controversiam,
2527 614 2720 673 passus
2750 608 2832 655 est
2866 600 3374 669 interpretationum
3410 615 3505 653 sua

1957 705 2078 744 rum
2109 700 2362 761 expertes
2388 705 2513 747 esse
2553 709 2566 744 :
2612 689 2769 746 Jollas
2799 690 3099 761 Epistolam
3154 692 3299 759 dico,
3336 701 3395 747 et
3438 708 3533 748 ει-

1958 780 2217 847 tholicas,
2265 789 2320 837 et
2372 781 2656 851 epistolam
2686 780 2971 848 Barnabae,
3022 790 3078 837 et
3123 778 3532 839 Revelationeln

1956 887 2079 942 quae
2099 870 2243 927 Petri
2280 886 2402 928 esse
2424 873 2644 928 dicitur.
2685 871 2982 942 Epistulam
3014 873 3142 927 item
3174 875 3240 928 ad
3278 872 3534 930 Hebraeis

1957 964 2239 1033 scriptam,
2263 963 2421 1019 Pauli
2461 980 2584 1021 esse
2610 964 2865 1029 allirmat,
2906 975 2958 1020 et
2984 962 3256 1022 Hebratco
3279 974 3534 1022 sermone

1957 1061 2023 1115 ad
2074 1058 2334 1116 Hebraeos
2376 1062 2447 1115 ab
2490 1077 2556 1117 eo
2601 1062 2807 1117 editam
2835 1103 2851 1125 ,
2908 1061 3114 1118 Lucam
3172 1072 3354 1118 autem
3407 1078 3529 1119 eam

1953 1158 2211 1209 accurate
2258 1154 2313 1209 in
2339 1151 2612 1223 'Grzecum,
2661 1164 2720 1210 ut
2744 1155 2951 1212 Grecis
2998 1155 3259 1220 traderet.
3293 1171 3527 1211 conver-

1955 1244 2089 1299 tisse
2115 1262 2127 1297 :
2158 1245 2403 1317 illudque
2431 1248 2594 1317 plane
2618 1262 2686 1302 ex
2716 1247 3164 1318 interpretatione
3206 1248 3324 1318 ipsa
3366 1247 3532 1304 facile

1955 1334 2179 1407 intelligi
2220 1352 2404 1408 posse,
2445 1338 2595 1409 quod
2634 1338 2877 1409 Epistola
2906 1348 2960 1395 et
2987 1339 3122 1395 Acta
3155 1341 3528 1411 apostolorum

1954 1428 2099 1483 idem
2129 1431 2395 1488 orationis
2439 1432 2590 1486 ﬁlum
2629 1431 2899 1499 habeant;
2931 1441 3097 1504 atque
3140 1434 3284 1490 hanc
3331 1435 3529 1490 inscri-

1955 1518 2196 1587 ptionem
2215 1563 2232 1587 ,
2265 1520 2470 1576 Paulus
2499 1522 2806 1593 apostolus,
2842 1538 2952 1577 non
2982 1524 3100 1579 sine
3127 1539 3295 1582 causa
3331 1525 3383 1579 in
3403 1524 3531 1595 Epi-

1956 1609 2111 1664 stola:
2156 1610 2428 1681 principio
2482 1611 2654 1668 fuisse
2696 1612 3164 1683 praetermissam;
3204 1632 3223 1666 ι
3255 1630 3382 1669 nam
3402 1631 3528 1670 cum

1951 1697 2157 1757 Paulus
2176 1700 2245 1757 ad
2269 1700 2529 1759 Hebraos
2555 1701 2855 1773 Epistolam
2889 1701 3175 1772 scriberet,
3205 1706 3298 1776 qui
3328 1710 3529 1778 preju-

1952 1810 2188 1866 dicatam
2225 1812 2425 1868 animis
2465 1813 2816 1881 sententiam,
2857 1823 2911 1869 et
2954 1814 3267 1886 suspectam
3307 1818 3524 1888 opinio.

261 1901 605 1975 κηρύξαντος
632 1902 720 1957 τδν
747 1903 902 1972 λόγον
924 1943 940 1966 ,
976 1903 1073 1957 καὶ
1102 1902 1377 1973 Πνεῦματι
1417 1902 1478 1956 τὸ
1518 1902 1841 1972 Εὐαγγέλιω

1954 1915 2101 1965 nem,
2133 1910 2325 1957 contra
2356 1918 2480 1957 eum
2522 1903 2750 1975 ejusque
2785 1905 3093 1962 doctrinam
3124 1908 3523 1975 combiberant,

259 1993 594 2059 ἐξειπόντος,
620 1996 746 2059 τοὺς
775 1988 1068 2066 παρόντας,
1108 1993 1337 2058 πολλοὺς
1365 1993 1524 2058 ὂντας
1546 2034 1561 2059 ,
1595 2012 1848 2067 παρακα-

257 2088 419 2142 λέσαι
444 2087 536 2142 τὸν
564 2088 811 2161 Μάρκον,
845 2088 921 2151 ὡς
947 2086 1014 2141 ἂν
1041 2085 1481 2158 ἀκολουθήσαντα
1528 2086 1677 2158 αὐτῷ
1715 2088 1848 2160 πόρο

260 2180 461 2253 ρωθεν,
493 2181 591 2234 καὶ
619 2180 962 2251 μεμνημένον
1006 2178 1113 2233 τῶν
1151 2177 1448 2250 λεχθέντων
1467 2218 1483 2241 ,
1532 2178 1846 2250 ἀναγράψαι

254 2268 326 2327 ’έά
353 2270 652 2346 εἰρημένα·
685 2273 987 2345 ποιήσαντα
1018 2272 1076 2325 δὲ
1102 2272 1165 2325 τὸ
1190 2272 1550 2341 Εὑαγγέλιον,
1587 2272 1847 2343 μεταδοῦ-

255 2380 344 2419 ναι
364 2369 481 2429 τοῖς
507 2365 778 2436 δεομένοις
792 2363 978 2419 αὐτοῦ.
1003 2365 1178 2436 Ὅπερ
1193 2364 1481 2434 ἐπιγνόντα
1499 2364 1589 2417 τὸν
1614 2365 1841 2437 Πέτρον,

257 2457 680 2530 προτρεπτικῶς
712 2458 785 2528 μή
843 2473 900 2509 τε
941 2455 1180 2511 κωλῦσαι
1213 2458 1285 2528 μή
1315 2474 1373 2510 τε
1401 2456 1838 2528 προτρέψασθαι·

255 2549 348 2603 τὸν
381 2549 483 2620 μέν
512 2567 595 2602 τοι
628 2549 878 2620 Ἰωάννην
907 2547 1153 2619 ἔσχατον,
1178 2548 1454 2601 συνιδόντα
1482 2547 1562 2601 ὅτι
1581 2548 1648 2601 τὰ
1666 2567 1845 2619 σωμα-

248 2641 383 2695 ίτικά
410 2642 471 2693 ὲν
490 2645 606 2705 τοῖς
624 2641 973 2710 Εὑαγγελίοις
990 2640 1302 2713 δεδήλωται,
1332 2641 1715 2713 προτραπέντα
1739 2641 1844 2696 ὑπὸ

253 2733 364 2789 τῶν
388 2735 708 2807 γνωρίμων,
737 2733 1012 2806 Πνεῦματι
1043 2732 1842 2806 θεοφορηθέντα.πνευματικὸν

248 2827 486 2897 ποιῆσαι
505 2826 863 2895 Εὐαγγέλιον.
881 2846 900 2876 ι
936 2823 1186 2879 Τοσαῦτα
1213 2824 1242 2876 ὁ
1272 2825 1520 2898 Κλήμης.

1947 2008 2144 2048 nomen
2177 1994 2429 2051 consulto
2458 1996 2753 2053 admodum
2786 2014 2894 2054 non
2940 1998 3330 2070 inscripsisse:
3361 2017 3432 2056 ne
3469 2004 3525 2057 in

1951 2085 2071 2156 ipso
2097 2087 2324 2143 exordio
2372 2088 2589 2144 animos
2632 2089 2853 2145 illorum
2898 2107 3126 2161 prorsus
3170 2092 3240 2147 ab
3267 2093 3528 2163 Epistola

1948 2168 2185 2233 lectione
2199 2185 2517 2233 averteret.»
2536 2178 2740 2237 Deinde
2761 2181 2980 2253 longius
3005 2184 3288 2255 aliquanto
3315 2185 3368 2239 in
3397 2201 3525 2243 ora-

1948 2269 2099 2324 tione
2127 2284 2473 2340 progressus,
2503 2271 2655 2326 addit
2683 2272 2786 2327 ista
2815 2291 2828 2328 :
2862 2292 2881 2324 ι
2911 2271 3031 2328 1am
3061 2289 3189 2329 vero
3221 2274 3365 2330 sicut
3394 2276 3527 2333 bea-

1950 2369 2039 2417 tus
2081 2361 2304 2430 quidam
2338 2362 2621 2433 presbyter
2651 2363 2868 2421 dicebat
2896 2383 2910 2419 :
2938 2366 3201 2436 quoniam
3233 2366 3525 2434 Dominus,

1952 2453 2070 2524 ipse
2092 2453 2387 2523 Apostolus
2417 2453 2595 2511 Patris
2623 2458 2708 2511 sui
2741 2458 3156 2530 omnipotentis,
3182 2461 3248 2516 ad
3270 2458 3527 2519 Hebraeos

1948 2545 2154 2602 missus
2201 2545 2327 2613 fuit,
2356 2546 2558 2604 Paulus
2611 2548 2739 2619 quia
2785 2558 2904 2605 erat
2942 2551 3011 2606 ad
3061 2561 3248 2624 gentes
3298 2556 3525 2622 missus,

1952 2638 2199 2695 modeste
2243 2642 2502 2711 quidem,
2551 2659 2677 2699 cum
2727 2645 2793 2700 ad
2837 2643 3097 2703 Hebraeos
3138 2647 3423 2716 scnberet,
3466 2664 3528 2707 se

1951 2732 2259 2803 apostolum
2316 2732 2671 2790 llebrazorum
2722 2750 2831 2790 non
2890 2736 3218 2807 inscripsit,
3298 2740 3525 2810 partim,

1948 2825 2019 2880 ob
2060 2841 2217 2881 suam
2268 2841 2397 2898 erga
2435 2826 2731 2883 Dominum
2776 2830 3158 2907 reverentiam,
3193 2832 3414 2902 partim,
3454 2849 3526 2889 ne

1948 2928 2071 2970 cum
2101 2915 2340 2987 gentium
2377 2931 2556 2984 preeco
2588 2925 2644 2972 et
2666 2916 2952 2987 apostolus
2992 2928 3158 2985 esset,
3190 2929 3387 2990 praeter
3409 2918 3523 2975 oln-

249 3006 397 3062 cium
423 3003 782 3063 ad-Hebrmos
818 3007 1059 3061 scribere
1085 3005 1416 3061 videretur.»
1448 3005 1661 3063 Rursus
1682 3005 1936 3065 Clemens
1978 3008 2033 3065 in
2067 3009 2260 3065 iisdem
2290 3011 2464 3078 libris,
2506 3010 2855 3067 traditionem
2886 3010 2954 3066 de
2982 3013 3176 3069 ordine
3219 3024 3523 3084 temporum

250 3102 454 3171 quibus
485 3101 776 3174 Evangelia
812 3103 1015 3172 scripta
1055 3112 1231 3167 erant,
1265 3118 1297 3156 a
1321 3102 1594 3157 veteribus
1622 3103 1956 3175 presbyteris
1986 3094 2264 3176 acceptam
2313 3105 2379 3159 ad
2409 3105 2556 3161 hunc
2587 3104 2811 3160 modum
2845 3106 3069 3175 exponit
3104 3124 3117 3159 :
3165 3124 3184 3156 ι
3209 3104 3522 3178 Evangelia,

250 3214 372 3268 quae
407 3199 465 3252 in
500 3213 561 3254 se
589 3199 1028 3269 complectuntur
1071 3198 1442 3270 genealogias,
1492 3208 1620 3254 ante
1663 3199 1865 3271 scripta
1898 3200 2177 3256 dicuntur.
2211 3198 2349 3257 Illud
2400 3210 2582 3259 autem
2628 3201 2774 3273 quod
2823 3202 3123 3260 secundum
3156 3201 3398 3257 Marcum
3433 3202 3523 3257 in-

250 3295 537 3361 scribitur,
578 3293 739 3349 talem
777 3310 1001 3351 causam
1037 3295 1297 3352 habuisse
1329 3294 1503 3351 fertur
1543 3315 1556 3351 :
1590 3295 1733 3352 Cum
1764 3294 1962 3353 Petrus
1991 3296 2178 3353 Romae
2204 3297 2427 3369 publice
2460 3297 2687 3353 verbum
2721 3296 2815 3353 Dei
2842 3298 3165 3368 praedicaret
3203 3307 3258 3354 et
3286 3295 3524 3368 Spiritus

251 3390 428 3446 sancti
484 3391 748 3446 instinctu
781 3389 1135 3462 Evangelium
1163 3388 1368 3447 Christi
1419 3402 1740 3462 exponeret,
1794 3393 1997 3449 multos
2040 3394 2135 3465 qui
2172 3403 2372 3465 praesto
2406 3393 2668 3455 aderant.
2716 3391 2984 3458 Marcum,
3036 3402 3226 3464 utpote
3257 3394 3352 3464 qui
3395 3410 3522 3449 eum

244 3487 459 3542 diutius
514 3489 811 3544 comitatus
856 3487 1086 3554 fuisset,
1137 3498 1193 3544 et.
1234 3488 1355 3558 ejus
1406 3490 1568 3544 verba
1618 3490 1883 3545 memoria
1931 3500 2179 3555 teneret,
2226 3505 2554 3560 magnopere
2596 3489 2919 3545 obsecrasse
2964 3488 3166 3556 ferunt,
3205 3498 3264 3544 ut
3307 3503 3369 3543 ea
3401 3502 3525 3558 quae

249 3586 487 3640 fuissent
513 3583 584 3638 ab
615 3583 709 3638 illo
734 3584 1047 3654 praedicata,
1089 3583 1308 3653 scriptis
1337 3583 1637 3639 mandaret.
1680 3582 1838 3652 Quod
1868 3584 2090 3655 quidem
2120 3582 2474 3655 Evangelium
2519 3582 2684 3638 simul
2716 3597 2780 3638 ac
2812 3582 3080 3645 ediderat,
3120 3583 3228 3637 illis
3256 3583 3351 3653 qui
3386 3583 3520 3637 illud

240 3681 322 3736 ab
349 3694 419 3735 eo
447 3679 815 3749 rogavissent,
871 3677 1161 3747 impertiit;
1196 3675 1417 3732 Petrum
1462 3685 1668 3743 autem,
1718 3678 1810 3733 ubi
1842 3677 1911 3734 de
1950 3693 2015 3733 eo
2057 3678 2261 3733 certior
2294 3675 2474 3732 factus
2524 3684 2673 3742 erat,
2723 3690 2899 3745 neque
2950 3675 3110 3745 plane
3152 3675 3520 3747 prohibuisse,

249 3790 432 3844 neque
462 3773 815 3828 adhortatum
848 3787 1011 3837 esse;
1049 3769 1315 3827 Joannem
1351 3785 1504 3838 vero,
1535 3780 1726 3843 utpote
1775 3772 2114 3828 sacrosancti
2152 3771 2392 3843 Spiritus
2431 3770 2669 3841 impulsu
2714 3778 3074 3835 commotum,
3108 3781 3395 3843 postquam
3431 3775 3521 3828 in-

246 3870 491 3931 tellexit,
525 3882 587 3922 ea
618 3883 742 3938 quae
783 3867 850 3922 ad
877 3882 1078 3936 corpus
1106 3877 1159 3921 et
1184 3867 1579 3923 humanitatem
1612 3867 1818 3923 Christi
1872 3869 2211 3938 spectabant,
2248 3867 2303 3922 in
2342 3866 2449 3923 illis
2479 3864 2787 3936 Evangeliis
2834 3865 3123 3936 explicata,
3155 3869 3521 3938 quorumdam

237 3962 608 4018 familiarium
640 3978 704 4018 ac
738 3963 1173 4018 necessariorum
1215 3970 1431 4034 rogatu.
1469 3961 1834 4036 'Evangelium
1878 3964 2159 4037 spirituale
2200 3972 2324 4035 post
2364 3963 2606 4034 reliquos
2651 3961 3014 4032 evangelistas
3048 3964 3463 4034 conscripsisse.
3494 3984 3517 4018 ι

246 4056 373 4115 Haec
400 4057 684 4115 Clemens.

1011 4184 1312 4241 Alexander
1353 4183 1874 4255 Hierosolymitanus
1911 4183 2182 4251 episcopus
2221 4180 2413 4236 ibidem
2450 4180 2516 4235 de
2552 4183 2757 4234 eodem.

312 4321 575 4394 Πατέρας
600 4320 711 4394 γὰρ
740 4322 896 4395 ἴσμεν
927 4326 1055 4389 τοὺς
1092 4326 1399 4399 μακαρίους
1428 4327 1686 4395 ἐκείνους,
1706 4325 1833 4389 τοὺς

2014 4321 2148 4376 Nam
2200 4321 2322 4376 illos
2350 4319 2541 4375 beatos
2563 4318 2773 4384 Patres,
2803 4317 2895 4388 qui
2929 4324 3057 4370 ante
3104 4331 3205 4370 nos
3239 4315 3380 4371 viam
3409 4317 3519 4370 vir-

240 4416 703 4487 προοδεῦσαντας,
731 4416 868 4487 πρὸς
894 4416 989 4481 οὓς
1020 4421 1137 4488 μετ’
1175 4418 1355 4489 ὀλίγον
1384 4418 1620 4491 ἐσόμεθα
1639 4458 1655 4483 ,
1686 4418 1831 4473 Πάν-

240 4527 423 4564 ταινον
449 4509 546 4563 τὸν
568 4510 837 4583 μακάριον
866 4510 1083 4583 ἀληθῶς
1102 4513 1198 4565 καὶ
1218 4512 1426 4584 κύριον,
1449 4513 1544 4567 καὶ
1572 4512 1663 4566 τὸν
1686 4512 1829 4584 ἱερὸν

240 4602 541 4673 Κλήμεντα
562 4601 750 4675 κύριόν
782 4620 883 4674 μου
911 4603 1333 4675 γενόμενον,καὶ
1360 4605 1719 4678 ὠφελήσαντά
1735 4622 1824 4677 με.

1938 4413 2073 4469 tutis
2117 4411 2307 4468 sedulo
2350 4410 2694 4473 institerunt,
2734 4409 2801 4463 ad
2849 4423 2989 4478 quos
3030 4423 3136 4460 non
3180 4405 3352 4462 multo
3394 4417 3519 4477 pnst

1939 4521 2040 4561 nos
2070 4496 2363 4575 profecturi
2392 4518 2604 4565 sumus,
2623 4501 2978 4572 cognovimus
3007 4518 3021 4554 :
3048 4497 3362 4553 Pantaenum
3392 4500 3519 4555 dion

1937 4612 2064 4652 vere
2096 4596 2314 4651 beatum
2346 4610 2411 4648 ac
2437 4593 2719 4647 dominum
2773 4608 2978 4654 meum,
3012 4599 3067 4645 ct
3098 4600 3346 4645 sanctum
3390 4593 3514 4646 Cle-

1938 4696 2174 4745 mentem
2205 4689 2370 4743 ctiam
2408 4688 2691 4741 dominum
2741 4701 2946 4752 meum,
2981 4684 3074 4754 qui
3108 4686 3338 4739 multum
3380 4685 3514 4738 mihi

1935 4796 2077 4852 saepe
2116 4780 2503 4836 commodavit.

1323 4917 1551 4971 Rursum
1594 4915 1788 4974 Euseb.
1829 4917 1964 4974 ibid.
2000 4918 2098 4974 lib.
2133 4933 2194 4985 tt,
2233 4935 2352 4989 cap.
2380 4917 2434 4974 9.

308 5034 449 5105 Περὶ
479 5033 745 5088 δὲτοῦτου
768 5031 797 5085 ὁ
826 5033 1057 5105 Κλήμης
1084 5033 1178 5088 τοῦ
1220 5034 1479 5089 Ἰακώϐου
1503 5074 1519 5099 ,
1561 5037 1657 5089 καὶ
1687 5034 1829 5090 ἱστο-

240 5128 359 5200 ρίαν
384 5127 609 5199 μνήμης
635 5124 793 5191 ἀξίαν
819 5126 963 5197 ὲντῇ
990 5124 1098 5178 τῶν
1135 5125 1601 5181 ’Υποτυπώσσιιηο
1627 5126 1828 5199 ἑϐδόμῃ

238 5216 625 5291 παρατίθεται,
646 5216 724 5280 ὡς
751 5216 817 5270 ἐκ
845 5216 1204 5289 παραδόσεως
1218 5219 1326 5272 τῶν
1357 5220 1465 5292 πρὸ
1493 5218 1693 5284 αὐτοῦ,
1726 5220 1830 5291 φάρ

238 5326 406 5374 σκων,
425 5309 512 5362 ὅτι
529 5306 596 5379 δὴ
622 5309 652 5361 ὁ
679 5306 990 5377 είσαγαγὼν
1008 5306 1171 5363 αὐτὸν
1191 5310 1271 5374 είς
1296 5310 1669 5384 δικαστήριον,
1695 5331 1832 5386 μαρ-

235 5401 554 5474 τυρήσαντα
594 5399 757 5455 αὑτὸν
802 5399 925 5454 ἰδὼν
944 5442 958 5466 ,
1003 5400 1277 5473 κινηθεὶς,
1331 5403 1687 5475 ὡμολόγησεν
1734 5406 1829 5459 καὶ

233 5495 400 5558 αὐτὸς
443 5487 588 5547 εἶναι
634 5493 829 5549 ἑαυτὸν
864 5494 1207 5567 Χριστιανόν.
1256 5495 1689 5569 Συναπήχθησαν
1733 5491 1827 5552 οῦν

231 5585 405 5656 ἄμφω
424 5628 441 5653 ,
485 5586 680 5657 φησιν’
709 5587 804 5641 καὶ
830 5585 973 5641 κατά
997 5586 1096 5659 τὴν
1127 5587 1245 5640 ὁδὸν
1283 5586 1514 5656 ἠξίωσεν
1556 5588 1825 5659 ἀφεθῆναι

230 5677 387 5749 αὑτῷ
417 5677 526 5731 ὑπὸ
551 5676 648 5731 τοῦ
690 5678 966 5733 Ἰακώὸου.
1012 5680 1070 5733 '0
1107 5678 1194 5743 δὲ,
1239 5679 1419 5749 ὀλίγον
1463 5680 1823 5752 σκεψάμενος,

233 5769 447 5845 Εἰρήνη
479 5788 584 5837 σοι,
614 5764 757 5836 εἷπε,
789 5773 884 5825 καὶ
896 5770 1258 5843 κατεφίλησεν
1284 5772 1447 5827 αὐτόν
1467 5790 1482 5805 ’
1537 5770 1825 5847 καὶ-οὕτως

242 5862 546 5937 ἀμφότεροι
576 5861 712 5935 ὁμοῦ
745 5862 1255 5937 ὲκαρατομήθησαν.

2008 5035 2232 5091 Deisto
2261 5033 2467 5090 Jacobo
2497 5033 2750 5088 Clemens
2784 5030 2838 5084 in
2874 5026 3109 5098 septimo
3154 5024 3297 5080 libro
3339 5024 3515 5076 Ύπο-

1932 5129 2259 5185 τυπώσεων
2308 5128 2593 5183 historiam
2630 5126 2791 5196 plane
2838 5121 3246 5179 memorabilem
3299 5116 3512 5178 inserit,

1931 5236 2164 5292 eamque
2203 5228 2389 5274 narrat
2425 5218 2581 5289 quasi
2615 5232 2682 5272 ex
2720 5215 3017 5271 traditione
3050 5213 3317 5282 majorum
3351 5223 3511 5263 acce-

1932 5322 2117 5384 ptam;
2153 5311 2437 5373 nimirum,
2479 5324 2603 5365 eum
2648 5309 2851 5380 ipsum,
2885 5306 2979 5376 qui
3018 5302 3281 5359 Jacobum
3329 5299 3383 5354 in
3423 5298 3513 5369 ju-

1931 5403 2134 5458 dicium
2169 5401 2507 5466 adduxisset,
2541 5413 2666 5453 cum
2699 5395 3071 5452 testimonium
3106 5391 3326 5446 Christo
3352 5389 3511 5445 illum

1933 5501 2042 5548 tam
2071 5493 2239 5547 libere
2265 5490 2638 5562 perhibentem
2669 5496 2941 5552 cerneret,
2970 5500 3035 5540 ea
3060 5500 3120 5538 re
3147 5492 3509 5545 commotum,

1932 5603 1992 5643 se
2041 5586 2203 5640 etiam
2255 5584 2632 5639 Christianum
2696 5582 2928 5653 ingenue
2991 5575 3305 5632 confessum
3364 5592 3507 5632 esse.

1930 5678 2101 5749 Igitur
2130 5676 2398 5732 ambobus
2430 5692 2539 5730 una
2579 5676 2646 5729 ad
2680 5671 3007 5743 supplicium
3051 5669 3324 5730 adductis,
3364 5668 3511 5724 hunc

1912 5773 2073 5826 inter
2120 5769 2359 5825 eundum
2415 5766 2681 5822 aJacobo
2729 5763 3075 5835 postulasse,
3135 5763 3347 5816 veniam
3403 5760 3509 5815 sibi

1931 5862 2174 5918 concedi.
2230 5858 2497 5917 Jacobum
2550 5867 2764 5924 autem,
2818 5856 3102 5930 paululum
3157 5869 3270 5910 rem
3325 5855 3512 5907 animo
