3980 6568
480 369 556 427 59
1708 373 2032 430 CLEMENS
2066 375 2624 436 ALEXANDRINUS.
3679 388 3754 442 ιθ

479 486 830 558 complexum
863 490 1089 555 dixisse,
1119 489 1232 544 Pax
1281 491 1402 554 tibi.
1458 492 1726 564 illumque
1775 495 2088 549 osculatum
2131 511 2287 562 esse;
2327 509 2378 554 et
2453 502 2536 555 sic
2585 500 2803 556 tandem
2852 510 3150 571 utrumque
3202 502 3379 558 securi
3421 520 3749 575 percussum

478 591 648 637 Vitam
683 583 1014 640 deseruisse.

1595 681 1767 744 Idem,
1811 682 2058 739 Chronic.
2095 685 2326 752 Canam,
2370 704 2491 757 pag.
2515 686 2643 740 2l6.

551 797 823 866 Clemens,
852 799 1180 854 Stromalum
1217 812 1431 869 auctor,
1459 803 1838 859 Alexandrina:
1870 806 2053 862 Eccle-
2083 820 2123 872 Α

2229 810 2461 881 Κλήμης
2475 811 2504 861 6
2533 811 2897 880 Στρωματεὺς
2914 809 3185 880 πρεσϐύτε
3193 827 3284 880 ρος
3322 807 3752 879 Ἀλεξανδρείας,

477 890 575 946 βίαι
599 891 904 962 presbyter,
932 894 1172 962 optimus
1202 893 1530 950 Christianae
1556 897 1917 967 philosophiae
1944 915 2049 953 ma-

2179 901 2388 973 ἱριστος
2414 901 2736 964 διδάσκαλος
2779 902 2838 952 ὲν
2866 904 2933 971 τῇ
2983 901 3125 954 κατὰ
3163 901 3398 972 Χριστὸν
3438 900 3751 970 φιλοσοφίᾳ,

478 983 670 1051 gister,
694 983 853 1038 libris
895 986 1310 1041 conscribendis
1353 987 1643 1055 inclaruit;
1680 999 1733 1042 et
1767 989 2050 1046 Pantaenus

2187 997 2476 1049 τυντάττων
2505 993 2819 1064 διέλαμπεν,
2853 994 2949 1046 καὶ
2984 993 3281 1056 Πάνταινος
3311 993 3599 1062 φιλόσοφος
3645 990 3759 1044 ἀπὸ

477 1090 510 1129 e
543 1074 855 1132 Stoicorum
907 1087 1056 1133 secta
1107 1079 1492 1150 philosophus,
1528 1082 1581 1136 in
1615 1083 1816 1138 divinis
1864 1083 2049 1139 litteris

1690 1083 1816 1138 riuis
1864 1083 2059 1139 litteris
2162 1088 2414 1140 Στωϊκῶν
2447 1089 2506 1140 ἐν
2525 1086 2602 1157 τῷ
2620 1086 2748 1158 θείῳ
2777 1085 2924 1156 λύγῳ
2951 1085 3262 1157 διέπρεπεν.

477 1169 758 1225 excelluit.

1505 1268 1679 1337 Idem,
1719 1269 1960 1339 Prwpar.
1983 1272 2243 1343 ἀσηθείη
2284 1271 2381 1328 lib.
2411 1288 2475 1336 ιι,
2500 1287 2628 1341 cap.
2661 1270 2717 1326 2.

546 1383 724 1454 Atque
749 1385 946 1441 horum
982 1389 1374 1459 turpitudinem
1413 1388 1755 1447 admirabilis
1804 1393 1896 1447 ille
1926 1391 2053 1448 Cle-

2225 1394 2410 1447 Ταῦτα
2435 1395 2494 1448 δὲ
2522 1395 2756 1466 Κλήμης
2774 1394 2803 1445 6
2832 1393 3134 1464 θαυμάσιος
3156 1393 3213 1444 ἐν
3233 1392 3309 1463 τῷ
3341 1391 3492 1460 πρὸς
3530 1391 3753 1458 Ἕλλη-

475 1490 669 1543 meus,
726 1492 790 1532 ea
840 1495 1004 1549 quam
1049 1482 1120 1533 ad
1160 1480 1372 1537 Gracos
1431 1483 1616 1554 dirigit
1657 1485 2047 1553 Cohortationc,

2178 1504 2270 1553 ιας
2305 1486 2724 1555 Προτρεπτικῷ
2764 1485 3060 1557 διαρρήδην
3104 1483 3438 1537 ὲκκαλύπτει
3458 1523 3474 1547 ,
3521 1482 3750 1536 πάντων

475 1569 678 1622 nudam
730 1572 1087 1642 omniumque
1141 1575 1490 1643 spectandam
1549 1577 1726 1633 oculis
1774 1579 2047 1648 proponit,

2176 1581 2260 1634 t‘sv
2287 1580 2374 1633 διὰ
2402 1581 2598 1652 πείρας
2629 1579 2798 1632 ἐλθὼν
2826 1581 2987 1651 ἀνὴρ,
3012 1579 3204 1633 θᾶττόν
3232 1596 3295 1648 γε
3322 1577 3427 1649 μὴν
3473 1576 3576 1646 τῆς
3605 1575 3748 1629 πλά-

473 1661 677 1732 quippe
727 1664 820 1734 qui
865 1680 990 1720 cum
1043 1683 1234 1722 omnes
1281 1669 1500 1724 illorum
1554 1673 1909 1729 caeremonias
1953 1690 2045 1730 sua

2179 1692 2259 1744 ἠς
2287 1673 2609 1736 ἀνανεύσας,
2633 1675 2709 1737 ὡς
2737 1675 2802 1728 ἂν
2836 1675 2974 1746 πρὸς
3000 1672 3094 1726 τοῦ
3127 1673 3396 1744 σωτηρίου
3424 1670 3585 1738 λόγου
3606 1709 3620 1732 ,
3650 1670 3751 1722 καὶ

475 1751 651 1822 ipsius
682 1757 1016 1827 experientia
1096 1761 1451 1830 cognoverit,
1498 1773 1614 1818 tum
1661 1765 1947 1820 celerrime
1986 1766 2047 1822 ab

2183 1766 2268 1836 na.
2287 1766 2388 1835 τῆς
2433 1766 2797 1839 εύαγγελικῆς
2833 1767 3183 1829 διδασκαλίας
3217 1766 3322 1819 τῶν
3369 1765 3554 1819 κακῶν
3591 1762 3755 1816 λελυ-

473 1842 666 1900 infami
721 1861 910 1902 errore
964 1857 1130 1918 caput
1173 1849 1452 1916 extulerit,
1487 1851 1639 1906 verbi
1687 1851 1969 1916 salutaris,
2001 1860 2045 1908 el

1039 1857 1130 1918 put
1173 1849 1452 1916 extulerit,
1487 1851 1639 1906 verbi
1687 1851 1969 1916 salutaris,
2001 1860 2057 1908 et
2155 1860 2459 1930 τρωμέ·.·ος.
2495 1901 2508 1912 .
2545 1898 2560 1913 .
2595 1899 2611 1915 .

471 1940 801 2010 evangelii-te
845 1940 1108 1996 doctrinae
1138 1943 1192 1996 vi
1239 1957 1308 1997 ex
1339 1950 1421 1997 tot
1453 1951 1841 2014 tantorumque
1887 1943 2062 1999 malo-

471 2046 594 2087 rum
621 2033 954 2105 contagione
979 2034 1268 2102 liberatus,
1299 2045 1404 2092 etc.
2089 2032 2132 2088 Β

1697 2151 1872 2218 Idem,
1909 2153 2043 2210 ibid.
2087 2152 2182 2206 lib.
2216 2167 2277 2216 ιι,
2318 2167 2434 2218 cup.
2469 2151 2523 2204 ὅ.

543 2265 732 2334 Itaque
778 2264 1004 2321 deorum
1059 2265 1305 2337 ipsorum
1351 2267 1517 2331 aades,
1571 2278 1914 2323 mortuorum
1965 2284 2053 2323 se-

2237 2269 2429 2322 Ἐνϐεν
2455 2267 2638 2330 αὐτοῖς
2669 2268 2764 2320 καὶ
2792 2267 2841 2320 οἱ
2871 2266 2977 2320 τῶν
3000 2265 3137 2319 θεῶν
3166 2259 3327 2326 οἶκοι,
3356 2266 3568 2338 νεκρῶν
3601 2261 3744 2322 εἶναι

468 2356 659 2426 pulcra
705 2373 828 2414 esse
878 2359 1255 2429 perhibentur,
1303 2361 1764 2432 quemadmodum
1800 2360 2040 2416 Clemens

2170 2361 2319 2430 τάφοι
2351 2359 2799 2431 μνημονεύονται,
2817 2361 2893 2424 ὠς
2917 2361 2946 2412 6
2973 2358 3204 2429 Κλήμης
3231 2360 3290 2411 ὲν
3318 2358 3396 2428 τῷ
3423 2357 3576 2427 πρὸς
3603 2361 3742 2413 Ἕλ-

468 2447 524 2501 in
560 2464 623 2504 ea
653 2465 818 2519 quam
867 2451 936 2503 ad
967 2450 1181 2506 ercos
1231 2453 1423 2507 scribit
1467 2451 1845 2508 Cohortatione
1899 2468 2040 2507 com-

2171 2457 2351 2520 ιηνας
2376 2452 2789 2522 Προτρεπτικῷ
2827 2455 3072 2526 ἱστορεῖ,
3113 2451 3209 2504 τοῦ
3249 2451 3408 2520 λόγου
3449 2452 3743 2524 μάρτυρας

468 2551 780 2620 memorat,
835 2541 1150 2598 Graecorum
1203 2544 1449 2615 ipsorum
1504 2546 1816 2601 testimonia
1862 2544 2040 2614 profe-

1613 2546 1816 2601 imonia
1862 2544 2046 2614 profe-
2153 2544 2351 2606 αύτοὺς
2375 2542 2645 2613 Ἕλληνας
2672 2543 3031 2614 ἑπαγόμενος.
3066 2584 3092 2608 .,
3120 2584 3133 2597 .
3168 2585 3180 2596 .

466 2647 616 2698 rens,
649 2644 755 2688 etc.

1659 2731 1829 2800 Idem,
1866 2733 2022 2796 ibid.,
2063 2731 2160 2789 ιιι.
2191 2744 2269 2796 Iv,
2308 2746 2428 2800 cap.
2461 2727 2548 2782 16.

540 2837 673 2906 lure
710 2867 843 2906 sane
876 2829 936 2906 3t
969 2854 1164 2908 merito
1189 2854 1464 2920 Clemens,
1498 2855 1578 2909 vir
1609 2855 1767 2925 plane
1796 2856 2039 2926 singula-

2218 2853 2459 2914 Εἰκότως
2477 2852 2584 2922 ἄρα
2610 2850 2639 2902 6
2655 2848 2953 2919 θαυμάσιος
2981 2846 3212 2917 Κλήμης
3241 2847 3298 2900 ἐν
3317 2844 3396 2915 τῷ
3422 2843 3566 2912 πρὸς
3601 2844 3741 2898 Ἔλ-

465 2943 565 3009 ris,
596 2943 651 2998 in
679 2959 742 2998 ea
767 2961 932 3014 quam
978 2946 1272 3014 gentilibus
1317 2947 1598 3016 inscripsit
1645 2947 2037 3014 Coliortatione,

2163 2949 2340 3015 ιηνας
2363 2939 2796 3011 Προτρεπτικῷ,
2827 2938 2966 2992 αύτά
2986 2937 3050 3009 δὴ
3071 2937 3241 2991 ταῦτα
3263 2935 3735 3008 ἐπιμεμφόμενος,

456 3034 653 3090 eadem
699 3037 803 3091 ista
851 3053 1111 3108 carpens,
1152 3039 1435 3093 hominum
1480 3040 1696 3094 illorum
1742 3040 2028 3095 caecitatem

2164 3037 2321 3093 τοιάδε
2342 3037 2436 3090 καὶ
2465 3034 2627 3098 αὐτὸς
2653 3033 2752 3105 τὴν
2795 3031 3004 3102 πλάνην
3041 3031 3148 3084 τῶν
3189 3029 3490 3101 ἀνθρώπων
3531 3027 3736 3082 inde.

462 3125 812 3195 lamentatur,
835 3138 941 3185 etc.
1423 3203 1428 3212 ν

2148 3130 2401 3206 φύρεται.
2433 3170 2447 3183 .
2486 3168 2500 3181 .
2542 3167 2556 3180 .

1759 3250 1931 3317 Idem,
1972 3252 2068 3305 lib.
2113 3267 2191 3315 Ix,
2233 3267 2351 3318 cap.
2390 3248 2444 3302 6.

530 3369 708 3437 Atque
734 3369 894 3424 istius
926 3370 1088 3423 etiam
1108 3370 1378 3428 (Clearebi
1394 3372 1542 3445 scil.)
1557 3371 1809 3427 Clemens
1843 3383 2028 3427 noster

2211 3370 2414 3424 Τούτου
2450 3369 2507 3421 δὲ
2549 3366 2876 3439 μνημονεύει
2919 3367 3011 3419 καὶ
3039 3367 3066 3417 6
3099 3365 3363 3436 ἡμέτερος
3394 3364 3626 3435 Κλήμης
3671 3363 3733 3420 ἐν

457 3457 602 3510 libro
637 3457 816 3528 primo
842 3456 1468 3527 Stromatammeminit,
1505 3472 1611 3516 etc.

1302 3462 1468 3527 ninit,
1505 3472 1611 3516 etc.
2068 3446 2114 3506 ο
2146 3461 2225 3532 τῷ
2257 3458 2460 3531 πρώτῳ
2490 3460 2874 3530 Στρωματεί...

1774 3579 1945 3646 Idem,
1983 3581 2080 3635 lib.
2113 3596 2168 3644 x,
2206 3597 2326 3650 cap.
2358 3580 2412 3636 l.

527 3688 595 3744 Et
632 3691 892 3760 quoniam
919 3691 1176 3748 Clemens
1230 3695 1319 3749 ille
1347 3705 1533 3750 noster
1573 3695 1692 3751 fuse
1731 3695 2028 3750 admodum

2224 3697 2283 3750 Ὀ
2317 3695 2416 3768 μὲν
2435 3691 2529 3748 οὖν
2554 3693 2826 3765 ἡμέτερος
2851 3691 3102 3764 Κλήμης,
3127 3694 3184 3744 ὲν
3207 3691 3352 3760 ἕκτῳ
3383 3692 3726 3762 Στρωματεῖ,

456 3776 733 3835 Stromate
763 3793 918 3838 sexto
936 3783 1360 3853 disputationem
1388 3785 1546 3841 istam
1575 3787 1913 3855 exsequitur,
1931 3799 2028 3844 etc.

2147 3787 2244 3858 τὴν
2278 3785 2406 3856 περὶ
2437 3783 2626 3836 τούτου
2657 3780 2911 3835 σύστασιν
2945 3784 3024 3844 εἰς
3058 3781 3256 3843 πλάτος
3287 3779 3635 3851 ἀπηύθυνε...

1788 3903 1960 3969 Idem,
2003 3905 2136 3960 ibid.
2178 3922 2298 3975 cap.
2341 3906 2400 3961 5.

523 3989 642 4044 Jam
681 4007 811 4048 vero
831 3991 1168 4052 Clementem
1199 3996 1326 4050 audi
1369 3998 1422 4051 in
1449 3999 1638 4053 eadem
1667 4015 1880 4054 mecum
1911 4000 2027 4054 dis-

2203 4000 2314 4070 Τῆς
2363 3999 2406 4051 δ’
2428 3998 2598 4068 αὐτῆς
2646 3999 2777 4070 ἡμῖν
2827 3993 3139 4055 ὑποθέσεως
3187 3990 3535 4061 ἐφαψάμενος
3569 3989 3665 4042 καὶ
3695 3989 3724 4042 6

452 4083 736 4152 putatione
764 4097 1095 4153 versantem,
1119 4097 1224 4142 etc.

2137 4093 2389 4164 Κλήμης,
2417 4090 2720 4144 ἐπάκουσον
2753 4089 2791 4143 ἆ
2822 4105 3049 4158 φησιν...

1779 4201 1952 4267 Idem,
1996 4203 2129 4256 ibid.
2170 4218 2292 4272 cap.
2326 4201 2415 4256 ll.

518 4308 795 4371 Hactenus
821 4313 1107 4372 Tatianus.
1149 4311 1375 4372 Jam'ad
1407 4316 1742 4372 Clementem
1777 4329 2026 4372 transea-

2205 4313 2458 4368 Τοσαῦτα
2501 4314 2594 4366 καὶ
2638 4315 2667 4366 6
2699 4309 2980 4372 Τατιανός.
3030 4307 3322 4378 Μετίωμεν
3373 4306 3431 4359 δὲ
3483 4304 3578 4359 καὶ
3623 4303 3718 4358 ἐπὶ

448 4419 594 4468 mus,
619 4417 725 4459 etc.

2140 4405 2256 4477 Κλή
2266 4422 2453 4476 μεντα.
2465 4445 2476 4457 .
2485 4443 2501 4459 .

1547 4561 1556 4570 -
1717 4527 1889 4593 Idem,
1931 4529 2026 4582 lib.
2071 4541 2150 4590 x1,
2192 4542 2309 4594 cap.
2341 4524 2432 4578 24.

519 4612 693 4684 Atque
742 4615 1007 4673 hactenus
1034 4619 1221 4686 Philo,
1275 4622 1362 4676 cui
1411 4623 1592 4677 aﬂinia
1638 4625 1794 4694 plane
1834 4633 1887 4678 et
1923 4640 2016 4695 ge-

2197 4619 2380 4675 Ταῦτα
2413 4621 2442 4672 6
2463 4619 2653 4672 Φίλωνι
2688 4617 2901 4689 συνᾴδει
2929 4617 2986 4670 δὲ
3015 4615 3164 4686 αύτῷ
3193 4617 3284 4668 καὶ
3311 4615 3340 4667 6
3372 4613 3628 4683 Κλήμης,
3653 4611 3713 4663 ιν

447 4704 595 4759 mina
641 4707 899 4764 Clemens
946 4711 1223 4767 Stromate
1277 4724 1433 4768 sexto
1485 4717 1632 4770 hunc
1685 4717 1738 4770 in
1800 4717 2019 4770 modum

1536 4732 1632 4770 anc
1685 4717 1738 4770 in
1800 4717 2020 4770 tnodum
2057 4747 2099 4800 ο
2128 4714 2204 4786 τῷ
2235 4716 2378 4785 ἕκτῳ
2411 4714 2731 4783 Στρωματεῖ
2763 4711 2936 4778 λέγων

445 4799 814 4868 persequitur,
851 4810 958 4856 etc.

1715 4900 1889 4968 Idem,
1930 4901 2024 4955 lib.
2059 4915 2182 4964 xm,
2222 4913 2340 4965 cap.
2373 4895 2478 4964 ‘12.~

513 5003 637 5072 Quo
661 5006 850 5061 eodem
883 5009 935 5062 in
964 5025 1180 5080 genere,
1209 5027 1327 5082 qua)
1350 5013 1645 5069 Clementis
1691 5015 1860 5068 nostri
1889 5029 2018 5068 sen-

2211 5007 2401 5072 Ὀποῖα
2437 5005 2495 5059 δὲ
2531 5005 2624 5056 καὶ
2667 5001 2944 5072 Κλήμεντι
2987 4999 3112 5069 περὶ
3142 4998 3240 5068 τῆς
3279 4999 3449 5069 αὐτῆς
3490 4997 3709 5069 εἴρηται

441 5098 612 5152 tentia
644 5099 828 5163 luerit,
857 5115 922 5154 ex
951 5104 1309 5172 sequentibus
1344 5105 1633 5176 intelliges,
1660 5117 1770 5160 etc.

1617 5147 1633 5171 ,
1660 5117 1770 5160 etc.
2125 5099 2454 5162 ὑποθέσεως,
2488 5095 2675 5166 γνοίης
2702 5093 2767 5146 ἂν
2794 5091 2881 5145 διὰ
2916 5090 3185 5144 τούτων...

938 5216 1172 5287 Cyrillus
1226 5219 1515 5274 Alexandr.
1547 5232 1732 5276 contra
1759 5221 2060 5286 lulianum,
2094 5217 2190 5272 lib.
2219 5231 2297 5282 Vl,
2328 5231 2452 5284 pag.
2478 5210 2608 5275 205,
2648 5209 2773 5264 edit.
2808 5207 3014 5267 Paris.,
3045 5204 3203 5260 1658.

509 5330 762 5389 Clemens
791 5333 936 5388 enim
956 5335 1048 5404 qui
1071 5345 1290 5392 sanctos
1313 5340 1590 5408 apostolos
1618 5341 1817 5410 ubique
1834 5340 2017 5410 sequi-

2195 5333 2428 5404 Κλήμης
2463 5331 2560 5400 μὲν
2595 5327 2704 5398 γάρ
2735 5329 2846 5389 τοῖς
2878 5325 3052 5394 ἁγίοις
3093 5323 3409 5387 ἀποστόλοις
3438 5324 3706 5397 ἑπόμενος

436 5430 549 5489 tur,
577 5422 782 5493 quique
823 5424 1065 5480 inﬁnitas
1093 5425 1402 5483 Graecorqu
1443 5431 1700 5487 historias
1745 5431 2008 5486 audiendo

2133 5424 2404 5494 πανταχῆ,
2442 5420 2703 5490 πλείστης
2730 5434 2788 5470 τε
2819 5418 2950 5487 ὅσης
2995 5415 3313 5487 Ἑλληνικῆς
3351 5413 3594 5487 ἱστορίας
3620 5415 3705 5480 εἰς

437 5522 743 5580 acceperat,
781 5512 835 5566 in
870 5510 1156 5569 Slromalis
1191 5515 1374 5586 refert,
1403 5529 1508 5575 etc.

2111 5518 2281 5588 ἀκοὴν
2318 5513 2508 5576 ἐλθὼν,
2535 5514 2593 5564 ὲν
2619 5513 2732 5572 τοῖς
2762 5505 3176 5576 Στρωματεῦσι
3197 5523 3394 5576 φησι...

1589 5637 1760 5704 Idem,
1792 5638 1950 5703 ibid.,
1991 5637 2085 5690 lib.
2119 5651 2216 5708 tm,
2258 5651 2379 5704 pag.
2415 5632 2541 5686 25L

506 5745 680 5818 Hujus
722 5749 964 5805 historia
999 5751 1323 5807 nominatim
1373 5755 1622 5809 meminit
1653 5754 1908 5808 Clemens
1946 5752 2000 5805 in

2181 5747 2396 5819 Ταύτης
2428 5748 2535 5800 ἰδία
2568 5747 2838 5817 μέμνηται
2867 5743 2966 5814 τῆς
2993 5741 3235 5813 ἱστορίας
3268 5740 3326 5792 ἐν
3358 5739 3472 5800 τοῖς
3500 5739 3695 5804 Στρω-

435 5840 744 5906 εινοιηαιὶι,
791 5843 876 5897 vir
927 5842 980 5897 iu
1023 5845 1216 5914 primis
1265 5844 1463 5902 doctus
1511 5856 1565 5902 et
1604 5848 1873 5912 eruditus,
1908 5843 2006 5914 qui

2121 5841 2403 5908 ματεῦσαι
2429 5843 2457 5893 6
2487 5838 2739 5910 Κλήμης,
2771 5834 2908 5908 ἀνὴρ
2935 5833 3218 5905 ἐλλόγιμος
3240 5831 3335 5886 καὶ⁸
3365 5829 3693 5902 φιλομαθὴς,
