3980 6512
233 364 272 420 ι
286 364 304 417 l
1503 368 1810 427 VETERUI

1925 368 2223 426 ESTIMON
2232 369 2322 425 lAa
3418 372 3493 427 δε

227 485 331 538 καὶ
389 485 830 557 ἀναγνωσμάτων
877 487 1220 561 φλληνικῶν
1275 489 1810 562 πολυπραγμονήσας

1921 490 2225 548 Graecarum
2261 491 2565 548 litterarum
2605 491 2973 558 altitudinem,
3001 503 3270 560 quantum
3305 487 3492 547 ίυτιυιιι

225 572 422 647 μάθος,
457 577 532 642 ὡς
556 578 726 648 ὀλίγοι
757 581 898 652 τάχα
926 599 1028 635 που
1062 583 1168 635 τῶν
1201 584 1307 655 πρὸ
1338 585 1524 640 αὐτοῦς

1919 593 2044 636 ante
2077 583 2227 636 illum
2254 581 2436 652 pauci,
2463 590 2841 652 perscrutatus
2867 590 2972 637 est.

1411 703 1580 765 Idem,
1623 701 1779 767 ibid-.,
1820 698 1913 752 lib.
1949 716 2003 764 ι,
2043 715 2166 768 pag.
2193 698 2320 752 542.

303 813 451 886 Ἔφη
491 796 683 870 csa-cat
714 816 945 890 Κλήμης
976 820 1115 892 ἀνὴρ
1148 811 1460 892 ἐλλόγιμος,
1495 821 1588 874 καὶ
1630 821 1810 892 μέντοι

222 906 328 960 καὶ
357 907 662 980 πολυῖστωρ
689 911 816 982 περί
836 929 896 964 τε
925 911 1061 965 θεῶν
1093 912 1186 967 καὶ
1216 914 1358 966 ναῶν
1383 913 1546 968 ὡδί...

755 1111 1086 1184 Epiphanius
1117 1113 1375 1170 Adversus
1429 1115 1682 1183 hereses,
1724 1117 1815 1171 lib.
1850 1134 1888 1183 ι,

294 1226 435 1286 Εἶτα
469 1235 518 1286 oi
552 1233 732 1298 καλῶς
781 1235 1243 1307 συγγραψάμενοι,
1274 1238 1367 1290 καὶ
1402 1237 1656 1309 ἀλήθειαν
1684 1239 1809 1292 τού-

217 1339 336 1376 των
359 1325 416 1376 ὲν
433 1326 548 1388 τοῖς
569 1341 717 1393 σφων
734 1325 912 1378 αὐτῶν
943 1327 1366 1398 συγγράμμασιν
1387 1328 1640 1399 ἤλεγξαν,
1660 1331 1809 1402 Κλή-

222 1434 341 1488 μης
379 1434 459 1482 τε,
491 1418 550 1472 ὅν
579 1418 710 1486 φασι
753 1427 900 1480 ’τινες
939 1418 1311 1491 Ἀλεξανδρέα,
1336 1420 1512 1492 ἕτεροι
1539 1421 1596 1474 δὲ
1650 1421 1810 1494 Ἀθηέ

218 1514 398 1564 ναῖον.

1990 812 2249 867 Clemens
2287 821 2467 866 autem
2506 811 2755 866 eruditus
2783 811 2867 864 vir
2907 819 2961 865 et
2989 811 3285 866 multarum
3317 811 3493 867 histo-

1919 907 2126 960 riarum
2165 904 2565 960 scientissimus
2590 905 2656 959 de
2680 905 2785 959 diis
2816 919 2880 957 ac
2912 903 3136 974 templis
3169 903 3243 960 ita
3273 919 3493 975 quoque

1920 999 2130 1064 scribit,
2156 1006 2262 1052 etc.

1931 1127 2060 1172 tom.
2089 1116 2162 1181 Il,
2190 1118 2245 1170 in
2277 1114 2730 1170 Secundianorum
2762 1115 2970 1170 liwrcsi.

1989 1235 2192 1292 Verum
2226 1247 2392 1307 quam
2425 1236 2540 1290 haec
2585 1250 2616 1288 a
2642 1233 2870 1288 veritate
2905 1233 3242 1288 abhorreant
3283 1231 3493 1297 omnia,

1919 1331 2120 1401 egregii
2185 1329 2408 1400 quidem
2479 1327 2778 1397 scriptores
2841 1326 3006 1381 editis
3070 1326 3334 1380 adversus
3397 1339 3495 1379 eos

1918 1420 2345 1476 Commentariis
2390 1420 2869 1482 demonstrarunt,
2914 1417 3184 1489 praecipue
3213 1431 3342 1471 vero
3371 1415 3495 1471 Cle-

1918 1527 2074 1568 mens
2113 1513 2549 1577 Alexandrinus,
2610 1527 2773 1582 quem
2810 1511 3208 1566 Atheniensem
3261 1509 3353 1563 alii
3412 1507 3496 1562 fa»-

1919 1605 2089 1661 ciunt.

974 1720 1264 1793 Dionysius
1305 1722 1645 1795 Areopagita,
1685 1724 1780 1780 lib.
1831 1725 1905 1780 De
1943 1726 2138 1780 divinis
2178 1727 2481 1780 nominibus
2514 1741 2660 1789 ,cap.
2696 1724 2748 1780 5.

289 1833 360 1886 El
394 1833 452 1886 δὲ
475 1834 503 1886 6
532 1835 819 1907 φιλόσοφος
854 1839 996 1906 ἀξιοῖ
1025 1839 1276 1912 Κλήμης,
1310 1841 1403 1895 καὶ
1444 1843 1582 1914 πρὸς
1609 1841 1664 1894 τὶ
1704 1860 1810 1895 πα-

1991 1844 2048 1898 Si
2086 1853 2267 1899 autem
2307 1844 2421 1898 vult
2454 1842 2708 1899 Clemens
2747 1841 3137 1913 philosophus,
3185 1841 3251 1896 ad
3283 1840 3494 1911 aliquid

220 1927 569 1998 ραδείγματα
597 1929 852 1998 λέγεσθαι
879 1932 948 1985 τὰ
973 1933 1029 1984 ὲν
1053 1937 1166 1998 τοῖς
1195 1929 1346 1987 οὖσιν
1369 1933 1810 2006 ἁρχηγικώτερα,

217 2020 443 2091 πρόεισι
483 2022 582 2091 μὲν
615 2023 674 2074 οὺ
701 2023 786 2076 διὰ
818 2025 1022 2095 κυρίων
1056 2027 1149 2079 καὶ
1188 2027 1468 2080 παντελῶν
1501 2029 1595 2082 καὶ
1627 2028 1814 2082 ἁπλῶν

213 2110 505 2182 ὀνομάτων
543 2114 573 2165 ὁ
596 2114 753 2184 λόγος
782 2115 950 2188 αὐτῷ.

1919 1935 2029 1990 dici
2060 1935 2392 2004 exemplaria
2439 1951 2562 2004 qua:
2607 1944 2737 1989 sunt
2768 1935 2820 1988 in
2863 1935 3026 1988 rebus
3069 1934 3494 2003 principaliora,

1923 2026 2272 2096 progreditur
2324 2025 2546 2095 quidem
2573 2065 2588 2090 ,
2625 2041 2749 2080 cum
2797 2027 2877 2081 sic
2915 2026 3182 2096 loquitur,
3231 2040 3344 2080 non
3389 2040 3495 2096 per

1922 2118 2141 2189 propria
2166 2126 2218 2172 ct
2243 2117 2506 2188 perfecta,
2535 2126 2588 2173 et
2615 2118 2887 2188 simplicia
2913 2119 3157 2176 nomina.

1231 2263 1583 2332 Hieronymus
1623 2265 1674 2317 in
1705 2261 2098 2317 Ecclesiasticis
2135 2259 2504 2348 scriptoribus.

289 2367 558 2432 Clemens
591 2376 974 2434 Alexandrina:
1006 2378 1264 2435 Ecclesia:
1313 2387 1616 2454 presbyter,
1666 2380 1809 2436 Pan-

216 2467 370 2529 tzeiii,
401 2468 468 2521 de
517 2475 630 2538 quo
679 2487 842 2540 supra
879 2473 1199 2536 retulimus,
1251 2474 1488 2541 auditor,
1525 2484 1649 2544 post
1688 2475 1809 2546 ejus

217 2570 456 2614 mortem
496 2553 841 2618 Alexandria:
872 2565 1300 2620 ecclesiasticam
1333 2567 1575 2620 scholam
1612 2567 1805 2632 tenuit,

216 2662 271 2704 et
305 2646 724 2722 Κατηχήσεων
768 2659 1029 2728 magister
1060 2656 1180 2711 fuit.
1217 2655 1492 2712 Feruntur
1523 2658 1642 2728 ejus
1671 2658 1809 2713 insi—

216 2741 344 2816 gnia
373 2749 683 2815 volumina,
719 2749 989 2821 plenaque
1030 2751 1357 2807 eruditionis
1385 2760 1439 2805 et
1461 2751 1806 2820 eloquentiae,

218 2851 328 2894 tam
361 2842 431 2897 de
461 2834 766 2913 Scripturis
797 2835 1022 2909 divinis,
1059 2861 1224 2916 quam
1261 2845 1328 2900 de
1357 2845 1634 2900 surcularis
1667 2844 1813 2899 litte-

217 2943 426 2989 ratura
470 2935 860 2990 instrumento.
894 2935 938 2989 E
988 2938 1189 3006 quibus
1223 2937 1312 2991 illa
1340 2948 1469 2992 sunt
1494 2955 1507 2991 :
1531 2938 1808 3006 Στρωμα-

215 3025 361 3093 τεῖς,
394 3025 525 3080 libri
555 3037 716 3093 octo;
760 3027 1231 3082 ’Υποτυπώσεων
1261 3030 1386 3084 libri
1419 3039 1577 3097 octo;
1611 3029 1812 3083 Adver-

218 3135 311 3172 sus
355 3129 576 3189 gentes,
628 3119 768 3173 liber
813 3129 988 3185 unus;
1035 3120 1323 3191 Pn'dagogi
1372 3119 1495 3175 libri
1542 3130 1691 3185 tres;
1736 3119 1812 3174 De

221 3211 439 3266 Pascha
475 3212 615 3265 liber
648 3229 821 3276 unus;
860 3213 936 3267 De
956 3214 1162 3284 jejunio
1197 3211 1548 3284 disceptatio;
1585 3221 1640 3268 et
1667 3212 1811 3268 alius

216 3304 313 3375 qui
346 3305 714 3371 inscribitur,
751 3304 1007 3369 Quisnam
1039 3308 1180 3361 dives
1211 3307 1303 3361 ille
1331 3307 1398 3360 sit
1426 3307 1515 3376 qui
1545 3306 1813 3370 salvetur;

220 3396 297 3449 De
331 3396 723 3450 obtrectatione
757 3398 894 3451 liber
925 3415 1106 3465 unus;
1139 3399 1214 3453 De
1240 3399 1526 3452 canonibus
1558 3399 1814 3454 ecclesia-

216 3488 407 3552 sticis,
461 3498 517 3542 et
561 3489 853 3542 Adversum
897 3506 983 3543 eos
1027 3491 1118 3560 qui
1165 3490 1478 3544 Iudaeorum
1523 3500 1815 3561 sequuntur

215 3597 482 3646 errorem,
517 3581 658 3635 liber
685 3598 861 3648 unus;
895 3597 1060 3651 quem
1103 3583 1325 3652 proprie
1341 3583 1651 3637 Alexandro
1682 3581 1812 3638 Hie-

1910 2384 2036 2438 dam
2085 2382 2571 2454 Xporomagalag,
2642 2383 2790 2453 quod
2857 2383 3182 2453 opusculum
3250 2383 3498 2451 invenire

1911 2493 2022 2532 non
2075 2477 2249 2546 potui.
2322 2475 2433 2531 Nec
2481 2491 2590 2530 non
2643 2485 2700 2530 et
2744 2477 2810 2531 de
2855 2475 3060 2531 ludatis
3111 2476 3494 2532 Aristobulum

1912 2569 2227 2639 quemdam,
2261 2575 2316 2622 et
2350 2566 2682 2622 Demetrium
2715 2576 2768 2622 et
2796 2566 3158 2637 Eupolemum
3195 2565 3498 2636 scriptores

1916 2661 2181 2716 adversus
2211 2669 2398 2731 gentes
2441 2659 2630 2723 refert,
2661 2659 2755 2730 qui
2802 2659 2856 2712 in
2887 2658 3306 2714 similitudinem
3339 2655 3499 2712 Jose-

1913 2751 2008 2821 phi
2068 2738 2517 2821 Ἀρχαιογονίας
2560 2739 2732 2821 Moysi
2780 2759 2833 2804 et
2861 2748 3106 2804 Judaicze
3147 2747 3294 2819 genti
3337 2762 3497 2804 asse-

1921 2843 2167 2898 ruerint:
2214 2852 2394 2898 exstat
2439 2843 2735 2898 Alexandri
2780 2841 3327 2914 Hicrosolymitarum
3379 2840 3499 2910 epi-

1915 2935 2093 3005 scopi,
2145 2935 2240 3005 qui
2293 2952 2417 2991 cum
2447 2933 2706 2991 Narcisso
2747 2939 2935 3005 pbstea
2983 2933 3126 2988 rexit
3166 2931 3497 2996 Ecclesium,

1915 3027 2149 3097 cpistola
2184 3043 2349 3097 super
2397 3027 2745 3081 ordinatione
2782 3027 3122 3097 Asclepiadis
3157 3023 3497 3080 confessoris

1915 3122 1982 3175 ad
2005 3119 2435 3186 Antiochenses,
2463 3117 2896 3190 congratulantis
2938 3117 3054 3183 eis;
3101 3117 3157 3170 in
3197 3130 3309 3187 qua
3339 3113 3500 3185 ponit

1917 3214 1972 3268 in
2011 3213 2120 3268 line
2158 3231 2171 3268 :
2210 3232 2227 3264 ‹
2258 3205 2384 3268 Haec
2431 3209 2852 3272 vobis,domini
2905 3224 2970 3264 ac
3031 3207 3264 3272 fratres,
3290 3207 3496 3276 scripta

1923 3303 2230 3369 transmisi,
2277 3319 2374 3373 per
2425 3301 2762 3357 Clementem
2813 3301 3031 3356 beatum
3085 3299 3491 3371 presbyterum,

1917 3400 2098 3454 virum
2153 3399 2422 3455 illustrem
2477 3407 2533 3454 et
2571 3397 2894 3471 probatum;
2947 3410 3108 3466 quem
3143 3410 3240 3450 vos
3272 3406 3497 3464 quoque

1923 3493 2101 3562 scitis,
2143 3502 2198 3548 et
2248 3508 2395 3548 nunc
2438 3491 2654 3562 plenius
2724 3488 3130 3560 recognoscetis
3166 3507 3180 3543 :
3225 3487 3319 3557 qui
3367 3500 3497 3541 cum

1922 3587 2032 3642 huc
2073 3587 2318 3641 venisset
2361 3586 2521 3656 juxta
2575 3583 2974 3655 providentiam
3028 3590 3083 3636 et
3122 3579 3496 3635 visitationem

216 3671 630 3742 resulymorum
668 3648 930 3741 episeopo
949 3648 1397 3745 προσεφώνησεν.
1433 3672 1678 3728 Meminit
1706 3689 1805 3727 au-
1839 3648 1882 3705 C
1916 3675 2034 3742 Dei,
2054 3648 2404 3732 conﬁrmavit
2427 3648 3178 3730 etauiitDoainiEcclesiam
3215 3689 3235 3722 ι
3265 3673 3499 3728 Constat

216 3773 332 3817 ωω
363 3761 418 3816 in
442 3761 804 3817 Stromatibus
833 3766 950 3820 suis
977 3765 1270 3820 voluminis
1298 3763 1518 3820 Tatiani
1540 3767 1804 3821 Adversus

213 3867 426 3928 gentes,
469 3857 536 3914 de
564 3873 676 3928 quo
708 3874 878 3929 supra
921 3859 1194 3926 diximus;
1231 3867 1285 3914 et
1321 3857 1573 3914 Cassiani
1621 3859 1809 3929 cujus-

1911 3769 2200 3842 Origenem
2241 3770 2405 3841 hujus
2450 3768 2621 3825 fuisse
2667 3768 3017 3837 discipulum.
3068 3764 3282 3822 Floruit
3310 3778 3496 3824 autem

1914 3863 2102 3920 Severi
2133 3873 2188 3920 et
2212 3863 2476 3918 Antonini
2505 3861 2604 3917 lilii
2630 3861 2752 3932 ejus
2776 3857 3137 3930 temporibus.

1338 3971 1509 4044 Idem,
1541 3977 1610 4030 ad
1643 3948 1901 4049 Magnum
1950 3991 2158 4035 orator.
2187 3979 2414 4033 Roman.

287 4091 552 4149 Clemens
598 4093 979 4149 Alexandrina:
1027 4069 1287 4150 Ecclesiae
1333 4095 1638 4165 presbyter,
1683 4111 1806 4150 meo

212 4185 428 4254 judicio
450 4187 701 4242 omnium
731 4187 1160 4252 eruditissimus,
1179 4188 1539 4256 octoscripsit
1567 4187 1807 4241 Stroma-

218 4291 332 4333 tum
381 4281 591 4348 libros,
624 4291 682 4335 et
727 4281 953 4337 totidem
1006 4278 1502 4345 ’Υποτυπώσεων,
1545 4289 1600 4336 et
1639 4281 1808 4336 alium

1915 4098 2116 4154 Contra
2164 4108 2375 4168 gentes,
2423 4093 2710 4164 Pa’dagogi
2762 4090 3141 4163 quoquetria
3193 4065 3494 4142 voluinina.

1913 4192 2053 4257 Quid
2089 4191 2142 4244 in
2180 4191 2287 4244 illis
2319 4188 2471 4244 libris
2501 4189 2801 4254 indoctum,
2829 4187 2940 4240 imo
2963 4183 3096 4256 quid
3121 4197 3231 4238 non
3255 4199 3287 4238 e
3318 4181 3500 4238 media

1916 4281 2267 4352 philosophia
2299 4289 2382 4335 est
2405 4280 2428 4332 ?

630 4419 870 4489 Rufinus,
906 4421 980 4474 De
1003 4421 1395 4476 adulteratione
1427 4421 1686 4476 librorum
1723 4421 1964 4492 Origenis
1992 4419 2137 4490 apud
2169 4418 2573 4488 Hieronymum,
2597 4425 2726 4472 tom.
2756 4415 2823 4472 IV
2889 4415 3121 4470 Erasini.

283 4513 549 4570 Clemens
595 4531 811 4586 quoque
856 4517 997 4572 alius
1045 4519 1453 4574 Alexandrinus
1504 4521 1807 4591 presbyter,

218 4616 270 4659 et
303 4608 572 4676 magister
611 4606 871 4663 Ecclesia:
909 4609 1056 4664 illius
1103 4609 1158 4663 in
1193 4609 1450 4664 omnibus
1481 4625 1621 4680 pene
1650 4609 1807 4664 libris

220 4700 365 4765 suis,
410 4699 704 4753 Trinitatis
752 4700 978 4770 gloriam
1029 4711 1193 4770 atque
1237 4700 1592 4755 aeternitatem
1643 4715 1810 4754 unam

218 4793 586 4862 eamdemque
622 4791 911 4862 designat,
956 4793 1226 4848 interdum
1275 4793 1586 4847 invenimus
1627 4792 1810 4862 aliqua

218 4883 275 4940 in
325 4884 488 4939 libris
551 4881 674 4953 ejus
749 4884 1026 4954 capitula,
1097 4885 1152 4939 in
1209 4885 1412 4955 quibus
1459 4883 1659 4939 Filium
1713 4883 1810 4938 Dei

1917 4529 2228 4572 creaturam
2274 4515 2425 4570 dicit.
2498 4512 2757 4583 Nunquid
2800 4510 3063 4568 credibile
3097 4518 3183 4565 est
3229 4508 3298 4564 de
3348 4515 3501 4562 tanto

1916 4609 2036 4663 viro
2099 4618 2209 4664 tam
2275 4608 2329 4661 in
2379 4607 2635 4662 omnibus
2690 4605 3000 4667 catholico,
3067 4612 3179 4658 tam
3255 4600 3499 4663 erudito,

1918 4707 1979 4753 ut
2013 4698 2098 4753 vel
2143 4697 2248 4752 sibi
2285 4697 2564 4751 contraria
2615 4697 2876 4762 senserit,
2922 4694 3007 4748 vel
3053 4708 3118 4747 ea
3143 4705 3266 4762 qua:
3294 4691 3362 4746 de
3387 4688 3501 4743 Deo

1918 4805 2030 4844 non
2065 4788 2246 4844 dicam
2283 4787 2528 4854 credere,
2563 4789 2660 4842 sed
2684 4787 2770 4842 Vel
2802 4786 2992 4842 audire
3015 4785 3237 4856 quidem
3271 4780 3499 4852 impium

1919 4890 2024 4948 est,
2049 4881 2254 4950 scripta
2289 4877 2616 4948 reliquerit?

1198 4999 1468 5067 Socrates,
1501 5001 1708 5058 Hister.
1733 5003 2053 5068 ecclesiast.,
2081 5000 2178 5054 lib.
2217 5014 2280 5066 ll,
2310 5015 2429 5067 cap.
2453 4998 2568 5052 '55.-

287 5121 452 5178 οὕτω
479 5121 540 5175 δὲ
570 5116 640 5192 ἦν
670 5120 1001 5194 ὀλιγομαθὴς
1029 5121 1060 5173 6
1100 5119 1330 5184 Ἀἐτιος,
1363 5118 1456 5172 καὶ
1497 5117 1605 5171 τῶν
1653 5118 1810 5190 ἱερῶν

1992 5113 2264 5169 Cmterum
2313 5113 2450 5168 adeo
2501 5109 2762 5166 mediocri
2813 5108 3065 5164 doctrina
3119 5103 3400 5176 praeditus,
3448 5109 3535 5176 et‘

218 5214 570 5287 γραμμάτων
609 5215 886 5286 ἀμύητος,
925 5213 988 5266 τὸ
1035 5211 1320 5284 ἐριστικὸν,
1347 5211 1405 5264 δὲ
1459 5209 1814 5282 κατωρθώκει

221 5311 405 5379 μόνον,
437 5307 581 5378 ὅπερ
607 5307 674 5362 ἂν
703 5309 798 5362 καὶ
838 5307 1095 5379 ἀγροῖκός
1119 5321 1205 5366 τις
1238 5305 1542 5375 ποιήσειεν,
1572 5303 1649 5372 ὡς
1677 5307 1812 5378 μήτε

217 5404 344 5467 τοὺς
379 5402 651 5476 ἀρχαίους
677 5403 804 5465 τοὺς
838 5401 909 5455 τὰ
942 5402 1306 5475 Χριστιανικὰ
1344 5402 1498 5472 λόγια
1543 5398 1814 5473 ἑρμηνεύ-

221 5509 422 5559 σαντας
453 5493 784 5564 ἁσκηθῆναι,
817 5493 986 5547 πολλὰ
1031 5495 1242 5567 χαίρειν
1289 5495 1504 5567 φράσας
1528 5497 1642 5558 τοῖς
1684 5494 1813 5564 περὶ

220 5584 544 5658 Κλήμεντα,
585 5586 680 5639 καὶ
735 5586 1076 5658 Ἀφρικανὸν,
1123 5589 1216 5641 καὶ
1271 5587 1572 5659 Ὠριγένην,
1612 5585 1811 5655 ἄνδρας

220 5677 401 5751 πάσης
426 5677 622 5747 σοφίας
643 5678 838 5748 ὲπιστή
849 5695 1029 5748 μονας.

523 5951 797 6014 Parant.
831 5953 876 6012 G
891 5971 950 6014 ιι.
997 5952 1171 6014 Vill.

1924 5221 2208 5263 sacrarum
2258 5205 2565 5260 litterarum
2615 5202 2903 5273 imperitus
2947 5207 3067 5255 erat
3105 5196 3316 5260 Aetius,
3353 5201 3410 5247 et
3445 5191 3503 5245 in

1922 5315 2034 5354 uno
2068 5299 2435 5354 contendendi
2489 5295 2672 5352 studio
2711 5294 3075 5356 exercitatus;
3127 5287 3273 5358 quod
3321 5283 3506 5356 quivis

1920 5393 2084 5448 etiam
2123 5393 2356 5464 agrestis
2393 5391 2552 5446 facile
2593 5387 2855 5457 consequi
2901 5384 3112 5456 possit;
3144 5392 3206 5436 ut
3243 5393 3314 5433 ne
3355 5387 3505 5432 vete-

1922 5501 2043 5540 rum
2101 5484 2320 5555 quidem
2374 5483 2725 5553 scriptorum,
2783 5480 2877 5551 qui
2927 5489 3116 5532 sacros
3173 5470 3504 5527 Christiana-

1921 5577 2202 5646 religionis
2239 5567 2412 5632 libros
2452 5575 2792 5646 interpretati
2827 5579 2974 5636 sunt,
3011 5581 3174 5623 usum
3204 5565 3376 5620 ullum
3406 5569 3529 5615 autv

1917 5669 2168 5740 peritiam
2214 5669 2468 5735 haberet;
2502 5669 2596 5723 sed
2648 5666 3018 5725 Clementem,
3056 5667 3112 5715 et
3156 5655 3500 5740 Africanum.

1918 5739 2080 5830 atque
2102 5759 2414 5832 Origenem,
2444 5759 2594 5814 viros
2625 5757 2774 5812 omni
2800 5768 2996 5826 genere
3033 5749 3295 5807 doctrina:
3316 5739 3503 5800 excul-

1917 5862 2024 5921 ιοδ,
2058 5869 2288 5926 prorsus
2317 5861 2728 5925 aspernaretur.

3127 5945 3168 6005 2
