3980 6512
487 353 556 407 ‘3
1631 363 1950 421 ειειιεΝε
1987 363 2544 424 ALEXANDRINUS.
3662 368 3730 423 ιι

1011 453 1014 458 Ι
1696 483 1866 552 Idem,
1893 484 2052 554 ibid.,
2079 485 2174 540 lib.
2213 499 2299 549 tn,
2326 501 2442 553 cap.
2470 485 2524 540 '7.
3080 507 3122 541 ο

554 596 788 648 Irenqu
836 607 983 650 certe
1021 605 1073 650 et
1094 596 1370 662 Clemens,
1417 601 1822 670 etApollinaris
1853 601 2039 656 Hiera-

2218 598 2327 650 Καὶ
2363 597 2472 668 γάρ
2517 597 2803 666 Είρηναῖός
2829 612 2888 649 τε
2920 595 3014 650 καὶ
3055 596 3321 668 Κλήμης,
3359 592 3730 668 Ἀπολινάριός

480 684 770 753 politanns,
802 696 854 741 et
889 686 1148 757 Serapion
1166 689 1516 746 Antiochena:
1544 693 1695 748 urbis
1723 695 2030 764 episeopus,

2158 707 2218 744 τε
2243 692 2272 744 ό
2311 687 2679 761 Ἱεραπολίτης
2711 689 2808 742 καὶ
2845 687 3130 762 Σεραπίων
3155 690 3184 742 ὁ
3209 687 3310 759 τῆς
3337 688 3394 741 ἐν
3433 686 3731 758 Ἀντιοχείᾳ.

478 775 781 841 Christum,
813 781 907 848 qui
961 782 1122 836 homo
1167 781 1340 838 lactus
1384 793 1498 849 est,
1538 785 1719 840 anima
1774 787 2039 854 praeditus!

2163 781 2440 854 προεστὼς
2470 780 2813 852 Ἐκκλησίας,
2839 780 3079 852 ἔμψυχον
3096 780 3187 835 τὸν
3215 773 3728 854 ἐνανθρώπήσαντα,

481 868 673 934 fuisse,
706 872 856 927 velut
899 889 1012 927 rem
1055 876 1336 929 communi
1380 876 1625 930 omnium
1661 892 1932 933 consensu
1966 892 2053 932 rc-

480 969 714 1030 oeptam,
749 963 865 1019 suis
893 963 950 1017 in
984 965 1140 1020 libris
1167 975 1442 1021 asserunt.

2161 875 2218 927 ὲν
2242 877 2353 937 τοῖς
2398 873 2708 945 πονηθεῖσιν
2747 875 2930 937 αύτοῐς
2970 872 3148 941 λόγοις
3179 873 3256 938 ὡς
3303 871 3732 946 ὁμολογούμενον

2162 968 2344 1030 αὐτοῖς
2371 967 2691 1036 φάσκουσιν.

1420 1079 1764 1147 Sozomenus,
1799 1081 2007 1136 Histor.
2039 1083 2358 1148 ecclesiast.,
2395 1082 2489 1136 lib.
2524 1097 2566 1150 ι,
2595 1098 2715 1152 cap.
2749 1081 2797 1136 ι.
2877 1129 2882 1136 .

550 1195 629 1250 Ac
653 1197 830 1266 primo
872 1197 1090 1267 quidem
1135 1199 1419 1256 historiam
1465 1202 1607 1258 hanc
1657 1202 1726 1257 ab
1770 1203 1926 1257 initio
1969 1217 2056 1258 re-

476 1297 662 1358 petere
713 1289 1082 1346 decreveram.
1148 1291 1255 1348 Sed
1322 1310 1446 1349 eum
1509 1295 2053 1359 animadvertissem,

479 1380 616 1437 alios
669 1381 782 1450 jam
845 1384 1141 1454 scriptores
1182 1384 1250 1440 ad
1300 1401 1400 1442 sua
1460 1402 1631 1456 usque
1696 1395 1938 1456 tempora
2000 1385 2053 1440 id

478 1474 824 1543 prmstitisse;
865 1475 1204 1531 Clementem
1251 1478 1458 1533 scilicet
1487 1487 1541 1532 et
1570 1475 1937 1549 Hegesippum
1973 1477 2054 1532 vi-

477 1582 569 1620 ros
615 1567 1093 1636 sapientissimos,
1137 1570 1230 1639 qui
1287 1569 1660 1640 apostolorum
1714 1569 2050 1640 temporibus

476 1658 720 1727 proxime
746 1670 1150 1725 successerunt,
1180 1670 1285 1716 etc.

2241 1201 2516 1274 Ὠρμήθην
2540 1201 2597 1255 δὲ
2619 1202 2688 1256 τά
2717 1200 2814 1272 μὲν
2839 1201 3050 1273 πρῶτα,
3070 1201 3163 1256 ἀπ’
3183 1199 3357 1272 ἀρχῆς
3377 1197 3580 1271 ταύτην
3603 1215 3732 1268 συγ-

2157 1293 2364 1364 γράψαι
2410 1294 2510 1366 τὴν
2551 1294 2956 1366 πραγματείαν·
3006 1293 3359 1365 λογισάμενος
3400 1292 3456 1346 δὲ
3507 1292 3583 1356 ὼς
3636 1291 3734 1348 καὶ

2157 1385 2305 1441 ἄλλοι
2350 1385 2554 1457 ταύτης
2607 1385 2974 1459 ἐπειράθησαν
3027 1386 3188 1458 μέχρι
3230 1385 3339 1440 τῶν
3393 1384 3514 1438 κατ’
3535 1384 3732 1449 αὐτοὺς

2156 1477 2382 1550 χρόνων,
2414 1476 2644 1549 Κλήμης
2668 1493 2728 1530 τε
2771 1478 2866 1532 καὶ
2904 1479 3281 1549 Ἡγήσιππος,
3312 1476 3502 1549 ἄνδρες
3552 1473 3730 1544 σοφώ-

2153 1585 2335 1632 τατοι,
2364 1570 2430 1640 τῇ
2459 1567 2568 1622 τῶν
2598 1567 2913 1622 ἀποστόλων
2954 1567 3171 1639 διαδοχῇ
3220 1565 3732 1640 παρακολουθήσαν-

2080 1649 2120 1704 Β
2148 1678 2308 1726 τες...

1668 1755 1960 1812 Chronicon
2010 1755 2293 1821 Pascltale,
2329 1775 2451 1828 pag.
2483 1757 2534 1811 7.

545 1846 648 1900 Sed
677 1853 727 1899 et
752 1844 1022 1909 Clemens,
1045 1846 1429 1901 sanctissimus
1446 1846 1827 1902 Alexandrina:
1857 1845 2048 1902 Eccle-

475 1935 568 1991 sia:
594 1935 899 2007 presbyter,
939 1936 1020 1990 vir
1067 1937 1512 2008 antiquissimus,
1551 1946 1607 1992 et
1643 1937 1736 2007 qui
1771 1951 1877 1994 non
1909 1937 2049 1992 mul-

474 2036 584 2084 tum
626 2026 800 2082 abfuit
839 2027 908 2082 ab
947 2027 1262 2097 apostolicis
1311 2027 1672 2095 temporibus,
1708 2027 1762 2082 in
1803 2027 1944 2083 libro
1976 2027 2050 2081 De

473 2117 733 2172 Paschatc
770 2118 1082 2173 consimilia
1121 2122 1299 2185 docet,
1334 2118 1408 2172 ita
1437 2118 1722 2173 scribens:
1751 2115 2047 2172 Prwteritis

473 2228 590 2283 ergo
627 2209 946 2281 temporibus
982 2209 1320 2262 immolatum
1375 2227 1406 2262 a
1430 2207 1637 2264 Judteis
1686 2208 1928 2274 Pascha,
1965 2210 2046 2277 fe-

473 2315 606 2358 stum
657 2319 845 2373 agens,
893 2301 1229 2356 manducavit
1270 2300 1547 2356 Dominus.
1620 2297 1724 2355 Sed
1769 2309 2048 2371 postquam

467 2399 774 2460 praedicavit
809 2397 940 2466 ipse,
975 2396 1065 2468 qui
1093 2405 1206 2449 erat
1242 2393 1455 2449 Pascha
1484 2396 1666 2465 Agnus
1691 2391 1810 2460 Dei,
1842 2402 1900 2448 ut
1936 2394 2046 2447 oris

467 2493 536 2545 ad
563 2493 878 2546 occisionem
923 2491 1112 2544 ductus
1155 2489 1445 2559 discipulos
1494 2490 1680 2543 statim
1732 2490 1942 2542 edocuit
1981 2488 2047 2556 ﬁ-

463 2600 613 2652 gam
680 2583 988 2653 mysterium
1036 2581 1239 2635 decima
1296 2588 1490 2652 quarta
1559 2580 1683 2648 die,
1736 2597 1842 2650 qua
1886 2580 2044 2634 etiam

470 2675 618 2732 illum
674 2684 978 2746 rogarunt:
1041 2693 1058 2725 ι
1101 2671 1201 2726 Ubi
1251 2673 1328 2728 vis
1379 2687 1624 2741 paremus
1686 2671 1784 2726 tibi
1836 2671 2044 2726 Pascha

470 2761 786 2821 manducare
811 2767 836 2822 9
871 2785 888 2817 ι
1721 2767 1724 2774 ’

2232 1847 2393 1902 Ἀλλά
2437 1847 2532 1902 καὶ
2561 1849 2792 1922 Κλήμης
2819 1851 2849 1904 ὁ
2879 1846 3168 1914 ὁσιώτατος
3198 1849 3296 1922 τῆς
3335 1846 3731 1920 Ἀλεξανδρέων

2163 1937 2488 2010 Ἐκκλησίας
2516 1941 2756 2010 γεγονὼς
2802 1940 3002 2014 ἱερεὺς,
3038 1940 3176 2012 ἀνὴρ
3226 1941 3603 2014 ἀρχαιότατος,
3635 1941 3732 1994 καὶ

2145 2030 2208 2083 ού
2245 2031 2458 2103 μακρὰν
2488 2031 2599 2086 τῶν
2653 2032 3023 2086 άποστολικῶν
3069 2033 3359 2105 γενόμενος
3399 2033 3628 2106 χρόνων,
3670 2035 3732 2087 ἐν

2145 2121 2224 2194 τῷ
2258 2124 2400 2192 Περὶ
2430 2124 2536 2179 τοῦ
2572 2124 2791 2195 Πάσχα
2812 2124 2957 2196 λόγῳ
2977 2126 3047 2179 τά
3077 2127 3432 2198 παραπλήσια
3463 2125 3729 2188 διδάσκει,

2145 2214 2374 2288 γράφων
2404 2216 2594 2281 οὕτως’
2631 2216 2759 2283 Τοῖς
2777 2217 2896 2287 μὲν
2921 2212 3034 2272 οὖν
3057 2219 3545 2286 παρεληλυθόσιν
3565 2217 3732 2272 ἔτεσι

2148 2309 2215 2362 τὸ
2251 2310 2544 2380 θυόμενον
2585 2311 2736 2379 πρὸς
2779 2310 3074 2366 Ἰουδαίων
3127 2312 3342 2382 ἤσθιεν
3383 2310 3668 2380 ἑορτάζων
3695 2313 3732 2365 ὁ

2151 2403 2370 2470 Κύριος
2398 2401 2636 2472 Πάσχα·
2691 2402 2820 2457 ἐπεὶ
2867 2402 2936 2456 δὲ
2985 2403 3281 2474 ἐκήρυξεν
3327 2403 3509 2468 αὐτὸς
3543 2398 3630 2456 ὢν
3661 2401 3731 2456 τὸ

2145 2493 2363 2563 Πάσχα
2389 2498 2422 2548 ό
2470 2493 2675 2564 Ἀμνὸς
2702 2493 2810 2548 τοῦ
2848 2495 2994 2550 Θεοῦ
3018 2496 3098 2563 ὡς
3125 2497 3421 2565 πρόϐατον
3442 2495 3539 2550 ἐπὶ
3569 2507 3730 2564 σφα-

2145 2585 2264 2656 γὴν
2294 2587 2608 2655 ἀγόμενος,
2636 2588 2852 2642 αὐτίκα
2878 2587 3116 2652 ἐδίδαξε
3152 2587 3270 2657 μὲν
3295 2587 3436 2653 τοὺς
3455 2587 3733 2657 μαθητὰς

2143 2676 2251 2731 τοῦ
2281 2679 2471 2731 τύπου
2503 2678 2570 2730 τὸ
2594 2679 2934 2750 μυστήριον
2956 2679 3031 2751 τῇ
3061 2679 3150 2742 ιδ’,
3168 2681 3238 2734 ἐν
3260 2675 3299 2753 ᾖ
3325 2678 3732 2735 πυνθάνονται

2145 2767 2351 2820 αὐτοῦ’
2389 2788 2406 2817 ι
2432 2769 2555 2822 Ποῦ
2592 2769 2785 2835 θέλεις
2829 2769 3238 2840 ἑτοιμάσωμέν
3277 2785 3375 2825 σοι
3414 2770 3481 2824 τὸ
3509 2769 3732 2840 Πάσχα

2144 2874 2386 2928 φηγ-ειη
2407 2879 2424 2909 ι

1840 2960 2007 3026 Ibid.,
2039 2979 2164 3026 paq.
2191 2965 2319 3020 $29.4.

1840 2979 2007 3026 “mu,

534 3061 609 3118 De
637 3063 922 3118 recensitis
964 3077 1096 3117 vero
1135 3060 1421 3130 discipulis
1449 3076 1554 3114 us
1613 3067 1806 3127 praeter
1839 3073 1909 3110 sn
1947 3073 2039 3110 su-

2152 3003 2164 3016 .
2191 2979 2319 3020 ἰιι-ι.

2215 3059 2351 3130 Περὶ
2392 3059 2448 3111 δὲ
2503 3059 2612 3113 τῶν
2669 3065 3177 3135 προγεγραμμένων
3217 3071 3259 3116 o’
3318 3063 3571 3136 μαθητῶν
3618 3064 3732 3117 τῶν

464 3171 559 3225 pra
586 3153 785 3221 dictos,
821 3151 934 3225 agit
979 3151 1233 3208 Clemens
1276 3150 1509 3220 scriptor
1575 3149 1672 3204 lib.
1724 3163 1754 3202 v
1802 3145 2042 3217 Hypoty-

461 3263 671 3317 poseon.

2153 3150 2291 3220 μετά
2318 3152 2443 3215 τοὺς
2475 3151 2540 3204 ιϐ’
2566 3155 3036 3226 προτεταγμένους
3067 3156 3269 3227 ἱστορεῖ
3300 3156 3530 3226 Κλήμης
3549 3157 3578 3209 ὁ
3607 3171 3736 3225 συγ-

2145 3243 2386 3313 γραφεὺς
2417 3246 2474 3299 έν
2501 3247 2568 3315 τῇ
2603 3244 2828 3319 πέμπτῃ
2862 3245 3351 3301 Ὑποτυπώσεων.

1837 3356 2004 3421 Ibid.,
2035 3371 2158 3426 pag.
2187 3355 2312 3409 252.

531 3455 736 3522 Quinto
764 3455 871 3524 hoc
896 3469 1041 3510 anno
1064 3453 1278 3508 Claudii
1299 3453 1527 3517 Paulus,
1556 3451 1647 3521 qui
1682 3460 1842 3503 antea
1886 3449 2035 3502 ordi-

2207 3444 2393 3517 Τούτῳ
2413 3445 2490 3518 τῷ
2513 3448 2748 3520 πέμπτῳ
2780 3449 2888 3503 έτει
2904 3448 3192 3513 Κλαυδίου,
3224 3447 3732 3521 προχειροτονηθεὶς

451 3552 616 3606 natus
655 3542 832 3597 luerat
870 3544 1188 3614 apostolus,
1231 3543 1510 3616 ingressus
1547 3553 1633 3600 est
1685 3540 2030 3597 Antiochiam

2152 3535 2352 3600 Παῦλος
2394 3538 2642 3609 εἰσῆλθεν
2699 3543 2779 3604 εἰς
2823 3540 3153 3611 Ἀντιόχειαν
3197 3541 3294 3613 τὴν
3331 3541 3592 3612 μεγάλην,
3629 3541 3728 3604 καὶ

452 3646 728 3702 magnam,
756 3643 810 3688 et
831 3649 956 3689 cum
978 3635 1256 3691 didicisset
1285 3650 1408 3705 qua:
1437 3644 1660 3690 sanctus
1687 3630 1882 3687 Petrus
1906 3645 2031 3702 ege-

2152 3625 2328 3697 μαοὼν
2377 3630 2506 3701 περὶ
2548 3631 2641 3684 τοῦ
2675 3632 2832 3701 ἁγίου
2867 3633 3096 3705 Πέτρου,
3133 3633 3406 3704 πανταχοῦ
3443 3634 3505 3686 τὸ
3557 3633 3727 3687 σκάν-

452 3732 559 3803 rat,
594 3725 795 3795 ubique
824 3726 1140 3782 scandalum
1179 3727 1437 3794 sustulit;
1463 3739 1764 3795 omnesque
1789 3723 2034 3786 admisit,

2152 3716 2294 3770 Βαλον
2345 3719 2638 3790 περιεῖλεν,
2697 3721 2793 3775 καὶ
2839 3722 3052 3786 πάντας
3101 3721 3315 3786 ἐδέξατο
3369 3722 3462 3776 καὶ
3506 3722 3726 3792 ἠγάπα,

453 3830 551 3872 eos
589 3819 904 3888 complexus
952 3835 1018 3876 ac
1055 3819 1408 3886 adhortatus,
1458 3817 1918 3890 quemadmodum
1967 3816 2036 3871 de

2152 3810 2582 3882 προτρεψάμενος
2614 3814 2839 3878 πάντας,
2867 3814 3049 3878 καθὼς
3081 3815 3480 3887 συνεγράψαντο
3505 3814 3574 3868 τά
3595 3814 3728 3888 περὶ

455 3905 550 3961 illo
582 3907 829 3964 scribunt
853 3908 1109 3964 Clemens
1141 3919 1196 3964 et
1228 3907 1492 3963 Tatianus
1517 3905 1940 3977 chronOgraphi.

2152 3902 2331 3957 τούτου
2361 3903 2592 3976 Κλήμης
2624 3905 2720 3960 καὶ
2747 3907 3008 3970 Τατιανὸς
3034 3908 3082 3960 oi
3115 3907 3494 3978 χρονογράφοι.

1847 4014 2016 4082 una,
2042 3999 2314 4088 pag.251.

526 4116 789 4173 Justitiem
824 4114 1134 4187 apostdlum
1158 4123 1213 4172 et
1271 4117 1658 4188 evangelistam
1691 4115 1756 4172 ad
1784 4125 2028 4188 tempora

2217 4117 2468 4192 Ἰωάννην
2516 4119 2608 4174 τὸν
2647 4119 2942 4174 ἀπόστολον
2988 4119 3083 4174 καὶ
3133 4115 3523 4189 εύαγγελιστὴν
3559 4115 3722 4188 μέχρι

451 4209 675 4283 Traiani
706 4211 869 4266 vitam
898 4210 1225 4283 produxisse
1259 4211 1450 4266 scribit
1479 4209 1736 4266 lrenwus.
1766 4209 2025 4265 Clemens

2152 4209 2224 4264 τοῦ
2274 4211 2543 4284 Τραϊανοῦ
2575 4213 2783 4285 χρόνων
2825 4211 3159 4282 παραμεῖναι
3186 4209 3263 4281 τῷ
3297 4209 3398 4281 βίῳ
3434 4209 3723 4280 Εἰρηναῖος

451 4318 584 4358 νει-ο
605 4302 1009 4358 Alexandrinus
1039 4291 1233 4358 iisdem
1253 4317 1495 4359 consona
1533 4303 1721 4365 tradit,
1766 4302 2031 4372 illumque

2157 4306 2354 4374 στορεῖ.
2401 4303 2637 4374 Κλήμης
2701 4303 2760 4356 δὲ
2818 4305 2848 4356 ὁ
2889 4302 3270 4374 Ἀλεξανδρεὺς
3311 4302 3405 4356 καὶ
3445 4300 3606 4363 αὐτὸς
3650 4299 3722 4353 τά

449 4392 638 4448 Asiam
660 4399 713 4446 et
743 4391 1004 4448 ﬁnitimas
1038 4392 1348 4463 provincias
1370 4408 1714 4464 peragrasse,
1757 4393 2031 4464 episcopis

2152 4393 2272 4448 ιύτὰ
2325 4395 2590 4466 σύμφησι,
2626 4396 2718 4449 καὶ
2767 4395 3014 4466 περιέναι
3067 4394 3229 4448 αὑτὸν
3259 4393 3358 4465 τὴν
3383 4391 3590 4456 Ἀσίαν,
3624 4391 3722 4445 καὶ

452 4482 656 4553 ubique
685 4483 956 4538 ordinatis
981 4498 1045 4538 ac
1066 4484 1278 4540 clericis
1301 4485 1636 4550 constitutis.
1675 4527 1678 4540 .

2152 4484 2233 4550 ιάς
2271 4485 2680 4558 πλησιοχώρους
2713 4487 3000 4558 πατρίδας,
3018 4485 3348 4550 ἐπισκόπους
3378 4481 3721 4539 καθιστῶντα

2058 4593 2104 4650 ι)
2131 4580 2230 4634 καὶ
2262 4579 2574 4652 κληρικούς.
3053 4571 3058 4574 ’
3125 4586 3140 4618 4

1456 4695 1829 4763 Theodoretus,
1860 4696 2113 4754 Ilwretic.
2149 4698 2285 4768 [σου
2343 4698 2437 4753 lib.
2469 4714 2507 4762 ι,
2534 4715 2653 4768 cap.
2685 4698 2740 4753 4.

517 4785 722 4843 Contra
742 4787 844 4842 ltos
873 4800 1053 4843 autem
1078 4788 1363 4843 decertant
1394 4788 1663 4859 Agrippas
1686 4805 2022 4856 cognomen-

2205 4791 2682 4861 Καταγωνίζονται
2721 4791 2778 4844 δὲ
2811 4790 3034 4853 τούτους
3072 4787 3399 4859 Ἀγρίππας,
3424 4785 3454 4838 δ
3480 4782 3575 4838 καὶ
3601 4782 3720 4837 Κά-

445 4888 508 4938 to
528 4879 747 4942 Castor,
787 4890 841 4934 et
872 4878 1130 4943 lrcnaeus,
1173 4888 1227 4934 et
1263 4879 1518 4936 Clemens
1561 4880 1924 4948 Stromateus,
1969 4891 2025 4936 et

2152 4899 2278 4957 πτωρ
2309 4885 2560 4958 ἐπίκλην,
2595 4885 2690 4939 καὶ
2716 4885 3023 4956 Εἰρηναῖος,
3056 4881 3152 4935 καὶ⁸
3183 4880 3414 4951 Κλήμης
3459 4877 3490 4930 ὁ
3536 4876 3722 4947 Στρω-

443 4969 708 5044 Origenes
733 4987 831 5042 pro
857 4971 1083 5026 veritate
1111 4970 1452 5026 dimicantes.

2136 4979 2360 5047 ματεὺς,
2384 4979 2478 5034 καὶ
2521 4977 2820 5050 Ὠριγένης,
2846 4975 2945 5047 τῆς
2969 4973 3223 5046 ἀληθείας
3251 4965 3714 5042 ὑπερμαχοῦντες.

1673 5118 1698 5148 ,
1788 5083 1966 5148 Idem,
1993 5086 2122 5144 ibid.
2152 5105 2272 5160 cap.
2301 5089 2358 5146 6.

513 5177 826 5247 Quarenon
855 5181 1032 5236 solum
1079 5181 1133 5236 in
1164 5181 1397 5252 publicis
1431 5180 1724 5245 conviviis,
1782 5180 2020 5237 lucerna:

441 5274 648 5331 lumine
677 5285 910 5342 remoto,
935 5277 990 5330 in
1019 5291 1184 5346 quant
1215 5277 1522 5346 (mulierem
1553 5273 1910 5344 sc.)quisqne
1929 5273 2018 5328 in-

438 5366 650 5420 ciderat
693 5382 820 5421 cum
846 5382 913 5424 ca
945 5366 1150 5429 coibat.
1197 5365 1291 5421 sed
1343 5366 1635 5436 mysticum
1693 5362 2019 5418 initiationis

439 5453 607 5511 ritum
634 5455 1084 5512 incontinentiam
1116 5455 1255 5513 lianc
1280 5454 1572 5510 ducebant.
1613 5451 1788 5523 Cujus
1827 5451 1908 5506 rei
1939 5461 2020 5506 te-

439 5558 580 5606 stem
646 5547 1015 5605 Stromatenm
1061 5548 1392 5606 Clementem
1439 5545 1777 5616 producam,
1839 5543 2017 5598 virum

437 5650 714 5705 sanctum,
739 5649 794 5697 et
837 5641 932 5712 qui
965 5640 1298 5698 abundantia
1335 5638 1599 5700 doctrinis:
1635 5635 1896 5692 omnibus
1918 5651 2020 5691 an—

437 5732 694 5788 tecelluit.
751 5733 846 5791 Sic
900 5741 1085 5790 autem
1147 5734 1388 5798 loquitur
1437 5732 1494 5788 in
1553 5729 1715 5796 tertio
1777 5725 2021 5790 Stroma-

437 5832 572 5880 lunt.
605 5836 710 5880 etc.

2198 5181 2274 5239 Οὒ
2299 5185 2365 5257 δὴ
2396 5183 2576 5257 χάριν,
2615 5184 2722 5244 οὐκ
2764 5183 2822 5238 ἐν
2860 5186 2975 5246 τοῖς
3013 5181 3211 5242 κοινοῖς
3251 5175 3486 5237 δείπνοις
3529 5171 3716 5244 μόνον,

2123 5275 2186 5330 τὸ
2221 5276 2494 5348 λυχνιαίον
2528 5275 2644 5347 φῶς
2672 5273 2915 5336 ἐκποδὼν
2957 5271 3289 5343 ποιούμενοι,
3323 5262 3468 5341 ᾗπερ
3498 5265 3565 5320 ἂν
3587 5265 3717 5318 ἔκα-

2127 5385 2250 5431 στος
2277 5368 2506 5437 ἐπέτυχε
2551 5369 2938 5438 συνεμίγνυτοο
2974 5363 3111 5419 ἀλλὰ
3145 5362 3208 5433 δὴ
3241 5362 3335 5415 καὶ
3372 5357 3592 5429 τελετὴν
3617 5357 3718 5428 τὴν

2123 5459 2379 5530 τοιαύτην
2394 5458 2685 5512 ἀκολασίαν
2699 5457 3064 5528 ὑπειλήφεσαν
3083 5455 3370 5526 μυστικήν.
3396 5451 3506 5504 Καὶ
3523 5449 3716 5504 τούτου

2124 5551 2488 5623 δὴμάρτυρα
2528 5551 2619 5605 τὸν
2666 5549 2999 5621 Στρωματὲα
3061 5545 3366 5619 παρέξομαι
3423 5543 3718 5614 Κλήμεντά

2126 5642 2270 5715 ἱερὸν
2314 5641 2502 5714 ἄνδρα,
2552 5642 2648 5696 καὶ
2695 5640 3040 5712 πολυπειρία.
3065 5639 3309 5702 ἅπαντας
3356 5633 3714 5691 ἀπολιπόντα.

2126 5731 2290 5804 Λέγει
2322 5734 2378 5790 δέ
2409 5734 2582 5799 οὕτως
2613 5737 2669 5788 ἐν
2698 5733 2775 5804 τῷ
2805 5733 2974 5803 τρίτῳ
2995 5732 3107 5786 τῶν
3136 5727 3547 5800 Στρωματέων.
