3980 6516
422 354 493 408 ιτ
1619 356 1939 411 CLEMENS
1975 354 2539 414 ALEXANDRINUS.
3611 361 3686 418 £8

422 471 757 529 miniscitur.
782 429 963 529 iram
984 482 1270 546 praterea,
1300 491 1367 532 ex
1388 474 1620 542 Adamo,
1637 493 1748 532 non
1775 488 1835 532 ut
1852 479 1990 533 sacri

2113 478 2286 548 ’Λδάμ
2327 479 2428 549 τὴν
2471 476 2636 543 Εὔαν,
2684 480 2784 550 οὐχ
2832 478 2911 544 ὡς
2950 481 2981 534 6
3030 479 3482 553 ὲκκλησιαστικὺς
3527 478 3688 549 λόγος

420 565 550 621 libri
571 566 814 632 tradunt,
840 566 938 622 sed
966 566 1205 623 obscene
1233 576 1399 639 atque
1425 568 1591 639 impie
1602 570 1805 625 educit.
1822 572 2002 643 Ange‘

421 655 507 712 los
536 672 755 727 quoque
797 672 923 714 cum
958 656 1177 714 feminis
1224 673 1573 729 congressos,
1616 660 1821 718 liberos
1875 663 2001 718 inde

419 749 716 805 sustulisse
761 751 1020 805 somniat.
1057 748 1202 817 Quin
1246 759 1302 805 et
1335 747 1574 805 Verbum
1621 766 1841 806 carnem
1886 768 1997 807 non

417 858 544 897 esse
578 841 786 897 factum
811 883 827 907 ,
858 843 952 898 sed
995 843 1069 897 ita
1103 843 1285 897 visum
1317 844 1605 899 duntaxat.
1640 844 1759 900 Duo
1780 846 1848 900 ad
1881 846 1999 901 bzec

310 990 315 997 ,
416 934 600 991 Patris
622 934 803 991 Verba
829 936 1054 991 ﬁnXIsse
1071 936 1522 1007 deprehenditur,
1550 953 1786 1008 quorum
1814 937 1998 1023 minus

417 1027 745 1082 mortalibus
763 1028 835 1082 sit
856 1028 1054 1093 visum,
1080 1027 1192 1083 imo
1218 1044 1288 1082 ne
1317 1028 1422 1083 hoc
1459 1029 1714 1098 quidem;
1738 1030 1820 1086 sic
1849 1024 1994 1084 enim

416 1119 613 1175 scribit
651 1140 666 1175 :
700 1119 914 1173 Dicitur
943 1120 1155 1191 quidem
1179 1130 1229 1175 et
1264 1119 1445 1175 Filius
1474 1121 1697 1175 Verbum
1739 1123 1999 1192 (equis-oce

415 1227 540 1265 cum
564 1210 757 1265 Patrio
804 1210 992 1268 Verbo.
1044 1211 1235 1267 Verum
1266 1229 1431 1283 neque
1461 1214 1558 1267 hoc
1587 1214 1722 1267 illud
1771 1213 1996 1268 Verbum

414 1312 517 1367 est,
571 1305 712 1373 quod
752 1321 885 1358 caro
937 1305 1141 1375 factum
1174 1313 1290 1369 est,
1349 1321 1516 1376 neque
1541 1306 1703 1359 etiam
1746 1305 1994 1360 Patrium

416 1397 556 1452 illud
592 1396 852 1462 Verbum:
886 1400 975 1451 sed
1005 1399 1082 1451 vis
1108 1398 1354 1469 qua'dam
1373 1415 1438 1451 ac
1464 1407 1696 1468 potestas
1727 1397 1845 1465 Dei,
1875 1408 1996 1453 tan-

415 1505 576 1560 quam
603 1505 636 1541 a
666 1487 833 1542 Verbo
863 1489 976 1559 ipso
1003 1490 1297 1559 pro/luens,
1326 1505 1468 1543 mens
1488 1489 1697 1558 eﬂ'ecta,
1724 1489 1994 1545 hominum

416 1581 625 1636 mimos
654 1582 904 1651 pervasit.
934 1580 1068 1648 Quae
1103 1582 1323 1651 quidem
1363 1582 1549 1636 omnia
1594 1582 1653 1636 S.
1697 1579 1995 1652 Scriptura:

410 1674 747 1730 testimoniis
781 1674 993 1745 aliquot
1032 1685 1279 1730 astruere
1318 1675 1530 1732 nititur.
1560 1673 1704 1740 Quin
1731 1674 1894 1729 etiam
1941 1683 1996 1729 et

413 1766 526 1821 alia
556 1766 610 1821 id
658 1781 834 1837 genus
881 1777 1142 1823 sexcenta
1193 1767 1514 1836 blasphema
1562 1780 1696 1821 voce
1732 1751 1989 1835 nugatur.

413 1873 513 1913 seu
538 1857 676 1929 ipse,
720 1859 838 1914 sire
879 1859 1005 1928 quis
1028 1859 1192 1927 alius,
1238 1859 1359 1929 ejus
1388 1874 1683 1929 personam
1730 1859 1987 1926 indutus;

409 1949 575 2020 plane
606 1959 667 2005 ut
708 1960 837 2006 octo
864 1951 1016 2023 ipsos
1067 1950 1267 2007 Libros
1314 1950 1467 2006 hisce
1520 1950 1989 2021 blasphemiarum

414 2044 714 2113 portentis,
741 2043 1031 2099 detiisdem
1056 2043 1354 2099 identidem
1383 2042 1727 2108 disserendo,
1748 2058 1811 2098 ac
1833 2058 1990 2113 spar-

411 2134 521 2189 sim
561 2143 729 2205 atque
753 2133 1003 2201 conlhse,
1031 2133 1200 2191 veluti
1253 2143 1479 2203 stupore
1510 2134 1817 2204 perculsus,
1844 2133 1989 2188 Scri-

408 2238 606 2299 pturas
626 2227 999 2298 producendo,
1031 2228 1336 2298 repleverit.
1372 2226 1623 2282 Universi
1647 2236 1828 2281 autem
1858 2241 1991 2296 ope-

409 2318 491 2372 ris
518 2331 722 2387 scopus
754 2315 925 2372 fuisse
957 2316 1174 2371 videtur
1202 2315 1502 2376 Geneseos.
1527 2313 1721 2382 Exodi,
1741 2314 1991 2372 Psalmo-

410 2425 560 2474 rum,
597 2407 971 2478 Epistolarum
1026 2405 1088 2461 Β.
1131 2405 1285 2461 Pauli
1331 2416 1387 2461 et
1441 2405 1873 2470 Catholicarum,
1924 2421 1990 2461 ac

410 2496 648 2567 denique
673 2492 1041 2552 Ecclesiastici
1060 2496 1455 2565 interpretatio.
1492 2493 1607 2550 Hoc
1634 2495 1855 2551 interim
1895 2494 1982 2549 fac

411 2597 559 2642 tetur
584 2589 719 2658 ipse.
749 2587 1083 2658 discipulum
1124 2602 1186 2643 se
1217 2587 1390 2643 fuisse
1446 2585 1716 2642 Pantaeni.
1772 2584 1881 2643 Sed
1919 2587 1988 2643 de

411 2678 849 2751 Ilypotyposibus
890 2680 1181 2734 hactenus.

480 2770 601 2828 lam
629 2771 966 2843 Ptedagogus
1000 2770 1179 2827 tribus
1225 2770 1383 2827 libris
1422 2771 1785 2841 conscriptus.
1818 2769 1985 2825 vitam
2021 2801 2030 2808 -

406 2880 703 2967 morcéque
761 2864 1065 2920 informat:
1119 2864 1321 2934 quibus
1365 2872 1421 2918 et
1477 2864 1643 2918 alium
1695 2863 1986 2933 quemdam

308 2946 321 2953 ’
408 2946 731 3023 ρι’ωηῆῐῐιῑ,
787 2956 1144 3028 adiungitque
1195 2955 1528 3026 singularem
1586 2954 1822 3019 librum,
1876 2969 1987 3024 quo

407 3050 655 3119 gentium
678 3048 877 3105 refellit
904 3050 1261 3121 impietatem.
1284 3045 1434 3102 Nihil
1462 3057 1645 3103 autem
1676 3048 1859 3103 simile
1889 3049 1987 3102 ba-

404 3144 537 3199 bent
561 3142 614 3197 hi
649 3158 841 3198 omnes
885 3158 1011 3198 cum
1047 3140 1503 3211 Hypotyposibus,
1528 3139 1753 3211 quando
1777 3148 1834 3195 et
1863 3149 1978 3196 sto-
2009 3179 2053 3239 ε

405 3237 532 3293 lidis
560 3236 671 3291 illis
691 3251 757 3291 ac
779 3235 1112 3305 blasphemis
1134 3235 1490 3305 opinionibus
1514 3235 1740 3288 omnino
1764 3241 1982 3300 vacant,

404 3339 460 3387 et
486 3330 653 3386 dictio
678 3320 799 3399 ipsa
822 3329 879 3384 in
904 3328 991 3384 his
1017 3327 1265 3383 ﬂoridior
1299 3328 1368 3383 ad
1398 3334 1758 3397 temperatam
1794 3341 1989 3396 quam-

407 3422 537 3476 dam
564 3420 890 3492 gravitatem
930 3435 1041 3477 non
1078 3421 1199 3477 sine
1228 3419 1575 3490 iucunditate
1625 3418 1890 3489 assurgit,
1933 3426 1989 3473 et

404 3515 561 3569 varia
587 3513 700 3580 illa,
728 3528 852 3584 qua:
884 3513 941 3568 in
969 3512 1040 3567 iis
1073 3522 1177 3578 est,
1200 3527 1386 3567 rerum
1419 3510 1680 3582 cognitio,
1726 3510 1864 3565 nihil
1890 3510 1988 3565 ha-

402 3607 503 3663 bet
530 3606 717 3662 minus
734 3606 1089 3662 conveniens.
1112 3604 1373 3661 Extremo
1402 3619 1530 3660 vero
1561 3603 1704 3659 libro
1726 3603 1891 3659 ctiam
1921 3604 1988 3659 de

404 3700 743 3770 imaginibus
768 3700 1166 3756 commeminit.

483 3791 822 3848 Stromateon
878 3802 1060 3849 autem
1094 3794 1219 3849 libri
1251 3806 1469 3863 quoque
1508 3800 1634 3848 octo
1688 3801 1851 3858 sunt,
1888 3791 1986 3847 ad-

408 3900 603 3942 versus
625 3902 869 3957 paganos
886 3896 1051 3957 atque
1074 3888 1311 3942 haereses
1341 3900 1581 3955 pugnam
1607 3880 1982 3945 instituentes;

407 3982 475 4045 in.
509 3981 715 4052 quibus
777 3980 906 4035 item
980 3981 1215 4050 sparsim
1249 4017 1269 4045 ,
1328 3986 1385 4033 et
1405 3994 1517 4032 non
1564 3977 1758 4033 ordine
1806 3979 1985 4048 capita

408 4070 792 4145 iecensentur;
835 4072 994 4143 cujus
1022 4073 1181 4143 quasi
1214 4072 1482 4127 rationem
1522 4070 1751 4126 reddere
1783 4071 1837 4125 in
1877 4086 1980 4127 ex-

408 4177 584 4239 tremo
600 4167 742 4227 libro
772 4165 1006 4235 septimo
1029 4165 1185 4220 hisce
1218 4163 1331 4220 fere
1360 4163 1542 4220 verbis
1562 4164 1778 4220 videtur
1802 4185 1817 4222 :
1857 4164 1985 4221 Htec

406 4276 527 4314 cum
552 4276 586 4313 a
612 4258 762 4313 nobis
792 4256 912 4326 jam
955 4266 1110 4311 antea
1140 4263 1475 4325 pertractata
1524 4256 1654 4323 sint,
1698 4264 1747 4310 et
1780 4272 1986 4309 morum

407 4350 504 4405 illa
520 4350 707 4404 rudior
732 4347 969 4419 formula
998 4364 1092 4419 per
1115 4363 1325 4401 summa
1343 4346 1482 4402 velut
1504 4349 1704 4419 capita,
1727 4356 1983 4419 quantum
2019 4378 2029 4389 ~

406 4442 636 4513 polliciti
662 4457 869 4505 sumus,
900 4441 1129 4510 sparsim
1145 4440 1430 4509 descripta,
1461 4440 1550 4505 iis,
1578 4457 1698 4510 qua:
1721 4440 1790 4492 ad
1808 4455 1983 4493 verum

2103 568 2371 640 βούλεται,
2402 570 2517 624 ἀλλ’
2563 570 2805 642 αίσχρῶς
2843 587 2904 622 τε
2949 571 3045 624 καὶ
3082 570 3256 634 ἀθέως
3295 568 3683 642 ἀποφαίνεταιο

2103 660 2394 733 μίγνυσθαί
2413 678 2476 715 τε
2508 663 2632 725 τοὺς
2655 660 2921 731 ἀγγέλους
2950 661 3189 731 γυναιξὶ,
3213 661 3311 715 καὶ
3347 660 3687 715 παιδοποιεῖν

2098 753 2159 818 ἐξ
2185 754 2365 806 αὐτῶν
2389 753 2739 825 ὀνειροπολεῖ.
2756 750 2866 806 Καὶ
2893 753 2968 824 μὴ
2999 752 3346 825 σαρκωθῆναι
3369 753 3462 807 τὸν
3487 751 3683 823 Λόγον,

2098 840 2236 900 ἀλλὰ
2264 844 2431 912 δόξαι.
2470 847 2677 916 Λόγους
2701 863 2761 899 τε
2789 845 2886 900 τοῦ
2926 847 3138 918 Πατρδς
3180 846 3275 900 δύο
3313 845 3686 917 τερατολογῶν

2096 939 2486 1010 άπελέγχεται’
2521 931 2597 992 ὧν
2627 937 2721 990 τὸν
2752 938 2951 1008 ἥττονα
2980 941 3093 1001 τοῖς
3136 936 3443 1009 ἀνθρώποις
3483 939 3685 1007 ἐπιφα-

2095 1032 2274 1102 νῆναι,
2311 1031 2513 1102 μᾶλλον
2554 1030 2613 1084 δὲ
2651 1030 2772 1084 οὐδὲ
2815 1031 3042 1084 ἐκεῖνον·
3093 1031 3229 1102 φησὶ
3258 1030 3393 1102 γάρ’
3436 1029 3686 1100 Λέγεται

2090 1123 2209 1194 μὲν
2232 1124 2332 1177 καὶ
2353 1128 2387 1179 ό
2417 1124 2550 1191 Υἱὸς
2570 1125 2779 1194 Λόγος,
2804 1125 3126 1194 ὁμωνύμως
3149 1123 3230 1189 τῷ
3255 1122 3527 1193 Πατρικῷ
3570 1123 3685 1179 Δό-

2096 1232 2202 1284 γῳ·
2234 1214 2372 1269 ἀλλ’
2399 1217 2516 1284 οὐχ
2543 1209 2722 1280 οὗτός
2749 1215 2920 1268 ἐστιν
2940 1217 2973 1268 ό
2998 1212 3154 1282 σὰρξ
3174 1214 3513 1282 γενόμενος,
3538 1210 3685 1267 οὐδὲ

2089 1306 2217 1376 μὴν
2255 1309 2289 1360 ὀ
2320 1305 2599 1374 Πατρῷος
2642 1306 2866 1376 Λόγος,
2915 1306 3078 1361 ἀλλὰ
3132 1304 3387 1375 δύναμίς
3432 1323 3526 1371 τις
3570 1303 3683 1359 τοῦ

2098 1399 2248 1453 Θεοῦ
2273 1393 2403 1452 οἷον
2434 1399 2721 1466 ἀπόρῤοια
2749 1398 2856 1452 τοῦ
2877 1399 3073 1468 Λόγου
3101 1398 3309 1460 αὐτοῦ,
3337 1397 3485 1465 νοῦς
3508 1397 3681 1468 Tarda

2088 1508 2290 1560 μενος,
2318 1490 2425 1557 τὰς
2458 1490 2577 1543 τῶν
2598 1490 2927 1559 ἀνθρώπων
2960 1488 3209 1559 καρδίας
3231 1488 3678 1559 διαπεφοίτηκε.

2094 1583 2203 1635 Καὶ
2231 1581 2401 1634 ταῦτα
2431 1582 2607 1636 πάντα
2634 1583 2744 1636 ἀπὸ
2771 1581 2952 1654 ῥητῶν
2991 1600 3157 1637 τινων
3202 1583 3460 1654 πειρᾶται
3510 1600 3685 1637 κατα-

2096 1671 2383 1735 σκευάζειν
2409 1672 2511 1743 τῆς
2539 1672 2782 1744 Γραμμῆς.
2814 1671 2925 1725 Καὶ
2965 1671 3100 1726 ἄλλα
3130 1671 3191 1725 δὲ
3223 1672 3390 1743 μυρία
3436 1670 3685 1742 βλασφηο

2095 1768 2188 1834 μεῖ
2216 1764 2308 1817 καὶ
2341 1764 2589 1837 φλυαρεῖ,
2624 1763 2736 1817 εἴτε
2766 1763 2947 1828 αὐτὸς,
2982 1764 3092 1817 εἴτε
3118 1781 3206 1827 τις
3237 1763 3445 1834 ἔτερος,
3575 1762 3683 1818 αὐι

2023 1835 2065 1891 Β
2091 1856 2186 1909 τοῦ
2227 1835 2517 1929 πρόσωπον
2548 1857 2881 1928 ὑποκριθείς.
2929 1856 3295 1928 Ἑποιήθησαν
3331 1856 3387 1909 δὲ
3420 1835 3571 1926 αὐτῷ
3619 1855 3683 1910 αι

2092 1947 2402 2020 βλάσφημοι
2428 1941 2587 2004 αὗται
2616 1949 2993 2022 τερατολογίαν.
3025 1950 3083 2003 ἐν
3109 1948 3295 2021 τὸμοις
3321 1947 3484 2003 ὀκτώ.
3513 1950 3682 2020 Λέγει

2088 2041 2146 2095 δὲ
2168 2042 2262 2095 καὶ
2308 2040 2567 2114 περὶτῶν
2602 2038 2780 2095 αὐτῶν
2808 2041 3084 2106 πολλάκις,
3131 2042 3227 2096 καὶ
3271 2041 3552 2115 σποράδην
3583 2041 3683 2097 καὶ

2092 2133 2531 2205 συγκεχυμένως,
2560 2133 2749 2206 ῶσπερ
2778 2132 3112 2206 ἔμπληκτος,
3143 2133 3381 2207 παράγει
3410 2135 3481 2188 τὰ
3513 2136 3677 2209 ῥητά.

2056 2214 2063 2233 ’
2100 2223 2159 2279 '0
2188 2227 2246 2279 δὲ
2277 2226 2395 2290 ὅλος
2422 2226 2640 2290 σκοπὸς,
2673 2226 2875 2279 ὡσανεὶ
2904 2224 3189 2298 ἑρμηνεῖαι
3220 2227 3552 2297 τυγχάνουσι
3579 2225 3682 2298 τ’ἧς

2088 2317 2379 2382 Γενέσεως,
2413 2316 2513 2387 τῆς
2536 2316 2768 2382 Ἐξόδου,
2800 2317 2909 2371 τῶν
2932 2318 3207 2389 Ψαλμῶν,
3235 2319 3330 2372 τοῦ
3352 2318 3497 2373 θείου
3525 2317 3680 2374 Παύ-

2087 2407 2181 2462 λου
2210 2409 2318 2463 τῶν
2355 2409 2683 2463 Ἐπιστολῶν
2703 2452 2719 2477 ,
2772 2411 2871 2464 καὶ
2916 2409 3025 2463 τῶν
3064 2410 3411 2473 Καθολικῶν.
3447 2410 3544 2465 καὶ⁵
3578 2408 3681 2465 τοῦ

2101 2498 2602 2573 Ἐκκλησιαστικοῦ.
2635 2501 2892 2573 Μαθητής
2924 2501 3002 2567 δὲ,
3049 2501 3127 2567 ὡς
3176 2503 3272 2556 καὶ
3312 2502 3476 2567 αὑτός
3515 2520 3679 2574 φησι,

2086 2592 2274 2661 γέγονε
2316 2590 2639 2649 Πανταίνου.
2688 2593 2846 2647 am
2881 2593 3056 2650 ταῦτα
3100 2594 3199 2666 μὲν
3228 2596 3286 2649 αἱ
3331 2596 3681 2653 ’Υποτυπῶ-

2087 2697 2238 2748 σεις.

2170 2771 2229 2824 ὐ
2278 2769 2337 2824 δὲ
2392 2770 2773 2843 Παιδαγωγός
2818 2773 2878 2826 ὲν
2920 2773 3065 2846 τρισὶ
3101 2774 3289 2847 τόμοις
3335 2771 3483 2830 ἐστὶν
3527 2771 3687 2849 αὐτῷ

2086 2864 2576 2937 διαπεπονημένος,
2609 2864 2776 2936 ἦθους
2807 2867 2901 2919 καὶ
2934 2866 3050 2937 βίου
3086 2867 3506 2940 κατορθωτικὸς,
3563 2870 3681 2941 ἔχει

2083 2957 2145 3010 δὲ
2180 2956 2386 3010 τούτων
2415 2958 2512 3011 καὶ
2542 2957 2955 3028 προηγούμενον
2986 2960 3080 3014 καὶ
3119 2961 3545 3033 συνταττόμενον
3585 2962 3681 3017 λό-

2085 3067 2181 3119 γον
2210 3050 2418 3123 ἕτερον,
2444 3053 2504 3104 ὲν
2532 3043 2579 3119 ᾧ
2625 3052 2725 3121 τὴν
2776 3050 3041 3124 Ἐλλήνων
3080 3052 3346 3124 διελέγχει
3385 3053 3676 3126 ἀθεότητα-

2085 3142 2235 3196 οὑδὲν
2264 3142 2323 3195 δὲ
2342 3144 2536 3214 ’ὅμοιον
2568 3142 2751 3214 ἔχουσι
2786 3143 2923 3217 πρὸς
2959 3143 3060 3207 τὰς
3112 3143 3556 3213 ’Υποτυπὼσεις
3587 3141 3683 3200 οἶ)⁴

2090 3252 2171 3288 τοι
2220 3235 2270 3288 οἱ
2314 3235 2481 3304 λόγον
2530 3234 2638 3289 τῶν
2676 3251 2737 3287 τε
2770 3234 2880 3306 γὰρ
2914 3236 3155 3307 ματαίων
3205 3237 3299 3291 καὶ
3338 3236 3685 3310 βλασφημῶν

2088 3326 2495 3398 ἀπηλλαγμένοι
2526 3326 2688 3394 δοξῶν
2728 3327 3119 3398 καθεστήκασι,
3154 3328 3247 3382 καὶ
3277 3331 3311 3402 ἠ
3345 3331 3545 3403 φράσις
3577 3331 3682 3385 άν-

2088 3417 2254 3491 θηρὰ,
2299 3419 2395 3472 καὶ
2434 3421 2515 3482 είς
2562 3418 2725 3488 δγκον
2772 3419 2987 3491 ῂρμένη
3034 3419 3346 3493 σύμμετρον
3396 3421 3534 3493 μετὰ
3577 3421 3682 3477 τοῦ

2084 3512 2265 3581 ἡδέος,
2288 3513 2434 3585 καὶὴ
2467 3511 2804 3583 πολυμάθεια
2838 3510 3214 3584 ὲμπρέπουσα.
3246 3513 3595 3585 Μνημονεύει
3619 3514 3682 3568 δὲ

2086 3604 2224 3676 πρὸς
2253 3603 2333 3675 τῷ
2359 3604 2505 3658 τέλει
2535 3604 2663 3675 περὶ
2692 3602 2939 3658 εἰκόνων.

2156 3788 2219 3842 Οἱ
2243 3788 2301 3841 δὲ
2329 3785 2692 3857 Στρωματεῖς
2719 3789 2828 3843 εἰσι
2860 3789 2960 3861 μὲν
2991 3789 3084 3842 καὶ.
3110 3787 3263 3841 αὐτοὶ
3304 3788 3363 3842 ὲν
3392 3785 3536 3842 ὀκτὼ
3579 3787 3678 3844 λό-

2085 3898 2203 3950 γοις
2234 3880 2353 3935 καθ’
2405 3881 2669 3953 Ἐλλήνων
2700 3885 2794 3937 καὶ
2825 3883 3088 3955 αἱρέσεων
3118 3881 3209 3934 τὸν
3251 3879 3438 3947 ἀγῶνα
3463 3882 3681 3955 είσενη-ο

2085 3974 2353 4045 νεγμένοι·
2391 3973 2663 4045 σποράδην
2700 3975 2757 4028 δὲ
2802 3974 2896 4028 καὶ
2927 3973 3117 4045 ὥσπερ
3157 3972 3258 4025 οὐκ
3294 3974 3353 4026 ὲν
3389 3971 3541 4038 τάξει
3569 3973 3678 4048 τὴν

2084 4066 2193 4118 τῶν
2225 4065 2532 4134 κεφαλαίων
2554 4066 2853 4137 παράθεσιν
2884 4064 3164 4120 κάνταῦθα
3191 4068 3443 4130 ποιεῖται,
3462 4066 3558 4120 κοὶι
3569 4065 3680 4140 τήν

2086 4158 2266 4212 αἰτίαν
2296 4157 2484 4231 ὥσπερ
2515 4158 2798 4222 ἀποδιδοὺς
2828 4161 2887 4212 ὲν
2921 4158 2998 4229 τῷ
3022 4157 3281 4212 τέλειτοῦ
3312 4157 3542 4229 ἑϐδόμου
3578 4158 3674 4214 λό-

2086 4266 2206 4318 γου,
2239 4251 2430 4315 αὐταῖς
2460 4248 2670 4317 λέξεσιν
2700 4250 2871 4314 οὕτως
2901 4249 3067 4319 λέγει·
3105 4250 3335 4304 Τούτων
3353 4249 3497 4320 ἡμῖν
3523 4265 3675 4320 προ-

2085 4340 2521 4411 διηνυσμένων,
2551 4340 2651 4395 καὶ
2675 4341 2782 4396 τοῦ
2817 4342 3027 4410 ἠθικοῦ
3054 4342 3245 4396 τύπου
3283 4341 3363 4408 ὡς
3384 4341 3455 4395 ἐν
3483 4357 3672 4411 κεφα-

2083 4433 2279 4497 λαίοις
2302 4431 2750 4500 ὑποτραςρέντος
2789 4430 3104 4501 σποράδην
3145 4447 3232 4495 τε,
3272 4431 3354 4497 ὡς
3396 4431 3675 4500 ὑπεσχή-

405 4535 640 4590 excitant
665 4534 1036 4604 cognitionem,
1060 4532 1395 4602 dogmatibus
1417 4533 1495 4585 ita
1533 4531 1619 4584 hic
1645 4530 1758 4584 illic
1780 4530 1987 4598 imper-

2092 4527 2253 4593 μεθα,
2280 4522 2380 4576 καὶ
2405 4522 2821 4592 διερῤιμμένως
2868 4522 2941 4576 τὰ
2982 4521 3214 4590 ζώπυρα
3251 4520 3364 4590 τῆς
3401 4521 3672 4589 ἀληθοῦς

405 4630 514 4694 sis;
536 4637 595 4682 ut
627 4644 707 4682 res
730 4626 856 4681 illas
881 4643 1064 4682 sacras
1079 4637 1264 4680 nactus
1286 4625 1576 4696 quispiam,
1601 4623 1693 4694 qui
1719 4622 1982 4691 mysteriis

405 4718 870 4775 nostrisiniliatus
925 4732 1029 4770 non
1063 4716 1155 4783 sit,
1206 4714 1351 4768 haud
1383 4714 1545 4783 facile
1590 4714 1897 4782 comperiat,
1929 4720 1984 4765 et

408 4826 533 4874 qua:
561 4818 885 4880 sequuntur.
914 4805 1038 4863 llaec
1082 4807 1270 4877 igitur,
1304 4810 1363 4860 ut
1418 4805 1534 4875 ipse
1557 4804 1775 4872 fatetur,
1814 4819 1982 4860 causa

407 4902 533 4968 fuit,
554 4917 655 4957 cur
683 4901 785 4955 ista
810 4900 928 4955 sine
948 4899 1137 4952 ordine
1165 4897 1520 4967 congesserit.

459 4992 677 5065 .Reperi
725 4999 910 5047 autem
945 4990 1000 5044 in
1044 4998 1325 5060 pervetere
1367 4988 1667 5058 exemplari
1707 4989 1813 5043 hoc
1843 5002 1983 5057 Opus

404 5105 517 5146 non
547 5089 729 5145 solum
764 5082 1112 5141 Stromateom
1137 5081 1361 5137 nomine
1388 5080 1734 5151 inscriptum,
1763 5079 1859 5135 sed
1896 5080 1983 5134 in-~

398 5190 555 5252 ξρετε
597 5180 838 5235 adhunc
868 5176 1092 5231 modum
1128 5194 1142 5229 :
1179 5172 1289 5227 Titi
1329 5171 1506 5229 Flavii
1549 5172 1834 5228 Clementis
1865 5184 1983 5242 pre-

402 5274 601 5345 sbyteri
651 5268 1004 5327 Alexandrini
1054 5264 1764 5322 Gnosticarum'secundum
1808 5278 1982 5318 veram

397 5365 794 5434 philosophiam
817 5362 1320 5420 commentationum
1355 5357 1690 5433 Stmateus
1725 5374 1763 5422 ι,
1798 5374 1859 5425 ιι,
1898 5372 1980 5424 lll,

408 5474 483 5524 tv,
511 5473 569 5522 ν,
598 5473 675 5520 ri,
705 5473 935 5521 νιι,νιιι.
961 5457 1039 5510 Ac
1065 5452 1227 5525 primi
1250 5452 1471 5523 quidem
1496 5461 1700 5521 septem
1731 5447 1981 5506 eumdem

406 5546 705 5619 prmferunt
731 5547 983 5610 titulum,
1031 5546 1305 5615 iidemque
1329 5559 1558 5614 prorsus
1599 5553 1727 5598 sunt.
1777 5543 1832 5598 in
1864 5558 1985 5597 om-

410 5634 573 5695 nibus
595 5637 897 5693 codicibus.
926 5636 1131 5693 Verum
1164 5645 1412 5701 octavus,
1443 5649 1568 5689 cum
1593 5633 1981 5702 inscriptione,

408 5721 523 5783 tum
579 5730 657 5783 rei
712 5727 968 5797 subjecta:
1018 5727 1266 5792 materia,
1305 5726 1502 5780 variat.
1536 5723 1592 5778 In
1651 5724 1981 5794 quibusdam

407 5821 555 5877 enim
611 5819 930 5877 inscribitur
975 5838 988 5875 :
1042 5819 1171 5885 Quis
1229 5820 1372 5876 dives
1424 5817 1693 5885 salvetur,
1751 5816 1980 5891 ejusque

2088 4617 2362 4688 γνώσεως
2387 4613 2981 4685 summa:an
3001 4613 3338 4684 μαθήματα,
3367 4614 3449 4680 ὡς
3468 4612 3555 4683 μὴ
3567 4615 3675 4682 ρᾳ-

2086 4709 2225 4764 δίαν
2251 4710 2404 4763 εἶναι
2441 4708 2521 4774 τῷ
2548 4710 2925 4779 περιτυχόντι
2962 4708 3082 4762 τῶν
3110 4705 3389 4778 ἀμυήτων
3410 4706 3527 4776 τὴν
3550 4707 3674 4762 τῶν

2086 4800 2270 4871 ἁγίων
2293 4800 2553 4869 εὕρεσιν,
2589 4801 2781 4855 καὶτὰ
2831 4799 2977 4871 ἑξῆς.
3025 4800 3088 4855 'ﬂ
3139 4799 3237 4870 μὲν
3282 4792 3374 4852 οὖν
3419 4797 3671 4870 διερριμ-

2090 4894 2266 4965 μένως
2296 4893 2437 4948 αὐτὰ
2464 4892 2765 4957 κατατάξαι
2786 4892 2934 4964 αὐτῷ
2948 4892 3116 4957 αἰτία,
3141 4891 3216 4956 ῶς
3246 4907 3402 4962 φησι,
3421 4890 3669 4960 γέγονεν.

2155 4978 2330 5056 Εὗρον
2362 4983 2545 5056 μέντοι
2578 5001 2643 5055 γε
2668 4984 2726 5039 ἐν
2752 5002 2857 5039 τινι
2891 4983 3102 5055 παλαιῷ
3132 4982 3321 5054 βιϐλίῳ
3358 4980 3458 5053 τὴν
3497 4981 3671 5054 αὐτὴν

2087 5075 2467 5150 πραγματείαν
2483 5075 2604 5149 οὐχὶ
2628 5074 2996 5147 Στρωματεῒς
3024 5074 3181 5147 μόνον
3200 5072 3670 5145 ἐπιγραφομένην,

2086 5164 2202 5223 ἀλλ’
2232 5167 2542 5240 ὁλοκλήρως
2571 5166 2763 5231 οὕτως*
2804 5169 2976 5222 Τίτου
3003 5167 3267 5221 Φλαϐίου
3300 5162 3671 5235 Κλήμεντος,

2087 5261 2494 5332 πρεσϐυτέρου
2531 5256 2976 5329 Ἀλεξανδρείας
3002 5257 3121 5313 τῶν
3146 5258 3296 5313 κατὰ
3332 5257 3450 5327 τὴν
3475 5255 3675 5327 ἁληθῆ

2086 5355 2457 5426 φιλοσοφίαν
2506 5352 2865 5408 Γνωστικῶν
2902 5351 3343 5422 ὑπομνημάτων
3395 5354 3672 5419 Erotopa-

2085 5448 2235 5503 τέων
2256 5455 2325 5513 α’,
2360 5447 2426 5518 β’,
2454 5453 2525 5517 γ’,
2558 5446 2622 5511 δ’,
2672 5453 2734 5507 ε’,
2772 5452 2847 5512 ς’,
2888 5444 2953 5510 ζ’,
3014 5444 3108 5498 καὶ
3153 5450 3222 5504 η’.
3283 5441 3423 5496 Ἀλλ’
3481 5444 3511 5496 ὀ
3572 5443 3673 5512 μὲν

2087 5541 2303 5614 πρῶτος
2338 5540 2498 5612 μέχρι
2543 5536 2638 5593 τοῦ
2683 5535 2936 5608 ἑϐδόμου,
2969 5534 3066 5607 τὴν
3097 5533 3268 5605 αὐτὴν
3302 5534 3516 5605 ἔχουσιν
3549 5537 3673 5589 ἑπι-

2086 5632 2322 5707 γραφὴν,
2372 5633 2467 5685 καὶ
2521 5632 2708 5685 ὲνιαῖοι
2755 5628 3113 5698 τυγχάνωσιν
3143 5627 3203 5680 ὲν
3239 5624 3411 5679 ἅπασι
3436 5629 3556 5691 ’τοῖς
3589 5628 3672 5699 βια-

2088 5725 2274 5788 6λίοις.
2321 5707 2386 5777 ’ό
2431 5722 2613 5794 μέντοι
2674 5720 2858 5789 ὄγδοος
2899 5719 3156 5792 διάφορός
3209 5717 3269 5772 τέ
3308 5719 3424 5773 ἔστι
3459 5718 3557 5774 καὶ
3600 5720 3668 5793 τῇ

2088 5819 2365 5890 ἐπιγραφῇ
2400 5814 2599 5887 uno
2631 5813 2833 5882 ἐδάφει.
2889 5814 2987 5865 Ἐν
3033 5829 3140 5866 τισι
3185 5811 3286 5884 μὲν
3316 5812 3444 5886 γὰρ,
3498 5810 3604 5874 Τίς
3631 5815 3668 5867 d
