3980 6520
549 342 627 400 ω
1725 350 2117 411 CLEMENTIS
2152 351 2620 414 ALEXANDRINI
3738 356 3812 421 Μ

555 464 745 521 mundi
790 466 957 524 vitam
993 470 1154 527 nobis
1184 472 1240 528 in
1270 473 1447 545 prima
1473 474 1753 532 creatione
1777 476 1945 542 dedit,
1991 492 2112 548 prat-

2232 480 2326 532 καὶ
2371 481 2742 549 ωσσαπῶσιν,
2783 481 2841 537 '0
2875 482 3007 552 γοῦν
3038 481 3274 556 πονηρὸς
3315 482 3501 539 οὑτοσὶ
3544 484 3809 558 τύραννος

553 558 791 627 ceptoris
820 560 1010 617 habitu
1041 576 1266 636 sumpto
1299 566 1439 622 bene
1470 567 1689 623 vivendi
1725 570 1993 625 rationem
2030 585 2131 625 nos

553 647 761 716 docuit,
783 658 844 705 ut
869 660 1055 720 postea
1092 664 1349 724 tanquam
1375 653 1519 711 Deus
1545 664 1803 711 aeternam
1833 658 2000 711 vitam
2026 656 2133 710 lar-

550 738 758 808 giatur.
795 738 847 794 Is
876 757 1008 797 vero
1038 759 1146 799 non
1169 752 1425 801 estnunc
1456 746 1695 817 primum
1724 747 1931 802 erroris
1954 747 2129 801 nostri

551 829 834 893 misertus,
863 833 957 887 sed
989 833 1118 888 olim
1153 849 1183 890 a
1233 836 1503 906 principio
1548 838 1770 904 mundi;
1822 853 1970 893 nunc
1999 853 2128 893 vero

548 922 770 976 tandem
794 939 1084 993 apparens,
1116 927 1392 997 perituros
1421 944 1487 984 ex
1519 928 1770 985 faucibus
1802 930 1950 984 exitii
1987 929 2126 983 lihe-

544 1014 715 1069 a'avit.
753 1015 888 1070 Nam
917 1017 972 1072 in
1005 1018 1152 1074 hunc
1189 1035 1363 1090 usque
1391 1021 1533 1075 diem
1570 1022 1843 1092 malignus
1886 1021 1976 1075 ille
2010 1035 2128 1076 ser-

545 1118 685 1173 pens
727 1107 1027 1162 humanum
1073 1125 1247 1180 genus
1283 1112 1576 1182 praestigiis
1604 1112 1721 1167 suis
1758 1112 1811 1166 in
1841 1121 2125 1166 contume—

548 1193 746 1251 liosam
796 1207 849 1252 et
898 1200 1156 1255 miseram
1188 1203 1504 1257 servitutem
1562 1204 1814 1271 abducit;
1868 1204 2125 1273 saevitque

551 1285 608 1342 in
631 1301 749 1348 eos.
783 1297 843 1343 ut
872 1290 947 1345 ita
979 1290 1181 1357 dicam,
1209 1293 1569 1349 barbarorum
1609 1295 1739 1361 ritu,
1763 1294 1857 1365 qui
1879 1295 2124 1365 captivos

542 1394 684 1435 suos
709 1391 1046 1437 mortuorum
1065 1385 1444 1450 cadaveribus,
1464 1387 1639 1442 donec
1662 1402 1768 1441 una
1786 1396 2121 1457 putrescant,

549 1461 775 1541 alligare
802 1474 1074 1532 feruntur.
1106 1477 1244 1532 Dum
1281 1478 1428 1532 enim
1458 1494 1817 1550 quoscunque
1850 1495 1878 1533 a
1909 1479 1992 1534 sui
2024 1495 2120 1534 or-

543 1573 642 1619 tus
670 1566 940 1636 principio
964 1569 1031 1623 ad
1071 1571 1321 1639 proprias
1348 1571 1567 1626 trahere
1593 1579 1775 1641 partes
1802 1571 1965 1639 valet,
1993 1587 2123 1626 cru-

539 1654 686 1711 delis
715 1657 802 1713 ille
831 1667 1095 1729 tyrannus
1116 1668 1170 1714 et
1199 1676 1425 1731 serpens
1452 1663 1522 1717 ad
1550 1663 1777 1733 lapides,
1818 1664 1985 1734 ligna,
2011 1673 2122 1718 sta-

545 1754 696 1816 tuas,
723 1750 1040 1821 reliquaque
1064 1753 1208 1807 idola
1237 1756 1440 1809 misero
1469 1754 1879 1825 superstitionis
1903 1755 2120 1811 vinculo

538 1842 889 1913 constringit,
942 1860 1052 1899 non
1113 1845 1462 1902 incommode
1498 1847 1722 1914 dicitur,
1779 1846 1943 1919 vivos
1970 1863 2121 1902 com-

542 1937 697 1991 muni
728 1938 940 1992 tumulo
982 1939 1206 2001 inferre,
1254 1940 1432 1996 donec
1473 1956 1582 1996 una
1628 1956 1754 1996 cum
1792 1941 1900 1996 illis
1952 1940 2122 1995 inter-

537 2039 691 2083 cant.
729 2029 1095 2096 Quamobrem
1129 2031 1298 2087 Eram
1344 2034 1474 2089 olim
1510 2036 1678 2101 (unus
1722 2036 1920 2091 etenim
1948 2036 2121 2092 idem-

538 2136 651 2191 que
678 2122 934 2177 seductor
957 2130 1061 2193 est)
1096 2135 1151 2179 et
1175 2126 1312 2181 alios
1341 2142 1488 2182 nunc
1518 2127 1766 2183 homines
1802 2129 1857 2183 in
1887 2138 2118 2184 mortem

536 2210 715 2265 ducit.
745 2209 895 2267 Unus
931 2213 1118 2268 itidem
1160 2216 1320 2271 nobis
1346 2216 1568 2287 adjutor
1593 2227 1648 2273 et
1667 2217 1867 2274 vindex
1896 2228 1981 2275 est
2008 2219 2118 2275 Do-

540 2298 749 2363 minus,
782 2299 875 2369 qui
899 2302 1130 2357 salutem
1162 2319 1192 2357 a
1226 2305 1495 2376 principio
1526 2308 1841 2377 prophetice
1862 2289 2120 2379 praenun-

538 2385 715 2456 ti,avit,
749 2398 805 2444 et
830 2407 975 2447 nunc
1001 2393 1068 2447 ad
1110 2409 1232 2449 eam
1258 2387 1698 2468 consequendam
1725 2411 1911 2470 aperte
1936 2417 2001 2457 ac
2021 2417 2120 2471 pa-

541 2479 651 2536 lam
681 2481 892 2537 invitat.
926 2483 1222 2555 Fugiamus
1245 2487 1429 2558 igitur,
1454 2490 1698 2559 Apostoli
1726 2501 1993 2562 praecepto
2015 2493 2108 2548 oh-

539 2579 854 2639 sequentes,
877 2575 1167 2645 principem
1190 2579 1468 2647 potestatis
1506 2581 1644 2634 aeris
1683 2580 1861 2649 hujus,
1892 2583 2115 2652 spiritus

535 2660 632 2729 qui
658 2677 795 2715 nunc
824 2674 1073 2734 operatur
1110 2668 1166 2720 in
1193 2666 1333 2736 ﬁlios
1376 2667 1684 2739 diffidentia;
1711 2674 1788 2738 ης
1827 2683 1882 2727 et
1910 2674 1976 2728 ad
2004 2673 2114 2730 Do-

539 2754 752 2807 minum
793 2753 1140 2811 Servatorem
1170 2758 1577 2829 confugiamus,
1615 2763 1708 2831 qui
1738 2778 1835 2832 per
1868 2764 2112 2836 prodigia

534 2854 595 2900 ct
625 2846 779 2917 signa
808 2863 932 2902 cum
972 2849 1029 2903 in
1066 2848 1322 2923 (Egypto,
1367 2860 1480 2906 tum
1513 2854 1677 2908 etiam
1708 2855 1765 2909 in
1795 2855 2034 2923 deserto,
2062 2869 2116 2913 et

536 2952 636 3006 per
662 2939 883 3006 rubum,
910 2948 964 2995 et
985 2941 1206 3009 nubem,
1228 2948 1286 3006 ›Ῑ‹
1305 2959 1427 3014 qua:
1443 2944 1626 3001 divina
1645 2947 1815 3017 gratia
1834 2946 2110 3017 Hebraros,

457 3055 481 3082 ι
535 3030 686 3085 velut
715 3031 914 3089 ancilla
947 3034 1219 3103 quaedam,
1251 3036 1609 3106 sequebatur.
1646 3038 1713 3093 ad
1763 3040 1993 3097 salutem
2030 3041 2113 3095 in-

2233 575 2326 628 καὶ
2355 575 2592 646 δράκων,
2636 573 2730 639 οὓς
2761 574 2828 629 ἀν
2876 571 2989 641 οἷός
3016 593 3077 630 τε
3113 575 3198 648 εῐη
3251 576 3317 631 ὲκ
3353 576 3581 648 γενετῆς
3613 594 3806 648 σφετεο

2232 665 2502 738 ρίσασθαι,
2522 665 2709 731 λίθοις,
2742 668 2837 721 καὶ
2859 666 3055 735 ξύλοις,
3079 668 3174 722 καὶ
3201 667 3499 741 ἀγάλμασι,
3520 670 3616 723 καὶ
3631 669 3807 723 τοιού-

2226 774 2343 822 τοις
2395 760 2537 812 τισὶν
2586 757 2825 823 εἰδώλοις
2857 759 3194 832 προσφίγξας
3247 760 3328 832 τῷ
3381 753 3805 832 δεισιδαιμονίας

2227 849 2396 923 ἀθλίῳ
2426 851 2609 922 δεσμῷ
2627 891 2641 915 ,
2664 851 2819 906 τοῦτο
2847 852 2912 924 δὴ
2938 851 3001 906 τὸ
3037 851 3347 923 λεγόμενον,
3377 852 3584 917 ζῶντας
3613 851 3805 920 ἐπιφέ-

2229 958 2338 1013 ρων
2384 942 2678 1013 συνέθαψεν
2710 944 2894 1006 αὐτοῖς
2926 943 3056 1016 (87),
3093 944 3202 998 ἐστ’
3232 943 3299 998 ἀν
3330 946 3425 999 καὶ
3465 943 3803 1017 συμφθαρῶ-

2229 1049 2331 1086 σιν·
2355 1029 2417 1086 οὒ
2435 1033 2498 1106 δὴ
2519 1037 2678 1106 χάριν
2721 1036 2830 1107 (88)
2866 1031 2967 1107 (εἷς
2999 1034 3151 1107 γάρό
3180 1034 3455 1105 ἀπατεὼν)
3475 1033 3681 1090 ἀνωθεν
3704 1034 3804 1106 μὲν

2224 1123 2322 1196 τήν
2348 1124 2512 1189 Εὔαν,
2542 1126 2636 1181 νῦν
2660 1127 2718 1180 δὲ
2749 1127 2849 1200 ήδη
2886 1129 2981 1181 καὶ
2999 1128 3126 1191 τοὺς
3151 1126 3346 1190 ἄλλους
3374 1125 3699 1198 ἀνθρώπους
3722 1127 3805 1190 είς

2224 1215 2452 1271 θάνατον
2479 1218 2785 1292 ὑποφέρων
2810 1215 2891 1284 εἷς
2919 1220 3014 1273 καὶ
3038 1218 3202 1283 αὐτὸς
3233 1219 3523 1292 ἐπίκουρος
3553 1220 3649 1274 καὶ
3682 1218 3807 1291 βοη-

2224 1307 2316 1373 θδς
2347 1310 2478 1380 ἡμῖν
2508 1312 2536 1363 ὁ
2564 1312 2788 1385 Κύριος,
2824 1313 3188 1387 προσμηνύων
3228 1312 3337 1384 (89)
3381 1312 3618 1387 ἀρχῆθεν
3661 1328 3804 1384 προ-

2223 1401 2490 1473 φητικῶς,
2524 1402 2620 1457 νῦν
2655 1403 2713 1457 δὲ
2735 1404 2833 1477 ἤδη
2872 1406 2967 1459 καὶ
2992 1404 3239 1477 ἐναργῶς
3263 1406 3344 1468 εἰς
3387 1401 3657 1474 σωτηρίαν
3696 1419 3808 1456 πα·-

2224 1495 2496 1567 ρακαλῶν.
2537 1495 2801 1568 Φύγωμεν
2834 1493 2948 1564 οὖν,
2976 1496 3303 1569 ἀποστολικῇ
3350 1497 3660 1567 πειθόμενοι
3696 1513 3806 1550 πα-

2224 1584 2503 1658 ραγγελία,
2526 1586 2639 1642 Τὸν
2654 1587 2915 1657 ἄρχοντα
2933 1586 3043 1657 τῆς
3056 1588 3340 1656 ἐξουσίας
3359 1588 3464 1643 τοῦ
3482 1586 3673 1656 ἀέρος,
3693 1586 3803 1641 τοῦ

2221 1679 2558 1749 πνεύματος
2584 1680 2691 1734 τοῦ
2715 1680 2834 1734 νῦν
2862 1680 3251 1753 ἐνεργοῦντος
3272 1683 3345 1736 ἐν
3368 1681 3493 1748 τοῖς
3510 1680 3665 1747 υἱοῖς
3686 1679 3805 1748 τῆς

2220 1770 2544 1839 ἀπειθείας*
2577 1774 2671 1828 καὶ¹
2688 1772 2767 1845 τῷ
2790 1774 3090 1847 Σωτῆριτῷ
3114 1774 3303 1849 Κυρίῳ
3336 1773 3800 1846 προσδράμωμεν.

2221 1865 2281 1929 ὃς
2296 1866 2391 1920 καὶ
2409 1866 2504 1919 νῦν
2522 1867 2618 1921 καὶ
2648 1868 2734 1922 ἀεὶ
2761 1867 3100 1941 προύτρεπεν
3118 1870 3201 1933 είς
3222 1868 3514 1940 σωτηρίαν,
3527 1866 3614 1924 διὰ
3630 1866 3802 1938 τερά-

2219 1972 2329 2010 των
2360 1956 2452 2010 καὶ
2483 1958 2725 2030 σημείων
2748 1960 2806 2012 ὲν
2829 1959 3088 2029 Αἰγύπτῳ
3120 1959 3214 2012 καὶ
3244 1959 3307 2011 ὲν
3346 1959 3565 2031 ἐρήμῳ·
3603 1957 3697 2012 διά
3737 1974 3803 2011 τε

2218 2046 2318 2117 τῆς
2349 2045 2534 2117 βάτου,
2588 2048 2682 2102 καὶ
2715 2048 2814 2119 τῆς
2845 2047 3242 2120 ἀκολουθούσης
3276 2049 3460 2121 χάριτι
3488 2047 3805 2120 φιλανθρω-

2219 2136 2370 2201 πίας,
2415 2137 2750 2209 θεραπαίνης
2794 2138 2950 2211 δίκην
2990 2138 3261 2210 Ἑϐραίοις
3309 2138 3559 2209 νεφέλης.
3608 2135 3804 2209 Τούτῳ

2222 2228 2320 2298 μὲν
2351 2228 2418 2297 δὴ
2447 2227 2526 2294 τῷ
2559 2227 2707 2299 φόϐῳ
2737 2231 2865 2298 τοὺς
2907 2228 3365 2301 σκληροκαρδίους
3414 2228 3762 2301 προῦτρεπεν
3781 2244 3798 2265 ε

2218 2318 2317 2390 ἤδη
2338 2319 2395 2373 δὲ
2421 2318 2618 2373 καὶδιά
2642 2320 2919 2383 Μωῦσέως
2937 2319 3031 2373 τοῦ
3059 2319 3354 2391 πανσόφου,
3390 2320 3486 2373 καὶ
3507 2318 3602 2373 τοῦ
3636 2317 3803 2388 φιλα-

2217 2409 2413 2482 λήθους
2458 2412 2709 2476 Ἡσαΐου,
2744 2413 2838 2466 καὶ
2866 2412 3067 2476 παντὸς
3097 2411 3193 2467 τοῦ
3220 2409 3564 2484 προφητικοῦ
3588 2408 3799 2482 χοροῦ,

2217 2502 2578 2577 λογικώτερον
2606 2504 2698 2557 ἐπὶ
2725 2504 2817 2558 τὸν
2844 2505 3015 2574 Λόγον
3057 2504 3373 2577 ἐπιστρέφει
3417 2504 3543 2566 τοὺς
3581 2502 3652 2555 τά
3677 2494 3803 2556 ὦτα

2216 2593 2612 2664 κεκτημένουςο
2643 2594 2737 2647 καὶ
2780 2593 2890 2648 ἔσθ’
2917 2595 3025 2665 ὅπη
3058 2593 3156 2666 μὲν
3192 2593 3539 2665 λοιδορεῖται·
3568 2591 3716 2645 ἔστιν
3749 2588 3799 2642 δ’

2215 2680 2277 2740 οὗ
2306 2686 2399 2739 καὶ
2430 2685 2671 2739 ἀπειλεῖ“
2707 2687 2834 2750 τοὺς
2870 2686 2929 2740 δὲ
2968 2687 3062 2740 καί
3088 2686 3278 2758 θρηνεῖ
3314 2684 3425 2739 τῶν
3456 2679 3799 2755 ἀνθρώπων·

2215 2778 2329 2852 ᾅδει
2357 2778 2413 2832 δὲ
2448 2778 2648 2843 ἄλλοις,
2680 2778 2929 2851 καθάπερ
2973 2779 3158 2851 ίατρὸς
3181 2778 3404 2847 ἀγαθὸς,
3439 2775 3547 2831 τῶν
3572 2773 3801 2830 νοσούν-

2213 2888 2321 2924 των
2352 2871 2619 2943 σωμάτων
2643 2871 2713 2926 τά
2744 2872 2842 2943 μὲν
2883 2871 3295 2937 καταπλάττων,
3329 2871 3399 2925 τά
3426 2871 3485 2927 δὲ
3509 2867 3806 2925 καταλεαίο

2214 2978 2340 3029 νων,
2371 2963 2438 3017 τά
2457 2963 2514 3017 δὲ
2538 2962 2873 3017 καταντλῶψ
2890 2964 2960 3018 τά
2985 2964 3042 3018 δὲ
3067 2963 3162 3018 καὶ
3187 2964 3392 3036 σιδήρῳ
3421 2961 3664 3036 διαιρῶν,
3681 2963 3805 3016 επις

2213 3057 2382 3111 καίων
2418 3056 2475 3110 δὲ
2509 3056 2665 3121 ἀλλα,
2700 3056 2817 3110 ἔστι
2844 3057 2888 3111 δ’
2920 3049 2987 3111 οὗ
3011 3057 3106 3111 καὶ
3145 3056 3453 3128 ἀποπρίων,
3473 3055 3528 3109 εί
3545 3071 3664 3118 πως
3681 3049 3802 3123 οἷόν

532 3120 689 3176 vitat.
720 3123 988 3179 Caeterum
1028 3135 1384 3183 contumaces
1423 3128 1647 3199 quidem
1690 3139 1744 3186 et
1775 3131 1898 3187 duri
1931 3133 2112 3187 cordis

2215 3166 2273 3202 τε
2306 3148 2408 3209 κᾶν
2451 3149 2601 3222 παρά
2632 3148 2797 3222 μέρος
2822 3149 2855 3222 ἢ
2904 3150 3063 3221 μέλος
3094 3150 3186 3204 τὸν
3217 3120 3502 3221 ἄνθρωπον
3550 3120 3798 3217 ὑγιᾶναιι

533 3213 788 3269 homines
814 3225 961 3271 metu
979 3216 1233 3287 impellit;
1259 3220 1397 3275 alios
1428 3224 1577 3289 vero,
1600 3223 1692 3292 qui
1718 3225 1947 3280 auribus
1970 3241 2110 3295 prae—

533 3304 632 3360 diti
680 3316 831 3373 sunt,
857 3323 951 3377 per
978 3307 1200 3381 Moysen
1231 3311 1383 3366 illum
1419 3314 1698 3382 sapientiae
1727 3317 1909 3373 omnis
1939 3316 2113 3388 magi-

532 3403 732 3461 atrum,
769 3414 865 3466 per
896 3397 1089 3454 lsaiam
1132 3401 1377 3458 veritatis
1405 3404 1690 3470 cultorem,
1723 3417 1778 3460 et
1808 3422 1903 3476 per
1938 3417 2109 3463 totum

532 3489 912 3558 propheticum
964 3494 1193 3548 chorum
1246 3497 1420 3567 magis
1452 3498 1702 3553 rationali
1754 3501 2012 3556 methodo
2042 3503 2109 3557 ad

535 3581 806 3638 rationem
847 3599 943 3639 seu
977 3583 1218 3642 Verbum
1255 3590 1543 3645 convertit.
1576 3591 1887 3662 Aliquando
1915 3595 2104 3667 convi-

532 3674 625 3731 tiis
651 3676 861 3743 utitur;
890 3687 978 3733 est
1005 3680 1099 3735 ubi
1129 3690 1183 3737 et
1226 3683 1425 3751 minis;
1468 3684 1569 3740 hos
1600 3685 1741 3740 idem
1771 3686 1953 3755 deﬂet,
1985 3689 2108 3745 illos

529 3774 698 3821 cantu
727 3768 1000 3824 demulcet
1028 3789 1041 3825 :
1070 3770 1237 3826 veluti
1280 3773 1499 3841 sapiens
1530 3775 1776 3832 medicus
1807 3778 1947 3835 alios
1981 3780 2108 3850 qui-

529 3856 654 3912 dem
675 3873 849 3929 aegros
864 3862 1368 3932 cataplasmatibus,
1394 3856 1531 3923 alios
1561 3870 1977 3939 purgationibus
2007 3888 2107 3928 cu-

530 3957 647 4014 rat;
669 3950 809 4007 alios
829 3952 1085 4009 fomentis
1106 3955 1483 4022 emollit,alios
1504 3958 1649 4016 ferro
1678 3962 1948 4031 lancinat;
1979 3975 2109 4021 sunt

530 4040 695 4095 etiam
725 4058 866 4113 quos
894 4044 1098 4110 adurit,
1131 4055 1185 4101 et
1211 4047 1414 4117 quibus
1445 4053 1805 4110 resectionem
1845 4056 2103 4123 adhibet,

530 4133 576 4188 si
605 4148 712 4205 qua
742 4137 952 4193 ratione
971 4138 1196 4194 humani
1220 4142 1466 4212 corporis
1487 4145 1649 4201 alicui
1675 4148 1815 4217 parti
1836 4149 1920 4203 vel
1937 4166 2107 4206 mem-

527 4224 628 4281 bro
677 4228 885 4283 sanitas
926 4231 1142 4286 restitui
1195 4235 1395 4303 possit;
1433 4237 1614 4293 varias
1660 4239 1806 4295 enim
1857 4241 2107 4298 Salvator

526 4328 713 4373 noster
741 4336 905 4378 voces
945 4324 1188 4390 adhibet,
1239 4334 1295 4380 et
1338 4327 1520 4383 varias
1563 4332 1848 4400 experitur
1875 4334 2013 4401 vias,
2045 4342 2106 4389 ut

525 4404 778 4465 homines
802 4412 868 4465 ad
890 4413 1120 4469 salutem
1149 4418 1430 4485 perducat.
1464 4418 1602 4474 Dum
1628 4423 1891 4491 minatur,
1914 4408 2104 4481 admo-

2216 3241 2536 3310 Πολύφωνός
2548 3258 2612 3310 γε
2638 3244 2668 3295 6
2694 3242 2887 3314 Σωτὴρ
2912 3243 3006 3295 καὶ
3027 3240 3365 3313 πολύτροπος
3388 3241 3467 3304 εἰς
3485 3237 3802 3312 ἀνθρώπων

2216 3331 2521 3404 σωτηρίανο
2579 3331 2817 3386 ἀπειλῶν
2868 3332 3107 3386 νουθετεῖ
3128 3350 3141 3363 ι
3205 3330 3611 3404 λοιδορούμενος
3673 3329 3803 3383 ἑπι-

2215 3424 2465 3495 στρέφει·
2492 3423 2707 3496 θρηνῶν
2746 3424 2913 3478 ὲλεεί”
2949 3424 3167 3494 ψάλλων
3214 3422 3547 3493 παρακαλεῖ·
3580 3420 3672 3476 διά
3697 3419 3805 3492 βά-

2209 3533 2305 3569 του
2339 3514 2506 3569 λαλεῖ·
2541 3516 2623 3569 ὅτι
2660 3516 2903 3587 σημείων
2933 3518 3130 3570 ἐκεῖνοι
3156 3515 3250 3569 καὶ
3269 3516 3512 3587 τεράτων
3540 3512 3799 3587 ἔχρῃζον.

2210 3609 2323 3662 Καὶ
2342 3607 2420 3679 τῷ
2452 3609 2586 3680 πυρὶ
2617 3607 2910 3662 δεδίττεται
2934 3609 3062 3672 τοὺς
3083 3606 3424 3680 ἀνθρώπους,
3451 3606 3711 3661 ἀνάπτων
3730 3607 3803 3661 ἐκ
3843 3646 3861 3659 .

2210 3698 2388 3762 κίονος
2416 3698 2515 3770 τὴν
2556 3697 2749 3767 φλόγα,
2792 3698 2993 3770 δεῖγμα
3037 3698 3175 3770 όμοῦ
3201 3700 3424 3771 χάριτος
3458 3698 3556 3751 καὶ
3594 3697 3796 3767 φόϐου·

2209 3791 2305 3844 ἐὰν
2349 3788 2686 3863 ὑπακούσῃς,
2730 3789 2793 3843 τὸ
2825 3790 2967 3859 φῶς⁸
3000 3789 3094 3843 ὲάν
3141 3788 3515 3863 παρακούσῃς,
3556 3787 3620 3841 τὸ
3656 3785 3797 3859 πῦρ.

2222 3884 2440 3954 Ἐπειδὴ
2471 3882 2530 3936 δὲ
2563 3882 2657 3936 καὶ
2692 3882 2868 3945 κίονος
2900 3882 2995 3936 καὶ
3019 3880 3182 3952 βάτου
3221 3883 3255 3953 ἡ
3290 3878 3428 3953 σάρξ
3465 3879 3795 3952 τιμιωτέρα,

2209 3975 2483 4047 προφῆται
2525 3977 2642 4045 μετ’
2666 3975 2847 4028 ἐκεῖνα
2878 3973 3226 4044 φθέγγονται.
3267 3972 3443 4038 Αὐτὸς
3485 3973 3545 4026 ἐν
3587 3972 3800 4042 Ἠσαῖᾳ

2206 4069 2236 4120 6
2262 4066 2464 4139 Κύριος
2495 4065 2691 4121 λαλῶν·
2719 4065 2882 4129 αὐτὸς
2908 4068 2967 4120 ὲν
3013 4064 3189 4136 Ἠλία·
3231 4064 3290 4118 ὲν
3311 4065 3540 4136 στόματι
3573 4081 3798 4136 προφη-

2206 4156 2318 4211 τῶν
2355 4158 2535 4222 αύτός.
2574 4159 2647 4212 Σὺ
2678 4158 2735 4212 δὲ
2768 4157 2880 4213 ἀλλ’
2911 4159 2959 4210 εί
2999 4158 3304 4230 προφήταις
3353 4156 3426 4228 μὴ
3476 4156 3795 4218 πιστεύεις,

2210 4249 2377 4322 μῦθον
2401 4250 2460 4304 δὲ
2480 4249 2904 4321 ὑπολαμϐάνεις,
2932 4250 3025 4303 καὶ
3055 4249 3182 4312 τοὺς
3212 4248 3434 4319 ἀνδρας,
3458 4245 3552 4301 καὶ
3575 4246 3638 4299 τὸ
3657 4246 3795 4315 πῦρ·

2205 4341 2366 4406 αὐτός
2410 4359 2493 4395 σοι
2543 4340 2765 4413 λαλήσει
2800 4343 2829 4395 6
2864 4340 3100 4414 Κύριος,
3163 4338 3234 4406 ὃς
3274 4338 3345 4392 ἐν
3390 4334 3598 4407 μορφῇ
3643 4337 3801 4392 Θεοῦ

2204 4429 2493 4499 ὑπάρχων
2532 4433 2646 4501 οὐχ
2685 4431 2999 4501 ἁρπαγμόν
3050 4428 3327 4500 ἡγήσατο
3371 4427 3438 4481 τὸ
3485 4423 3641 4482 εἶναι
3687 4422 3801 4482 ἶσα

510 4506 646 4561 .net;
673 4500 803 4555 dum
840 4506 1187 4574 convitiatur,
1228 4510 1518 4575 emendat;
1548 4511 1680 4567 dum
1713 4514 1880 4585 luget,
1930 4518 2097 4574 mise-

2215 4521 2348 4588 Θεῷ·
2376 4520 2635 4577 ἐκένωσε
2649 4522 2717 4576 δὲ
2742 4521 3001 4577 ἐαυτὸνό
3019 4520 3408 4594 φιλοικτίρμων
3436 4519 3592 4585 Θεὸς,
3620 4519 3801 4573 σῶσαι

521 4596 706 4655 retur;
736 4590 865 4646 dum
888 4604 1091 4662 cantat,
1119 4598 1402 4666 hortatur;
1440 4600 1496 4654 in
1528 4602 1671 4656 rubo
1705 4602 1871 4659 etiam
1918 4606 2098 4678 loqui-

521 4687 634 4746 tur,
668 4683 816 4751 quod
852 4683 929 4738 illi
962 4686 1134 4757 signis
1175 4697 1229 4742 et
1270 4691 1539 4761 prodigiis
1583 4692 1910 4766 indigerent.
1951 4698 2096 4771 Idem

522 4786 620 4827 eos
666 4772 792 4844 igne
834 4778 1230 4845 perterrefacit,
1274 4780 1551 4837 ﬂammam
1586 4800 1616 4840 e
1665 4786 1921 4843 columna
1971 4805 2096 4846 sus-

394 4914 405 4921 ,
522 4877 774 4933 pensant,
807 4868 1032 4924 terroris
1055 4871 1220 4925 simul
1246 4881 1300 4926 et
1326 4874 1513 4943 gratiae
1543 4876 1785 4946 signum,
1810 4880 2096 4950 exhibens;

519 4955 809 5026 morigeris
854 4959 1075 5028 quidem
1120 4961 1318 5027 lucem,
1356 4964 1450 5019 sed
1498 4967 1863 5040 immorigeris
1893 4973 2096 5044 ignem.

517 5044 712 5103 Postea
744 5050 891 5119 quod
917 5067 1119 5122 corpus
1152 5055 1451 5111 humanum
1478 5059 1734 5114 columna
1756 5070 1808 5116 et
1834 5064 1974 5120 rubo
1999 5081 2100 5121 no-

517 5138 684 5196 bilius
712 5151 878 5209 esset,
927 5147 1203 5215 prophetis
1249 5166 1381 5205 usus
1429 5160 1554 5218 est;
1590 5152 1706 5223 ipse
1738 5153 2006 5213 Dominus
2040 5160 2094 5214 in

516 5225 656 5286 Isaia
685 5231 949 5303 loquitur,
983 5236 1099 5306 ipse
1142 5238 1196 5292 in
1241 5228 1380 5308 Elia,
1411 5241 1529 5312 ipse
1570 5244 1625 5298 in
1667 5259 1763 5300 ore
1806 5250 2095 5320 propheta-

2204 4613 2296 4668 τὸν
2328 4612 2617 4685 ἄνθρωπον
2646 4612 2981 4685 γλιχόμενος.
3025 4613 3137 4668 Καὶ
3180 4614 3345 4677 αὐτὸς
3376 4613 3477 4684 ἤδη
3509 4628 3591 4666 σοι
3633 4614 3801 4683 εναρ-

2203 4705 2317 4775 γῶς
2367 4706 2397 4758 6
2438 4706 2612 4774 Λόγος
2652 4705 2837 4770 λαλεῖ,
2888 4706 3155 4760 δυσωπῶν
3203 4705 3301 4778 τὴν
3338 4704 3629 4759 ἀπιστίαν*
3676 4704 3824 4791 ναὶ..

2205 4799 2367 4871 φημὶ,
2402 4798 2432 4851 ὁ
2462 4799 2635 4867 Λόγος
2658 4800 2686 4852 6
2710 4798 2804 4851 τοῦ
2838 4798 2996 4862 Θεοῦ,
3024 4798 3311 4871 ἄνθρωπος
3335 4797 3627 4867 γενόμενος
3644 4812 3659 4827 ο
3705 4797 3801 4851 ἵνα

2204 4892 2268 4963 δὴ
2300 4892 2394 4946 καὶ
2437 4891 2500 4945 σὺ
2535 4890 2685 4963 παρά
2718 4890 3004 4963 ἀνθρώπου
3041 4892 3240 4963 μάθῃς,
3284 4891 3363 4961 πῆ
3394 4906 3525 4943 ποτε
3555 4889 3664 4961 ἀρα
3702 4890 3801 4944 ἄν»

2205 4984 2423 5056 θρωπος
2449 4983 2672 5054 γένηται
2706 4982 2858 5046 Θεός.
2894 4978 3010 5037 Εἶτ’
3034 4983 3133 5036 ούκ
3162 4984 3383 5046 ἄτοπον,
3404 4975 3462 5035 ’ὦ
3489 4981 3654 5052 φίλοι,
3699 4980 3800 5035 τὸν

2206 5077 2305 5147 μὲν
2340 5075 2471 5129 Θεὸν
2511 5075 2598 5128 ἀεὶ
2646 5075 2975 5147 προτρέπειν
2996 5076 3144 5146 ἡμᾶς
3173 5076 3260 5128 ἐπ’
3295 5073 3517 5146 ἀρετὴν,
3548 5060 3698 5144 ἡμᾶς
3735 5071 3799 5125 δὲ

2202 5164 2527 5221 ἀναδύεσθαι
2564 5166 2662 5236 τὴν
2685 5165 2973 5236 ὠφέλειαν,
3008 5166 3101 5220 καὶ
3129 5164 3523 5221 ἀναϐάλλεσθαι
3555 5162 3652 5235 τὴν
3687 5181 3800 5217 σω-

2200 5258 2428 5330 τηρίανς
2464 5258 2535 5310 Ἢ
2562 5256 2671 5331 γάρ
2711 5259 2832 5331 οὐχὶ
2862 5259 2955 5312 καὶ
2987 5257 3238 5329 Ἰωάννης
3260 5258 3353 5312 ἐπὶ
3381 5255 3652 5328 σωτηρίαν
3683 5271 3800 5311 πα-

527 5361 535 5370 ’
606 5415 665 5473 ᾖ
698 5407 759 5463 ι).
794 5408 828 5465 8
859 5407 966 5466 eo.
1002 5408 1298 5477 POTTEB,
1336 5414 1367 5469 τ
1399 5417 1508 5474 ΕΙ).
1543 5418 1766 5479 PARIS.
1847 5426 1890 5460 ιι
1928 5422 2110 5497 Ephes

2215 5424 2329 5490 1.2.

516 5592 638 5674 Qua
659 5594 814 5674 dere
843 5608 897 5652 et
931 5596 1236 5674 LiviusAlib.
1273 5614 1310 5662 ι,
1333 5598 1595 5659 etPctrus
1624 5605 1921 5674 Victorius,
1968 5610 2091 5665 Var.

512 5664 680 5738 ιιι-8.,
703 5667 795 5720 lib.
814 5683 889 5731 IV,
910 5684 1041 5738 cap.
1077 5667 1163 5723 18.
1195 5669 1461 5727 SYLBURG.

590 5737 705 5803 (87)
751 5737 1221 5805 ΑὐτοῐςζΑὐίτούς
1251 5738 1387 5796 Nov.

591 5810 707 5880 (88)
749 5804 830 5865 Οὗ
865 5806 942 5877 δὴ
977 5826 1034 5880 χ.
1069 5810 1193 5867 llaec
1244 5812 1322 5869 sic
1376 5813 1651 5888 distingue
1690 5836 1701 5873 :
1734 5813 1793 5874 οἶν
1830 5818 1892 5892 δὴ
1932 5821 2091 5895 χάριν

2205 5616 2308 5682 (εἷς
2332 5613 2453 5688 γὰρ
2479 5618 2507 5670 ὁ
2540 5616 2817 5687 ἀπατεὼν)
2860 5616 3064 5672 ἄνωθεν
3087 5660 3102 5683 ,
3155 5626 3283 5681 etc.,
3315 5618 3461 5688 quod
3503 5617 3553 5671 in
3595 5615 3795 5674 Latina

2204 5687 2453 5756 versione
2486 5689 2877 5756 expressimus.

2274 5755 2387 5827 (89)
2430 5755 2857 5828 Προσμηνύων.
2893 5757 3232 5832 Προμηνύων
3268 5758 3401 5817 Nov.
