3980 6518
139 376 214 434 65

1342 359 1790 420 COHORTATIO
1831 362 1923 416 AD
1955 358 2250 418 GENTES.

3327 353 3404 410 66

133 491 390 568 ρακαλεῐ,
407 492 503 545 καὶ
526 489 588 544 τὸ
606 491 713 544 πᾶν
733 490 941 558 γίνεται
967 488 1135 558 φωνὴ
1151 487 1264 561 (90)
1279 486 1677 556 προτρεπτική
1700 503 1719 548 ;

1837 499 1966 540 rum.
1999 483 2155 550 Quod
2191 482 2240 539 si
2271 480 2478 537 nullam
2501 478 2786 550 prophetis
2813 477 2976 534 fidem
2997 475 3182 533 deberi
3213 486 3402 547 putas,

134 584 446 655 Πυθὼμεθα
479 584 660 638 τοίνυν
677 581 862 646 αὑτοῦ,
897 583 993 648 Τίς
1010 582 1195 636 πόθεν
1223 577 1567 648 εἷςοὰνδρῶγ
1585 577 1719 650 (91);

147 678 339 742 Ἠλίας
380 677 481 748 μὲν
511 677 612 730 οὐκ
651 677 786 749 ὲρεῖ,
830 675 1066 748 Χριστὸς
1117 674 1176 727 δὲ
1226 669 1366 728 εἶναι
1398 675 1720 746 ἀρνήσεταιο

135 769 308 839 φωνὴ
345 769 402 822 δὲ
433 767 754 839 ὁμολογήσει
787 767 896 838 (92)
925 767 995 819 ἐν
1020 764 1217 835 ἐρήμῳ
1237 764 1470 831 βοῶσα.
1505 766 1601 829 Τίς
1632 761 1724 819 οὖν

137 861 286 912 ἐστιν
329 860 629 928 ⁹Ιωάννης;
677 858 752 922 ὡς
799 857 955 928 τύπῳ
1005 857 1224 919 λαϐεῖν,
1259 856 1462 922 ὲξέστω
1516 860 1723 921 εἰπεῖν,

138 953 311 1023 φωνὴ
344 951 450 1005 τοῦ
477 952 672 1021 Λόγου
700 949 1122 1019 προτρέπτικὴ,
1169 951 1240 1003 ἐν
1263 949 1458 1019 ἐρήμῳ
1491 949 1722 1014 βοῶσα.

140 1046 203 1099 Τί
227 1045 383 1116 βοᾷς,
415 1039 462 1099 ὧ
507 1046 698 1116 quivi};
734 1043 871 1097 Είπὲ
895 1043 988 1096 καὶ
1036 1044 1186 1112 ἡμῖν.
1218 1045 1472 1108 Εὐθείας
1512 1042 1727 1096 ποιεῖτε

137 1135 246 1201 τὰς
265 1135 450 1202 ὀδοὺς
477 1135 722 1202 Κυρίου.
748 1131 1064 1204 Πρόδρομος
1103 1131 1376 1200 Ἰωάννης,
1400 1130 1494 1183 καὶ
1519 1131 1550 1200 ή
1576 1129 1725 1199 φωνὴ

143 1228 454 1300 πρόδρομος
485 1226 580 1279 τοῦ
616 1227 808 1294 Λόγου,
847 1223 998 1294 φωνὴ
1039 1222 1443 1294 παρακλητικὴ,
1486 1237 1730 1293 προετοι-

146 1320 397 1390 μάξουσα
440 1321 521 1381 είς
555 1318 851 1388 σωτηρίαν,
893 1315 1042 1385 φωνὴ
1073 1315 1454 1386 προτρέπουσα
1487 1315 1567 1376 είς
1600 1313 1732 1384 κλη-

144 1408 680 1484 ρονομίανοὺρανῶψ
701 1408 767 1461 δι’
801 1407 868 1477 ἢν
898 1409 931 1475 ἡ
967 1405 1156 1475 στείρα
1173 1406 1264 1458 καὶ
1294 1405 1518 1476 ἕρημος,
1541 1403 1730 1470 ἄγονος

142 1503 345 1557 οὐκέτι.
403 1502 621 1570 Ταύτην
682 1517 774 1571 μοι
829 1501 929 1572 τὴν
986 1499 1282 1570 κυοφορίαν
1341 1495 1730 1568 προεθέσπισεν

144 1594 379 1662 ἀγγέλου
414 1595 586 1664 φωνή·
643 1593 942 1665 πρόδρομος
976 1589 1044 1664 ἦν
1089 1590 1316 1660 κάκείνη
1354 1587 1448 1642 τοῦ
1500 1588 1728 1658 Κυρίου,

148 1681 366 1753 στείραν
381 1680 834 1753 εὐαγγελιζομένη
855 1685 1108 1750 γυναῖκα,
1125 1681 1200 1745 ὡς
1223 1680 1476 1750 Ἰωάννης
1492 1678 1591 1750 τὴν
1614 1677 1733 1749 ἔρη-

149 1791 262 1843 μον.
282 1773 387 1827 Διὰ
415 1773 621 1844 ταύτην
646 1775 823 1827 τοίνυν
850 1773 943 1827 τοῦ
971 1774 1143 1843 Λόγου
1177 1772 1275 1844 τὴν
1292 1770 1471 1841 φωνὴν
1490 1771 1522 1836 ὴ
1544 1770 1730 1841 στείρα

1827 575 1922 631 sed
1946 575 2118 640 viros,
2143 573 2290 628 haud
2318 585 2478 627 secus
2507 585 2571 625 ac
2608 570 2812 639 ignem,
2842 569 2902 623 in
2935 580 3167 623 numero
3188 566 3404 622 fabula-

1827 683 1950 723 rum
1983 668 2192 732 habes;
2230 665 2346 735 ipse
2369 663 2638 718 Dominus
2666 663 2764 718 tibi
2790 662 3065 732 loquetur,
3088 661 3178 730 qui
3205 677 3323 714 cum
3347 664 3406 713 in

1829 759 2002 829 forma
2034 758 2133 812 Dei
2168 768 2328 823 esset,
2366 773 2468 810 non
2496 755 2742 825 rapinam
2773 753 3068 807 arbitratus
3101 762 3178 805 est
3211 768 3321 805 esse
3348 767 3404 804 se

1827 848 2084 919 wqualem
2116 847 2261 912 Deo;
2292 847 2382 901 sed
2415 847 2752 916 semetipsum
2784 845 3075 900 exinanivit
3103 842 3147 874 ”
3188 842 3406 898 miseri-

1828 956 1954 996 cors
2000 938 2164 1003 Deus,
2221 947 2282 992 ut
2335 937 2637 992 humanum
2675 951 2849 1006 genus
2901 940 3162 990 servaret.
3219 933 3404 1000 Ipsum

1831 1033 1967 1087 adeo
2001 1030 2096 1086 Dei
2121 1030 2358 1085 Verbum
2387 1031 2567 1099 palam
2603 1029 2700 1083 tibi
2722 1028 2988 1098 loquitur,
3015 1036 3073 1080 ut
3101 1024 3410 1080 infidelitati

1829 1123 2092 1193 pudorem
2123 1121 2374 1177 incutiat.
2399 1119 2662 1187 Verbum,
2697 1121 2943 1190 inquam,
2998 1117 3092 1173 Dei
3128 1117 3295 1170 homo
3326 1114 3410 1167 fa-

1832 1223 2001 1276 ctum,
2037 1221 2097 1265 ut
2143 1221 2202 1266 tu
2234 1226 2452 1282 quoque
2491 1211 2560 1265 ab
2605 1211 2828 1265 homine
2867 1210 3084 1274 discas,
3126 1223 3234 1278 qua
3291 1214 3416 1260 arte

1832 1303 1998 1358 homo
2044 1303 2162 1358 fieri
2205 1302 2349 1358 Deus
2402 1302 2593 1372 possit.
2651 1301 2827 1368 Quam
2879 1311 3061 1356 autem
3107 1298 3412 1355 absurdum

1832 1393 1977 1447 istud
2007 1392 2191 1459 fuerit,
2224 1392 2408 1458 amici,
2435 1401 2516 1457 ut,
2549 1406 2675 1446 cum
2704 1391 2847 1447 Deus
2875 1392 2942 1444 ad
2973 1392 3231 1444 virtutem
3278 1388 3415 1442 hor-

1830 1485 1934 1538 tari
1993 1500 2276 1554 nunquam
2328 1482 2551 1549 desinit,
2586 1497 2688 1536 nos
2733 1493 2917 1552 spreto
2955 1482 3076 1552 ejus
3122 1482 3419 1548 beneﬂcio,

1831 1576 2066 1630 oblatam
2108 1577 2338 1632 salutem
2394 1574 2762 1643 respuamus?
2789 1574 2986 1628 Annon
3033 1573 3272 1628 Joannes
3307 1574 3413 1628 ho-

1833 1669 2009 1724 mines
2039 1669 2106 1722 ad
2145 1669 2376 1722 salutem
2404 1667 2678 1737 ,impellit,
2725 1676 2780 1722 et
2823 1678 2971 1722 totus
3009 1683 3110 1722 vox
3141 1667 3414 1720 hortatrix

1832 1761 1926 1816 fit?
1959 1763 2144 1831 Ipsum
2179 1775 2310 1831 ergo
2341 1776 2618 1831 rogemus,
2659 1758 2942 1825 Quisnam,
2991 1761 3126 1813 unde
3176 1760 3416 1830 gentium

146 1865 409 1928 εὖτεκνεί,
454 1865 549 1918 καὶ
581 1866 614 1934 ή
661 1864 864 1935 ἔρημος
911 1865 1267 1935 καρποφορεῖ.
1321 1863 1387 1914 Ai
1432 1859 1726 1932 πρόδρομοι

1837 1855 1924 1908 es?
1954 1852 2127 1908 Eliam
2157 1869 2215 1909 se
2244 1869 2354 1907 non
2399 1853 2563 1916 dicet,
2590 1852 2866 1908 Christum
2897 1869 3018 1907 esse
3051 1852 3409 1922 pernegabit;

147 1956 236 2010 τοῦ
267 1958 481 2029 Κυρίου
514 1959 686 2026 φωναὶ
707 1957 801 2010 δύο
820 1997 834 2021 ,
865 1956 1097 2025 ἀγγέλου
1123 1957 1216 2009 καὶ
1244 1954 1490 2008 Ἰωάννου
1511 1991 1526 2016 ,
1553 1951 1725 2004 αἰνίτ-

146 2054 328 2104 τονταί
354 2067 445 2121 μοι
479 2050 577 2121 τὴν
606 2051 1034 2122 ἐναποκειμένην
1077 2047 1370 2119 σωτηρίαν,
1399 2047 1505 2110 ὠς,
1531 2049 1729 2114 ἐπιφα-

148 2144 329 2206 νέντος
352 2142 450 2196 τοῦ
480 2142 652 2210 Λόγου
679 2141 853 2205 τοῦδε,
884 2141 1163 2204 εὐτεκνίας
1192 2142 1338 2211 ἡμᾶς
1367 2138 1577 2208 καρπὸν
1603 2139 1730 2190 άπε-

149 2233 472 2301 νέγκασθαι,
500 2229 652 2304 ζωὴν
669 2233 853 2286 ἀίδιον.
893 2234 1092 2307 ’Λμφω
1105 2231 1233 2301 γοῦν
1265 2234 1321 2295 ὲς
1356 2231 1550 2283 ταύτὸν
1591 2230 1729 2298 ἀγα-

148 2324 318 2394 γοῦσα
354 2325 426 2378 τὰ
455 2324 607 2394 φωνὰ
635 2327 668 2396 ή
717 2324 928 2396 Γραφὴ,
959 2324 1240 2394 σαφηνίζει
1261 2323 1324 2376 τὸ
1350 2323 1455 2375 πᾶν
1475 2339 1488 2351 '
1522 2322 1728 2375 Ἀκου-

150 2417 309 2471 σάτω
339 2419 379 2486 ἠ
407 2419 481 2470 οὐ
512 2417 798 2470 τίκτουσα
819 2433 832 2446 ο
855 2415 1095 2482 ρηξιὴω
1122 2413 1332 2484 φωνὴν
1375 2415 1426 2492 ἠ¹
1461 2415 1569 2466 οὐκ
1599 2411 1732 2464 ὡδί-

150 2524 346 2564 rcva'a
364 2527 380 2539 ο
409 2508 500 2561 ὅτι
530 2509 781 2562 πλείονα
813 2504 1077 2561 τὰτέκνα
1124 2505 1232 2574 τῆς
1248 2504 1471 2574 ἐρήμου
1493 2501 1732 2573 μᾶλλον

153 2602 190 2668 ἢ
207 2601 312 2668 τῆς
333 2601 602 2670 ἐχούσης
629 2599 737 2653 τὸν
754 2599 962 2668 ἄνδρα.
985 2601 1184 2670 Ἄνδρα
1204 2602 1334 2670 ἡμῖν
1354 2597 1733 2668 εὐηγγελίζετο

154 2693 384 2762 ἄγγελος
407 2710 422 2724 ο
454 2695 600 2764 ἡμᾶς
634 2693 974 2764 προῦτρεπεν
995 2694 1249 2764 Ἰωάννης
1280 2691 1470 2762 νοῆσαι
1509 2691 1601 2744 τὸν
1638 2708 1731 2760 γε-

153 2783 348 2853 ωργὸν,
377 2781 612 2852 ζητῆσαι
639 2783 729 2835 τὸν
752 2782 937 2854 ἄνδρα.
968 2777 1063 2845 Εἷς
1080 2781 1190 2853 γὰρ
1224 2781 1318 2833 καὶ
1340 2782 1368 2832 6
1388 2781 1550 2843 αὐτὸς
1582 2775 1735 2844 οὗτος

160 2877 187 2924 ό
201 2874 296 2944 τῆς
325 2873 550 2945 στείρας
570 2873 678 2944 (95)
698 2873 856 2946 ἀνὴρ,
877 2876 906 2928 6
927 2873 1026 2944 τῆς
1049 2875 1256 2944 ἐρήμου
1274 2873 1518 2943 γεωργὸς
1533 2912 1548 2936 ,
1570 2871 1598 2923 ὁ
1635 2871 1733 2942 τῆς

155 2966 300 3030 θείας
345 2967 635 3038 ἐμπλήσας
671 2967 953 3039 δυνάμεως
982 2968 1074 3020 καὶ
1115 2966 1212 3038 τὴν
1239 2965 1478 3038 στείραν,
1514 2967 1607 3020 καὶ
1633 2966 1733 3038 τὴν

155 3060 380 3132 ἔρημον.
423 3061 580 3113 Ἐπεί⁵
631 3060 742 3132 γάρ
789 3060 956 3113 πολλὰ
1007 3059 1076 3112 τὰ
1106 3060 1271 3114 τέκνα
1308 3059 1407 3130 τῆς
1445 3057 1733 3128 εὐγενοῦς,

153 3153 318 3216 ἄπαις
368 3153 426 3206 δὲ
478 3149 546 3224 ἦν
575 3153 641 3206 δι’
703 3152 1008 3216 ἀπείθειαν,
1063 3155 1095 3224 ἡ
1156 3152 1424 3216 πολύπαις
1475 3153 1737 3206 ἀνέκαθεν

129 3240 392 3310 «Ἑϐραία
447 3243 616 3313 γυνή·
668 3243 700 3313 ἡ
745 3242 931 3313 στείρα
977 3242 1068 3294 τὸν
1107 3241 1273 3313 ἄνδρα
1310 3242 1600 3312 λαμϐάνει,
1644 3243 1737 3296 καὶ

155 3331 190 3402 ἡ
219 3332 425 3403 ἔρημος
474 3331 566 3385 τὸν
591 3332 836 3403 γεωργόν
857 3349 869 3361 ·
896 3327 1014 3385 εἶτα
1035 3335 1068 3403 ἡ
1099 3333 1196 3403 μὲν
1226 3332 1474 3404 καρπῶν,
1499 3335 1531 3404 η
1562 3333 1616 3388 δὲ
1647 3352 1736 3386 πι-

159 3425 328 3478 στῶν·
362 3427 533 3497 ἄμφω
575 3425 631 3480 δὲ
671 3427 934 3498 μητέρες,
971 3427 1058 3480 διὰ
1101 3426 1192 3480 τὸν
1239 3427 1430 3496 Λόγον.
1463 3426 1737 3490 Ἀπίστοις

157 3518 211 3572 δὲ
238 3520 408 3572 εἰσέτι
448 3519 545 3572 νῦν
590 3521 687 3573 καὶ
739 3520 924 3591 στείρα
968 3521 1061 3574 καὶ
1091 3521 1297 3593 ἔρημος
1348 3519 1733 3592 περιλείπεται.

170 3610 226 3662 '0
261 3611 358 3680 μὲν
389 3612 665 3681 Ἰωάννης,
689 3611 718 3663 6
749 3609 924 3681 κήρυξ
961 3611 1053 3664 τοῦ
1083 3611 1253 3680 Λόγου
1273 3651 1289 3676 ,
1324 3609 1494 3682 ταύτῃ
1523 3629 1594 3682 πη
1637 3629 1738 3664 πα-

159 3702 416 3773 ρεκάλει,
464 3703 712 3773 ἑτοίμους
765 3702 873 3773 (94)
903 3702 1146 3772 γίνεσθαι
1187 3705 1268 3766 είς
1304 3701 1438 3755 Θεοῦ
1469 3701 1563 3756 τοῦ
1606 3704 1734 3774 Χρι-

162 3793 286 3846 στοῦ
317 3793 649 3864 παρουσίανθ
680 3794 952 3847 καὶτοῦτο
972 3790 1060 3864 ἦν,
1087 3794 1116 3847 ὃ
1138 3795 1382 3864 ᾐνίττετο
1407 3797 1439 3866 ή
1472 3794 1737 3866 Ζαχαρίου

161 3884 342 3956 σιωπὴ
371 3923 386 3947 ,
436 3885 772 3956 ἀναμένουσα
825 3886 917 3940 τὸν
977 3886 1280 3958 πρόδρομον
1338 3887 1432 3939 τοῦ
1500 3887 1737 3958 Χριστοῦ

161 3977 395 4048 καρπὸν,
430 3978 515 4030 ἵνα
536 3979 631 4050 τῆς
665 3977 925 4048 ἀληθείας
959 3979 1021 4031 τὸ
1047 3978 1183 4046 φῶς,
1210 3981 1238 4031 6
1260 3978 1431 4048 Λόγος
1473 3980 1580 4032 τῶν
1610 3997 1740 4052 προ-

163 4067 406 4137 φητικῶν
436 4069 777 4138 αίνιγμάτων
801 4069 900 4140 τὴν
933 4069 1196 4140 μυστικὴν
1229 4070 1568 4140 ἀπολύσηται
1614 4087 1740 4123 σιω-

163 4159 284 4231 πὴν,
320 4161 658 4229 Εὑαγγέλιον
699 4160 1009 4232 γενόμενος.
1041 4161 1112 4214 Σὺ
1144 4161 1201 4215 δὲ
1225 4163 1273 4215 εί
1307 4161 1490 4225 ποθείς
1522 4163 1646 4215 ίδεῖν
1666 4163 1740 4225 ὡς

162 4249 376 4322 ἀληθῶς
411 4252 503 4306 τὸν
549 4251 681 4306 Θεὸν
707 4292 722 4314 ,
764 4252 1075 4324 καθαρσίων
1109 4254 1485 4324 μεταλάμϐανε
1517 4254 1740 4325 θεοπρε-

164 4343 276 4396 πῶν
295 4361 308 4372 ·
337 4343 402 4396 οὐ
433 4343 640 4414 δάφνης
691 4343 939 4397 πετάλων
969 4345 1103 4415 (95),
1146 4346 1240 4399 καὶ
1289 4345 1509 4398 ταινιῶν
1544 4363 1702 4398 τινων
1723 4386 1737 4408 ,

165 4434 290 4507 ἐρίῳ
322 4437 424 4490 καὶ
457 4436 715 4510 πορφύρᾳ
760 4437 1195 4509 πεποικιλμένων
1224 4437 1362 4509 (96l'
1397 4436 1739 4507 δικαιοσύνην

235 4556 292 4609 »ις
329 4548 395 4605 Ρ.
431 4531 572 4601 θιϊι)
620 4547 918 4612 ιιοττειι,
943 4549 976 4602 8
1001 4547 1112 4602 ED.
1146 4543 1369 4609 PARIS.
1427 4549 1470 4580 ιι
1500 4548 1697 4621 Philip.
1725 4567 1785 4618 ιι,
1813 4551 1868 4616 6,
1889 4548 1940 4605 7.

1764 3194 1808 3254 C

1829 1945 1923 2000 sed
1949 1962 2123 2000 vocem
2147 1961 2206 2001 se
2235 1945 2496 2000 fatebitur
2519 1946 2574 1998 in
2607 1944 2810 1998 deserto
2842 1945 3157 2000 clamantem
3193 1945 3257 1998 “.
3278 1943 3417 2010 Quis

1827 2049 1913 2094 est
1959 2055 2089 2108 ergo
2137 2038 2415 2094 Joannes?
2469 2039 2786 2094 summatim
2830 2038 3014 2092 dicere
3064 2039 3244 2104 liceat,
3296 2036 3412 2090 Vos

1841 2130 1994 2184 Verbi
2015 2131 2286 2184 hortatrix
2320 2131 2376 2184 in
2408 2131 2613 2185 deserto
2641 2130 2902 2184 clamans.
2930 2129 3072 2196 Quid
3093 2131 3320 2192 clamas,
3379 2146 3416 2183 o

1829 2224 1958 2278 vox?
1974 2221 2070 2278 Dic
2080 2223 2244 2277 etiam
2266 2222 2442 2276 nobis.
2459 2220 2646 2275 Rectus
2660 2223 2821 2291 facite
2835 2221 3049 2274 semitas
3070 2220 3278 2274 Domini
3297 2219 3421 2292 ".ﬁ

1830 2317 2143 2373 Praecursor
2161 2326 2245 2372 est
2265 2315 2538 2372 Joannes:
2558 2326 2724 2373 etvox
2757 2332 2820 2370 ea
2840 2314 3076 2371 Verbum
3110 2317 3420 2386 praecurrit,

1829 2426 1935 2464 vox
1951 2410 2436 2479 adhortativa,qute
2448 2409 2515 2463 ad
2531 2409 2758 2464 salutem
2777 2419 3062 2478 prmparat;
3082 2425 3183 2463 vox
3195 2425 3334 2480 ,quae
3347 2409 3418 2464 ad

1831 2503 2481 2560 cmlorumhaereditatem
2504 2503 2732 2567 invitat;
2755 2519 2862 2573 qua
2890 2503 3090 2559 sterilis
3107 2513 3158 2557 et
3197 2503 3416 2556 deserta

1836 2605 1896 2663 ›Ῑ‹
1937 2598 2301 2663 fecundatur;
2349 2611 2513 2667 quam
2543 2597 2762 2668 quidem
2797 2596 3131 2650 fertilitatem
3167 2595 3418 2665 ptzedlxit

1833 2691 2014 2762 angeli
2049 2705 2176 2756 vox,
2225 2704 2370 2758 quae,
2433 2699 2692 2760 tanquam
2729 2689 2871 2744 alius
2912 2688 3129 2742 Domini
3172 2704 3418 2758 praecur-

1833 2780 1946 2850 so'r,
1973 2783 2142 2838 sterili
2183 2783 2399 2838 mulieri
2429 2783 2772 2854 evangelium
2811 2780 3150 2851 praedicavit,
3185 2795 3294 2834 nou
3324 2795 3414 2835 se-

1835 2892 1933 2932 cus
1963 2891 2027 2931 ac
2057 2875 2300 2931 Joannes
2329 2875 2540 2945 regioni
2565 2878 2818 2929 desertte.
2844 2872 2959 2927 Hac
2996 2873 3162 2943 igitur
3194 2871 3417 2927 Domini

1836 2984 1970 3025 voce
2001 2968 2204 3023 sterilis
2237 2967 2295 3021 ﬁt
2323 2975 2518 3032 mater,
2545 2975 2598 3020 et
2627 2969 2843 3020 deserta
2870 2964 3111 3019 fructum
3141 2963 3267 3019 fert.
3299 2964 3418 3019 Cte-

1837 3071 2014 3117 terum
2060 3061 2183 3115 dute
2233 3060 2339 3113 illa:
2377 3059 2568 3129 Angeli
2599 3069 2653 3112 et
2682 3057 2912 3112 Joannis
2941 3073 3122 3120 voces,
3154 3073 3276 3126 quae
3311 3057 3418 3112 Do-
3496 3090 3518 3113 ο

1840 3155 2048 3209 ιιιὶιιιιηι
2084 3153 2518 3223 praecurrebam,
2555 3151 2792 3206 inuuere‘
2814 3152 2950 3205 mihi
2979 3151 3235 3218 videntur
3264 3152 3416 3207 salu-

1842 3258 1948 3302 tem
1997 3247 2156 3301 nobis
2207 3246 2526 3315 repositam,
2593 3244 2727 3314 qui,
2763 3259 2886 3298 cum
2940 3243 3256 3313 apparuerit
3313 3244 3417 3298 hoc

1843 3338 2101 3400 Verbum,
2130 3336 2428 3392 fertilitatis
2461 3344 2662 3390 nostra:
2696 3335 2942 3390 fructum
2980 3335 3286 3406 percepturi
3324 3350 3416 3390 su-

1839 3448 1983 3499 mus,
2018 3441 2276 3487 aeternam
2307 3433 2499 3486 vitam.
2545 3429 2852 3502 Utramque
2891 3431 3056 3501 igitur
3089 3446 3275 3486 vocem
3323 3446 3419 3484 eo-

1838 3525 1960 3578 dem
1994 3523 2236 3589 ducens,
2275 3539 2390 3578 rem
2431 3533 2605 3577 totam
2641 3522 2880 3591 explicat
2930 3521 3211 3590 Scriptura
3249 3540 3261 3575 :
3303 3522 3419 3574 Ast-

1837 3618 1973 3684 diat,
2003 3635 2120 3688 quae
2151 3633 2255 3670 non
2295 3617 2440 3686 parit
2465 3658 2477 3678 ,
2503 3624 2747 3685 erumpat
2785 3630 2980 3678 vocem,
3007 3629 3125 3683 qua:
3155 3629 3257 3667 non
3289 3629 3418 3682 par-

1839 3712 2007 3773 turit;
2038 3711 2160 3780 quia
2188 3709 2345 3762 multi
2370 3707 2472 3776 ﬁlii
2502 3707 2744 3769 desertaz,
2780 3707 2949 3776 magis
2969 3722 3126 3774 quant
3145 3705 3281 3774 ejus,
3301 3719 3420 3775 qua

1839 3801 1990 3855 habet
2025 3802 2195 3854 virum
2218 3801 2282 3854 ¹⁶.
2305 3797 2496 3852 Virum
2547 3798 2706 3851 nobis
2734 3798 3024 3850 annuntiat
3053 3797 3326 3865 Angelus;
3357 3805 3418 3851 ut

1839 3893 2314 3960 deprehendamus
2361 3889 2684 3960 agricolam,
2745 3897 2803 3942 ut
2845 3904 3158 3958 qumramus
3199 3888 3418 3950 virum,

1839 3985 2090 4038 hortatur
2120 3998 2222 4037 nos
2251 3981 2512 4036 Joannes.
2546 3978 2704 4036 Unus
2743 3980 2887 4035 enim
2917 3988 2970 4032 et
3002 3979 3143 4032 idem
3180 3991 3262 4033 est
3285 4019 3300 4042 ,
3330 3978 3421 4032 ille

1841 4076 2041 4130 sterilis
2068 4075 2170 4138 vir,
2203 4083 2258 4128 et
2286 4075 2514 4128 deserta:
2545 4073 2784 4142 agricola
2805 4114 2820 4138 ,
2849 4073 2944 4142 qui
2977 4087 3100 4125 cum
3134 4070 3376 4125 sterilem
3399 4109 3416 4132 ,

1841 4174 1954 4219 tum
1997 4165 2160 4218 etiam
2209 4165 2484 4218 desertam
2519 4164 2707 4218 divina
2741 4165 2938 4216 virtute
2975 4161 3239 4231 implevit.
3275 4159 3417 4226 Quia

1839 4257 1983 4310 enim
2020 4257 2270 4326 ingenua:
2305 4255 2464 4308 multi
2497 4263 2656 4309 erant
2691 4253 2874 4320 liberi,
2906 4253 3000 4308 illa
3028 4266 3208 4307 autem
3245 4253 3419 4306 incre-

1839 4346 2068 4400 dulitate
2097 4362 2195 4400 sua
2227 4344 2448 4411 meruit,
2479 4355 2539 4400 ut
2563 4345 2689 4399 ﬁliis
2713 4345 2848 4397 orba
2874 4351 3041 4408 esset,
3066 4359 3186 4411 qu:e
3213 4343 3418 4398 multos

1841 4437 1969 4490 olim
2002 4435 2145 4490 filios
2181 4435 2466 4500 habuerat,
2505 4449 2644 4488 uxor
2673 4431 2933 4498 Hebraea;
2967 4432 3169 4486 Sterilis
3197 4432 3418 4496 virum,

2032 4548 2076 4579 “
2098 4547 2257 4604 Joan.
2278 4545 2430 4617 523.
2496 4545 2539 4576 "
2563 4543 2686 4599 lsai.
2721 4556 2810 4607 XL,
2837 4538 2893 4594 ’5.
3003 4542 3046 4575 ⁸⁸
3068 4541 3193 4599 lsai.
3217 4559 3328 4609 ιιν,
3359 4545 3417 4600 1.

233 4663 338 4734 (90)
389 4665 460 4717 Τὸ
491 4662 614 4718 πᾶν
638 4666 859 4735 γίνεται
879 4663 1066 4733 φωνή.
1085 4662 1314 4735 Joannis
1336 4659 1540 4735 dictum
1570 4653 1733 4735 respi-

1844 4667 2134 4726 antequam
2188 4673 2240 4708 tn
2275 4655 2493 4735 templa_
2522 4655 2749 4708 deorum
2795 4655 3241 4735 ingrederentur,
3276 4659 3415 4714 lauri

168 4733 256 4798 cit,
293 4732 392 4804 qui
417 4732 782 4804 interrogatus
816 4732 940 4803 quis
970 4743 1136 4794 esset,
1161 4735 1236 4787 nil
1259 4734 1402 4804 aliud
1435 4732 1734 4804 respondit,

167 4801 325 4876 quani
344 4820 409 4858 se
444 4821 564 4858 esse
584 4801 766 4875 φωνὴν
786 4801 1015 4876 etiam;
1032 4807 1092 4876 εν
1106 4805 1222 4876 Δὲρή
1231 4822 1335 4876 μῳ.
1370 4801 1537 4856 Joan.
1563 4818 1577 4855 ι
1604 4844 1616 4866 ,
1630 4802 1735 4876 ⁸25.

233 4873 344 4941 (91)
387 4871 735 4945 inc-#36681;
786 4871 892 4940 ἐἷς
941 4871 1739 4945 dr6pcbr‘."luterpungenduin

168 4940 630 5014 quemadmodum
662 4945 804 5014 apud
839 4940 1156 5014 Homerum,
1192 4943 1352 5013 cujus
1375 4959 1439 5014 es
1477 4940 1745 5010 OdyssJ‘,

169 5027 216 5068 v.
250 5013 375 5076 i05.
401 5013 654 5069 Clemens
677 5013 779 5070 hoc
805 5013 1206 5068 hemistichium
1236 5013 1496 5080 sumpsit:

305 5086 409 5152 Τίς
427 5099 448 5147 ;
482 5084 668 5140 πόθεν
694 5081 783 5151 εἷς
816 5082 1086 5152 ἀνδρῶν;
1128 5084 1263 5139 πόθι
1301 5082 1594 5160 τοινπόλές
1629 5082 1740 5149 ἠδὲ

1137 5162 1145 5168 '
1414 5168 1517 5203 τοκ
1559 5167 1588 5204 ε
1655 5169 1668 5184 ο

303 5224 442 5290 Quis
461 5225 488 5278 7
519 5225 783 5279 undenam
811 5239 865 5277 es
889 5223 1162 5278 virorum?
1191 5221 1279 5276 ubi
1305 5149 1410 5321 tibrtl
1445 5169 1673 5321 milia;
1688 5230 1739 5274 et

1650 5292 1673 5321 ο

234 5363 346 5456 (99.)
401 5364 802 5456 Ὁμολογήσει.
847 5363 1182 5436 Ὀμολογήση
1223 5291 1545 5417 Νον.[1ἷίῗέξιη
1555 5302 1740 5426 ξίδοῦν,

169 5449 258 5501 pro
281 5435 368 5499 τίς
403 5435 517 5492 οὖν.

235 5507 348 5574 (93)
390 5506 507 5576 Τῆς
534 5507 794 5576 στείρας.
826 5506 1008 5562 Locus
1043 5506 1131 5559 ille
1164 5502 1423 5576 desterili
1451 5510 1504 5555 et
1531 5502 1743 5576 deserta

174 5569 602 5646 t’ia'ctatur'infra
634 5569 833 5631 Strom.
860 5579 953 5632 lib.
987 5591 1048 5642 ιι,
1067 5589 1194 5646 pag.
1214 5572 1340 5626 372.
1369 5571 1435 5624 Et
1467 5587 1496 5625 a
1525 5569 1740 5627 Justino

173 5643 260 5712 IL,
287 5650 448 5716 Apol.
485 5662 523 5710 t,
549 5663 671 5718 pag.
708 5646 972 5718 105102,
1001 5642 1130 5718 edit.
1152 5642 1325 5718 Oxon.

238 5710 355 5786 (91)
401 5710 731 5787 Ἐτοῖμόυς.
803 5710 1045 5787 Respicit
1093 5715 1343 5787 Joannis
1381 5710 1737 5787 przegonium,

187 5782 540 5858 Ἑτοιμάσατε
556 5782 670 5858 ’τὴν
689 5782 820 5841 ίὸδὺν
853 5782 1078 5858 κυρίου,
1110 5783 1344 5839 Matthmi
1379 5782 1541 5858 m,_5.

244 5853 357 5925 (95)
389 5853 639 5925 Δάφνης(
661 5853 954 5913 arentier
989 5856 1104 5914 Mos
1135 5864 1252 5912 erat
1282 5868 1436 5910 sacra
1473 5853 1736 5920 facturos,

1841 4746 1996 4782 ramo
2028 4743 2182 4781 sacra
2220 4742 2361 4794 aqua
2399 4726 2629 4778 intiuctu
2656 4742 2984 4794 aspergere;
3021 4728 3114 4794 qui
3166 4739 3286 4784 erat
3327 4731 3416 4784 lu-

1841 4798 2051 4852 strandi
2084 4799 2244 4851 ritus.
2276 4796 2577 4859 Juvenalts,
2609 4795 2722 4848 Sat.
2749 4810 2806 4860 ιι,
2847 4811 2898 4847 ν.
2934 4794 3036 4848 157
3065 4813 3078 4848 :

1985 4928 1997 4943 .
2030 4925 2046 4940 .
2079 4928 2092 4941 .
2134 4887 2397 4956 Cuperem
2424 4887 2669 4948 lustrari,
2702 4887 2747 4939 si
2785 4902 2889 4955 qua
2921 4887 3179 4938 darentur

1981 4957 2253 5028 Sulphura
2285 4974 2401 5010 cum
2430 4958 2602 5022 taedis,
2634 4967 2681 5009 et
2711 4958 2756 5008 si
2785 4961 2920 5025 [oret
2949 4957 3170 5008 humida
3199 4957 3408 5012 laurus.

1819 5053 2181 5107 «Sozomeuus
2207 5050 2432 5115 ,Ecclcs.
2464 5051 2612 5116 hist.,
2641 5050 2737 5103 lib.
2767 5067 2840 5113 vr,
2866 5065 2985 5118 cap.
3031 5049 3082 5114 6,
3123 5052 3189 5104 de
3212 5049 3410 5104 Valeno

1842 5124 2054 5178 tiniano
2077 5120 2367 5192 lulianum
2387 5131 2644 5192 sequente
2673 5136 2859 5192 agens,
2895 5119 3049 5192 Ἐπεὶ
3072 5119 3128 5192 δὲ
3157 5120 3406 5192 ἔμελλον,

1843 5194 2036 5262 inquit.
2063 5189 2575 5263 ὑπεραμείδεινζτοῦ
2603 5189 2729 5263 ναοῦ
2757 5189 2847 5263 τον
2880 5189 3050 5263 οὐδὸν,
3089 5189 3308 5263 θαλλοὺς
3333 5207 3412 5263 τι·

1843 5257 1938 5327 νας
1992 5257 2312 5334 διαϐρόχους
2351 5261 2591 5334 κατέχων
2625 5261 2654 5312 6
2687 5260 2860 5334 ἱερεὺς
2901 5257 3408 5334 νόμιμ’-Ἑλληνικῷ,

1845 5329 2213 5406 περιέρραίνέ
2239 5332 2363 5394 τοὺς
2415 5329 2703 5406 εἰσιόντας.
2741 5329 2989 5399 ’(Ῑιιηιᾳιιε
3022 5329 3198 5406 “limen
3231 5330 3412 5399 templi

1847 5399 2275 5472 transqressurus
2303 5411 2435 5456 esset
2460 5443 2476 5468 ,
2506 5401 2750 5454 sacerdos
2780 5416 2956 5453 ramos
2985 5399 3242 5472 quosdam
3269 5417 3410 5470 aqua

1847 5470 2039 5528 tinctos
2067 5490 2227 5526 manu
2278 5482 2485 5543 gestans
2515 5471 2819 5526 Gracorum
2858 5485 2999 5524 more
3018 5509 3033 5535 ,
3058 5470 3410 5539 ingredientes

1844 5553 2152 5612 conspersit.

1915 5609 2028 5686 (96)
2069 5609 2334 5686 ίΤαινιῶΥ
2378 5630 2577 5680 τινων,
2605 5612 2742 5686 ἐρίῳ
2788 5609 2886 5664 καί
2937 5612 3408 5686 πορφύρᾳ-,πεῷ

1843 5685 1947 5752 Qui
2005 5682 2110 5738 diis
2161 5683 2573 5752 supplicabant,
2632 5683 2798 5735 vittas
2847 5683 3154 5750 gestabant.
3217 5682 3410 5752 Virgil.

1845 5756 2063 5810 A’s‘neid.
2096 5771 2193 5819 vn,
2214 5753 2342 5811 237;

1918 5849 2265 5918 Prwferimus
2298 5844 2536 5899 atauibus
2570 5845 2760 5915 vittas,
2791 5855 2838 5898 et
2881 5844 3034 5899 rerba
3073 5854 3408 5913 prccantum.
