3980 6516
310 347 381 400 ’ῑἹ
1473 348 1920 405 COHORTATIO
1961 351 2050 404 AD
2089 352 2379 408 GENTES.
3506 348 3575 413 7S

309 475 439 541 θεὸς
481 476 624 547 (55)’
669 477 882 549 δράκων
925 477 982 530 δέ
1021 478 1138 529 ἐστι
1185 471 1356 539 οὗτος,
1403 475 1742 545 διελκόμενος
1795 476 1865 527 τοί

1992 477 2191 544 dicam,
2221 495 2291 532 an
2333 478 2564 532 uxoris?
2607 479 2926 547 iracundia,
2972 497 3093 550 quae
3129 497 3293 537 causa
3323 481 3444 546 fuit,
3477 497 3577 536 cur

305 569 512 623 κόλπου
567 569 672 622 τῶν
719 569 1083 640 τελουμένωνο
1145 569 1360 639 ἐλεγχος
1418 567 1684 639 ἀκρασίας
1742 566 1886 629 Διός.

304 663 446 717 Κύει
475 663 570 717 καὶ
618 666 650 734 ή
696 665 1010 734 Φερεφάττα
1044 663 1229 726 παῖδα,
1266 661 1642 732 ταυρόμορφον
1678 659 1887 730 ἀμέλει,

306 757 444 828 φησί
472 775 556 820 τις
584 755 807 828 ποιητὴς
846 753 1119 836 εἰδωλικός
1149 754 1257 825 (56)
1281 772 1294 820 ;

2001 566 2210 634 Brimo,
2247 570 2402 639 quasi
2437 572 2658 639 fremens
2706 581 2758 626 et
2799 571 3217 644 indignabunda,
3248 583 3570 640 vocaretur;

2000 661 2236 730 itemque
2274 660 2425 717 lovis
2459 664 2902 732 supplicationes,
2933 663 3074 719 fellis
3112 667 3360 733 haustus,
3388 667 3574 724 cordis

2000 752 2402 819 convulsiones,
2429 769 2492 808 ac
2519 764 2726 810 caetera:
2753 756 2805 810 id
2838 772 3008 824 genus
3039 757 3272 813 infanda:
3305 771 3569 814 cmremo-

307 855 434 909 nite.
465 855 544 910 Ac
573 853 810 925 Phryges
837 853 1055 923 quidem
1089 851 1358 922 ejusmodi
1389 866 1546 907 sacra
1579 852 1631 904 in
1660 849 1878 912 Attidis,
1909 847 2156 920 Cybeles,
2210 859 2264 903 et
2285 848 2653 920 Corybantum
2711 852 2972 905 honorem
3025 853 3454 923 memoriamque
3487 853 3571 908 ih-

305 949 482 1004 ciunt.
532 947 744 1003 Passim
793 959 975 1003 autem
1021 947 1168 1002 fama
1206 948 1485 1018 vulgatum
1514 935 1616 1012 est,
1650 944 1837 1000 Jovem
1871 945 2089 1000 avolsos
2136 946 2382 1014 geminos
2426 947 2612 1002 arietis
2660 949 2938 1003 testiculos
2980 951 3032 1002 in
3084 948 3322 1003 medium
3353 950 3568 1004 Cereris

304 1045 494 1100 sinum
524 1044 848 1114 conjecisse,
877 1060 1001 1098 cum
1041 1059 1069 1098 a
1114 1045 1294 1113 seipso
1323 1053 1569 1099 exactam
1595 1041 1950 1096 abscissnonis
1987 1042 2144 1110 quasi
2192 1042 2515 1098 voluntaria:
2561 1059 2777 1112 pmnam
2825 1045 2896 1099 ob
2939 1055 3188 1114 stuprum
3217 1045 3269 1098 vi
3302 1046 3565 1114 oblatum,

304 1137 411 1194 hac
458 1138 653 1194 fraude
702 1139 1004 1195 simularet.
1035 1139 1206 1210 Cujus
1255 1139 1580 1195 initiationis
1608 1138 1819 1210 egregia
1849 1137 2092 1208 symbola
2131 1139 2308 1193 soluto
2337 1141 2623 1210 otiosoque
2654 1142 2838 1195 animo
2881 1143 3167 1211 producta,
3209 1143 3381 1197 risum
3412 1143 3566 1197 vobis

304 1237 496 1306 utique
515 1245 791 1301 moveant,
817 1237 1032 1292 tametsi
1051 1239 1248 1307 opinor
1270 1238 1425 1292 vobis
1443 1237 1616 1290 ridere
1645 1252 1750 1290 non
1771 1235 1922 1300 libet,
1952 1234 2098 1304 quod
2125 1235 2206 1289 sic
2233 1225 2557 1305 religionum
2579 1246 2883 1291 vestrarum
2916 1237 3208 1308 indignitas
3234 1237 3479 1291 omnium
3504 1243 3562 1300 ᾖ(

301 1329 356 1384 in
393 1330 572 1386 oculis
598 1331 902 1400 deligatur:
932 1331 1019 1386 Ea:
1050 1342 1296 1403 tympano
1327 1333 1552 1399 comedi,
1584 1331 1691 1385 bibi
1717 1348 1781 1384 ea:
1814 1331 2072 1400 cymbala,
2098 1348 2310 1384 centum
2338 1334 2556 1402 gestavi,
2585 1349 2666 1386 me
2696 1333 2749 1385 in
2784 1333 3074 1386 thalamum
3103 1334 3240 1386 clam
3274 1334 3562 1388 insinuavi.

298 1425 417 1481 Non
439 1428 557 1482 haec
578 1428 821 1498 symbola
844 1429 1103 1499 probrum
1130 1439 1185 1484 et
1211 1428 1492 1484 infamiam
1511 1427 1767 1498 sapiunt?
1794 1443 1899 1480 non
1918 1427 2125 1492 sannis,
2149 1427 2494 1497 ludibrioque
2517 1427 2679 1498 digna
2705 1430 2962 1499 mysteria
2998 1429 3164 1484 sunt?
3211 1428 3349 1494 Quid
3376 1444 3562 1499 porro,

298 1525 343 1578 si
393 1533 634 1579 attexam
685 1519 928 1597 reliqua?
964 1526 1130 1581 Ceres
1159 1525 1377 1595 quidem
1429 1524 1594 1580 fetum
1645 1524 1903 1589 enititur,
1933 1521 2073 1577 Core
2119 1538 2248 1576 vero
2291 1523 2557 1578 educatur
2592 1539 2603 1570 :
2634 1540 2853 1578 rursum
2898 1540 3025 1579 ecce
3050 1523 3146 1578 tibi
3196 1519 3406 1594 Jupiter
3435 1539 3559 1578 cum

294 1618 680 1690 Pherepbatta,
716 1637 878 1691 quam
905 1622 1020 1692 ipse
1065 1632 1341 1692 genuerat,
1384 1630 1507 1690 post
1535 1621 1787 1674 Cererem
1817 1627 2072 1681 matrem,
2102 1619 2471 1688 congreditur,
2495 1619 2817 1673 exsecrandi
2855 1619 3040 1690 ﬂagitii
3077 1619 3278 1690 prioris
3323 1613 3556 1682 oblitus;

294 1726 449 1783 pater
487 1724 544 1772 et
596 1726 886 1785 corruptor
929 1727 1023 1772 .est
1065 1719 1239 1776 tiores
1269 1717 1513 1788 Jupiter;
1559 1726 1614 1772 ct
1677 1715 2026 1784 congreditur
2079 1714 2336 1769 draconis
2365 1713 2538 1769 forma
2586 1723 2791 1779 tectus;
2832 1715 2911 1769 sic
2940 1723 3120 1769 tamen
3152 1724 3211 1767 ut
3237 1713 3330 1783 qui
3364 1712 3466 1767 sub
3497 1723 3564 1766 ea

291 1812 480 1877 lateat,
537 1812 830 1867 manifesto
880 1815 1226 1884 postmodum
1275 1824 1540 1870 teneatur.
1590 1813 1882 1867 Enimvero
1903 1853 1918 1877 ,
1950 1810 2310 1866 Sabaziorum
2345 1812 2535 1881 utique
2563 1811 2973 1882 mysteriorum,
3003 1811 3090 1877 iis,
3123 1811 3216 1881 qui
3244 1810 3416 1865 sacris
3455 1807 3564 1862 ini-

290 1909 522 1974 tiantur,
547 1908 852 1978 symbolum
885 1919 987 1975 est,
1021 1911 1157 1965 deus
1181 1911 1361 1964 sinum
1390 1909 1690 1979 pervadens
1721 1923 1735 1959 :
1775 1909 1910 1963 deus
1950 1916 2128 1961 autem
2157 1910 2258 1965 iste
2285 1906 2452 1962 draco
2481 1916 2598 1972 est,
2626 1907 2719 1976 qui
2747 1922 2843 1978 per
2890 1907 3127 1961 medium
3163 1921 3352 1961 eorum
3374 1947 3388 1972 ,
3420 1920 3564 1975 quos

287 2005 525 2060 solemni
566 2005 672 2059 ritu
719 2004 968 2068 initiant,
1005 2005 1184 2059 sinum
1225 2007 1491 2072 trahitur,
1535 2013 1742 2061 certum
1791 2003 1948 2073 plane
1973 2003 2286 2072 impotentis
2320 2001 2471 2058 Jovis
2496 2003 2738 2060 libidinis
2769 2015 3173 2073 argumentum.
3204 2001 3356 2056 Parit
3393 2000 3560 2056 etiam

287 2097 675 2170 Pherephatta,
710 2099 804 2156 sed
848 2100 1018 2154 tilium
1043 2104 1258 2158 taurina
1291 2102 1505 2172 specie;
1550 2101 1836 2166 nimirum,
1861 2107 1920 2154 ut
1947 2099 2216 2154 idolorum
2246 2099 2422 2154 cultor
2444 2107 2598 2168 poeta
2627 2099 2823 2154 cecinit
2853 2115 2864 2149 :

358 2285 564 2358 Πατὴρ
597 2285 941 2354 δράκοντος,
974 2288 1073 2341 καὶ
1113 2288 1311 2358 πατὴρ

371 2357 469 2410 Ἑν
493 2357 615 2424 ὄρει
641 2357 708 2410 τὸ
732 2360 988 2427 κρύφιον
1013 2357 1320 2426 ,ϐουκόλος
1347 2361 1412 2413 τὸ
1435 2357 1708 2429 κέντρον·

2061 2289 2265 2341 Taurus
2299 2287 2582 2340 draconem
2611 2287 2807 2356 genuit,
2840 2293 2888 2339 et
2922 2297 3135 2340 taurum
3163 2284 3346 2348 draco,

2055 2356 2119 2410 In
2152 2367 2324 2410 monte
2354 2358 2615 2411 occultum
2646 2357 2900 2412 bubulcus
2929 2357 3204 2410 stimulum
3237 2371 3255 2408 :

285 2485 682 2548 Βουκολικὸν,
717 2480 891 2554 οἶμαι,
927 2484 994 2537 τὸ
1037 2483 1305 2553 κέντρον,
1337 2485 1429 2539 τὸν
1466 2485 1712 2558 νάρθηκα
1760 2487 1865 2541 ἑπι-

1981 2469 2238 2536 Bubulci,
2289 2473 2522 2541 opinor,
2563 2471 2867 2534 stimulum,
2923 2473 3191 2527 scuticam
3243 2471 3555 2534 nominans,

285 2577 460 2631 τελῶν
487 2577 624 2649 (57),
655 2577 713 2630 δν
743 2577 805 2648 δὴ
840 2577 1001 2631 κάλον
1035 2577 1146 2648 (58)
1177 2571 1616 2650 ἀναστρέφουσιν
1659 2579 1706 2632 oi
1742 2579 1879 2650 βάκ-

288 2687 393 2741 χοι.
443 2670 635 2724 Βούλει
676 2671 773 2725 καὶ
800 2671 869 2724 τὰ
901 2670 1250 2743 Φερεφάττης
1295 2672 1581 2741 ἀνθολόγια
1621 2673 1876 2746 διηγήσο-

289 2762 387 2832 μαί
424 2762 538 2834 (59)
573 2780 676 2830 σοι,
707 2764 801 2817 καὶ
830 2765 922 2817 τὸν
950 2764 1202 2830 κάλαθον,
1241 2768 1334 2820 καὶ
1370 2764 1468 2837 τὴν
1501 2766 1754 2838 ἁρπαγὴν
1779 2767 1875 2838 τὴν

286 2850 392 2908 ὑπὸ
421 2849 727 2920 Αίδωνέως,
746 2856 838 2909 καὶ
860 2858 920 2910 τὸ
946 2857 1148 2929 σχίσμα
1177 2858 1275 2929 τῆς
1299 2858 1428 2928 γῆς,
1454 2859 1545 2912 καὶ
1578 2858 1676 2922 τὰς
1690 2854 1754 2923 ὗς
1773 2859 1873 2923 τὰς

284 2945 623 3012 Εὐδουλέως,
653 2947 752 3012 τὰς
794 2949 1296 3017 συγκαταποθείσας
1326 2951 1447 3003 ταῖν
1483 2950 1671 3015 θεαῖν;
1713 2951 1778 3003 δι’
1808 2951 1874 3022 ἧν

281 3035 466 3089 αἰτίαν
513 3039 574 3090 ὲν
624 3041 736 3102 τοῖς
785 3038 1175 3114 Θεσμοφορίοις
1223 3042 1625 3115 μεγαρίζοντες,
1660 3045 1874 3117 χοίρους

281 3126 639 3182 ἐκϐάλλουσιν
668 3129 798 3200 (60).
823 3131 1039 3203 Ταύτην
1067 3133 1165 3204 τὴν
1195 3134 1515 3204 μυθολογίαν
1543 3138 1597 3188 αἱ
1619 3140 1873 3204 γυναῖκες

279 3220 546 3284 utullus;
573 3221 713 3275 κατὰ
753 3222 906 3276 πόλιν
953 3223 1323 3296 ἑορτάζουσιν,
1349 3226 1716 3298 Θεσμοφόρια,
1747 3230 1872 3282 Σκι-

278 3311 514 3384 ροφόρια
550 3311 683 3382 (61),
703 3312 1056 3386 πολυτρόπως
1085 3315 1182 3388 τὴν
1211 3318 1555 3389 Φερεφάττης
1590 3321 1870 3392 ἐκτραγῳη

275 3405 468 3460 δοῦσαι
499 3394 776 3478 ἁρπαγήν.
815 3408 896 3461 Τὰ
923 3408 1030 3480 γὰρ
1062 3409 1316 3462 Διονύσου
1371 3414 1644 3483 μυστήρια
1692 3413 1872 3466 τέλεον

275 3499 648 3571 ἀπάνθρωπα,
697 3500 756 3553 ὃν
791 3502 958 3554 εἰσέτι
993 3502 1155 3555 παῖδα
1208 3503 1357 3567 ὄντα,
1403 3504 1614 3575 ἐνόπλῳ
1661 3507 1870 3577 κινήσει

275 3593 744 3664 περιχορεύοντων
778 3595 1074 3666 Κουρήτων
1095 3637 1110 3659 ,
1144 3596 1281 3666 δόλῳ
1317 3597 1374 3650 δὲ
1419 3598 1728 3651 ὑποδύντων
1777 3599 1870 3650 Τι-

274 3686 451 3738 τάνων
486 3686 620 3754 (6'2),
661 3688 1038 3759 ἀπατήσαντες
1087 3691 1500 3763 παιδαριώδεσιν
1533 3689 1865 3764 ἀθύρμασιν,

1980 2569 2144 2636 quam
2176 2566 2338 2636 lignis
2383 2565 2713 2636 quibusdam
2762 2567 3015 2620 homines
3053 2564 3319 2620 Bacchico
3372 2561 3561 2620 furore

1979 2657 2214 2726 correpti
2253 2656 2650 2728 circumagunt.
2696 2655 2817 2711 Vin‘
2867 2668 2924 2711 tu
2966 2657 3056 2712 hic
3105 2658 3267 2711 etiam
3311 2657 3480 2712 lectos
3525 2671 3558 2711 a

1978 2749 2304 2821 Proserpina
2350 2751 2513 2807 ﬂores
2564 2751 2660 2805 tibi
2713 2767 3158 2815 commemorem,
3203 2750 3560 2820 ejusdemque

1978 2843 2275 2910 calathum,
2297 2852 2351 2898 et
2382 2854 2596 2914 raptum
2632 2861 2661 2898 a
2691 2843 2919 2898 Plutone
2941 2853 3235 2912 patratum,
3264 2851 3318 2898 et
3346 2843 3556 2910 hiatum

1977 2946 2158 3002 terrae,
2196 2945 2249 2991 et
2279 2936 2505 2992 Eubulei
2538 2952 2686 3000 sues,
2719 2951 2841 3006 quae
2884 2951 3009 2990 cum
3052 2946 3282 3004 utraque
3326 2933 3434 2989 Dea
3482 2936 3558 2989 si-

1978 3029 2090 3083 nul
2143 3029 2352 3083 hausta:
2396 3029 2687 3084 dicuntur?
2731 3027 2874 3098 quod
2909 3027 3127 3097 quidem
3171 3028 3225 3080 in
3257 3043 3423 3081 causa
3449 3038 3553 3093 est,

1977 3137 2075 3175 cur
2105 3121 2160 3175 in
2191 3120 2641 3190 Thesmophoriis
2672 3119 2942 3190 Megarica
2993 3120 3175 3189 lingua
3225 3134 3422 3188 porcos
3453 3119 3557 3188 eji-

1976 3214 2141 3269 ciant.
2190 3213 2384 3268 Totam
2434 3213 2579 3268 hanc
2629 3213 2880 3267 tabellam
2933 3213 3097 3268 varia:
3143 3213 3400 3266 mulieres
3439 3212 3556 3266 sih-

1976 3307 2118 3378 gulis
2147 3307 2202 3360 in
2234 3306 2462 3360 urbibus
2508 3306 2740 3360 solemni
2778 3305 2920 3361 festo
2959 3306 3255 3371 celebrant,
3287 3303 3556 3359 Thesmo-

1973 3400 2164 3470 pho'ria
2184 3441 2198 3463 ,
2230 3397 2676 3468 Scirrhophoria;
2724 3410 2886 3468 atque
2918 3404 2976 3462 »Β
3017 3399 3090 3453 ita
3135 3399 3367 3454 diversis
3395 3399 3555 3468 plane

1979 3493 2308 3564 tragicisque
2338 3493 2513 3547 modis
2539 3503 2754 3562 raptum
2777 3490 3116 3561 Proserpina:
3145 3492 3410 3546 recolunt.
3429 3489 3550 3545 Jam

1975 3584 2172 3639 Bacchi
2231 3585 2489 3655 mysteria
2561 3585 2710 3638 omni
2773 3583 2988 3638 diritate
3051 3584 3324 3639 teterrima
3388 3585 3548 3650 sunt;

1973 3677 2171 3748 quippe
2200 3692 2380 3745 quem,
2414 3677 2540 3730 dum
2569 3677 2748 3731 adhuc
2769 3677 3028 3746 puerulus
3053 3686 3216 3740 esset,
3251 3693 3315 3732 ac
3343 3677 3550 3732 circum

272 3769 423 3830 οὗτοι
461 3778 527 3849 δὴ
575 3782 622 3832 oi
675 3780 900 3844 Τιτᾶνες
945 3781 1265 3847 διέσπασαν,
1316 3785 1396 3838 ἔτι
1428 3787 1690 3857 νηπίαχον
1715 3787 1863 3850 ὄντα,

1976 3775 2150 3846 ipsum
2185 3773 2411 3828 CUrctes
2459 3782 2666 3826 armata
2716 3772 3003 3827 saltatione
3042 3782 3365 3843 agerentur,
3421 3773 3551 3825 sub-

350 3915 412 3974 at
447 3909 507 3966 P.
542 3912 630 3976 tt,
672 3914 884 3990 istan.
926 3915 1222 4002 nomen,
1264 3921 1352 3983 ιι,
1395 3921 1463 3975 ιε
1499 3921 1859 3978 Ει).ΡΑῐιιε.

271 4025 718 4108 {manubriis-sime
740 4047 916 4098 sacra,
959 4043 1008 4084 et
1037 4034 1170 4108 ritus
1195 4034 1512 4108 initiationis
1542 4038 1727 4106 ipsius,
1750 4039 1865 4108 qui-

271 4095 370 4175 bus
402 4096 865 4175 Sebadiisunomen
895 4095 995 4168 est,
1035 4106 1333 4175 testimonio
1365 4122 1477 4160 esse
1507 4095 1863 4175 poterunt've-

271 4167 451 4228 ritati,
486 4168 542 4220 in
572 4169 762 4239 quibus
792 4167 987 4226 aureus
1026 4173 1237 4227 coluber
1271 4177 1325 4228 in
1361 4167 1534 4229 sinum
1573 4179 1864 4232 dimittitur

268 4239 617 4317 come-cratis,
644 4251 693 4294 et
722 4242 975 4317 eximitur
1008 4261 1191 4317 rursus
1228 4251 1292 4298 ab
1323 4247 1665 4314 inferioribus
1690 4250 1862 4317 parti-

268 4308 388 4362 bus.
416 4307 695 4365 Firmicus
714 4351 730 4372 ,
755 4327 875 4382 cap.
905 4313 975 4366 27
1009 4333 1021 4367 :
1059 4312 1309 4386 Sequitur
1339 4307 1489 4370 aliud
1522 4307 1859 4388 symbolum:

323 4403 550 4472 Ταῦρος
579 4402 921 4480 δράκοντος,
953 4406 1051 4460 καὶ
1082 4407 1318 4476 δράκων
1345 4410 1562 4478 ταύρου
1592 4409 1807 4479 πατὴρ.

267 4496 581 4575 Ιᾶοπιέορρ.
623 4497 658 4550 2
693 4513 707 4549 :
742 4495 1016 4575 Sebasium
1060 4501 1284 4575 Calentes
1329 4501 1546 4566 Jovem,
1595 4520 1856 4575 anguem,

265 4585 388 4643 cum
418 4569 732 4643 initiantur,
761 4585 852 4638 per
880 4571 1054 4623 sinum
1093 4572 1292 4626 ducunt
1330 4589 1348 4625 :
1383 4575 1555 4627 adhuc
1583 4569 1745 4643 primi
1770 4593 1857 4629 er-

267 4639 408 4715 roris
435 4639 570 4692 vitia
597 4649 929 4715 grassantur,
955 4651 1006 4715 et
1030 4643 1287 4715 quidquid
1313 4639 1856 4715 hominem-perdidit,

263 4709 490 4835 Eolitur,
518 4717 568 4761 et
599 4709 793 4777 funesti
824 4713 1012 4780 anguis
1038 4709 1238 4766 callida
1260 4715 1548 4768 crudelitas
1572 4709 1851 4770 a'doratur.

309 4795 546 4835 OLLECT.

295 4781 546 4835 Ξοιιεοτ.

338 4849 456 4924 (55)
491 4849 869 4924 ρεόςηξυρη
915 4849 1278 4924 hancvocem
1327 4853 1524 4924 aliquis
1553 4854 1690 4909 θεῶν
1715 4858 1851 4912 scri-

264 4917 377 5046 psit
401 4917 460 4975 in
493 4917 632 4975 Nov.
664 4917 809 4986 Mox,
841 4935 942 5002 pro
964 4923 1134 5004 ἐστίν,
1165 4923 1323 4979 Joan.
1357 4917 1518 4986 habet
1548 4926 1660 4980 καί.
1686 4926 1856 4984 Euse-

303 5006 392 5046 Ius
421 4998 684 5044 neutrum
717 5002 985 5046 aunoscnt.
1010 4992 1164 5046 Dem.
1194 4994 1569 5046 διολκούιιενοε
1601 5013 1698 5046 nm
1723 4997 1856 5046 διελ-

303 4993 392 5067 i‘us
421 4998 684 5067 neutrum
705 4991 985 5067 agnoscit.
1010 4992 1164 5058 Dein,
1194 4994 1569 5066 διολκούμενος
1600 5013 1698 5067 pro
1723 4997 1856 5050 διελ-

261 5062 521 5130 κόμενος,
555 5059 783 5123 Euseb.,
813 5059 976 5130 .Iroan.

335 5121 453 5203 (56)
483 5121 745 5209 Ποέῃτὴς
770 5121 884 5184 ειδ.
915 5132 1171 5205 Ποιητὴς,
1202 5121 1476 5200 είδωλικδς
1505 5134 1722 5209 ταῦρος·
1749 5155 1854 5191 πα-
1886 5133 1930 5186 D

376 5243 392 5264 ,
423 5199 530 5256 etc.
561 5199 697 5254 Nov.

359 5272 453 5339 57)
495 5270 984 5345 ’EattexéirLSic
1033 5273 1250 5345 quidem
1293 5287 1502 5332 veteres
1556 5276 1852 5333 Clementis

261 5341 540 5416 editiones
582 5357 613 5396 e
658 5342 777 5416 cod.
815 5341 1181 5416 Florentino;
1218 5350 1538 5416 nuperiores
1576 5349 1853 5402 ἐπικαλῶν

263 5414 494 5477 habent,
516 5428 683 5482 quam
706 5413 990 5468 lectionem
1021 5417 1239 5471 llrmant
1259 5413 1420 5483 N'ov.,
1440 5419 1664 5482 Euseb.,
1687 5418 1848 5473 Joan.

264 5483 427 5610 Ulnde
472 5497 575 5538 nec
616 5483 851 5539 dubitari
893 5496 1092 5554 potest,-
1136 5490 1270 5558 quin
1317 5489 1392 5543 ita
1434 5490 1714 5559 scripserit
1755 5506 1854 5546 au-

264 5571 290 5610 c
315 5570 408 5609 or.

257 5570 354 5610 (ἒῐο
362 5571 408 5607 Γ.

362 5623 452 5704 5_8)
489 5625 600 5704 Ὧν
628 5622 704 5704 δὴ
740 5621 952 5704 αξᾴλον.
986 5625 1132 5698 Lego
1159 5630 1436 5704 u_a)tév,_ut
1473 5631 1543 5704 sit
1569 5630 1728 5704 καλόν
1753 5649 1853 5702 pro

257 5693 480 5768 καλῶς,
537 5696 717 5768 inquit
766 5693 1090 5768 ilcrvetusf
1114 5701 1293 5755 κάλων
1340 5699 1636 5768 Eusebius,
1690 5693 1847 5757 Juan.

258 5766 642 5822 Montacutius
675 5765 898 5835 conjicit
921 5768 1094 5834 καλοί,
1141 5781 1200 5825 ut
1238 5773 1525 5828 conveniat
1549 5765 1679 5827 cum
1709 5774 1852 5827 Βάκ-

252 5851 371 5905 χος.
410 5835 579 5896 Forte
619 5835 722 5908 leg.
763 5835 850 5891 διὰ
879 5839 1077 5894 καλῶν·
1112 5842 1216 5898 nisi
1260 5859 1323 5898 ea
1378 5859 1480 5898 vox
1527 5845 1850 5913 praecedenti

1967 4019 2242 4076 ἐπικαλῶν
2274 4019 2638 4089 proseminata
2674 4030 2788 4083 est,
2823 4021 3000 4090 inquit
3030 4018 3281 4089 Vigerus.
3323 4017 3388 4072 Et
3425 4023 3548 4089 qui-

1966 4093 2090 4146 dem
2117 4108 2226 4145 non
2255 4101 2339 4144 est
2371 4091 2624 4144 absimile
2672 4106 2832 4155 vero,
2876 4093 3111 4160 aliquem
3157 4091 3312 4158 juxta
3356 4105 3546 4144 vocem

1965 4161 2229 4215 ἐπιτελῶν
2273 4162 2325 4214 in
2364 4161 2488 4214 libri
2530 4161 2613 4214 sui
2658 4165 2901 4230 margine
2935 4163 3246 4224 adnotasse,
3282 4169 3340 4230 ut
3369 4161 3549 4216 verio-

1965 4249 2081 4307 rem
2113 4231 2425 4307 lectionem.
2451 4260 2521 4269 —
2551 4231 2754 4307 καλῶν,
2787 4228 2948 4299 idque
2984 4240 3167 4300 postea
3197 4232 3266 4285 ab
3292 4228 3546 4299 imperito
3573 4287 3579 4307 ι

1965 4303 2233 4426 scriptore
2267 4301 2321 4354 in
2353 4309 2581 4367 textum,
2615 4302 2736 4355 loco
2763 4311 2942 4356 tamen
2975 4316 3083 4354 non
3110 4314 3233 4365 suo,
3265 4311 3545 4371 receptum

1991 4388 2154 4426 uisse.

1991 4388 2154 4427 υιεεε.

2033 4443 2148 4513 (59)
2176 4441 2556 4514 Διητήσομαι.
2581 4443 2955 4514 Διηγήσωμαι,
2983 4441 3389 4514 Euseb.,recte.
3410 4438 3550 4514 Mor.

1961 4509 2061 4594 τῂν
2092 4509 2184 4594 ὑπ’
2214 4509 2495 4594 ᾼίδωνέᾣς
2524 4509 2785 4594 ἁρπαγήν
2807 4552 2822 4576 ,
2841 4509 2850 4512 ⁷
2871 4511 3201 4594 ἰάρψτρῡοξιξ
3226 4553 3241 4574 ,
3270 4509 3550 4594 τδῇχάσμει

1959 4581 2061 4654 τῆς
2081 4584 2206 4655 γῆς,
2230 4584 2369 4639 idem
2388 4581 2616 4655 et‘Joan.
2631 4581 2824 4639 Postea
2849 4581 2943 4636 τοῦ
2965 4582 3298 4650 Εὐϐουλέως,
3321 4581 3542 4646 Euseb.,

1961 4647 2054 4709 sed
2084 4647 2184 4718 τάς
2211 4655 2408 4709 retinet
2435 4647 2594 4708 Joan.

2030 4724 2140 4796 (60)
2166 4725 2423 4796 Χοίρους
2450 4723 2874 4796 ἐκβάλλουσιν.
2900 4723 3132 4796 Χ-είρους
3161 4723 3544 4796 ἐμβάλλουσιν,

1957 4793 2127 4852 Joan.
2164 4794 2286 4865 Mox
2313 4835 2328 4858 ,
2381 4793 2638 4865 ποικίλως
2681 4795 2823 4865 κατὰ
2869 4793 3051 4857 πόλεις
3095 4793 3442 4865 ἑορτάζουσιν
3487 4794 3544 4865 ai

1957 4868 2230 4932 γυναῖκες.
2251 4864 2473 4936 Euseb.,
2503 4863 2659 4922 Joan.
2690 4863 2820 4920 Dein
2850 4863 3304 4936 ἐκτραγῳδοῦσιν,
3339 4864 3540 4918 Euseb.

1957 4935 2553 5008 ρι·ο,ξκτραγῳδοῦ<ῖαιο

2028 5004 2138 5076 (61)
2189 4999 2580 5078 ’Σκιροφόριω
2648 5005 3046 5078 ξκιρροφόρια,
3094 5003 3340 5078 Euseb.,
3379 4999 3539 5055 Joau.

1959 5072 2268 5146 Utrumque
2297 5072 2402 5146 dici
2437 5076 2594 5130 solet.
2638 5072 3063 5146 Caeterum'post
3091 5072 3542 5146 Ex_tpo<pépta_se-

1959 5147 2148 5215 quitur
2169 5142 2312 5215 apud
2333 5143 2470 5199 Nov.
2497 5146 2844 5214 impressum,
2861 5142 3061 5202 Euseb.
3077 5149 3132 5200 et
3153 5142 3542 5215 ιοειηηἌρρηε

1960 5212 2218 5286 θεοφόρα,
2238 5217 2382 5286 quod
2411 5212 2689 5286 excidisse
2709 5217 2921 5270 videtur
2961 5212 3542 5286 prepterbpoméitsu-

1961 5282 2219 5341 coithec
2255 5282 2478 5355 quidem
2499 5327 2513 5350 ,
2545 5287 2619 5340 ait
2646 5285 2877 5355 Vigerus
2899 5327 2915 5352 ,
2961 5282 3111 5354 rejici
3170 5282 3357 5355 debet;
3406 5282 3539 5355 licet

1963 5352 2303 5428 grammatici
2335 5356 2668 5428 Ἀῥρηφορία
2695 5352 3077 5428 ρὀιὶιις.ςιυοὶη
3114 5352 3536 5428 Ἀρρητοφόρια,

1961 5421 2047 5480 vel
2092 5421 2854 5507 ’Apér’tozgg'pia'scripserint.
2885 5421 2998 5507 ilhc
3023 5421 3189 5506 porro
3212 5421 3536 5507 i'eét’uin'Mi-

1962 5493 2280 5562 nervaa'a'lii,
2307 5493 2409 5550 alii
2433 5512 2560 5550 vero
2592 5493 2804 5552 Cereris
2835 5507 2888 5552 et
2927 5495 3267 5564 Proserpinzn
3306 5493 3532 5548 faciunt.

2035 5565 2144 5637 (6‘2)
2204 5567 2274 5621 ’Υ
2271 5566 2584 5620 ποδύντων
2636 5567 2906 5621 Τιτάνων.
2962 5565 3186 5620 Brerius
3237 5574 3291 5618 et
3331 5564 3538 5620 clarius

1959 5637 2247 5708 legeretur,
2285 5637 2574 5708 ὑποδύντες
2607 5637 2850 5700 Τιτᾶνες,
2884 5637 2978 5690 καὶ
3014 5637 3391 5708 ἀπα-δήσαντες
3417 5651 3541 5689 παις

1957 5706 2618 5780 δαριώδεσινγάθύρμασι,
2670 5708 2989 5780 διέσπασαν,
3048 5708 3123 5768 ὼς
3169 5706 3370 5780 ὁτῆς,
3415 5718 3534 5780 etc.

1959 5776 2093 5848 Nam
2129 5779 2172 5832 si
2225 5779 2377 5847 prius
2415 5776 2591 5835 ,εἰσέτι
2627 5778 2788 5832 παῖδα
2819 5777 2979 5841 ὄντα,
3031 5776 3307 5848 quorsum
3342 5776 3537 5848 deinde

1959 5847 2038 5902 ἔτι
2072 5849 2337 5920 νηπίαχον
2369 5849 2532 5915 ὄντας
2573 5848 2747 5915 Quid?
2774 5850 2918 5920 quod
2954 5847 3217 5907 sententia
3238 5857 3372 5919 post
3405 5847 3536 5900 ὑπιο-
