3980 6516
227 297 333 351 “5

1385 289 1830 350 COHOBTATIO
1868 289 1959 345 AD
1996 289 2287 347 GENTES.

3375 290 3478 345 ιιι

223 408 361 481 ὕλης
389 407 654 479 αἰσθητῆς
681 406 956 479 αἰσθητόν·
985 405 1174 477 νοητὸν
1201 405 1257 459 δέ
1299 405 1360 458 τὸ
1386 406 1610 478 ἀγαλμά
1635 406 1789 460 ἐστιν

1911 415 2007 459 aut
2031 404 2392 467 daemonibus,
2429 404 2547 470 sed,
2577 418 2642 459 ex
2670 403 2875 475 quibus
2899 411 3152 472 constant
3181 401 3475 464 slmulacra

215 503 247 558 δ
274 501 428 566 Θεὸς,
460 499 489 552 ὁ
515 499 674 571 μόνος
702 499 873 564 ὅντως
918 499 1069 563 Θεός.
1100 499 1212 552 Καὶ
1241 499 1304 572 δὴ
1347 498 1584 569 ἔμπαλιν
1615 499 1673 550 ἐν
1705 497 1803 550 αὕ-

213 593 338 654 ταίς
366 607 468 642 που
493 593 613 653 ταῖς
655 589 1042 663 περιστάσεσιν
1088 589 1140 641 oi
1181 587 1590 658 δεισιδαίμονες,
1619 587 1669 640 oi
1697 587 1804 640 τῶν

213 683 378 736 λίθων
408 683 804 754 προσκυνηταὶ,
835 681 981 754 ἔργῳ
1022 679 1285 752 μαθόντες
1312 680 1632 750 ἀναίσθητον
1671 678 1802 750 ὓλην

217 775 294 846 μὴ
321 774 520 837 σέϐειν,
555 774 723 844 αὐτῆς
750 773 1052 846 ἡττώμενοι
1090 773 1191 842 τῆς
1237 772 1445 843 χρείας,
1477 771 1801 825 ἀπόλλυνται

215 864 321 918 ὑπὸ
373 865 822 936 δεισιδαιμονίας·
887 863 1352 936 καταφρονοῦντες
1397 863 1440 916 δ’
1491 864 1640 934 ὅμως
1694 862 1802 916 τῶν

210 956 568 1027 ἀγαλμάτων,
609 955 891 1025 φαίνεσθαι
921 956 978 1009 δὲ
1011 956 1085 1027 μὴ
1120 954 1427 1026 βουλόμενοι
1458 953 1634 1008 αὐτῶν
1667 953 1804 1018 ὅλως

211 1047 696 1120 περιφρονοῦντες,
731 1047 1042 1118 ἐλέγχονται
1074 1048 1164 1101 ὑπ’
1195 1046 1374 1100 αὐτῶν
1404 1047 1512 1100 τῶν
1542 1047 1698 1111 Θεῶν,
1721 1041 1802 1111 οἷς

207 1136 273 1207 δὴ
307 1136 379 1189 τὰ
407 1137 697 1208 ἀγάλματα
732 1139 1072 1208 πεφήμισται
1107 1136 1236 1208 (51).
1260 1134 1535 1204 Διονύσιος
1567 1136 1664 1207 μὲν
1693 1136 1801 1207 γάρ

207 1228 236 1278 ὁ
266 1228 552 1300 τύραννος,
587 1229 615 1281 ὁ
644 1227 926 1300 νεώτερος,
958 1227 1236 1300 Θοιμάτιον
1265 1227 1326 1280 τὸ
1352 1227 1586 1300 χρύσεον
1619 1245 1803 1300 περιε-

205 1318 434 1389 λόμενος
461 1318 556 1374 τοῦ
577 1320 696 1385 Διὸς
725 1321 782 1372 ἐν
814 1320 1050 1392 Σικελίᾳ,
1082 1320 1412 1394 προσέταξεν
1441 1319 1588 1391 αὐτῷ
1615 1320 1801 1394 ἐρεοῦν

206 1412 582 1484 περιτιθέναι,
613 1413 910 1483 χαριέντως
938 1414 1116 1484 φήσας
1135 1452 1149 1476 ,
1179 1412 1338 1466 τοῦτο
1366 1412 1612 1482 ἄμεινον
1647 1409 1799 1466 εἶναι

204 1502 313 1555 τοῦ
340 1503 624 1571 χρυσίου,
653 1502 748 1555 καὶ
789 1501 1000 1570 θέρους
1043 1503 1428 1572 κουφότερον,
1456 1501 1799 1568 καὶκρύους

203 1596 639 1663 ἀλεεινότερον.
685 1595 951 1666 Ἀντίοχος
995 1595 1051 1650 δὲ
1081 1596 1192 1666 (59.)
1221 1597 1249 1648 ὁ
1277 1593 1617 1665 Κυζικηνὸς,
1665 1596 1800 1648 ἀπο-

205 1687 473 1759 ρούμενος
501 1685 820 1758 χρημάτων,
841 1686 935 1739 τοῦ
965 1686 1086 1750 Διὸς
1112 1687 1172 1738 τὸ
1201 1686 1422 1757 ἄγαλμα
1453 1687 1513 1738 τὸ
1541 1686 1792 1756 χρυσοῦν,

1908 506 2062 551 terra
2103 506 2158 551 et
2205 496 2436 551 artiﬁcio
2483 495 2802 566 persolvunt
2834 496 2912 562 hi,
2949 496 3042 568 qui
3074 497 3207 554 deos
3241 496 3472 555 faciunt.

1904 585 2040 641 Nam
2089 586 2233 641 aliud
2269 597 2418 642 certe
2463 587 2598 642 nihil
2639 598 2723 644 est
2753 589 3140 655 simulacrum,
3179 605 3344 660 quam
3390 589 3478 644 in-

1904 679 2090 734 anima
2130 688 2295 742 terra,
2319 679 2649 736 cuiartiticis
2681 696 2878 736 manus
2917 679 3148 735 formam
3178 681 3477 752 impressit.

1903 771 2060 842 Apud
2111 788 2212 828 nos
2263 781 2443 826 autem
2494 772 2639 828 haud
2690 773 2910 852 quidem
2956 787 2986 828 e
3027 772 3215 828 sensili
3249 773 3478 828 materia

1903 863 2106 920 sensile
2147 864 2531 930 simulacrum,
2577 864 2671 920 sed
2701 865 2847 936 quod
2889 865 3001 920 sola
3033 873 3214 920 mente
3246 865 3479 935 percipio

1902 967 2010 1024 tur,
2047 966 2132 1014 est
2158 956 2302 1013 Deus
2323 999 2338 1024 ,
2368 958 2461 1028 qui
2506 957 2658 1012 solus
2703 972 2831 1012 vere
2877 956 3021 1012 Deus
3046 965 3148 1012 est.
3179 956 3258 1012 Ac
3283 971 3476 1012 rursus

1903 1064 2026 1104 eum
2057 1049 2420 1121 superstitiosi
2448 1049 2525 1104 illi
2554 1050 2835 1112 mortales.
2864 1049 2958 1120 qui
2986 1049 3193 1120 lapides
3225 1048 3476 1114 adorant,

1902 1141 2184 1195 adversam
2234 1139 2509 1196 fortunam
2559 1141 2728 1212 passi,
2778 1155 2844 1194 ex
2897 1141 3013 1210 ipsa
3059 1155 3118 1194 re
3164 1137 3475 1203 didicerint,

1902 1231 2046 1301 quod
2077 1233 2298 1286 materia
2323 1247 2519 1287 sensus
2547 1247 2745 1302 expers
2776 1246 2882 1293 non
2903 1231 2974 1286 sit
2995 1236 3055 1295 >14
3077 1230 3278 1285 divinis
3305 1230 3482 1284 hono-

1901 1323 2052 1378 ribus
2076 1322 2374 1388 allieienda,
2407 1325 2524 1393 ipsa
2555 1323 2882 1379 necessitate
2911 1331 2967 1377 et
3002 1321 3299 1392 indigentia
3324 1321 3477 1388 victi,

1901 1424 2046 1469 metu
2083 1413 2232 1470 t‘als:e
2264 1415 2541 1484 religionis
2567 1416 2822 1470 miseram
2849 1414 3226 1484 suijaeturam
3258 1414 3478 1483 patiun-

1900 1515 1988 1561 tur
2021 1515 2113 1562 :et
2145 1522 2267 1562 eum
2317 1507 2609 1562 simulacra
2639 1515 3014 1570 contemnant,
3037 1521 3099 1561 ea
3126 1515 3306 1561 tamen
3350 1519 3482 1560 con-

1899 1606 2138 1653 temnere
2166 1599 2336 1653 videri
2361 1599 2552 1659 nolint,
2586 1599 2829 1668 ipsorum
2860 1599 3110 1665 deorum,
3131 1611 3364 1668 quorum
3390 1612 3482 1652 no-

1899 1693 2135 1746 minibus
2166 1691 2426 1762 inscripta
2467 1699 2614 1756 sunt,
2642 1689 2955 1745 infortuniis
2987 1698 3042 1743 et
3075 1688 3482 1745 calamitatibus

203 1779 602 1834 πεντεκαίδεκα
648 1779 839 1849 πηχῶν
867 1779 928 1832 τὸ
961 1779 1190 1850 μέγεοος
1219 1777 1300 1842 δν,
1344 1777 1646 1850 προσέταξε
1689 1796 1789 1848 χω-

1896 1793 2217 1854 arguuntur.
2249 1783 2381 1837 Nam
2413 1783 2708 1854 Dionysius
2739 1792 3000 1853 tyrannus
3026 1781 3234 1850 jnnior,
3269 1795 3391 1834 eum
3424 1778 3480 1834 in

203 1871 417 1932 νεῦσαι,
449 1874 542 1924 καὶ
571 1872 668 1942 τῆς
698 1872 862 1943 ἄλλης
898 1871 998 1942 τῆς
1043 1871 1374 1943 ἀτιμοτέρας
1415 1871 1545 1942 ὖλης
1575 1871 1794 1943 ἄγαλμα.

203 1963 589 2036 παραπλήσιον
634 1964 847 2035 ἐκείνῳ,
898 1963 1152 2028 πετάλοις
1197 1964 1630 2036 κεχρυσωμένον,
1661 1966 1794 2018 ἀνα-

202 2056 379 2111 θεῖναι
413 2057 592 2110 πάλιν.
622 2058 684 2109 Δί
729 2056 787 2109 δὲ
828 2056 1091 2127 χελιδόνες
1137 2056 1269 2126 (55),
1306 2058 1400 2110 καὶ
1444 2057 1553 2110 τῶν
1591 2056 1792 2128 ὀρνέων

202 2149 271 2202 τὰ
305 2149 552 2211 πλείστα,
598 2148 1012 2221 κατεξαιροῦσιν
1041 2146 1152 2219 (Si)
1184 2148 1361 2202 αὐτῶν
1402 2147 1512 2201 τῶν
1542 2147 1792 2218 ἀγαλμά-

202 2259 311 2294 των
340 2242 722 2313 εἰσπετόμενα,
751 2240 900 2294 οὐδὲν
947 2243 1310 2313 φροντίσαντα
1343 2238 1465 2294 οὔτε
1495 2240 1790 2312 Ὀλυμπίου

247 2333 346 2396 ὼς,
383 2333 508 2386 οῦτε
551 2331 897 2404 Ἐπιδαυρίου
931 2331 1283 2403 Ἀσκληπιοῦ,
1315 2332 1436 2385 οὐδὲ
1486 2330 1591 2404 μὴν
1632 2332 1791 2403 Ἀθη-

201 2429 302 2489 vii;
323 2426 601 2491 Πολιάδος,
635 2426 666 2496 ἦ
699 2424 1003 2496 Σαράπιδος
1043 2423 1360 2492 Αἰγυπτίου⁸
1412 2425 1541 2494 παρ’
1569 2416 1644 2476 ὧν
1672 2424 1792 2477 οὐδὲ

201 2518 385 2571 αὐτῶν
414 2518 510 2589 τὴν
532 2517 891 2587 ἀναισθησίαν
918 2516 1026 2569 τῶν
1049 2513 1380 2585 ἀγαλμάτων
1401 2514 1786 2586 έκμανθάνετε.

213 2609 358 2662 Ἀλλ’
391 2599 496 2661 εἰσὶ
529 2610 626 2679 μὲν
655 2607 953 2680 κακοῦργοί
999 2625 1145 2670 τινες
1175 2607 1207 2678 ἢ
1251 2607 1500 2680 πολέμιοι
1531 2608 1791 2680 ἐπιθέμε-

199 2719 306 2765 νοι,
337 2702 386 2754 οῖ
417 2702 482 2754 δι’
529 2701 972 2772 αἰσχροκέρδειαν
1013 2701 1254 2772 ἐδῄωσαν
1300 2700 1368 2753 τὰ
1416 2700 1555 2774 ἱερά,
1587 2702 1680 2754 καὶ
1724 2700 1794 2754 τά

200 2792 530 2863 ἀναθήματα
581 2791 882 2862 ἐσύλησαν,
932 2792 965 2862 ἢ
1015 2793 1107 2844 καὶ
1155 2792 1294 2846 αὑτά
1358 2791 1664 2863 ἐχώνευσαν
1724 2792 1794 2846 τὰ

200 2883 521 2952 ἀγάλματα·
567 2885 657 2935 καὶ
697 2885 745 2936 εἰ
793 2881 1098 2953 Καμϐύσης
1131 2883 1239 2953 (35)
1269 2901 1374 2947 τις,
1408 2884 1441 2955 ἢ
1489 2886 1728 2956 Δαρεῖος,
1757 2883 1792 2956 ἢ

199 2974 362 3039 illo;
393 2975 717 3046 μαινόμενος
757 2975 979 3028 τοιαῦτα
1016 2975 1153 3028 ἅττα
1197 2976 1552 3047 ἐπεχείρησεν
1577 3018 1590 3042 ,
1624 2979 1715 3031 καὶ
1744 2976 1792 3029 εί

200 3067 294 3123 τὸν
326 3067 622 3135 Αἰγύπτιόν
649 3083 732 3130 τις
775 3067 1094 3119 ἀπέκτεινεν
1127 3068 1311 3133 Ἀπιν,
1356 3066 1496 3136 γελῶ
1544 3067 1663 3139 μὲν,
1712 3068 1794 3120 ὅτι

1896 1875 2077 1929 Sicilia
2106 1891 2328 1929 auream
2355 1883 2557 1928 vestem
2589 1873 2709 1928 Jovi
2739 1874 3089 1939 detraxisset,
3135 1872 3300 1942 jussit
3351 1887 3477 1925 cum

1894 1967 2044 2021 indui
2077 1967 2251 2028 lanea,
2279 1965 2450 2020 facete
2473 1967 2680 2032 dicens,
2707 1981 2821 2019 eam
2847 1981 2956 2018 esse.
2986 1981 3145 2018 aurea
3174 1963 3479 2018 meliorem:

1893 2068 1950 2110 ut
1967 2068 2225 2129 quaesset
2242 2068 2425 2111 (estate
2443 2057 2623 2124 levior,
2646 2066 2694 2109 et
2717 2057 2882 2110 hieme
2903 2056 3150 2110 calidior.
3171 2051 3478 2109 Antieehus

1893 2157 2075 2202 autem
2120 2147 2445 2219 Cyzicenus,
2493 2163 2617 2200 eum
2669 2155 2854 2216 egeret
2902 2147 3172 2216 pecunia,
3201 2143 3351 2199 Jovis
3381 2159 3481 2198 an.

1893 2257 2040 2294 ream
2087 2248 2324 2294 statuam
2355 2281 2369 2304 ,
2423 2255 2544 2309 qua-
2596 2237 2912 2308 quindecim
2965 2239 3279 2292 cubitorum
3339 2244 3478 2297 erat.

1895 2331 2045 2386 fundi
2075 2331 2263 2402 jussit,
2296 2341 2350 2387 et
2395 2347 2462 2386 ex
2513 2331 2618 2385 alia
2658 2331 2838 2386 viliori
2876 2330 3104 2384 materia
3137 2337 3374 2388 statuam
3403 2325 3476 2382 illi

1893 2425 2165 2491 similem,
2220 2425 2442 2479 laminis
2497 2423 2838 2487 inauratam,
2901 2421 3020 2492 ejus
3079 2422 3198 2476 loco
3267 2421 3478 2490 reponi.

1891 2515 2203 2584 Quinetiam
2257 2517 2604 2580 hirundines,
2639 2516 2869 2585 aliaeque
2909 2530 3034 2569 aves
3063 2512 3478 2584 quamplurima'

1891 2609 2244 2675 advolantes,
2302 2609 2451 2663 alvos
2509 2609 2563 2661 in
2621 2609 2736 2678 ipsa
2805 2607 3096 2662 simulacra
3156 2614 3475 2668 exonerant,

1895 2700 2040 2754 nulla
2081 2701 2290 2755 ratione
2339 2699 2544 2763 habita,
2579 2710 2673 2754 aut
2713 2697 2944 2770 Olympii
2991 2697 3163 2763 Jovis,
3213 2705 3309 2750 aut
3352 2695 3476 2766 Epi-

1892 2793 2070 2848 daurii
2103 2792 2426 2862 ASsculapii,
2452 2801 2549 2846 aut
2587 2791 2840 2846 Minerva:
2869 2790 3112 2844 Poliadis
3132 2831 3146 2854 ,
3175 2800 3271 2842 aut
3315 2784 3475 2841 Sara-

1893 2885 2035 2955 pidis
2086 2883 2360 2956 Egyptii;
2399 2899 2428 2937 a
2469 2883 2670 2954 quibus
2715 2883 2880 2936 etiam
2932 2881 3065 2951 ipsis
3109 2895 3206 2932 vos
3245 2879 3474 2933 necdum

1894 2977 2165 3032 didicistis
2211 2976 2504 3030 simulacra
2548 2991 2668 3030 esse
2718 2989 2882 3029 sensu
2932 2971 3146 3042 penitus
3194 2970 3474 3024 destituta.

1895 3069 2299 3138 Nonnunquam
2330 3069 2492 3122 etiam
2523 3082 2553 3121 a
2585 3065 2898 3136 praedonum
2927 3065 3010 3117 vel
3035 3063 3272 3116 hostium
3308 3076 3472 3115 manu

201 3158 294 3212 τὸν
326 3156 452 3210 Θεὸν
483 3156 800 3208 ἀπέκτεινεν
831 3155 1030 3216 αὐτῶν,
1064 3154 1351 3222 ἀγανακτῶ
1382 3154 1458 3216 δὲ,
1491 3156 1537 3208 εί
1567 3153 1789 3226 κέρδους

1897 3162 2196 3231 irruptione
2249 3159 2413 3221 facta,
2464 3159 2684 3214 incensa
2713 3157 2934 3226 templa,
2977 3154 3201 3209 donaria
3241 3152 3473 3222 direpta,

200 3249 363 3322 χάριν
409 3247 772 3319 ἐπλημμέλει.
817 3246 987 3300 Ἐκὼν
1013 3244 1106 3300 οὖν
1134 3247 1433 3319 ἐκλήσομαι
1481 3247 1644 3318 τῆσδε
1690 3248 1791 3319 τῆς

201 3340 577 3411 κακουργίας,
635 3338 944 3403 πλεονεξίας
1002 3339 1174 3409 ἔργα,
1232 3339 1348 3410 οὐχὶ
1401 3339 1457 3393 δέ
1505 3340 1790 3412 ἁδρανείας

198 3433 312 3485 τῶν
348 3431 582 3485 εἰδώλων
621 3430 838 3502 ἔλεγχον
874 3430 1129 3502 νομίζων.
1176 3431 1312 3484 Ἀλλ’
1351 3431 1533 3500 οῦτιγε
1579 3432 1640 3485 τὸ
1680 3431 1790 3503 πῦρ

203 3525 298 3578 καὶ
334 3526 384 3578 οἱ
429 3525 644 3593 σεισμοὶ
682 3522 957 3593 κερδαλέοι
1007 3522 1112 3592 (ὖϐ)
1137 3565 1150 3586 ,
1197 3523 1317 3576 οὐδὲ
1359 3525 1464 3594 μὴν
1501 3523 1790 3592 φοϐοῦνται

202 3615 235 3686 ἢ
275 3615 675 3675 δυσωποῦνται,
705 3617 766 3668 οὐ
799 3615 922 3678 τοὺς
950 3614 1226 3684 δαίμονας,
1253 3615 1313 3667 οὐ
1359 3615 1429 3668 τὰ
1477 3615 1786 3687 ἀγάλματα,

277 3733 337 3791 »Β
377 3725 438 3778 Ρ.
468 3726 538 3780 46
570 3725 677 3778 ED.
707 3723 1010 3781 I‘OTTER.

203 3841 392 3901 luere;
422 3841 502 3894 sie
526 3839 686 3892 hodie
703 3838 1032 3906 Christianis
1060 3839 1272 3892 nullum
1307 3839 1664 3909 intelligihilis
1694 3839 1786 3894 Dei

202 3912 563 3966 simulacrum
592 3925 713 3964 esse
743 3910 983 3978 scripsit,
1014 3909 1106 3963 sed
1140 3909 1472 3977 intelligibile
1503 3913 1785 3974 duntaxat,

201 3998 326 4036 eum
376 3981 587 4035 srilicet
623 3984 704 4045 (ιιι
759 3981 1006 4048 equidem
1047 3981 1244 4042 sentio,
1282 3997 1406 4032 nam
1457 3982 1559 4033 hoc
1606 3997 1634 4032 a
1665 3981 1789 4034 Cle-

206 4058 387 4105 mente
438 4066 550 4102 non
601 4049 934 4118 explicatur)
987 4049 1080 4119 qui
1133 4065 1319 4102 revera
1368 4051 1481 4119 ipse.
1508 4049 1650 4104 Deus
1682 4063 1784 4116 est,

205 4121 400 4175 Filium
445 4120 540 4172 Dei
573 4121 934 4188 unigenitum.
967 4118 1236 4173 Couscr.

297 4192 387 4256 5|)
417 4185 807 4258 Περήμιοῖται.
857 4189 1342 4258 Ἐπιπεφήμισται,
1365 4185 1502 4242 Nov.

297 4196 387 4256 5|)
417 4196 807 4258 Περήμισται.
857 4196 1342 4258 Ἐπιπεφήμισται,
1366 4196 1502 4242 Nov.

273 4196 386 4332 (52)
432 4260 750 4332 Ἀντίοχος*
772 4257 855 4332 δέ.
892 4259 1168 4332 Arnobius
1188 4300 1202 4321 ,
1234 4259 1415 4332 111).ιί
1447 4268 1627 4332 contra
1652 4258 1787 4313 Ceno

207 4328 287 4383 tes
314 4348 331 4387 ξ
355 4328 680 4384 Antiochum
712 4328 1027 4398 Cyzicenum
1058 4330 1230 4397 ferunt
1253 4329 1550 4398 quindecim
1580 4333 1786 4382 cubito—

204 4417 318 4470 rum
355 4402 463 4470 (sic
491 4399 635 4452 enim
683 4399 735 4451 in
773 4399 1014 4451 Romana
1050 4398 1288 4470 editione
1329 4410 1634 4453 correctum
1679 4406 1782 4469 est)

203 4468 379 4526 Jovem
408 4469 725 4542 exAdelnbro
753 4483 970 4542 aureum
1013 4468 1305 4542 sustulisse,
1334 4478 1382 4542 et
1417 4485 1481 4542 ea:
1515 4485 1618 4542 tere
1653 4468 1773 4542 bra?
1806 4489 1848 4542 υ

204 4543 380 4595 cteolis
409 4539 747 4610 substituissc
776 4540 1031 4606 fucatam.
1068 4538 1314 4610 Fuithic
1341 4538 1640 4595 Antiochus
1674 4539 1774 4610 Syc

204 4613 294 4665 ria:
343 4626 476 4674 rex,
529 4608 730 4662 Sidetis
780 4611 960 4669 lilius;
999 4609 1349 4678 regnavitque
1399 4624 1572 4662 annos
1622 4608 1775 4662 xviii.

203 4679 732 4751 )osephus,_Antiq.
784 4679 879 4732 lib.
913 4695 1061 4751 _xm,_
1102 4694 1223 4747 cap.
1280 4679 1373 4744 l9;
1411 4678 1678 4751 Eusebius
1726 4688 1780 4733 et

203 4748 476 4804 Justinus.
515 4748 698 4803 Paulo
732 4760 856 4817 post
897 4748 1101 4802 Arnob.
1139 4758 1360 4803 secutus
1409 4759 1491 4803 est
1531 4749 1773 4804 Clemen-

205 4831 331 4886 tem,
362 4821 638 4890 quiAanlc
687 4820 875 4873 tribuit
919 4819 1127 4890 junio_ri
1155 4819 1457 4890 __Dionysi0,
1493 4819 1637 4888 quod
1688 4819 1780 4873 alii

204 4887 433 4946 seniori.
480 4888 719 4952 Deinde,
755 4903 816 4942 ut
863 4897 1016 4942 notat
1061 4888 1122 4943 P.
1155 4887 1462 4953 Victorius,
1513 4887 1608 4944 lib.
1649 4906 1776 4952 XXI,

202 4977 318 5030 ean.
354 4961 443 5024 lO,
478 4962 692 5023 Cicero,
721 4961 812 5012 lib.
851 4975 907 5012 Ill
937 4959 1012 5011 De
1055 4970 1169 5030 nat.
1196 4960 1364 5025 deur.,
1399 4960 1451 5014 id
1491 4959 1690 5014 factum
1723 4961 1778 5014 in

205 5029 586 5100 Peloponneso
629 5030 738 5093 ait,
767 5030 1019 5084 Clemens
1051 5031 1104 5083 in
1151 5029 1333 5084 Sicilia
1370 5048 1385 5085 :
1428 5030 1522 5084 sed
1563 5045 1777 5095 vereor,

203 5099 415 5170 inquit,
459 5117 532 5154 ne
575 5101 679 5153 hoc
705 5099 776 5153 Μ.
809 5100 987 5170 Tullio
1028 5101 1375 5168 imposuerit,
1407 5101 1550 5170 quod
1598 5101 1780 5168 legens

205 5169 305 5240 hoc
334 5172 544 5226 factum
578 5171 631 5223 in
666 5170 795 5224 fano
842 5169 995 5224 Jovis
1038 5171 1292 5240 Olympii,
1342 5169 1433 5224 ob
1460 5171 1775 5240 dignitatem

203 5239 584 5312 Peloponnesii
638 5240 748 5312 fani
798 5242 1000 5304 putarit
1045 5239 1193 5312 idin
1227 5239 1598 5312 Peloponneso
1629 5255 1778 5294 eom-

203 5308 451 5382 miss'um.
481 5311 588 5382 S_ed
619 5312 670 5364 in
702 5310 886 5364 Sicilia
916 5326 1131 5379 quoque
1156 5308 1304 5363 Jovis
1324 5310 1561 5382 Olympii
1591 5313 1774 5364 fanum

202 5379 371 5436 fuisse
399 5381 464 5435 Τ.
500 5380 689 5435 Livius
720 5392 910 5436 auctor
942 5389 1043 5440 est.
1079 5382 1170 5434 lib.
1214 5379 1470 5438 xxwfet
1509 5380 1779 5434 Diodorus

203 5450 445 5506 Siculus.
497 5450 763 5503 Liberalis
809 5452 1053 5518 Dionysii
1104 5453 1262 5504 vertit
1309 5449 1570 5505 l-lervetus
1617 5453 1810 5518 paulo

203 5533 324 5644 post
373 5521 547 5575 Graec.
596 5521 848 5575 Διονύσου
896 5521 991 5573 τοῦ
1052 5520 1425 5592 Ἐλευθερέως.
1456 5522 1768 5575 Arnobius:

237 5589 304 5644 ’bi
338 5590 492 5644 Liber
539 5589 867 5644 Eleutherius
899 5608 1015 5643 cum
1057 5593 1312 5644 Athenis?
1339 5592 1420 5644 Ab
1452 5591 1768 5644 Eleutheris.

237 5589 304 5644 ’bi
338 5590 492 5644 Liber
539 5589 867 5644 Eleutherius
899 5608 1015 5643 cum
1057 5589 1312 5644 Athenia‘?
1339 5592 1420 5644 Ab
1452 5591 1770 5655 Eleutheris,

203 5665 344 5733 crine
363 5661 607 5733 "metite,
639 5661 813 5733 etijns
829 5661 1368 5733 αἰγὶς-Ἐλευθερεύς.
1395 5660 1666 5733 CoLLscr.

267 5731 382 5801 (55)
407 5735 474 5786 Al
507 5731 577 5784 δὲ
610 5730 934 5800 χελιδόνες.
953 5729 1296 5793 Tertullian.,
1323 5731 1499 5800 Apol.,
1525 5748 1642 5800 cap.
1673 5734 1770 5786 θεὶς

205 5801 378 5871 lgimr
410 5805 457 5854 si
504 5813 744 5866 statuas,
779 5811 828 5854 et
875 5804 1126 5872 imagines
1174 5803 1399 5873 {rigidas
1447 5813 1772 5857 mortuorum

1892 3257 2006 3324 ipsa
2028 3252 2192 3310 etiam
2215 3252 2508 3307 simulacra
2530 3249 2704 3319 turpis
2732 3248 2865 3304 lucri
2892 3247 3065 3320 gratia
3093 3247 3297 3316 liquata
3322 3253 3473 3299 sunt.

1891 3345 2044 3414 Quod
2071 3345 2116 3400 si
2144 3343 2439 3414 Cambyses
2467 3343 2687 3412 aliquis,
2719 3342 2802 3396 vel
2842 3340 3059 3404 Darius,
3091 3340 3298 3393 aliusve
3324 3338 3473 3408 quis-

1890 3440 2034 3508 piam
2061 3440 2288 3492 insanus
2316 3434 2627 3505 hujusmodi
2663 3433 2879 3488 facinus
2909 3432 3128 3502 aliquod
3163 3429 3470 3493 tentaverit,

1895 3533 2000 3602 16
2028 3541 2124 3584 aut
2155 3529 2469 3602 Egyptium
2529 3527 2668 3597 Apin
2720 3527 2982 3582 occiderit
3013 3545 3026 3580 :
3054 3527 3200 3597 quod
3249 3525 3469 3594 quidem

1891 3625 2132 3692 ipsorum
2181 3621 2343 3676 deum
2385 3619 2682 3686 occiderit,
2728 3619 2899 3674 risum
2952 3617 3086 3672 mihi
3131 3626 3470 3682 commovet;

1888 3839 2102 3876 suorum
2149 3821 2504 3883 simillimas,
2537 3835 2640 3872 non
2685 3817 2994 3880 adoramus,
3029 3832 3162 3886 quas
3205 3814 3372 3879 milri,
3421 3824 3469 3869 et

1889 3911 2086 3956 mures,
2117 3904 2166 3946 et
2197 3907 2409 3944 aranea:
2458 3889 2785 3959 intelligunt,
2828 3903 2997 3940 nonne
3038 3885 3249 3959 laudem
3301 3888 3469 3959 magis

1925 3980 2043 4016 nam
2093 3978 2298 4031 poenam
2347 3956 2649 4014 merebatur
2689 3959 2964 4031 repudium
3012 3957 3182 4031 agniti
3231 3956 3472 4031 erroris!

1915 4026 2408 4096 linutius,0ctavio
2433 4051 2444 4084 :
2466 4031 2675 4094 Quanto
2707 4031 2876 4081 verius
2913 4029 2977 4080 de
3013 4029 3114 4079 (liis
3143 4026 3326 4078 uestris
3353 4027 3471 4076 ani-

1888 4105 2051 4156 malia
2076 4113 2219 4155 muta
2248 4103 2570 4154 naturaliter
2591 4099 2836 4168 judicant
2858 4099 2882 4150 1’
2902 4113 3104 4168 mures,
3138 4096 3468 4168 hirundines,

1887 4173 2059 4228 milvi.
2091 4189 2192 4225 non
2229 4173 2420 4223 sentire
2456 4187 2541 4222 cos
2575 4165 2782 4233 sciunt,
2815 4166 3030 4231 rodunt,
3058 4166 3347 4226 inculcant,
3384 4165 3468 4216 in-

1887 4244 2080 4301 sident.
2112 4259 2173 4295 ac
2198 4241 2553 4310 nisi.abigatis
2577 4277 2592 4302 ,
2625 4240 2680 4292 in
2708 4239 2819 4310 ipso
2853 4237 2938 4290 dei
2973 4237 3128 4310 uestri
3161 4234 3470 4310 creandi/i-

1887 4322 2032 4375 cant,
2068 4323 2172 4366 etc.
2203 4310 2364 4364 Coni.
2398 4305 2830 4372 Arnoliins,lib.
2864 4321 2958 4368 vt;
3005 4305 3342 4375 Lactantius,
3368 4305 3462 4358 lib.

1885 4399 1949 4447 ll,
1986 4398 2105 4448 cap.
2137 4383 2209 4448 4;
2240 4380 2601 4448 Augustinus,
2635 4379 2686 4430 in
2726 4374 3341 4448 psalm._cxt_n.LSimilc
3381 4381 3466 4429 est

2195 4425 2209 4448 ν

1883 4444 2016 4507 illud
2047 4444 2253 4506 Horatii
2285 4444 2378 4504 lib.
2418 4465 2455 4515 ι,
2488 4459 2594 4505 sat.
2625 4449 2679 4514 8,
2715 4444 2857 4502 vers.
2883 4446 2975 4512 57,
3007 4445 3084 4499 De
3109 4444 3309 4514 Priapo
3339 4458 3357 4496 :

1953 4568 2186 4694 gentior
2214 4577 2268 4620 at
2298 4568 2344 4620 si
2374 4563 2522 4636 quid,
2553 4565 2747 4619 merdis
2772 4572 2928 4634 caput
2954 4563 3197 4632 inquiner
3224 4562 3359 4617 albis

1999 4655 2260 4694 arvorum.
3016 4681 3020 4683 Α

1999 4655 2260 4694 arvorum.

1952 4754 2062 4825 (54)
2107 4751 2598 4825 Κατεξαιροῦσιγ.
2648 4751 2808 4825 Quod
2853 4751 3050 4825 sapius
3103 4749 3309 4825 dictum
3356 4757 3460 4814 est,

1880 4842 1936 4877 αι
1964 4822 2019 4879 et
2046 4822 2073 4876 ε
2098 4839 2127 4877 a
2152 4823 2390 4876 librariis
2422 4823 2683 4876 confundi
2717 4823 2911 4885 solere,
2944 4824 2996 4877 id
3030 4823 3134 4876 hoc
3167 4822 3286 4876 loco
3309 4834 3465 4888 repe.

1881 4895 2137 4960 tendum;
2171 4909 2294 4946 nam
2323 4893 2575 4948 Clemens
2605 4893 2796 4963 procul
2825 4893 2990 4963 dubio
3017 4891 3236 4963 scripsit
3263 4887 3460 4963 κατεξο

1880 4966 2107 5036 ερῶσιν,
2126 4958 2304 5016 alvum
2327 4958 2700 5036 exonerant'jn
2731 4961 3058 5036 simulacra:
3089 4958 3169 5017 sic
3197 4961 3250 5015 in
3294 4958 3458 5013 Ranis

1878 5032 2268 5104 Aristophanes
2299 5033 2560 5104 κατατιλᾷ
2586 5032 2696 5085 τῶν
2731 5033 3049 5104 Ἑκαταίων.

1950 5101 2748 5176 (55)’Κ(ιμ6ὐσης.Αῌοιῖοίιίοιιιε
2773 5104 2948 5176 lih._ni
2975 5101 3158 5176 refert,
3183 5101 3458 5176 quomodo

1878 5172 2174 5246 Cambyses
2224 5173 2724 5246 Apin_A‘.gyptium
2770 5174 3058 5246 occiderit.
3104 5172 3245 5240 Quin
3291 5172 3455 5246 etiam

1879 5247 2013 5300 satis
2035 5241 2220 5299 notum
2245 5253 2349 5305 est,
2375 5241 2589 5308 Persas,
2609 5259 2732 5298 eum
2759 5243 3022 5298 Graeciam
3045 5241 3455 5313 Oppugnabant,

1879 5317 2038 5370 obvia
2068 5314 2538 5384 qumquentempla
2580 5314 2955 5368 combussisse
2989 5333 3001 5366 :
3047 5311 3240 5384 Cicero
3281 5311 3375 5365 lib.
3414 5327 3453 5366 It

1883 5386 1955 5438 De
2000 5382 2245 5454 legibus:
2281 5382 2391 5455 Nec
2422 5400 2638 5455 sequor,
2668 5385 2874 5454 inquit.
2923 5399 3101 5451 magos
3142 5382 3449 5455 Persarum,

1877 5451 2065 5525 quibus
2084 5453 2387 5525 auctoribus
2408 5451 2607 5525 Xerxes
2636 5451 2993 5525 inﬂammassc
3019 5451 3454 5525 templa:Gra3¢:i_¢
3489 5474 3491 5478 ‘

1877 5521 2094 5588 dicitur,
2123 5523 2259 5595 quod
2287 5523 2572 5593 parietibus
2602 5521 2932 5595 includerent
2953 5524 3097 5586 deos,
3124 5521 3312 5594 quibus
3340 5521 3453 5586 oil—

1877 5598 1966 5648 nia
1995 5593 2236 5648 deberent
2261 5611 2370 5648 esse
2400 5595 2636 5662 patentia
2665 5605 2714 5648 et
2739 5593 2925 5646 libera.
3140 5593 3143 5594 ⁷
3369 5597 3378 5602 ’

1947 5665 2058 5735 (56)
2089 5667 2326 5735 Seleuci
2363 5665 2670 5732 κερδαλέα
2715 5664 2993 5735 Lowthius
3013 5663 3218 5717 mavult
3241 5666 3449 5731 σεισμοὶ

1878 5733 2214 5807 σμερδαλέοι.
2238 5733 2432 5788 Verum
2459 5736 2710 5807 σεισμοὺς
2740 5733 3058 5807 κερδαλέους
3078 5735 3235 5800 dixit,
3261 5745 3454 5803 quem-

1876 5804 2164 5860 admodum
2201 5807 2362 5874 paulo
2397 5816 2516 5876 post
2549 5804 2658 5876 πῦρ
2689 5804 3014 5874 σωφρονοῦν.
