3960 6512
1643 337 2030 393 CLEMENTIS
2066 338 2533 396 ALEXANDRINI

3615 345 3716 399 656

490 467 735 523 vovetur,
759 474 878 525 qua:
908 457 1170 514 adversus
1202 473 1328 514 eum
1352 461 1428 522 lit,
1459 463 1828 531 congregatio.
1861 461 2050 534 Magna

2156 463 2374 528 λύσεως,
2405 465 2673 537 ἀκοσμίας
2705 466 2851 519 ἐστὶν
2885 467 3031 521 αἰτία
3055 467 3254 538 ἀναμὶξ
3281 464 3488 539 ἀνδρῶν
3513 465 3608 519 καὶ
3623 483 3720 532 γυο

489 550 688 618 quippe
706 547 1027 603 confusione
1059 559 1110 603 et
1148 549 1431 618 iniquitate
1457 549 1512 604 hi
1541 561 1717 606 cretus
1755 553 1898 622 pleni
1929 564 2055 609 sunt

488 651 541 693 et
569 641 788 696 occasio
833 651 1138 696 conventus
1175 656 1338 698 causa
1373 653 1456 698 est
1495 645 1879 712 turpitudinis,
1925 661 2051 700 cum

488 735 591 789 viri
619 745 673 790 et
702 734 916 790 feminae
956 736 1158 790 mistim
1190 736 1544 803 conveniant,
1577 737 1711 792 alter
1737 738 1802 792 ad
1833 739 2054 794 alterius

491 827 883 896 spectaculum.
918 825 1015 880 Hic
1051 843 1333 897 perperam
1364 829 1480 898 jam
1516 829 1696 899 agitur
1737 830 2048 884 concilium.

493 919 626 975 Dum
656 920 799 974 enim
826 921 1116 975 lasciviunt
1152 921 1329 987 oculi,
1362 923 1637 976 calescunt
1671 922 2050 992 appetitiones,

488 1022 540 1066 et
573 1015 715 1069 oculi
741 1028 836 1082 per
877 1015 1046 1067 otium
1079 1014 1150 1068 ibi
1196 1030 1514 1069 concessum
1551 1015 1827 1084 proximos
1872 1014 2051 1084 impu-

489 1105 704 1159 dentius
737 1107 1006 1174 respicere
1027 1105 1342 1171 assuefacti,
1386 1108 1675 1162 intendunt
1705 1108 2048 1177 cupiditates.

490 1195 1021 1270 Prohibeanturcrgo
1035 1201 1338 1269 spectacula
1353 1210 1403 1255 et
1421 1211 1752 1266 acroamata,
1767 1217 1887 1270 qua:
1900 1217 2056 1255 scur-

491 1291 685 1345 rilitate
707 1305 770 1345 ac
793 1291 1193 1366 vaniloquentia
1220 1293 1375 1361 plena
1403 1303 1550 1347 sunt.
1575 1293 1733 1360 Quod
1769 1295 1913 1349 enim
1940 1304 2055 1348 tur-

489 1400 554 1454 pc
583 1382 783 1438 factum
826 1401 931 1438 non
987 1384 1290 1439 ostenditur
1334 1385 1386 1438 in
1437 1385 1699 1441 theatris?
1746 1386 1902 1452 Quod
1951 1401 2052 1439 au-

489 1490 596 1532 tem
655 1477 878 1531 verbum
950 1477 1232 1546 impudens
1284 1494 1390 1532 non
1451 1477 1772 1548 proferunt,
1824 1479 1918 1548 qui
1980 1478 2054 1532 ri-

491 1585 612 1623 sum
679 1579 926 1631 movent,
990 1585 1193 1624 scurra:
1249 1578 1301 1624 et
1364 1570 1699 1625 histriones?
1739 1573 1831 1640 qui
1873 1580 2050 1625 autem

493 1665 552 1724 is
589 1677 654 1716 ex
684 1662 836 1726 vitio,
864 1662 1006 1731 quod
1043 1663 1093 1714 in
1126 1677 1183 1716 se
1207 1671 1310 1726 est,
1355 1662 1765 1717 delectationem
1817 1663 2051 1733 aliquam

488 1764 865 1822 perceperunt,
905 1753 1178 1808 evidentes
1221 1753 1368 1806 domi
1413 1753 1673 1825 imagines
1714 1755 2050 1824 imprimunt.

488 1843 690 1899 Contra
722 1853 903 1898 autem
939 1844 1031 1912 qui
1069 1845 1152 1898 his
1181 1844 1477 1898 demulceri
1507 1854 1561 1898 et
1590 1841 1726 1899 afﬁci
1755 1853 2051 1913 nequeunt,
2084 1827 2126 1880 Β

491 1935 544 1989 iu
575 1937 798 2008 ignavas
828 1937 1126 2005 voluptates
1157 1951 1264 1990 non
1305 1937 1674 2007 prolabentur.
1729 1935 1786 1991 Si
1821 1936 2058 1992 dixerint

491 2031 634 2085 enim
676 2045 775 2100 pro
816 2015 948 2084 'ludo
1000 2031 1204 2085 assumi
1264 2031 1569 2101 spectacula
1615 2032 1681 2086 ad
1731 2033 2056 2088 recreandos

493 2123 733 2176 animos:
767 2122 1012 2176 dicemus
1043 2137 1148 2176 non
1178 2137 1367 2191 sapere
1397 2124 1667 2188 civitates,
1707 2139 1827 2192 quae
1857 2125 2053 2180 seriam

492 2212 634 2267 ludis
679 2228 896 2282 operam
949 2211 1100 2267 dant.
1156 2211 1342 2283 Neque
1391 2215 1534 2269 enim
1581 2215 1742 2270 ludus
1787 2225 1870 2271 est
1915 2233 2055 2274 saeva

491 2304 678 2371 gloriae
711 2305 1002 2374 cupiditas,
1035 2321 1157 2374 qua:
1187 2315 1266 2360 tot
1299 2317 1502 2362 mortes
1533 2306 1728 2363 infert:
1762 2310 1853 2365 sed
1881 2319 2055 2380 neque

479 2409 629 2449 vana
656 2396 854 2459 studia,
879 2404 934 2450 et
965 2396 1192 2450 rationis
1227 2411 1419 2466 expers
1443 2398 1687 2466 ambitio,
1718 2409 1770 2454 et
1802 2412 2056 2470 praeterea

490 2502 716 2540 suarum
745 2485 1060 2540 facultatum
1096 2485 1570 2556 impensze.Neque
1591 2504 1718 2543 vero
1741 2504 1861 2559 qua:
1884 2491 1967 2545 his
1992 2492 2057 2546 de

484 2580 674 2633 causis
697 2579 1003 2633 excitantur
1030 2579 1321 2634 seditiones
1346 2581 1578 2649 amplius
1604 2591 1731 2636 sunt
1752 2583 1884 2637 ludi.
1909 2581 2057 2638 Vano

491 2671 638 2726 enim
670 2671 852 2727 studio
885 2687 1164 2742 nunquam
1196 2673 1483 2727 emendum
1528 2685 1611 2731 est
1647 2675 1852 2730 otium:
1885 2693 2060 2747 neque

489 2763 635 2818 enim
665 2768 759 2834 qui
806 2764 984 2832 sapit,
1039 2764 1125 2828 id,
1160 2764 1306 2834 quod
1340 2774 1426 2820 est
1457 2765 1781 2836 jucundum,
1807 2769 1878 2835 ei,
1912 2771 2056 2839 quod

489 2860 576 2910 est
601 2855 818 2917 melius,
852 2855 1166 2924 praetulerit.
1197 2855 1267 2908 At
1295 2871 1403 2909 non
1436 2860 1818 2930 omnes,110
1861 2861 2055 2929 inquit,

491 2946 958 3016 philosophamur.
985 2944 1237 3016 Nunquid
1261 2964 1389 3020 ergo
1415 2967 1514 3005 nec
1539 2966 1730 3006 omnes
1755 2951 1916 3006 vitam
1945 2968 2039 3021 per

487 3038 808 3108 sequimur?
839 3035 980 3102 Quid
1026 3046 1080 3091 tu
1127 3038 1302 3093 dicis?
1349 3039 1632 3106 Quomodo
1661 3057 1790 3112 ergo
1827 3045 2059 3099 credidi-

490 3129 594 3183 sti?
618 3131 903 3196 Quomodo
940 3139 1122 3184 autem
1155 3129 1324 3185 Deum
1357 3149 1510 3188 amas
1539 3143 1593 3188 et
1619 3135 1924 3204 proximum
1947 3179 1962 3202 ,
2011 3137 2056 3192 si
2083 3173 2127 3230 ϐ

489 3237 598 3275 non
627 3220 1066 3291 philosopharis?
1098 3222 1382 3288 Quomodo
1413 3236 1591 3280 autem
1620 3227 1850 3297 teipsum
1877 3243 2052 3294 amas,

489 3311 534 3368 si
575 3327 682 3364 non
728 3311 804 3367 sis
841 3313 961 3368 vita:
988 3313 1254 3382 cupidus?
1303 3313 1557 3381 Litteras,
1605 3315 1798 3385 inquit,
1825 3334 1933 3371 non
1973 3319 2055 3374 di-

486 3403 618 3456 dici.
665 3403 769 3457 Sed
800 3405 844 3458 si
884 3421 991 3458 non
1022 3405 1255 3460 didicisti
1293 3406 1488 3476 legere,
1539 3422 1642 3461 nou
1685 3419 1773 3463 est
1810 3410 1956 3478 quod
1988 3411 2054 3464 de

487 3492 672 3546 auditu
739 3502 790 3548 te
856 3495 1032 3564 possis
1078 3511 1381 3562 excusare,
1435 3499 1700 3567 quoniam
1763 3501 1810 3554 is
1870 3501 2054 3571 nequit

487 3584 688 3639 doceri.
717 3583 872 3640 Fides
901 3597 1078 3641 autem
1110 3604 1215 3641 non
1243 3590 1542 3657 sapientum
1574 3591 1868 3644 secundum
1900 3608 2058 3647 mun-

488 3675 640 3740 dum,
676 3677 768 3730 sed
799 3691 1010 3742 eorum,
1044 3679 1136 3748 qui
1168 3681 1465 3734 secundum
1497 3681 1661 3734 Deum
1695 3692 1820 3736 sunt
1850 3684 2059 3753 sapien-

489 3779 591 3831 tes,
620 3779 701 3822 est
728 3771 1023 3838 possessio.
1069 3771 1160 3825 Illa
1197 3782 1378 3827 autem
1417 3773 1578 3828 etiam
1606 3773 1810 3844 absque
1838 3775 2054 3845 litteris,

487 3858 736 3913 discitur.
787 3859 916 3929 Ejus
962 3871 1142 3915 autem
1185 3865 1470 3933 scriptum,
1516 3866 1660 3934 quod
1708 3875 1762 3920 et
1793 3867 1859 3920 ad
1894 3869 2056 3924 rudes

487 3948 814 4018 ignarosque
845 3951 1088 4005 homines
1117 3953 1367 4020 pertinet,
1395 3963 1448 4007 et
1480 3954 1642 4008 etiam
1670 3963 1754 4008 est
1788 3955 2051 4019 divinum,

485 4039 724 4114 Charitas
754 4049 994 4105 vocatur,
1024 4058 1144 4112 qua:
1165 4052 1246 4097 est
1273 4043 1526 4098 volumen
1573 4045 1871 4114 spirituale.
1905 4045 2056 4102 Licet

481 4131 644 4185 etiam
676 4133 863 4186 audire
891 4134 1130 4188 divinam
1155 4135 1499 4204 sapientiam,
1532 4148 1585 4191 et
1613 4138 1736 4192 licet
1775 4142 1828 4191 in
1874 4141 2050 4194 aduri--

483 4221 761 4276 nistranda
793 4224 1065 4294 republica
1096 4226 1296 4280 versari
1318 4245 1329 4280 :
1350 4227 1482 4297 quin
1499 4227 1662 4281 etiam
1691 4245 1812 4298 quae
1839 4239 1966 4284 sunt
1996 4230 2049 4284 in

483 4315 710 4381 mundo,
757 4314 982 4371 honeste
1020 4331 1083 4370 ex
1131 4317 1228 4371 Dei
1277 4319 1544 4373 sententia
1587 4318 1800 4375 auferre
1830 4321 2052 4377 minime

553 4435 613 4492 ᾖ(
647 4429 705 4483 Ρ.
733 4430 837 4484 299
865 4430 970 4486 ΕΙ).
1000 4432 1293 4500 POTTER,
1457 4433 1564 4491 El).
1597 4433 1820 4491 PARIS.

2153 553 2353 608 ναικῶν
2371 555 2652 608 συνιόντων
2673 556 2763 608 ἐπὶ
2795 558 2891 628 τὴν
2907 556 3150 629 ἀλλήλων
3174 557 3301 612 θέαν
3338 555 3471 626 (27).
3511 553 3721 607 Ἐνταῦ-

2153 643 2220 696 θα
2235 644 2333 716 ἤδη
2351 644 2747 716 περπερεύεται
2783 646 2843 698 τὸ
2879 646 3168 719 συνέδριον.
3214 642 3719 717 Λυχνευούσηςβὶζ)

2153 733 2260 805 γάρ
2315 735 2411 806 τῆς
2457 734 2649 804 ὅψεως,
2704 735 3028 806 χλιαίνονται
3064 739 3118 792 αἱ
3178 737 3414 809 ὀρέξεις·
3480 736 3574 788 καὶ
3608 719 3724 790 ita:

2157 825 2394 899 μώτερον
2417 826 2630 897 βλέπειν
2665 829 2713 880 οἱ
2742 827 3006 898 ὀφθαλμοὶ
3033 830 3169 900 πρὸς
3198 831 3322 892 τοὺς
3353 827 3576 900 πλησίον
3613 826 3725 880 ὲθι·

2154 917 2388 989 ζόμενοι,
2422 919 2497 990 τῷ
2528 919 2671 990 ἔχειν
2703 919 2894 991 σχολὴν
2927 922 3236 994 ὲφειμένην,
3267 921 3590 991 ὲκφλέγουσι
3625 918 3724 980 τὰς

2153 1016 2418 1088 ὲρωτικάς
2459 1016 2770 1087 ἐπιθυμίας.
2825 1017 3192 1089 Ἀπειρήσθων
3231 1017 3342 1090 (‘29)
3391 1013 3482 1071 οὖν
3523 1015 3622 1069 καὶ
3663 1017 3722 1068 αἱ

2154 1107 2290 1172 θέαι,
2324 1109 2415 1162 καὶ
2450 1107 2518 1160 τά
2552 1109 2893 1180 ἀκροάματα,
2916 1109 3264 1180 ,βωμολοχίας
3303 1110 3394 1162 καὶ
3429 1106 3726 1180 σπερμολο⁹

2153 1201 2276 1270 γίας
2337 1201 2535 1271 πολλῆς
2577 1201 2828 1271 γέμοντα.
2878 1202 2942 1254 Τί
2987 1202 3084 1273 μὲν
3117 1203 3223 1275 γὰρ
3265 1203 3364 1254 οὐκ
3419 1199 3726 1254 ἐπιδείκνυο

2153 1311 2239 1348 ται
2302 1293 2739 1368 αἰσχρὸνῷργον
2792 1297 2849 1347 ὲν
2908 1294 3184 1365 θεάτροιςς
3243 1295 3308 1347 Τί
3359 1293 3422 1348 δ’,
3465 1294 3522 1345 ού
3583 1309 3723 1362 προ-

2155 1386 2406 1458 φέρονται
2453 1388 2601 1459 ρἦα
2645 1387 2992 1460 ἀναίσχυντον
3033 1389 3080 1440 οἱ
3116 1385 3487 1456 γελωτοποιοί;
3538 1386 3592 1437 oi
3638 1384 3726 1446 δὲ.

2153 1477 2553 1542 ἀπολαύσαντες
2579 1478 2677 1549 τῆς
2711 1481 2768 1532 ὲν
2815 1480 3023 1541 ἑαυτοῖς
3065 1476 3170 1546 (50)
3210 1477 3434 1539 κακίας,
3470 1476 3730 1546 ἐναργεῖς

2153 1568 2288 1623 οἴκοι
2330 1568 2734 1640 ἀπομάσσονται
2779 1569 2877 1632 τάς
2921 1567 3153 1630 εἰκόνας.
3227 1565 3495 1636 Ἔμπαλιν
3550 1564 3646 1628 δὲ,
3678 1565 3729 1618 οι

2155 1659 2287 1732 πρὸς
2321 1655 2491 1713 ταῦτα
2525 1658 2785 1730 ἀκήλητοι
2824 1657 2919 1712 καὶ
2965 1655 3195 1720 ἀπαθεῖς
3225 1656 3324 1709 οὐκ
3359 1655 3424 1709 ἀν
3455 1662 3584 1726 περὶ
3626 1655 3728 1718 τὰς

2157 1751 2429 1826 ῥᾳθύμους
2472 1752 2663 1822 ἡδονὰς
2726 1749 2975 1820 σφαλεῖέν
3036 1766 3182 1804 ποτε.
3232 1750 3296 1802 Εἰ
3354 1749 3457 1820 γάρ
3507 1749 3607 1802 καὶ
3669 1750 3731 1800 ὲν

2155 1843 2370 1906 παιδιᾶς
2411 1843 2564 1914 μέρει
2608 1841 3128 1914 παραλαμϐάνεσθαι
3175 1843 3404 1912 φήσουσι
3444 1841 3540 1904 τὰς
3595 1841 3732 1904 θέας

2155 1937 2232 1997 εἰς
2261 1933 2523 2004 θυμηδίαν
2544 1976 2558 1999 ,
2603 1935 2663 1988 ού
2697 1937 2991 2006 σωφρονεῖν
3029 1934 3255 2005 φήσαιμ’
3285 1933 3348 1987 ἂν
3378 1933 3472 1996 τάς
3513 1933 3731 1999 πόλεις,

2155 2023 2241 2092 αἷς
2274 2028 2367 2081 καὶ
2399 2027 2458 2080 τὸ
2489 2027 2698 2092 παίζειν
2739 2028 3116 2093 σπουδάζεται.
3163 2026 3276 2080 Ούκ
3321 2025 3400 2078 ἔτι
3437 2027 3542 2097 γὰρ
3589 2043 3730 2080 παι-

2153 2119 2262 2174 διαὶ
2302 2121 2356 2173 αἱ
2400 2105 2691 2189 φιλοδοξίαι
2733 2118 3012 2190 ἀνηλεεῖς,
3052 2121 3131 2182 εἰς
3175 2117 3423 2172 τοσοῦτον
3475 2117 3731 2171 θανατῶ-

2156 2228 2245 2265 σαι
2276 2211 2405 2282 (51).
2466 2210 2602 2263 Ἀλλ’
2650 2210 2770 2270 οὐδὲ
2812 2213 2867 2265 αί
2915 2210 3322 2272 κενοσπουδίαι,
3368 2210 3461 2263 καὶ
3503 2212 3556 2264 αἱ
3600 2209 3735 2262 ἀλό-

2155 2319 2330 2372 γιστοι
2357 2302 2650 2373 φιλοτιμίαι
2669 2319 2681 2332 ο
2711 2302 2847 2372 πρὸς
2866 2301 2919 2355 δὲ
2953 2302 3045 2356 καὶ
3072 2304 3127 2356 αί
3159 2301 3374 2373 μάταιοι
3405 2299 3735 2354 καταναλὼο

2159 2413 2270 2458 σεις
2310 2396 2406 2465 τῆς
2455 2395 2676 2458 οὐσίας·
2725 2393 2849 2448 οὔτε
2912 2395 3018 2466 μὴν
3074 2397 3129 2449 αί
3183 2395 3276 2449 ἐπὶ
3329 2394 3533 2459 τούτοις
3596 2396 3734 2448 στά-

2158 2506 2271 2553 σεις
2321 2489 2428 2558 (52)
2479 2487 2558 2541 ἔτι
2605 2483 2841 2542 παιδιαί.”
2907 2489 2979 2541 Τὸ
3032 2487 3088 2541 δὲ
3147 2487 3407 2559 ῥᾳθυμεῖν
3465 2487 3732 2542 οὐδέποτε

2157 2578 2388 2650 ὠνητέον
2421 2579 2774 2650 κενοσπουδίᾳ
2806 2579 2934 2650 (55)·
2962 2579 3023 2632 ού
3047 2577 3156 2650 γὰρ
3179 2579 3312 2651 πρὸς
3339 2577 3430 2632 τοῦ
3455 2578 3734 2648 βελτίονος

2157 2669 2327 2723 ἓλοιτο
2359 2669 2422 2724 ἄν
2460 2687 2590 2723 ποτε
2631 2671 2660 2722 ὁ
2687 2669 2812 2723 νοῦν
2841 2669 2978 2740 ἔχων
3003 2673 3062 2722 τὸ
3084 2670 3248 2740 ἥδιον.
3305 2670 3443 2722 Ἀλλ’
3482 2670 3543 2723 οὐ
3585 2671 3733 2724 πάνυ

2158 2779 2280 2828 τες,
2327 2763 2502 2832 φησὶ,
2552 2760 2962 2832 φιλοσοφοῦμεν.
3011 2762 3157 2833 Μήτι
3206 2757 3298 2814 οὖν
3343 2760 3460 2814 οὐδὲ
3515 2761 3735 2826 πάντες

2159 2856 2256 2924 τὴν
2293 2853 2436 2925 ζωὴν
2473 2854 2874 2925 μετερχόμεθα;
2903 2853 2966 2906 Τί
3006 2854 3070 2906 σὺ
3102 2853 3311 2922 λέγεις;
3346 2853 3460 2917 πῶς
3483 2849 3581 2906 οὖν
3631 2871 3738 2907 πε-

2161 2944 2490 3008 πίστευκας;
2524 2943 2646 3006 Πῶς
2681 2944 2768 2997 δαὶ
2814 2943 2924 3014 (54)
2964 2943 3042 2996 ἔτι
3081 2945 3299 3014 ἀγαπᾷς
3330 2943 3418 2996 τὸν
3455 2943 3591 2996 Θεὸν
3635 2944 3738 2996 καὶ

2160 3035 2249 3089 τὸν
2289 3035 2514 3107 πλησίον
2555 3051 2647 3088 σου
2669 3074 2684 3099 ,
2733 3033 2806 3106 μὴ
2844 3033 3178 3104 φιλοσοφῶν;
3229 3033 3347 3099 πῶς
3395 3034 3451 3088 δὲ
3497 3036 3736 3088 σεαυτὸν

2159 3131 2409 3202 ἀγαπᾷς,
2460 3131 2508 3183 εί
2548 3129 2622 3200 μὴ
2669 3128 2985 3198 φιλοζωεῖς;
3034 3129 3367 3201 Γράμματα,
3402 3129 3592 3199 φησὶν,
3632 3130 3737 3183 οὐκ

2162 3221 2380 3294 ἔμαθον.
2469 3219 2603 3275 Ἀλλ’
2648 3222 2698 3274 εί
2737 3219 2811 3292 μὴ
2848 3221 2908 3274 τὸ
2957 3219 3348 3290 ἀναγινώσκειν
3391 3220 3627 3292 ἔμαθες,
3673 3219 3739 3275 τὸ

2161 3311 2376 3366 ἀκούειν
2415 3311 2833 3383 ἀναπολόγητον,
2878 3312 2959 3365 ὅτι
3001 3311 3075 3383 μὴ
3117 3311 3390 3366 διδακτόν·
3443 3311 3633 3378 πίστις
3674 3313 3741 3369 δὲ

2158 3406 2220 3457 ού
2261 3404 2438 3474 σοφῶν
2477 3404 2586 3476 (55)
2620 3405 2728 3457 τῶν
2768 3407 2909 3460 κατά
2962 3406 3198 3475 κόσμον,
3253 3405 3389 3458 ἀλλὰ
3433 3405 3539 3459 τῶν
3586 3405 3741 3462 κατὰ

2161 3496 2290 3550 Θεόν
2339 3499 2453 3550 ἐστι
2505 3497 2564 3550 τὸ
2609 3496 2828 3568 κτῆμαο
2886 3499 2920 3567 ή
2967 3497 3024 3550 δὲ
3063 3497 3157 3552 καὶ
3204 3496 3331 3550 ἄνευ
3379 3501 3739 3570 γραμμάτων

2160 3584 2536 3642 ὲκπαιδεύεται
2563 3609 2574 3620 ·
2622 3588 2716 3644 καὶ
2751 3589 2810 3642 τὸ
2851 3589 3201 3674 σύγγραμμῆ
3228 3589 3429 3660 αὐτῆς,
3478 3589 3535 3642 τὸ
3587 3589 3740 3642 ἰδιω-

2157 3683 2308 3736 τικὸν
2345 3683 2458 3752 ἅμα
2504 3682 2598 3737 καὶ
2649 3681 2825 3748 θεῖον,
2874 3683 3062 3754 ἀγάπη
3112 3683 3402 3755 κέκληται,
3439 3681 3739 3753 σύνταγμα

2157 3775 2537 3845 πνευματικόν.
2605 3773 2752 3840 Ἐξὸν
2799 3775 2855 3828 δὲ
2901 3774 3202 3847 ἀκροᾶσθαι
3241 3776 3338 3846 μὲν
3377 3775 3566 3843 σοφίας
3615 3775 3736 3827 θεῖ·-

2160 3864 2291 3935 κῆς,
2316 3864 2466 3918 -ἀλλά
2501 3867 2594 3919 καὶ
2631 3863 3050 3919 πολιτεύσασθαι
3088 3863 3203 3928 ἐξόν
3224 3881 3238 3894 °
3273 3862 3408 3916 ἀλλά
3445 3862 3535 3916 καὶ
3568 3862 3640 3914 τά
3671 3863 3732 3913 ὲν

2156 3953 2344 4024 κόσμῳ
2384 3954 2624 4025 κοσμίως
2651 3953 2792 4008 κατά
2839 3953 2970 4006 Θεὸν
3014 3953 3245 4022 ἀπάγειν
3284 3952 3392 4022 (56)
3439 3952 3497 4004 ού
3539 3947 3730 4001 κεκώ-

2155 4045 2335 4099 λυται⁸
2372 4046 2464 4100 καὶ
2505 4049 2532 4099 ὁ
2559 4045 2751 4099 πωλῶν
2784 4045 2838 4098 τὶ
2881 4045 3271 4117 ῆώνούμενος,
3317 4046 3388 4114 μή
3423 4057 3548 4094 ποτε
3589 4041 3733 4115 εἴπῃ

2156 4137 2248 4191 δύο
2283 4137 2446 4207 τιμάς
2477 4131 2551 4191 ὧν
2592 4136 2658 4191 ἂν
2697 4137 2729 4209 ἢ
2767 4137 2971 4210 ὠνῆται
3019 4137 3051 4208 ἢ
3095 4137 3408 4208 πιπράσκῃ·
3446 4132 3630 4202 ἀπλῆν
3664 4133 3732 4187 δὲ

2155 4230 2354 4297 εἰπὼν,
2401 4231 2496 4285 καὶ
2553 4229 2836 4300 ἀληθεύειν
2885 4228 3156 4300 μελετῶν,
3213 4227 3278 4281 ἂν
3347 4227 3420 4296 μὴ
3475 4225 3733 4300 τυγχάνῃ

2154 4323 2388 4395 ταύτης,
2427 4322 2706 4394 τυγχάνων
2747 4322 2844 4393 τῆς
2885 4321 3144 4393 ἀληθείας
3169 4361 3183 4385 ,
3243 4319 3460 4372 πλουτεῖ
3496 4321 3561 4388 τῇ
3607 4318 3732 4372 διακ-

551 4520 665 4600 ςΞἹ)
717 4521 886 4600 ᾷέαγ.
939 4522 1420 4600 TertullianusDc
1477 4539 1729 4600 spectaca
1756 4544 1879 4598 cap.
1921 4527 1993 4600 25
2031 4546 2044 4581 :

2156 4527 2536 4581 tur.Minutius
2557 4543 2609 4596 p.
2635 4527 2768 4600 3&3:
2801 4546 2819 4576 ‹
2843 4524 2975 4600 Nam
3003 4525 3056 4578 in
3090 4526 3232 4600 ludis
3253 4525 3568 4600 currulihus
3596 4528 3731 4600 quis

487 4607 506 4639 ο
527 4589 696 4668 Nemo
717 4593 958 4668 denique
982 4597 1040 4668 in
1059 4597 1372 4668 spectaculo
1407 4589 1642 4650 ineundo
1665 4589 1870 4668 aliquid
1901 4599 2052 4668 prius

481 4661 707 4727 c0gitat,
747 4661 849 4714 nisi
873 4663 1042 4715 videri
1068 4661 1123 4717 et
1144 4667 1349 4719 videre.
1392 4685 1409 4716 ι

1165 4737 1300 4820 Ρῖλι.Δ
1317 4751 1420 4790 ms.
1439 4734 1806 4820 λιχνευούσης,
1830 4757 1848 4790 ι
1873 4739 2049 4819 catul-

482 4797 652 4878 neme
671 4797 818 4878 visu.
845 4797 1156 4878 )thLBUilC.
1181 4836 1251 4845 —
1271 4797 1628 4878 Λιχνευούσης
1658 4797 1854 4865 habent
1885 4809 2048 4864 etiam

478 4865 649 4942 Nova,
682 4871 836 4942 lieg.,
867 4869 1024 4942 Bod.,
1055 4891 1177 4941 qua:
1205 4865 1426 4942 proinde
1461 4865 1595 4930 vera'
1610 4865 1778 4932 lectio
1804 4889 1904 4935 est.

550 4939 662 5081 £29)
710 4939 1130 5022 Ἀπειρηζὶσοωόρ.
1163 4939 1246 4998 Cf.
1283 4944 1466 5001 Const.
1498 4950 2046 5015 apost.lib.vnt,c.32.

572 5010 663 5080 50)
699 5010 986 5077 Ἐαυτοις.
1011 5012 1292 5070 Lowthius
1314 5018 1417 5070 ait:
1448 5035 1467 5066 ‹
1497 5016 1636 5081 Lege
1657 5020 1867 5081 αὐτοίς;
1891 5030 1946 5075 et
1961 5037 2046 5075 re-

699 5010 986 5086 'Eav_toic_.
1011 5012 1292 5070 Lowthius
1314 5018 1417 5070 ait:
1448 5035 1467 5066 ‹
1497 5010 1636 5086 Lege
1657 5010 1946 5085 αὐτοίςςει
1961 5037 2047 5075 re-

475 5077 762 5163 ferendum
795 5084 860 5134 ad
891 5083 1261 5163 γελωτοποιοί,
1285 5089 1428 5163 quod
1445 5077 1764 5163 praecessit.
1789 5111 1808 5142 ι

546 5151 658 5218 (51)
692 5153 1056 5228 Samnitem.
1094 5151 1342 5226 Intelligit
1368 5151 1523 5211 ludos
1549 5158 1932 5228 gladiatorum,
1957 5178 2048 5216 eo-

477 5234 710 5290 rumque
751 5226 843 5293 qui
875 5241 1000 5298 cum
1037 5228 1168 5298 leris
1214 5231 1544 5298 pugnabant.
1566 5226 1943 5298 Tertullianus
1967 5232 2045 5286 De

475 5301 702 5369 φερῖρε.
748 5309 885 5369 cap._
913 5296 1016 5369 )8:
1073 5316 1092 5347 ε
1125 5295 1182 5350 Si
1214 5295 1496 5358 saevitiam,
1531 5297 1577 5352 si
1610 5299 1963 5369 impietatem,
1997 5304 2042 5357 si

477 5357 749 5443 feritatem
798 5357 958 5443 nobis
990 5369 1322 5443 permissam
1371 5357 1702 5443 contendere
1725 5357 2040 5443 possumus.

475 5445 668 5512 eamus
693 5436 747 5486 in
778 5437 1263 5512 amphitheatrum,
1289 5449 1394 5494 etc.
1429 5436 1746 5512 Lactantius
1772 5441 2040 5512 Epitomes

476 5514 602 5581 cap._
735 5521 754 5556 ι
781 5501 1223 5582 Ιῃνεη-ιαμῑαωεη
1251 5501 1618 5582 consuetudo,
1647 5501 1916 5580 quatenus
1939 5513 2039 5566 ho-

475 5572 757 5648 micidium
789 5575 908 5630 sine
935 5578 1078 5632 bello
1105 5595 1168 5632 ac
1201 5582 1320 5633 sine
1356 5578 1565 5647 legibus
1593 5572 1826 5648 faciant;
1853 5593 1909 5636 et
1938 5585 2040 5636 hoc

475 5642 840 5716 διιχριυριεβ.
868 5650 1015 5710 quod
1051 5650 1228 5705 scelus
1258 5642 1548 5704 vindicarit
1580 5642 1838 5716 caedibus,
1873 5671 1892 5704 ι
1927 5663 2034 5706 etc.

545 5709 1240 5793 {3zl'3tdcetc._lntelligit
1289 5731 1468 5793 motus
1506 5709 1908 5793 seditionesque
1935 5739 2038 5792 po-

475 5779 714 5852 ναίει-οε,
740 5800 860 5859 quae
890 5779 1140 5848 ludorum
1164 5779 1527 5858 conventibus
1556 5807 1697 5866 saepe
1725 5779 2038 5850 excitaban-

2157 4613 2262 4651 non
2301 4600 2516 4652 horreat
2544 4595 2722 4666 populi
2758 4599 2808 4650 in
2845 4613 2903 4650 se
2935 4597 3162 4650 rixantis
3190 4597 3498 4650 insaniam?
3525 4595 3577 4648 in
3607 4597 3730 4666 gla-

2150 4668 2398 4722 dialoriis
2439 4668 2714 4721 homicidii
2749 4667 3182 4735 disciplinam?»
3225 4666 3598 4720 Tertullianus
3643 4667 3732 4720 De

2149 4748 2309 4804 speci.
2343 4754 2460 4806 cap.
2505 4739 2570 4790 16
2607 4739 2707 4790 hoc
2741 4747 3118 4807 argumentum
3155 4739 3730 4807 latiusqersequitur.

2152 4807 2296 4861 Idem
2334 4811 2452 4861 adv.
2496 4807 2780 4871 Marciam,
2812 4805 2912 4860 lib.
2947 4822 2985 4867 I,
3012 4823 3130 4875 cap.
3164 4808 3263 4860 ‘27:
3301 4805 3442 4872 Quid
3477 4823 3580 4860 non
3613 4807 3728 4858 fte-

2151 4889 2380 4946 quentas
2414 4887 2520 4931 tam
2554 4877 2824 4932 solemnes
2863 4878 3166 4945 voluptates
3204 4878 3331 4930 circi
3372 4877 3630 4934 fui-enus,
3661 4885 3726 4929 et

2147 4945 2327 5001 caveae
2357 4948 2649 5003 saevientis.
2673 4958 2727 5002 et
2752 4964 2927 5001 scenae
2957 4948 3360 5001 lascivientis?»
3397 4945 3724 4999 Lactantius

2150 5017 2384 5087 Epirum.
2416 5033 2527 5088 cap.
2559 5018 2624 5072 9:
2680 5037 2697 5069 ‹
2731 5018 2920 5072 Circus
2951 5034 3056 5070 non
3091 5018 3430 5071 innocentior
3471 5015 3726 5067 aestima-

2149 5099 2257 5153 tur,
2291 5089 2382 5143 sed
2409 5090 2578 5158 major
2611 5088 2700 5142 hic
2731 5090 2880 5141 furor
2904 5099 3022 5141 est:
3054 5089 3320 5156 siquidem
3353 5095 3724 5158 mentesspg.»

2145 5159 2411 5213 etantiutn
2470 5155 2613 5212 tanta
2663 5159 2911 5212 feruntur
2954 5155 3187 5219 insania,
3225 5165 3282 5208 ut
3316 5169 3424 5208 non
3467 5155 3630 5207 modo
3658 5156 3722 5210 in

2145 5230 2412 5282 convicia.
2439 5229 2532 5283 sed
2557 5231 2718 5282 etiam
2757 5230 2808 5281 in
2839 5230 2985 5281 rixas
3032 5243 3130 5281 nec
3159 5243 3265 5280 non
3294 5235 3349 5278 et
3371 5227 3427 5278 in
3454 5227 3637 5294 praelia
3660 5236 3723 5280 et

2145 5302 2521 5353 contentiones
2550 5315 2691 5366 smpe
2719 5307 3068 5367 consurgant.
3098 5318 3116 5349 ι

2217 5365 2783 5442 (55Ηιῑενοσποὺδίᾳ.
2834 5365 3073 5442 Respicit
3118 5381 3307 5420 eorum
3337 5365 3720 5442 ambitionem,

2144 5436 2237 5510 qui
2269 5436 2336 5494 ad
2367 5443 2694 5510 captandum
2743 5439 2926 5508 populi
2974 5437 3216 5510 favorem
3256 5437 3566 5510 spectacula
3615 5436 3724 5488 im—

2141 5506 2350 5565 mensis
2399 5506 2706 5581 sumptibus
2743 5506 2999 5563 edebant.
3051 5508 3325 5574 Exemplis
3369 5506 3540 5576 plena:
3588 5517 3726 5561 sunt

2145 5582 2514 5635 llomanorum
2551 5581 2806 5634 historiae.

2214 5652 2325 5724 (54)
2355 5652 2476 5705 Δαί.
2499 5651 2566 5706 Δέ
2583 5649 2931 5724 ῌονῚιὶεθ,
2947 5649 3080 5724 Bod.

2212 5717 2322 5791 (55)
2359 5724 2440 5775 Οὐ
2465 5719 2690 5790 σοφῶν.
2723 5717 2963 5790 Respicit
2985 5719 3010 5791 ,Ι
3037 5721 3169 5791 (Lor.
3197 5734 3234 5782 ι,
3261 5717 3354 5782 9.6,
3385 5717 3474 5791 27.

2214 5784 2324 5863 (56)
2353 5784 2634 5863 Ἀπάγὲιγ.
2660 5784 2869 5848 Lowtli.
2896 5807 2960 5846 :‘c
2973 5790 3111 5861 Lege
3142 5784 3293 5857 ἄγειν
3324 5791 3406 5843 vel
3428 5789 3662 5854 διάγειν.
3699 5807 3717 5839 ι
