3960 6526
236 465 334 520 661
1466 455 1574 511 PE
1584 451 1801 511 DAGOG

1907 451 2002 506 .lB.
2040 450 2127 506 Ill.
3374 445 3478 498 σοι

233 579 446 644 ὀδύναις
500 579 768 652 ἐπιτρίϐει
833 579 957 642 τοὺς
1009 577 1361 650 ἀνθρώπουςς
1413 578 1711 648 φιλήματα·
1744 576 1801 630 δέ

1907 574 2100 646 langia,
2146 573 2189 627 si
2241 587 2334 626 ore
2360 581 2569 624 tantum
2610 575 2867 631 tangant,
2897 582 3089 638 graves
3121 566 3337 622 dolores
3379 565 3480 620 ho-

234 671 494 736 πολλάκις
527 671 728 742 ἐνίησιν
779 670 854 724 ἰὸν
904 669 1215 734 ἀκολασίας.
1249 671 1423 738 Σαφές
1459 669 1638 722 τοίνυν
1679 670 1801 739 ἡμῖν

1913 667 2152 722 minibus
2195 664 2467 719 all‘erunt?
2505 661 2702 717 Oscula
2749 669 2928 714 autem
2959 660 3308 729 impudicitia:
3335 675 3477 728 Saepe

231 765 547 835 γεγένηται,
571 764 647 826 ὼς
678 763 777 816 ούκ
804 762 949 816 ἔστιν
971 763 1157 832 ἀγάπη
1186 762 1246 814 τὸ
1279 760 1516 832 φίλημα·
1553 780 1572 812 ι
1613 761 1675 812 Ἡ
1701 759 1808 830 γάρ

232 855 422 925 ἀγάπη
439 853 532 908 τοῦ
551 852 685 907 Θεοῦ
701 853 811 922 (62)
829 853 994 906 ἐστίν.
1011 851 1184 924 »Αὕτη
1200 851 1257 904 δέ
1277 853 1424 904 ἐστιν
1443 853 1476 921 ὴ
1496 849 1605 919 (65)
1621 849 1806 920 ἀγάπη

228 945 326 1000 τοῦ
353 945 509 1008 Θεοῦ,
535 965 554 998 ι
583 945 747 1016 φησὶν
791 945 1060 1015 Ἰωάννης,
1089 963 1107 994 ι
1134 943 1220 997 ἵνα
1259 942 1358 1005 τὰς
1389 941 1607 1005 ἐντολάς
1637 943 1806 1013 τηρή-

233 1055 437 1109 σωμεν,
471 1057 489 1089 ι
521 1037 617 1108 οὐχ
649 1038 734 1090 ἵνα
762 1037 1027 1107 σαίνωμεν
1064 1034 1322 1106 ἀλλήλους
1353 1035 1410 1087 ἐν
1437 1033 1514 1104 τῷ
1551 1033 1804 1104 στόματι·

237 1145 256 1178 ι
282 1127 393 1180 Καὶ
420 1129 475 1179 αἰ
498 1127 705 1180 ἐντολαὶ
735 1125 896 1179 αὑτοῦ
925 1127 1139 1197 βαρεῖαι
1168 1126 1267 1178 οὐκ
1297 1125 1452 1178 εἰσίν.
1470 1143 1487 1177 ι
1520 1122 1679 1176 Ἀλλά
1705 1121 1810 1194 μὴν

231 1219 327 1272 καὶ
349 1220 398 1271 οί
426 1218 566 1272 κατά
589 1217 686 1281 τὰς
701 1218 852 1280 ὁδοὺς
866 1216 1161 1287 ἀγαπητῶν
1182 1217 1480 1287 ἀσπασμοί,
1500 1213 1810 1288 παρρησίας

230 1312 460 1382 ἀνοήτου
474 1311 751 1380 γέμοντες,
765 1308 1085 1378 καταφανῶν
1100 1311 1210 1370 τοῖς
1223 1307 1378 1370 ἐκτὸς
1398 1305 1530 1376 (63‘)
1545 1301 1681 1358 εἶναι
1696 1303 1811 1375 βου-

228 1400 494 1471 λομένων,
511 1401 630 1454 οὐδὲ
651 1401 936 1472 ἐλαχίστης
954 1400 1236 1472 μετέχουσι
1255 1399 1492 1470 χάριτος·
1513 1399 1561 1451 εἰ
1574 1397 1682 1470 γὰρ
1696 1397 1806 1469 (64)

238 1514 255 1545 ι
283 1498 340 1548 ἐν
360 1495 438 1565 τῷ
468 1495 698 1566 ταμιείῳ
725 1515 742 1545 ι
778 1493 1052 1564 μυστικῶς
1083 1513 1100 1544 ι
1127 1492 1519 1566 προσεύχεσθαι
1542 1511 1560 1542 ι
1581 1491 1658 1562 τῷ
1689 1489 1810 1561 Θεῷ

226 1581 456 1647 δίκαιον,
513 1582 775 1653 ἑπόμενον
834 1581 900 1635 ἂν
943 1581 1028 1652 εἴη
1071 1582 1167 1634 καὶ
1223 1600 1242 1633 ι
1278 1581 1369 1634 τὸν
1403 1581 1655 1652 πλησίον,
1685 1599 1705 1633 ι
1751 1579 1808 1632 ὃν

226 1675 482 1746 δεύτερον
515 1675 731 1744 ἀγαπᾷν
772 1673 1131 1744 κελευόμεθα,
1166 1674 1366 1745 ὁμοίως
1397 1673 1475 1745 τῷ
1519 1673 1673 1744 Θεῷ,
1716 1675 1809 1726 καὶ

231 1764 514 1834 μυστικῶς
551 1763 989 1834 φιλοφρονεῖσθαι
1019 1763 1249 1828 ἔνδοθεν,
1277 1784 1295 1816 ι
1315 1765 1809 1837 ἐξαγοραζομένους

224 1857 319 1908 τὸν
358 1856 574 1928 καιρόν·
607 1856 668 1909 τὸ
704 1855 811 1928 γάρ
856 1857 988 1920 ἃλας
1033 1858 1132 1928 τῆς
1167 1858 1269 1928 γῆς
1308 1859 1486 1928 ἡμεῖς.
1537 1860 1633 1922 Ὃς
1664 1857 1708 1910 δ’
1743 1856 1809 1910 ἂν

1910 763 2060 814 virus
2109 759 2427 812 immittunt.
2469 754 2814 818 Manifestum
2865 753 3047 822 itaque
3085 753 3244 806 nobis
3274 751 3477 806 factum

1909 859 2012 915 est,
2044 849 2288 904 osculum
2325 864 2431 902 non
2458 861 2579 902 esse
2615 845 2961 899 dilectionem
2995 861 3007 896 :
3039 863 3057 896 ι
3095 844 3310 898 dilectio
3333 844 3476 897 enim

1911 953 1996 996 est
2047 940 2205 996 Dein.
2271 939 2397 994 llaec
2445 948 2529 994 est
2573 947 2752 992 autem
2802 937 3020 992 dilectio
3075 935 3192 1002 Dei,
3232 954 3250 988 ι
3303 935 3480 1004 inquit

1911 1035 2168 1096 Joannes,
2217 1053 2236 1086 ι
2271 1043 2328 1089 ιιι
2373 1031 2623 1087 mandata
2675 1045 2958 1086 servemus
2997 1046 3010 1084 :
3062 1047 3079 1080 ι
3116 1044 3224 1082 non
3268 1037 3329 1082 ut
3378 1042 3480 1080 nos

1912 1127 2143 1182 invicem
2187 1141 2283 1180 ore
2335 1125 2745 1180 demulceamus
2797 1141 2810 1176 :
2861 1141 2878 1174 ι
2938 1130 2992 1175 et
3045 1121 3300 1174 mandata
3359 1117 3479 1188 ejus

1911 1219 2096 1288 gravia
2139 1231 2246 1271 non
2294 1226 2422 1272 sunt
2448 1217 2498 1271 ι).
2533 1236 2551 1268 ι
2587 1218 2851 1272 Caeterum
2899 1214 3217 1269 dilectorum
3262 1226 3479 1281 quoque

1913 1311 1966 1364 in
2003 1311 2086 1364 via
2121 1309 2498 1374 salutationes,
2533 1324 2655 1364 cum
2685 1308 2848 1363 stulta
2876 1305 3123 1360 libertate
3156 1304 3326 1374 plena:
3347 1303 3476 1366 sint,

1909 1409 1961 1453 et
2015 1398 2082 1453 ab
2135 1399 2200 1454 iis
2237 1399 2399 1463 ﬁant,
2445 1397 2538 1469 qui
2578 1397 2766 1451 volunt
2796 1411 2890 1464 per
2933 1409 3023 1449 res
3064 1401 3321 1448 externas
3358 1405 3479 1446 sese

1915 1489 2068 1558 ιιι
2107 1499 2400 1554 ostentare,
2435 1504 2501 1542 ne
2539 1487 2822 1542 minimam
2862 1484 3080 1555 quidem
3126 1482 3328 1538 habent
3355 1494 3478 1552 gra—

1913 1583 2062 1636 tiam.
2100 1580 2155 1636 Si
2186 1582 2329 1635 enim
2363 1582 2416 1636 in
2448 1599 2466 1632 ι
2507 1581 2669 1650 adyto
2704 1603 2721 1632 ο
2756 1577 2981 1650 mystice
3009 1576 3178 1632 Deum
3210 1594 3229 1628 ι
3261 1591 3419 1630 orare
3453 1594 3471 1626 ι

1913 1680 1970 1736 ›Ι‹
1994 1675 2264 1736 convenit,
2289 1688 2631 1742 consequens
2647 1671 2840 1726 fuerin
2866 1670 3171 1741 proximum
3196 1691 3216 1721 ι
3237 1683 3474 1739 quoque,

1909 1782 2070 1836 quem
2103 1768 2345 1822 secundo
2385 1767 2502 1820 loco
2533 1765 2791 1835 jubemur
2825 1783 2842 1814 ι
2889 1763 3138 1838 diligere,
3176 1781 3194 1814 ι
3228 1761 3478 1816 similiter

1909 1875 1972 1914 ac
2001 1857 2188 1924 Deum,
2229 1869 2281 1913 et
2311 1858 2535 1930 mystice
2566 1858 2712 1912 intus
2743 1855 3048 1925 complecti,
3083 1873 3101 1906 ι
3130 1854 3474 1909 occasionem

226 1947 449 2018 εὐλογῇ,
488 1967 507 2000 ι
540 1948 699 2018 φησί,
734 1967 749 1996 ι
785 1948 935 2016 φίλον
985 1948 1046 2001 τὸ
1079 1947 1220 2018 πρωῒ
1265 1949 1472 2019 μεγάλῃ
1518 1951 1584 2019 τῇ
1635 1952 1801 2020 φωνῇ,

1913 1949 2238 2005 redimentes
2267 1969 2279 2004 :
2314 1965 2412 2005 nos
2442 1949 2585 2004 enim
2618 1963 2809 2002 sumus
2850 1947 2931 2002 sal
2972 1956 3129 2000 terrai
3158 1957 3203 2000 ο.
3238 1944 3342 2011 Qui
3377 1959 3477 1998 au-

225 2038 619 2108 καταρωμένου
653 2036 802 2090 οὐδὲν
842 2038 1114 2110 διαφέρειν
1147 2037 1308 2101 δόξει.
1340 2057 1356 2088 ι
1397 2040 1553 2091 Δοκεῖ
1587 2038 1643 2090 δὲ
1671 2039 1809 2110 ὑπὲρ

225 2129 408 2181 πάντα
443 2129 540 2199 τῆς
586 2127 694 2182 τῶν
750 2129 1023 2198 γυναικῶν
1069 2129 1244 2198 ὅψεως
1289 2129 1698 2201 ἀπεστράφθαι·
1748 2131 1808 2182 οὐ

225 2219 338 2291 γάρ
381 2220 694 2292 ἁψαμένους
726 2222 912 2292 μόνον,
948 2220 1080 2274 ἀλλά
1125 2221 1216 2274 καὶ
1253 2221 1622 2293 θεασαμένους
1664 2223 1808 2276 ἐστιν

223 2311 530 2382 ἁμαρτεῖν·
559 2307 633 2367 ὧν
663 2313 894 2384 μάλιστα
937 2313 1266 2382 ἀποφεύγειν
1302 2315 1406 2384 χρὴ
1444 2314 1536 2367 τὸν
1572 2315 1808 2385 γνησίως

226 2406 744 2477 παιδαγωγούμενον
766 2423 780 2436 ·
816 2426 834 2458 ι
863 2409 923 2460 Ui
956 2406 1224 2476 ὀφθαλμοὶ
1262 2407 1369 2478 γάρ
1398 2424 1491 2460 σου
1524 2407 1659 2482 ὀρθὰ
1691 2407 1808 2478 βλε-

224 2498 512 2552 πέτωσαν·
565 2499 634 2552 τὰ
669 2500 725 2553 δὲ
761 2499 1000 2572 βλέφαρα
1025 2499 1136 2566 (65)
1174 2500 1376 2553 νευέτω
1413 2501 1616 2554 δίκαια.
1651 2521 1668 2552 ι
1715 2501 1804 2572 Μὴ

222 2587 336 2658 γὰρ
362 2587 462 2640 ούκ
493 2587 611 2653 ἐξὸν
643 2589 738 2641 καὶ
766 2588 938 2642 ἰδόντα
970 2592 1275 2660 καρτερεῖν,
1303 2589 1437 2642 ἀλλά
1457 2590 1516 2643 τὸ
1547 2592 1804 2662 ἐμπεσεῖν

221 2679 550 2748 φυλακτέον.
598 2681 830 2735 Δυνατδν
862 2680 970 2752 γὰρ
1021 2681 1194 2735 ἰδόντα
1231 2680 1462 2735 ὀλισθεῖν
1482 2698 1498 2714 ·
1525 2683 1804 2754 ἀμήχανον

219 2771 301 2835 δὲ,
333 2771 408 2843 μὴ
435 2772 628 2837 ἰδόντα,
656 2773 965 2844 ἐπιθυμεῖν.
982 2775 1056 2826 Οὐ
1078 2773 1185 2845 γάρ
1211 2774 1274 2828 τὸ
1298 2772 1618 2846 καθαρεύειν
1647 2774 1803 2846 μόνον

220 2865 441 2937 ἀπόχρη
487 2869 600 2930 τοῖς
632 2865 920 2938 σώφροσιν,
957 2867 1204 2920 ἀλλὰκαὶ
1245 2867 1306 2920 τὸ
1347 2868 1504 2932 ἐκτὸς
1534 2864 1673 2921 εἰναι
1707 2868 1801 2922 τοῦ

217 2956 396 3024 ψόγου
427 2958 805 3022 σπουδαστέον,
850 2960 1028 3012 πᾶσαν
1074 2959 1504 3023 ἀποκλείσαντας
1549 2960 1803 3024 ὑπονοίας

219 3047 426 3114 αἰτίαν,
465 3049 601 3118 πρὸς
647 3051 1112 3120 συγκεφαλαίωσιν
1146 3052 1392 3120 άγνείας⁸
1427 3053 1501 3117 ὼς
1537 3054 1611 3125 μὴ
1643 3054 1801 3125 μόνον

217 3134 368 3191 εἶναι
391 3132 538 3210 ἡμᾶς
570 3142 813 3204 πιστοὺς,
858 3141 994 3195 ἀλλά
1035 3143 1127 3195 καὶ
1159 3143 1504 3209 ἀξιοπίστους
1544 3143 1798 3214 φανῆναι.

219 3231 337 3285 Καὶ
371 3230 481 3303 γάρ
514 3227 606 3285 οὖν
630 3233 724 3286 καὶ
761 3233 917 3288 τοῦτο
960 3235 1434 3307 παραφυλακτέον,
1474 3235 1548 3299 ῶς
1580 3254 1744 3308 φησιν
1771 3238 1802 3291 ὁ

233 3321 576 3385 ’Δπόστολος,
600 3341 618 3374 ι
643 3323 715 3394 μή
739 3341 822 3386 τις
847 3326 995 3394 ἡμᾶς
1020 3326 1379 3396 μωμήσηται·
1415 3325 1800 3398 προνοούμενοι

216 3407 335 3478 γὰρ
354 3407 514 3471 καλὰ,
537 3409 598 3462 οὐ
623 3410 779 3480 μόνον
805 3411 1032 3465 ἐνώπιον
1048 3414 1274 3484 Κυρίου,
1298 3413 1433 3467 ἀλλά
1455 3418 1549 3469 καὶ
1574 3415 1802 3470 ἐνώπιον

215 3497 549 3569 ἀνθρώπιον.
608 3491 970 3572 Ἃπὸστρεψον
1009 3502 1066 3554 δὲ
1105 3503 1196 3555 τὸν
1231 3502 1340 3573 (66)
1391 3504 1664 3576 ὀφθαλμὸν
1695 3506 1802 3560 ἀπὸ

216 3591 483 3658 γυναικὸς
501 3594 962 3665 κεχαριτωμένης,
986 3596 1077 3648 καὶ
1104 3594 1177 3666 μὴ
1202 3595 1580 3667 καταμάνθανε
1608 3598 1801 3663 κάλλος

218 3681 524 3753 ἀλλότριον,
559 3703 577 3735 ι
610 3684 772 3754 φησιν
808 3686 841 3756 ὴ
890 3685 1109 3758 Γραφή·
1143 3687 1246 3742 κᾶν
1289 3686 1435 3760 πύθῃ
1471 3687 1568 3758 τὴν
1602 3690 1799 3757 αἰτίαν,

217 3774 763 3847 προσεπεξηγήσεταί
815 3793 949 3830 σοι·
1010 3797 1028 3829 ι
1071 3779 1160 3832 Ἐν
1206 3777 1315 3851 γὰρ
1373 3779 1555 3833 κάλλει
1611 3798 1801 3849 γυναι-

217 3867 319 3929 κδς
347 3865 533 3919 πολλοὶ
574 3868 1064 3941 ἀπεπλανήθησαν,
1099 3871 1193 3924 καὶ
1225 3872 1291 3923 ἐκ
1328 3871 1518 3924 τούτου
1545 3872 1694 3941 φιλία
1725 3875 1802 3938 ὼς

220 3956 338 4027 πῦρ
379 3958 838 4024 ἀνακαίεται,›εἰς
875 3960 987 4032 πῦρ
1021 3961 1227 4030 ἄγουσα
1271 3963 1688 4018 ἀκατάπαυστον
1713 3967 1804 4021 διὰ

216 4049 323 4118 τὴν
349 4049 640 4120 ἁμαρτίαν·
669 4054 701 4123 ἡ
733 4053 795 4106 ἐκ
825 4054 997 4125 πυρὸς
1026 4053 1321 4126 ὁρμωμένη
1351 4053 1518 4123 φιλία,
1536 4056 1603 4126 ἢν
1626 4057 1802 4128 ἐρωτα

218 4143 574 4211 κεκλήκασιν.

1911 2050 2017 2096 tem
2044 2040 2222 2094 amico
2265 2056 2421 2094 mane
2448 2053 2641 2109 magna
2675 2053 2807 2091 voce
2844 2036 3142 2099 benedixit,
3171 2035 3238 2089 ab
3261 2051 3347 2099 eo,
3382 2036 3473 2104 qui

1909 2140 2249 2198 exsecratur,
2303 2131 2439 2185 nihil
2495 2129 2765 2186 videbitur
2816 2127 3034 2182 dilIerre
3081 2121 3130 2180 ⁸.
3191 2146 3210 2178 ι
3255 2125 3479 2181 Videtur

1909 2234 2087 2279 autem
2151 2239 2314 2293 super
2370 2223 2552 2277 omnia
2621 2236 2741 2278 esse
2791 2220 3125 2276 aversandus
3188 2218 3477 2273 mulierum

1909 2328 2162 2387 aspectus
2196 2335 2208 2370 :
2237 2331 2345 2369 non
2375 2317 2551 2371 solum
2584 2313 2728 2369 enim
2761 2314 2807 2368 si
2841 2319 3154 2382 tangantur,
3193 2310 3286 2366 sed
3315 2311 3478 2365 etiam

1908 2411 1956 2465 si
1987 2418 2322 2480 spectentur,
2368 2407 2582 2478 peccari
2624 2415 2802 2478 potest
2830 2421 2843 2458 :
2871 2421 2994 2474 qua:
3040 2403 3278 2458 maxime
3307 2405 3480 2458 vitare

1907 2509 2118 2572 oportet
2150 2516 2296 2561 eum,
2337 2500 2434 2570 qui
2480 2509 2623 2555 recte
2661 2499 2960 2554 instituitur
2989 2515 3001 2550 :
3043 2514 3061 2546 ι
3096 2494 3251 2551 Oculi
3287 2515 3306 2547 ι
3331 2496 3477 2551 enim

1913 2611 1932 2645 ι
1979 2594 2053 2648 tui
2103 2602 2247 2647 recta
2295 2593 2552 2658 videant,
2599 2592 2889 2662 supercilia
2947 2604 3126 2646 autem
3177 2599 3323 2644 recta
3377 2605 3476 2642 anr

1906 2694 2077 2740 nuant
2117 2697 2162 2739 θ.
2207 2704 2225 2736 ι
2260 2684 2371 2740 Etsi
2405 2685 2550 2739 enim
2582 2685 2697 2739 ﬁeri
2732 2693 2928 2754 potest,
2958 2691 3018 2737 ut
3049 2681 3300 2752 quamvis
3327 2681 3478 2734 vide-

1906 2778 1995 2840 rit,
2031 2793 2089 2832 se
2115 2776 2328 2831 fortiter
2351 2786 2520 2846 gerat,
2548 2787 2921 2831 verumtamen
2951 2790 3018 2829 ne
3046 2773 3205 2830 cadat
3229 2815 3244 2839 ,
3275 2788 3476 2828 caven-

1904 2872 2034 2925 dum
2061 2880 2164 2925 est.
2202 2869 2344 2924 Fieri
2379 2870 2522 2924 enim
2549 2877 2745 2940 potest,
2777 2879 2837 2923 ut
2860 2868 2951 2938 qui
2986 2867 3202 2932 viderit,
3230 2867 3476 2933 labatur;

1905 2964 1998 3018 sed
2049 2963 2162 3018 ﬁeri
2211 2978 2318 3018 non
2370 2971 2568 3032 potest,
2607 2970 2665 3017 ut
2699 2961 2792 3030 qni
2826 2975 2934 3014 non
2981 2960 3194 3025 viderit,
3220 2959 3478 3028 concupi-

1905 3065 2042 3110 scat.
2082 3054 2199 3110 Non
2243 3055 2418 3110 solum
2459 3054 2604 3109 enim
2650 3051 3077 3122 temperantibus
3114 3051 3249 3106 satis
3293 3059 3378 3106 est
3418 3059 3480 3104 ut

1904 3149 2012 3206 sint
2043 3147 2187 3218 puri,
2219 3147 2313 3202 sed
2337 3147 2497 3200 etiam
2537 3143 2838 3199 adhibenda
2866 3152 2949 3198 est
2986 3158 3148 3212 opera
3179 3151 3242 3197 ut
3269 3142 3380 3197 sint
3408 3141 3480 3196 ab

1903 3241 2050 3296 omni
2088 3239 2509 3310 reprehensione
2548 3235 2748 3302 alieni,
2781 3243 2842 3290 ut
2873 3237 2945 3290 sit
2972 3243 3351 3290 consummata
3385 3249 3478 3288 ca-

1905 3331 2085 3394 stitas,
2115 3329 2264 3384 omni
2299 3329 2518 3383 exclusa
2561 3325 2893 3397 suspicionis
2921 3342 3086 3381 causa
3121 3343 3133 3377 :
3175 3332 3236 3379 ut
3264 3339 3374 3379 non
3403 3324 3478 3380 si-

1908 3440 2027 3479 mus
2057 3422 2233 3478 solum
2267 3420 2472 3486 lideles,
2521 3419 2614 3474 sed
2658 3419 2822 3474 etiam
2861 3417 3144 3472 videamur
3174 3419 3277 3473 ﬁde
3305 3418 3475 3488 digni.

1906 3515 2118 3571 Etenim
2149 3515 2254 3569 hoc
2278 3527 2496 3583 quoque
2517 3510 2818 3567 cavendum
2843 3519 2946 3576 est,
2971 3519 3030 3564 ut
3055 3510 3130 3564 ait
3157 3510 3475 3581 Apostolus,

1911 3627 1930 3659 ι
1969 3622 2034 3660 ne
2061 3605 2185 3676 quis
2215 3618 2314 3660 nos
2342 3601 2736 3674 reprehendat;
2772 3601 3116 3672 providentes
3144 3602 3288 3656 enim
3333 3601 3477 3656 bona

1905 3715 2012 3754 non
2044 3698 2218 3754 solum
2254 3711 2438 3752 coram
2471 3695 2720 3760 Domino,
2754 3694 2846 3749 sed
2877 3694 3041 3748 etiam
3076 3708 3261 3748 coram
3293 3691 3476 3747 homi-

1905 3791 2064 3846 nibus
2093 3789 2138 3844 ί.
2163 3790 2358 3844 Avertc
2400 3796 2580 3842 autem
2616 3787 2835 3841 oculum
2877 3801 2907 3839 a
2949 3785 3173 3839 muliere
3215 3783 3478 3856 gratiosa,

1903 3892 1957 3937 et
2007 3896 2077 3936 ne
2123 3881 2301 3936 discas
2348 3879 2582 3933 alienam
2633 3877 3092 3948 pulchritudinem
3135 3879 3188 3940 ε,
3244 3895 3262 3928 ι
3298 3876 3477 3946 inquit

1905 3973 2204 4044 Scriptura.
2232 3971 2297 4025 Et
2323 3975 2370 4026 si
2395 3985 2616 4025 causam
2651 3985 2829 4040 roges,
2866 3969 2984 4040 ipsa
3014 3968 3108 4022 tibi
3150 3967 3426 4022 enarrabit
3458 3985 3471 4019 :

1909 4087 1927 4120 ι
1961 4067 2018 4120 ln
2045 4063 2446 4136 pulchritudine
2471 4063 2614 4118 enim
2640 4061 2888 4116 mulieris
2915 4061 3070 4115 multi
3093 4059 3299 4116 seducti
3323 4066 3472 4123 sunt,

1901 4167 1954 4214 et
1987 4175 2052 4214 ex
2087 4172 2182 4223 ea,
2220 4166 2480 4224 tanquam
2515 4153 2688 4223 ignis,
2725 4152 3044 4209 accenditur
3088 4151 3329 4206 amicitia
3359 4150 3410 4216 ιι,
3451 4170 3468 4200 ι

216 4249 346 4302 qua?
373 4235 440 4288 ad
469 4236 645 4306 ignem
695 4253 970 4309 nunquam
1004 4249 1341 4294 υοδεθιιιτυῐη
1367 4240 1586 4298 deduc“
1628 4257 1845 4316 propter
1895 4257 2174 4323 peccatum
2220 4266 2232 4300 :
2266 4245 2534 4312 amicitia,
2569 4246 2820 4315 inquam,
2867 4259 2989 4314 quaa
3024 4259 3092 4298 ex
3125 4245 3248 4314 igne
3276 4243 3472 4307 oritur,

216 4343 391 4397 quam
427 4329 770 4399 appellarunt
807 4347 1074 4387 amorem.

854 4425 1008 4478 ΚΕΦ.
1060 4425 1161 4480 IB'.

225 4511 553 4585 Ἐπιδρομὴ
580 4517 989 4586 κεφαλαιώδης
1013 4518 1224 4587 ὁμοίως
1239 4519 1344 4573 τοῦ
1367 4519 1794 4588 άρίστουβιου·

295 4635 354 4692 .14
394 4628 453 4683 P.
492 4629 598 4684 502
627 4629 736 4684 ED.
774 4612 1343 4697 POTTER,257—258
1377 4631 1486 4688 ED.
1525 4631 1747 4690 PARIS.
1826 4648 1850 4677 ι
1915 4633 1931 4687 ι
1982 4633 2142 4688 Joan.
2186 4649 2259 4697 ιν,
2307 4632 2359 4688 7.
2437 4632 2464 4672 δ
2510 4629 2642 4685 lhid.
2696 4646 2750 4691 v,
2817 4630 2869 4683 δ.

2531 4425 2682 4481 CAP.
2723 4425 2839 4480 XII.

1900 4521 2079 4575 Brevis
2104 4521 2314 4589 optime
2337 4519 2458 4572 vita:
2482 4517 2729 4571 similiter
2750 4516 3115 4586 pertractatio,
3135 4523 3183 4568 et
3211 4523 3335 4585 quot
3358 4511 3478 4566 loca
3517 4565 3525 4572 ,

2950 4641 2971 4669 ε
3033 4628 3224 4684 Matth.
3274 4645 3328 4714 ιι.2
3383 4628 3473 4684 15.

282 4699 312 4740 ἀ
350 4699 520 4755 Prov.
551 4715 722 4765 xxvn,
755 4700 840 4756 l4.
933 4712 956 4741 ο
990 4700 1147 4756 Prov.
1185 4718 1259 4770 Iv,
1287 4704 1378 4758 25.
1462 4702 1482 4742 ί
1516 4703 1560 4757 ιι
1583 4705 1708 4760 Cor.
1745 4722 1794 4760 vr

1907 4705 1976 4769 ΞΟ,
2008 4705 2096 4758 21.
2143 4706 2168 4744 ⁸
2200 4702 2459 4767 Eccli.tx,
2483 4701 2535 4756 8.
2610 4701 2635 4739 ³³
2668 4697 2826 4763 lbid.,
2853 4699 2904 4753 9.

207 4857 518 4920 ⁸πεινῶντας
567 4855 765 4927 ἐσθίειν
816 4857 910 4910 καὶ
946 4856 1020 4927 μὴ
1060 4857 1335 4926 διψῶντας
1372 4862 1567 4916 πίνειν·
1604 4864 1697 4916 καὶ¹
1730 4863 1797 4917 τὰ

209 4927 508 4998 grumam
541 4927 636 5003 καὶ
668 4926 734 4979 τὰ
768 4926 1044 5003 φιλήματα
1064 4927 1411 5003 ’τῶν-καλῶν,
1442 4933 1517 4996 ὡς
1551 4932 1797 5003 χαλεπῶ-

206 4997 372 5076 τερον
409 4997 683 5076 σκορπίων
710 4997 802 5076 καξι
834 4997 1150 5076 φαλαγγίων
1274 5000 1472 5076 ἐνιέναι
1496 4997 1797 5071 πεφυκότα.

213 5089 238 5142 ι
274 5067 534 5121 Socrates
569 5067 752 5135 itaque
776 5067 933 5142 jubet
966 5083 1156 5123 cavere
1179 5069 1481 5142 illecebras,
1515 5067 1635 5142 qum.
1665 5088 1792 5127 sua—

203 5139 345 5191 dent
394 5146 452 5190 ut
501 5152 609 5189 non
659 5138 959 5193 esurientes
1011 5139 1392 5204 eomedamus,
1439 5150 1492 5196 et
1535 5138 1792 5197 bibamus

207 5224 324 5261 non
357 5207 607 5261 sitientes
633 5223 646 5257 :
675 5216 727 5260 et
763 5209 1114 5276 pulchrorum
1145 5210 1370 5266 obtutus
1395 5224 1449 5265 et
1481 5212 1687 5276 oscula,
1733 5221 1791 5266 ut

204 5277 592 5359 gureOsoleant
633 5279 862 5346 scorpiis
893 5288 948 5332 et
994 5279 1211 5332 araneis
1259 5282 1479 5350 gravius
1528 5298 1794 5337 venenum

207 5357 534 5402 immittere.
568 5366 587 5398 ι

287 5417 405 5483 (62)
445 5417 555 5470 Τοῦ
588 5419 651 5471 Θ.
699 5418 795 5471 Ἐκ
826 5418 917 5472 τοῦ
952 5419 1013 5472 Θ.
1045 5417 1202 5472 Joan.

289 5486 406 5561 (65)
549 5487 849 5561 ᾼιιὶοιιξιιιη
877 5490 1136 5561 omittunt
1172 5489 1330 5557 Bod.,
1363 5491 1495 5561 Reg.
1529 5490 1675 5559 Mox,
1703 5495 1789 5547 ὲν-

200 5555 375 5629 τολᾲς
409 5557 575 5629 αὐτο-ὖ
609 5557 896 5629 τηρῶμεν,
922 5558 1078 5612 Joan.

287 5627 425 5695 (δ’δ’)
463 5627 588 5694 Τοῖς
634 5626 824 5694 ἐλτόζ.
859 5626 898 5682 1.
943 5643 994 5682 e.
1041 5630 1353 5687 hominibus
1395 5651 1414 5683 ι
1453 5631 1728 5697 externis,
1767 5652 1785 5684 ι

199 5713 312 5756 seu
338 5697 595 5752 ethnicis.
629 5697 682 5771 l_d
706 5698 852 5771 enim
884 5698 1086 5763 malini,
1121 5716 1285 5770 quam
1325 5719 1344 5752 ι
1379 5717 1471 5771 per
1494 5717 1579 5757 res
1609 5715 1789 5756 exter-

199 5782 336 5827 nas,
378 5786 398 5818 ι
427 5777 487 5820 ut
515 5769 679 5822 vertit
706 5767 988 5825 Hervetus.

285 5836 403 5904 (64)
431 5839 499 5912 Et
533 5836 662 5906 γάρ.
713 5837 838 5893 Haec
879 5855 910 5894 e
946 5838 1176 5912 diversis
1221 5840 1278 5894 S.
1319 5840 1612 5912 scripturae
1655 5842 1790 5897 locis

200 5908 521 5978 composita
558 5918 686 5964 sunt
717 5925 730 5961 :
760 5925 954 5980 nempe
997 5909 1185 5966 Matth.
1237 5928 1285 5965 vi
1307 5953 1324 5977 ,
1353 5911 1385 5964 6
1417 5908 1540 5967 ε’Σὺ
1572 5911 1628 5966 δὲ
1662 5915 1788 5970 ὅταν

1827 4899 1874 4957 D

1901 4863 2198 4944 προσεύχῃ,
2227 4861 2432 4944 εξσελθε
2451 4860 2532 4923 εἰς
2625 4859 2850 4944 ταμεῖόν
2867 4875 2982 4944 σρυ.
3015 4857 3209 4944 Μξιιιιιἒ
3220 4875 3356 4944 am,
3385 4857 3473 4924 39,

1905 4929 1996 5010 ubi
2058 4929 2182 5010 cum
2203 5002 2216 5010 ἰ
2237 4931 2492 5010 Christus
2545 4929 2758 5010 dixerat
2787 4929 3024 5010 ,πρώτην
3071 4929 3290 5010 ἐντολῂν
3326 4944 3476 5010 .esse

1905 5002 2260 5084 ἀγα-πᾷνπὸν
2296 5000 2466 5084 βεόν,
2501 5000 2694 5084 ‘stati‘m
2735 4997 2884 5084 addit
2919 4997 3197 5084 εΔευτέρα
3317 4997 3475 5084 όμρία

1899 5068 2082 5144 auri)"
2107 5073 2435 5140 Ἀγαπήσεις
2467 5071 2557 5124 τὸν
2591 5069 2816 5139 πλησίον
2847 5085 2942 5123 σου
2974 5069 3051 5132 ὼς
3086 5068 3328 5122 σεαυτόν.
3366 5068 3473 5120 Co-

1901 5143 2033 5190 loss-
2064 5158 2136 5190 ιν-
2168 5141 2236 5190 5:
2284 5143 2371 5190 Ἐν
2406 5139 2566 5190 σοφία
2599 5143 2971 5190 περιπατεῖτε.
3006 5141 3096 5190 τὸν
3129 5138 3318 5190 καιρὸν
3351 5135 3473 5190 ἐξα-

1900 5135 2035 5197 Ιοεεῖ
2064 5158 2136 5207 tv,
2168 5135 2236 5195 5:
2284 5135 2371 5195 Ἐν
2406 5139 2566 5210 σοφίᾳ.
2599 5135 2971 5211 περιπατεῖτε,
3006 5141 3096 5193 τὸν
3129 5138 3318 5209 καιρὸν
3351 5135 3474 5199 ἐξα-

1898 5213 2277 5293 γοραςόμενοι·
2309 5211 2506 5293 quibus
2530 5211 2727 5293 similia
2755 5205 3469 5293 occugruntﬁetiamﬁphes‘.

1899 5276 2077 5365 3,15,
2097 5276 2200 5365 36.
2234 5276 2520 5365 Pet-“(106,.
2545 5278 2977 5365 Matth.nv,.15_:
3015 5279 3372 5365 ’ξμεῖςμέστε
3411 5276 3472 5328 τὸ

1897 5353 2032 5417 ἀλας
2063 5354 2162 5424 τῆς
2198 5354 2318 5423 γῆς,
2355 5352 2428 5406 ait
2457 5350 2522 5404 ad
2557 5366 2688 5404 suos
2715 5351 3014 5417 discipulos
3035 5350 3309 5402 Christus.

1970 5425 2082 5468 (65)
2118 5423 2411 5468 Rhemum-
2451 5421 2551 5468 Σου
2593 5421 2799 5468 addunt
2833 5419 2990 5468 Prov.
3032 5417 3154 5468 Mox
3180 5457 3196 5468 .
3227 5414 3390 5468 ϐλεπέ

1970 5416 2082 5490 (65)
2113 5416 2411 5492 Βλέςραρα.
2451 5421 2551 5474 Σου
2593 5421 2799 5474 addunt
2833 5416 2990 5474 Prov.
3032 5417 3154 5473 Mox
3180 5457 3196 5481 ,
3225 5416 3470 5487 βλεπέτω

1897 5509 1995 5562 pro
2009 5495 2218 5573 νευέτω
2266 5492 2422 5573 Βοιίε,
2462 5490 2595 5573 Reg.
2624 5490 3126 5573 'Quze‘sequup‘tur,
3171 5489 3274 5573 hoc
3307 5485 3470 5573 Inqdo

1897 5555 2124 5618 confusa
2162 5575 2214 5617 et
2245 5555 2487 5616 mutilata
2511 5555 2731 5614 eihibet
2772 5555 2905 5614 Nov.
2942 5560 3034 5630 Μὴ
3067 5559 3176 5632 γάρ
3209 5559 3308 5611 οὑκ
3348 5555 3468 5632 ἐξὸν

1896 5637 1991 5686 καὶ
2035 5635 2207 5688 ἰδόντα
2244 5633 2505 5686 ὀλισθεῖν·
2555 5632 2940 5702 ἀμήχανονχτὸ
2992 5626 3256 5702 ἐμπεσεῖν
3298 5626 3468 5698 φυλα-

1897 5704 2074 5756 κτέον·
2108 5703 2332 5758 δυνατὸν
2364 5703 2492 5774 γάρ,
2523 5699 2985 5774 ἰδόντα-ὀλισθεῖν·
3011 5699 3184 5774 ἀμηχ.

1967 5774 2079 5843 (66)
2118 5775 2243 5854 Teir.
2281 5769 2454 5854 Abest
2486 5769 2913 5854 ahﬁEccii‘.‘Mox,
2939 5769 3212 5854 εὐμάρφου
3245 5788 3344 5854 pro
3374 5788 3467 5824 κε-

1895 5839 2292 5969 ἦαρίιτωμένης.
2332 5843 2486 5907 Dein,
2534 5841 2624 5895 Ἑν
2655 5839 2838 5896 κάλλει
2872 5861 2930 5912 γ.
2969 5839 3030 5897 π’.
3065 5839 3466 5917 ἐπλανήθησαν.

1937 5932 1971 5969 n
2016 5959 2026 5969 .

1937 5932 2026 5971 ΠΟ.
