3960 6512
590 283 696 339 6ῖό
1745 282 2133 339 CLEMENTIS
2173 284 2637 340 ALEXANDBINI
2881 279 2884 284 ’
3687 295 3762 347 6ῖῦ

587 413 708 460 cate
752 403 820 459 ad
866 403 1004 458 iram
1037 402 1180 458 ﬁlios
1207 411 1442 469 vestros,
1476 403 1571 459 sed
1611 403 1838 460 educatc
1879 420 1974 461 eos
2007 407 2061 460 in
2083 406 2151 460 di-

2202 414 2233 469 λ
2260 406 2503 476 οργίζετε
2545 405 2610 460 τά
2651 403 2814 458 τέκνα
2857 405 3041 477 ὑμῶν,
3093 406 3205 462 ἀλλ’
3239 407 3523 480 ἐκτρέφετε
3563 409 3681 462 αὐτὰ
3725 414 3766 462 ὲν

586 493 816 567 sciplina
849 505 902 551 et
931 495 1301 550 admonitione
1341 494 1580 550 Domini.
1623 495 1799 560 Servi,
1827 497 2040 551 obedite
2064 497 2150 552 dor

2264 497 2476 568 παιδείᾳ
2509 499 2602 552 καὶ
2630 497 2878 570 νουθεσίᾳ
2920 500 3144 573 Κυρίου.
3179 502 3242 554 Οἱ
3281 501 3482 565 δοῦλοι,
3519 503 3765 557 ὑπακούετε

587 586 752 640 minis
794 585 1094 640 secundum
1140 599 1385 651 carnem,
1424 599 1546 638 cum
1588 585 1782 638 timore
1818 596 1872 638 et
1905 592 2151 648 tremore,

2261 591 2370 651 τοῖς
2403 589 2542 642 κατά
2574 591 2751 660 σάρκα
2772 590 2980 662 κυρίοις
3015 592 3152 662 μετά
3185 592 3349 661 φόϐου
3382 593 3473 646 καὶ
3507 594 3700 664 τρόμου,
3727 599 3766 649 ἐι

584 675 638 731 in
666 676 1010 747 simplicitate
1036 676 1219 731 cordis
1246 676 1435 740 vestri,
1476 675 1616 730 sicut
1642 675 1859 730 Christo
1888 690 1952 730 ex
1979 675 2148 729 animc

2261 679 2521 752 ἁπλότητι
2553 681 2651 752 τῆς
2676 680 2898 753 καρδίας
2927 682 3101 753 ὑμῶν,
3135 685 3210 748 ὡς
3231 685 3306 755 τῷ
3338 684 3579 756 Χριστῷ,
3610 687 3663 736 ἐκ
3689 686 3775 753 Qui

582 783 706 825 cum
739 769 1115 823 benevolentia
1146 769 1462 824 servientes.
1505 766 1572 822 Et
1593 767 1822 834 domini,
1864 765 2146 822 benefacitt

2259 769 2360 840 χῆς
2389 771 2498 842 (44)
2549 771 2666 842 μετ’
2717 771 2927 836 εὐνοίας
2969 773 3325 838 δουλεύοντες.
3380 775 3488 827 Καὶ
3527 777 3571 828 οἱ
3609 775 3765 847 κύριοι,

584 863 757 918 servis
789 861 1010 924 vestris,
1057 861 1395 916 remittentes
1425 860 1620 924 minas,
1656 861 1890 916 scientes
1928 859 2075 930 quod
2106 871 2148 914 el

2258 863 2522 915 εύποιεῖτε
2556 864 2678 916 τοὺς
2701 864 2916 918 οἰκέτας
2944 865 3117 936 ὑμῶν,
3153 867 3394 930 ἀνιέντες
3424 867 3520 937 τὴν
3553 868 3765 938 ἀπειλήν·

583 952 831 1020 ipsorum
864 962 918 1007 et
948 962 1123 1008 vester
1150 952 1416 1007 Dominus
1442 965 1526 1008 cst
1560 953 1613 1006 in
1644 953 1819 1016 cmlis,
1849 962 1902 1006 et
1932 967 2038 1005 non
2073 960 2147 1007 esl

2257 953 2452 1016 εἰδότες
2469 955 2549 1006 ὅτι
2582 955 2674 1008 καὶ
2698 956 2875 1008 αὐτῶν
2903 957 2997 1010 καὶ
3020 956 3170 1028 ὑμῶν
3192 959 3219 1010 ό
3242 958 3444 1029 Κύριός
3473 959 3609 1011 ἐστιν
3634 962 3680 1012 ἐν
3702 961 3766 1014 ού-

581 1059 828 1113 persona:
853 1046 1095 1114 acceptio
1111 1057 1190 1099 δ.»
1223 1073 1294 1084 —
1324 1064 1341 1096 ‹
1371 1043 1427 1098 Si
1455 1043 1688 1099 vivimus
1717 1043 1929 1113 spiritu,
1964 1043 2145 1111 spiritu

2260 1050 2456 1116 ρανοῖς,
2494 1047 2586 1101 καὶ
2621 1047 3046 1119 προσωποληψία
3077 1049 3176 1102 οὐκ
3210 1049 3374 1102 ἔστιν.
3403 1070 3421 1101 ι
3461 1082 3528 1092 —
3563 1071 3580 1102 ι
3614 1053 3666 1104 El
3693 1053 3767 1117 ζῶ-

579 1143 632 1187 et
655 1135 1010 1189 ambulemus.
1031 1133 1106 1189 Ne
1128 1135 1300 1190 simus
1327 1149 1478 1189 vana
1498 1135 1683 1204 gloriae
1701 1134 1901 1202 cupidi,
1925 1133 2062 1187 alter
2085 1133 2143 1187 ali

2258 1155 2354 1208 μεν
2388 1140 2688 1210 πνεύματι,
2725 1139 2993 1210 πνεύματι
3051 1143 3146 1196 καὶ
3189 1143 3508 1212 στοιχῶμεν.
3542 1143 3622 1214 Μὴ
3647 1143 3767 1212 γινώ-

581 1235 753 1279 terum
782 1235 1158 1295 provocantes,
1200 1226 1336 1280 alter
1361 1225 1515 1280 alteri
1550 1225 1870 1279 invidentes.
1902 1225 2050 1278 Alter
2077 1223 2145 1276 al-

2257 1230 2392 1300 μεθα
2423 1231 2532 1302 (45)
2561 1232 2846 1300 κενόδοξοι,
2883 1233 3140 1306 ἀλλήλους
3173 1235 3610 1307 προκαλούμενοι,
3646 1239 3766 1308 am,

578 1319 749 1371 terius
775 1333 942 1371 onera
968 1327 1196 1387 portate,
1225 1325 1279 1371 et
1309 1317 1380 1370 ita
1411 1316 1629 1386 implete
1656 1316 1825 1385 legem
1841 1314 2142 1369 Christi.Ne

2253 1323 2362 1387 λοις
2386 1323 2727 1393 φθονοῦντες·
2768 1325 3010 1397 ἀλλήλων
3053 1327 3120 1380 τά
3173 1327 3311 1399 βάρη
3365 1327 3672 1398 βαστάζετε,
3699 1332 3766 1383 καὶ

576 1408 794 1472 erretis,
821 1407 961 1462 Deus
992 1423 1098 1461 non
1131 1408 1519 1462 subsannatur.
1543 1407 1698 1473 Quod
1724 1407 1926 1461 bonum
1955 1417 2038 1461 est
2071 1405 2140 1459 fa-

2251 1415 2418 1478 οὕτως
2457 1413 2882 1486 ἀναπληρώσατε
2931 1416 3020 1468 τὸν
3069 1416 3231 1486 νόμον
3280 1415 3372 1469 τοῦ
3422 1416 3662 1487 Χριστοῦ.
3699 1418 3765 1487 Μὴ

574 1499 804 1562 cientes,
834 1515 900 1554 ne
923 1499 1106 1553 animo
1128 1500 1464 1563 deﬁciamus,
1494 1500 1713 1569 proprio
1737 1499 1879 1554 enim
1913 1507 2138 1570 tempore

2252 1505 2548 1560 πλανᾶσθε·
2584 1506 2714 1569 Θεὸς
2736 1506 2795 1559 ού
2834 1508 3241 1580 μυκτηρίζεται.
3290 1507 3363 1560 Τὸ
3415 1507 3574 1560 καλὸν
3607 1509 3768 1560 ποιοῦν-

574 1600 845 1646 metemus
870 1630 886 1655 ,
926 1606 1032 1644 non
1081 1590 1335 1645 dissoluti
1379 1590 1427 1643 ι).
1463 1589 1657 1644 Pacem
1698 1590 1752 1643 in
1796 1590 1949 1644 vobis
1987 1590 2138 1660 agite.

2248 1613 2357 1661 τες,
2391 1597 2463 1668 μὴ
2493 1596 2814 1667 ὲκκακῶμεν
2836 1614 2849 1626 ·
2893 1597 3066 1668 καιρῷ
3099 1597 3334 1670 γάρμϐ)
3369 1599 3486 1668 ἰδίῳ
3510 1597 3769 1670 θερίσομεν,

571 1684 944 1738 Adhortamur
985 1691 1166 1738 autem
1209 1697 1308 1736 vos
1335 1722 1349 1746 ,
1396 1679 1628 1746 fratres,
1678 1681 1964 1735 admonete
2001 1681 2135 1736 inso-

2251 1688 2325 1760 μὴ
2363 1688 2697 1759 ἐκλυόμενοι.
2745 1688 3064 1762 Εἰρηνεύετε
3110 1693 3166 1744 ὲν
3200 1692 3432 1754 ἑαυτοῖς.
3470 1690 3766 1761 Παρακαλοῦι

571 1775 762 1840 lentes,
785 1775 1140 1829 consolemini
1169 1773 1564 1843 pusillanimes,
1589 1772 1852 1826 sustinete
1874 1771 2135 1838 inﬁrmos,

2199 1774 2342 1848 ἴμεν
2381 1778 2438 1832 δὲ
2492 1780 2668 1849 ὑμᾶς,
2709 1779 2961 1850 ἀδελφοί·
2999 1780 3300 1835 νουθετεῖτε
3343 1785 3472 1846 τοὺς
3517 1783 3763 1843 ἀτάκτους·

570 1866 836 1935 patientes
863 1873 1036 1920 estote
1057 1880 1182 1935 erga
1209 1879 1417 1918 omnes.
1453 1861 1658 1927 Videte,
1696 1878 1762 1917 ne
1787 1862 1910 1934 quis
1935 1863 2134 1918 malum

2240 1869 2650 1943 παραμυθεῖσθε
2719 1874 2845 1936 τοὺς
2905 1872 3295 1944 ὀλιγοψύχους·
3368 1875 3645 1946 ἀντέχεσθε
3688 1873 3767 1924 τῶν

569 1959 732 2012 alicui
769 1973 866 2026 pro
905 1958 1049 2011 malo
1101 1956 1309 2011 reddat.
1361 1953 1622 2024 Spiritum
1659 1970 1725 2009 ne
1757 1955 2133 2025 exstinguatis.

2237 1962 2476 2018 ἀσθενῶν
2518 1979 2532 1994 ·
2583 1963 2984 2036 μακροθυμεῖτε
3047 1965 3182 2037 πρὸς
3233 1966 3474 2030 πάντας·
3519 1968 3664 2039 ὁρᾶτε
3712 1965 3765 2036 μή

573 2049 733 2122 114
771 2049 1114 2118 PrOphetiant
1156 2062 1223 2102 ne
1261 2047 1416 2100 nihili
1451 2047 1682 2101 ducatis.
1732 2045 1923 2100 Omnia
1959 2056 2137 2101 autem

2236 2074 2318 2120 τις
2375 2057 2544 2110 κακὸν
2585 2057 2706 2110 ἀντὶ
2755 2056 2926 2109 κακοῦ
2980 2054 3091 2110 τινὶ
3131 2057 3335 2128 ἀποδῷ.
3383 2058 3459 2111 Τὸ
3490 2058 3688 2127 Πνεῦμα
3711 2057 3765 2126 μὴ

570 2147 630 2204 ἧς
660 2142 899 2210 probate,
917 2150 971 2194 et
987 2147 1131 2209 quod
1151 2140 1349 2193 bonum
1365 2147 1448 2192 est
1469 2147 1666 2193 tenete.
1689 2138 1771 2191 Ab
1791 2139 1938 2192 omni
1961 2139 2134 2208 specie

2238 2147 2528 2200 σϐέννυτε·
2590 2143 2928 2222 προφητείας
2977 2148 3052 2219 μὴ
3116 2147 3470 2213 ἐξουθενεῖτε.
3515 2150 3678 2203 Πάντα
3727 2147 3767 2200 δὲ

569 2234 709 2286 mala
746 2233 1014 2287 abstinete
1038 2242 1084 2284 ε.
1110 2249 1232 2282 »-‹
1255 2229 1311 2284 ln
1346 2230 1589 2284 oratione
1618 2238 1977 2299 perseverate,
2007 2230 2133 2299 vigi-

2233 2241 2548 2312 δοκιμάζετε
2579 2242 2712 2311 (47)·
2749 2243 2842 2294 καὶ
2879 2243 2938 2294 τὸ
2972 2241 3134 2295 καλὸν
3166 2243 3439 2314 κατέχετε·
3480 2243 3584 2298 ἀπὸ
3610 2241 3766 2304 παντὸς

572 2323 745 2378 lantcs
772 2325 822 2376 in
854 2323 991 2392 ipsa,
1047 2321 1101 2376 in
1143 2322 1441 2392 gratiarum
1487 2322 1720 2374 actione.
1775 2317 1834 2373 ln
1874 2320 2136 2390 sapientia

2234 2332 2402 2396 εἴδους
2426 2331 2660 2404 πονηροῦ
2708 2331 2994 2402 ἀπέχεσθε·
3040 2335 3105 2402 τῇ
3149 2335 3422 2404 προσευχῇ
3473 2347 3764 2404 προσκαρτε-

569 2413 842 2468 ambulate
890 2413 1030 2482 apud
1088 2427 1202 2476 eos,
1233 2412 1325 2482 qui
1365 2419 1518 2466 extra
1551 2419 1698 2476 sunt,
1753 2420 1964 2480 tempus
1998 2409 2133 2465 redi-

2238 2427 2399 2496 ρεῖτε,
2432 2423 2830 2496 γρηγοροῦντες
2862 2427 2918 2478 ὲν
2948 2425 3105 2496 αὐτῇ,
3147 2427 3203 2478 ἐν
3234 2426 3574 2498 εὐχαριστία·
3615 2429 3664 2478 ἐν
3704 2441 3767 2477 σο-

566 2513 794 2560 mentes.
844 2503 1035 2559 Sermo
1087 2512 1264 2558 vester
1312 2517 1525 2573 semper
1575 2501 1630 2555 in
1684 2501 1878 2572 gratia,
1922 2502 2034 2556 sale
2066 2503 2130 2556 sit

2234 2517 2330 2587 φία
2351 2517 2696 2587 περιπατεῖτε
2732 2514 2866 2587 πρὸς
2896 2515 3018 2576 τοὺς
3050 2514 3174 2579 ἔξω,
3209 2516 3298 2567 τὸν
3331 2515 3524 2586 καιρὸν
3546 2517 3762 2585 ἐξαγορα-

563 2598 837 2662 conditus,
871 2605 928 2650 ut
978 2596 1167 2651 sciatis
1207 2597 1482 2666 quomodo
1517 2601 1760 2664 oporteat
1790 2609 1886 2648 vos
1922 2593 2127 2647 unicui-

2233 2608 2466 2680 ζόμενοι.
2527 2607 2584 2660 '0
2624 2606 2778 2675 λόγος
2827 2607 2977 2678 ὑμῶν
3030 2608 3252 2661 πάντοτε
3301 2610 3357 2661 ἐν
3405 2609 3604 2682 χάριτι,
3647 2608 3765 2661 ἅλατι

562 2707 669 2760 que
696 2690 1027 2760 respondere
1052 2688 1104 2746 ἀ.
1146 2707 1164 2740 ι
1193 2685 1658 2742 -ιΕιιιιιι-ἱιιιηίηἰ
1699 2687 1752 2741 in
1787 2686 2126 2740 sermonibus

2233 2700 2548 2772 ἠρτυμένος,
2575 2699 2772 2752 εἰδέναι
2795 2699 2908 2764 πῶς
2941 2699 3021 2752 δεῖ
3048 2700 3191 2770 ὑμᾶς
3225 2701 3304 2753 ἐνὶ
3338 2702 3557 2772 ἑκάστῳ
3580 2701 3765 2772 ἀποπρί-

561 2781 705 2835 ﬁdei.
751 2779 1130 2835 Exerceamini
1184 2777 1250 2831 ad
1284 2777 1538 2847 pietatem
1577 2793 1590 2829 :
1631 2775 1936 2844 corporalis
1987 2775 2125 2828 enim

2232 2790 2432 2844 νεσθαι.
2495 2790 2846 2862 Ἑντρέφεσθε
2896 2794 3005 2856 τοῖς
3043 2791 3222 2859 λόγοις
3261 2793 3359 2863 τῆς
3405 2792 3652 2856 πίστεως.
3692 2792 3766 2844 Γυ-

559 2871 876 2926 exercitatio
906 2871 973 2925 ad
1017 2868 1289 2924 modicum
1334 2877 1417 2923 est
1465 2867 1614 2921 utilis
1663 2885 1677 2920 :
1728 2865 1903 2936 pietas
1949 2874 2123 2920 autem

2235 2881 2500 2955 μνάζεσθε
2557 2883 2691 2954 πρὸς
2734 2883 3032 2938 εὐσέϐειαν·
3069 2886 3102 2955 ἡ
3137 2884 3243 2956 γὰρ
3277 2886 3566 2957 σωματικὴ
3601 2901 3767 2955 γυμνα-

559 2971 645 3018 est
692 2963 841 3017 utilis
879 2963 946 3017 ad
1005 2962 1223 3027 omnia,
1267 2961 1472 3014 habens
1533 2958 1950 3029 promissionem
1988 2957 2123 3024 vitaz,

2234 2975 2323 3028 σία
2359 2973 2494 3046 πρὸς
2525 2973 2700 3042 ὀλίγον
2739 2975 2886 3027 ἐστὶν
2915 2975 3203 3046 ὠφέλιμος·
3241 2977 3273 3047 ἡ
3305 2975 3360 3028 δὲ
3393 2976 3638 3030 εὐσέϐεια
3667 2976 3768 3047 πρὸς

557 3089 679 3142 qua:
711 3089 856 3128 nunc
893 3081 997 3138 est,
1033 3081 1086 3126 et
1118 3070 1314 3126 futurae
1347 3081 1392 3124 ο.
1434 3089 1454 3122 ι
1489 3101 1558 3114 --
1595 3089 1614 3122 ι
1666 3069 1769 3136 Qui
1805 3069 1992 3125 ﬁdeles
2031 3069 2121 3124 ha-

2235 3067 2409 3122 πάντα
2441 3065 2550 3138 (48)
2587 3066 2856 3136 ὠφέλιμός
2897 3070 3063 3132 ἐστιν,
3103 3068 3430 3137 ἐπαγγελίαν
3472 3069 3660 3140 ἔχουσα
3695 3068 3767 3135 τῆς

557 3166 685 3219 bent
725 3165 1000 3231 dominos,
1059 3179 1128 3218 ne
1178 3171 1570 3228 contemnant,
1624 3161 1882 3232 quoniam
1929 3160 2121 3215 fratres

2229 3159 2370 3230 ζωῆς
2393 3159 2492 3228 τῆς
2513 3157 2606 3211 νῦν
2637 3160 2731 3212 καὶ
2753 3160 2848 3230 τῆς
2878 3158 3194 3230 μελλούσης.
3231 3161 3294 3213 Οἱ
3329 3164 3557 3225 πιστοὺς
3595 3161 3768 3231 ἔχοντες

557 3266 684 3312 sunt
716 3275 731 3324 ;
760 3259 852 3313 sed
879 3257 1050 3327 magis
1077 3257 1338 3320 serviant,
1364 3256 1618 3325 quoniam
1647 3263 1777 3309 sunt
1798 3254 1986 3309 ﬁdeles
2019 3253 2064 3309 ί.
2100 3273 2119 3306 ι

2226 3251 2486 3314 δεσπότας
2533 3251 2605 3321 μὴ
2656 3252 3186 3324 καταφρονείτωσαν,
3235 3253 3315 3305 ὅτι
3376 3253 3598 3322 ἀδελφοί
3641 3254 3767 3305 εἰσιν·

561 3368 580 3399 ι
617 3348 720 3414 Qui
757 3350 1004 3419 largitur,
1057 3350 1128 3402 sit
1172 3349 1224 3402 in
1265 3348 1643 3416 simplicitate;
1686 3346 2030 3416 qui'praeest,
2068 3346 2125 3400 in

2227 3343 2359 3397 ἀλλὰ
2398 3343 2593 3415 μᾶλλον
2622 3343 3039 3408 δουλευέτωσαν,
3073 3345 3156 3399 δτι
3195 3345 3374 3398 πιστοί
3409 3348 3569 3401 εἰσιν.
3611 3346 3662 3400 '0
3691 3362 3767 3416 με·

557 3442 772 3506 stndio;
809 3441 903 3509 qui
937 3439 1242 3502 miseretur,
1284 3437 1338 3490 in
1385 3439 1680 3498 hilaritate:
1723 3437 1961 3492 charitas
2015 3453 2121 3491 non

2225 3435 2466 3500 ταδιδοὺς
2499 3435 2638 3488 ἔστω
2677 3435 2786 3506 (49)
2825 3438 2883 3489 ὲν
2913 3436 3199 3506 ἁπλότητι·
3235 3437 3263 3488 ὁ
3299 3439 3689 3509 προϊστάμενος
3725 3439 3769 3489 ἐν

556 3534 678 3586 ficta
705 3550 720 3598 ;
758 3533 960 3585 malum
987 3531 1113 3584 odio
1141 3530 1423 3592 habentes,
1451 3528 1594 3582 bono
1619 3529 1978 3595 adhaerentes,
2014 3529 2120 3583 fra-

2227 3527 2446 3598 σπουδῇ·
2481 3529 2508 3580 ό
2534 3525 2695 3579 ἐλεῶν
2725 3529 2780 3578 ἐν
2811 3525 3102 3598 ἱλαρότητι·
3127 3527 3160 3597 ἡ
3195 3528 3383 3598 ἀγάπη
3416 3529 3765 3598 ἀνυπόκριτος·

554 3635 710 3678 terna
766 3624 1059 3678 dilectione
1102 3623 1270 3677 vestri
1324 3623 1556 3676 invicem
1605 3630 1872 3686 amantes,
1920 3624 2118 3678 honore

2224 3619 2651 3687 ἀποστυγοῦντες
2682 3618 2748 3701 τὸ
2798 3619 3051 3691 πονηρὸν,
3102 3619 3430 3691 κολλώμενοι
3477 3621 3558 3692 τῷ
3592 3618 3766 3689 ἀγαθῷ.

553 3733 654 3771 vos
684 3716 916 3770 invicem
937 3713 1352 3784 praevenientes,
1387 3713 1568 3767 studio
1597 3727 1706 3766 non
1735 3711 1896 3783 pigri,
1929 3715 2117 3784 spiritu

2221 3716 2286 3784 τῇ
2323 3712 2634 3784 φιλαδελφίᾳ
2667 3715 2745 3776 εις
2789 3712 3050 3784 ἀλλήλους
3103 3713 3481 3784 φιλόστοργοι,
3547 3717 3610 3785 τῇ
3661 3713 3766 3782 τιμῇ

554 3809 844 3872 ferventes,
873 3806 1108 3862 Domino
1139 3807 1456 3870 servientes,
1489 3821 1584 3876 spe
1623 3805 1943 3874 gaudentes,
1983 3806 2118 3861 allii-

2221 3805 2478 3876 ἁλλήλους
2513 3805 2932 3878 προηγούμενοι,
2966 3808 3031 3877 τῇ
3066 3806 3269 3876 σπουδῇ
3324 3806 3397 3877 μὴ
3437 3806 3675 3877 ὀκνηροὶ,
3708 3802 3768 3871 τῷ

552 3901 787 3956 ctionem
837 3899 1202 3966 sustinentes,
1260 3898 1314 3952 in
1372 3898 1615 3952 oratione
1671 3907 2116 3966 perseverantes,

2222 3898 2488 3970 πνεύματι
2521 3897 2751 3963 ζέοντες,
2783 3897 2860 3969 τῷ
2896 3899 3083 3970 Κυρίῳ
3126 3897 3490 3963 δουλεύοντες,
3528 3902 3592 3970 τῇ
3625 3895 3769 3951 ἐλπίδι

553 3991 975 4062 hospitalitatem
1048 3999 1476 4060 persequentes,
1539 3990 1730 4045 usibus
1803 3999 2117 4044 sanctorum

2221 3993 2528 4064 χαίροντες,
2589 3993 2655 4062 τῇ
2717 3990 2892 4060 θλίψει
2957 3991 3346 4062 ὑπομένοντες,
3397 3993 3463 4062 τῇ
3525 3990 3763 4061 προσευχῇ

551 4085 1021 4140 communicantes
1056 4082 1106 4137 α.
1155 4102 1172 4134 ›
1203 4082 1324 4138 llaec
1355 4098 1526 4152 pauca
1559 4097 1624 4136 ex
1649 4082 1854 4148 multis,
1887 4084 2115 4152 exempli

2221 4082 2766 4156 προσκαρτεροῦντες,
2827 4081 2922 4152 τὴν
2971 4079 3270 4149 φιλοξενίαν
3331 4079 3442 4152 (50)
3491 4079 3766 4139 διώκοντες,

551 4178 742 4247 gratia,
771 4193 834 4232 ex
872 4177 1006 4247 ipsis
1039 4176 1338 4246 Scripturis
1389 4190 1714 4245 percurrens
1763 4175 2115 4246 Pzedagogus,

2219 4179 2336 4239 ταῖς
2354 4177 2560 4246 χρείαις
2576 4173 2682 4227 τῶν
2704 4173 2871 4242 ἁγίων
2899 4171 3292 4234 κοινωνοῦντες.
3338 4191 3356 4222 ι
3407 4171 3596 4240 Ὀλίγα
3623 4167 3768 4222 ταῦτα

550 4269 667 4323 suis
697 4268 920 4338 apponit
959 4268 1162 4338 pueris,
1201 4282 1296 4336 per
1329 4282 1469 4336 quae,
1507 4275 1564 4320 ut
1598 4266 1670 4320 ita
1703 4266 1902 4331 dicam,
1940 4267 2114 4322 fundi-

2220 4273 2284 4324 ὲκ
2315 4269 2540 4331 πολλῶν,
2581 4267 2865 4337 δείγματος
2922 4267 3099 4338 χάριν,
3155 4266 3248 4318 ἀπ’
3297 4263 3476 4316 αὐτῶν
3515 4259 3766 4328 διεξελθὼν

550 4368 638 4413 tus
661 4359 995 4414 cxscinditur
1022 4358 1212 4412 vitium
1248 4366 1301 4412 et
1333 4357 1541 4411 tollitur
1565 4356 1842 4426 iniquitas.
1878 4355 2114 4411 Plurima

2219 4362 2326 4415 τῶν
2355 4361 2510 4415 θείων
2545 4359 2774 4431 Γραφῶν
2808 4361 2836 4412 ὁ
2884 4357 3259 4427 Παιδαγωγδς,
3312 4358 3423 4423 τοῖς
3484 4354 3643 4409 αὑτοῦ
3685 4369 3768 4404 πα-

549 4458 725 4503 autem
748 4451 853 4504 alia
889 4460 1176 4520 praecepta,
1215 4464 1337 4518 quae
1370 4449 1434 4502 ad
1459 4449 1658 4503 electas
1699 4463 1961 4518 personas
1997 4464 2113 4518 per-

2223 4452 2492 4527 ρατίθεται
2525 4453 2731 4514 παισὶν,
2773 4451 2842 4504 δι’
2880 4445 2954 4504 ὧν
2984 4491 2998 4511 ,
3059 4451 3134 4513 ὡς
3191 4449 3319 4510 ἔπος
3365 4450 3574 4509 εἰπεῖν,
3625 4444 3767 4516 ἄρδην

549 4541 741 4607 tinent,
781 4543 836 4596 in
869 4543 1072 4597 sanctis
1104 4541 1259 4596 libris
1297 4541 1499 4610 scripta
1528 4549 1655 4594 sunt
1689 4557 1702 4593 :
1739 4540 1854 4593 haec
1895 4541 2113 4610 quidem

2221 4545 2542 4598 ἐκκόπτεται
2589 4540 2776 4605 κακία,
2814 4542 2907 4594 καὶ
2934 4539 3328 4612 περιγράφεται
3361 4537 3564 4590 ἀδικία.
3589 4534 3767 4604 Μυρίαι

547 4633 900 4704 presbyteris,
931 4634 1038 4687 alia
1070 4649 1198 4687 vero
1231 4633 1524 4702 episcopis,
1571 4633 1677 4686 alia
1710 4631 1977 4700 diaconis,
2011 4635 2111 4688 alia

2220 4636 2275 4689 δὲ
2301 4638 2420 4689 ὅσαι
2441 4633 2729 4704 ὑποθῆκαι,
2762 4633 2839 4696 εἰς
2871 4631 3133 4704 πρόσωπα
3162 4627 3390 4682 ὲκλεκτὰ
3410 4627 3766 4681 διατείνουσαι,

621 4769 680 4827 >14
707 4763 769 4836 Ρ.
801 4764 923 4836 τοοκ
947 4763 1053 4818 eo.
1094 4763 1509 4836 consuetu
1533 4763 1640 4836 BD.
1671 4763 1925 4836 PARIS,
1969 4778 1994 4806 ιι
2030 4765 2224 4836 Ephes.
2262 4785 2334 4831 ιν,
2372 4768 2464 4831 es,
2506 4762 2610 4836 26,
2649 4761 2755 4836 27,,
2793 4759 3135 4836 23.39,},
3166 4763 3228 4836 _l,
3255 4763 3310 4826 ε,
3336 4761 3428 4836 τε,
3460 4762 3578 4836 es;
3618 4777 3688 4823 τι,
3724 4759 3766 4836 γε.

545 4835 602 4899 4,
634 4835 732 4898 5,6
756 4877 770 4901 ,
799 4835 828 4886 7
856 4875 872 4899 ,
903 4835 954 4887 9.
1033 4836 1060 4874 δ
1094 4835 1268 4890 Galat.
1329 4852 1378 4892 v.
1406 4834 1495 4898 25,
1520 4835 1629 4899 9.6;
1662 4852 1731 4896 vt,
1753 4837 1806 4897 2,
1846 4835 1956 4899 7,9.
2035 4851 2055 4875 ο
2077 4829 2109 4889 ’1

2201 4829 2333 4894 :tess.
2357 4855 2409 4902 v,
2438 4829 2523 4901 15,
2554 4835 2641 4900 14,
2674 4834 2760 4895 15,
2794 4832 2880 4895 19,
2909 4833 2998 4892 20,
3037 4832 3101 4886 21
3159 4832 3248 4886 9.2.
3322 4831 3348 4871 ἀ
3378 4833 3593 4887 Coloss.
3627 4847 3691 4894 tv,
3719 4829 3765 4890 ‘2,

547 4905 602 4966 5,
649 4907 702 4960 6.
783 4917 804 4944 ε
838 4904 858 4958 ι
898 4903 1038 4958 Tim.
1083 4921 1156 4969 tv,
1197 4905 1250 4968 6,
1288 4905 1337 4971 7,
1373 4906 1425 4958 8.
1509 4904 1526 4942 ί
1561 4905 1692 4960 Ibid.
1725 4923 1798 4969 v1,
1825 4907 1878 4959 2.
1960 4909 1984 4946 ε
2017 4905 2111 4962 Ro:

1509 4904 1692 4960 flbid.
1725 4907 1878 4969 v1,2.
1960 4909 1984 4946 ε
2017 4905 2174 4962 Rom.
2211 4926 2305 4972 xu,
2352 4909 2406 4971 8,
2455 4909 2509 4973 9,
2548 4904 2635 4971 ιο,
2681 4903 2768 4968 ll,
2811 4903 3017 4966 12,15.

615 5020 727 5095 (14)
774 5019 868 5095 1ος
899 5018 978 5095 τῷ
1003 5017 1355 5095 Χριςῖτῷιξξι,
1386 5023 1452 5095 ψ·
1502 5020 1713 5095 Ὡς-.τῷ
1741 5021 1997 5095 Χριστῷ·
2034 5023 2108 5095 μὴ

2215 5023 2528 5095 ἐκλυόμενοι
2555 5028 2733 5095 exstat
2764 5018 2882 5074 Gal.
2915 5033 2990 5082 v1,
3037 5016 3102 5070 9:
3136 5033 3258 5087 quze
3294 5033 3425 5073 vero
3458 5026 3763 5087 sequuntur,

545 5089 1207 5163 κατἰόφθαλμοδουλείαν,
1508 5089 1805 5163 δοῦλοιςτοῦ
1850 5089 2107 5163 Χριστοῦ,
2217 5094 2234 5148 Ι
2265 5089 2458 5148 Thess.
2491 5107 2544 5163 ν.
2576 5091 2662 5144 15.

545 5155 826 5234 ποιοῦντες
857 5155 918 5213 τὸ
945 5159 1278 5234 θέληματοῦ
1308 5161 1442 5234 Θεοῦ
1488 5163 1550 5234 ἐκ
1589 5161 1800 5234 ψυχῆς·
1848 5155 1962 5234 μετ’
1994 5155 2105 5215 εύν.
2286 5164 2394 5234 (47)
2428 5159 2718 5234 Πάνζαρὲ
2739 5159 2794 5214 δ.
2814 5159 2998 5213 Πάντα
3017 5155 3336 5229 δοκιμάζετε
3354 5175 3368 5188 ·
3392 5159 3587 5214 τὸκαλ.
3616 5156 3767 5212 omis-

547 5231 743 5298 Ephes.
781 5230 923 5294 Mox,
948 5230 1014 5284 τὰ
1048 5229 1186 5283 αὑτά
1209 5233 1408 5283 ποιεῖτε
1433 5231 1568 5300 πρὸς
1608 5229 1826 5294 αύτούς,
1850 5229 2107 5287 Clemens

1261 5233 1408 5283 nam
1433 5231 1568 5300 πρὸς
1608 5229 1826 5294 αὐτούς.
1850 5229 2107 5287 Clemens
2217 5229 2304 5289 sis'
2327 5229 2384 5286 δέ
2414 5243 2467 5288 et
2495 5231 2606 5296 καί,
2633 5229 2825 5284 Thess.

547 5297 781 5374 mulavit
801 5303 859 5374 in
889 5301 1155 5374 εύποιεῖτε
1187 5301 1312 5374 τοὺς
1344 5297 1559 5374 οἰκέτας
1580 5301 1762 5374 μὺμῶν,
1784 5301 1980 5374 _Dein_.
2016 5304 2107 5354 καὶ

2285 5303 2394 5374 (48)
2449 5302 2666 5374 Πάντα.
2708 5300 2918 5363 Πάντας
2961 5299 3095 5356 Bod.
3148 5298 3303 5365 Mox,
3369 5299 3566 5370 ἔχουσα
3616 5297 3763 5365 ζωῆς.

545 5369 697 5440 ὑμῶν
724 5370 900 5426 αὐτῶν
931 5386 1026 5445 pro
1056 5372 1148 5445 καὶ
1167 5371 1344 5445 ascen
1366 5371 1459 5424 καὶ
1492 5369 1665 5445 ύμῷν,
1704 5370 1918 5445 ξριτιξ.-
1938 5371 2106 5426 Paulo

2210 5369 2414 5443 abSqu'e
2446 5374 2546 5443 τῆς
2577 5371 2740 5445 ,Titjt.
2784 5441 2795 5445 _
2951 5439 2972 5445 Δ
3424 5369 3427 5370 ν
3556 5438 3568 5445 _
3593 5438 3605 5445 _
3719 5433 3729 5445 ,

545 5438 1154 5513 νωμργπροσωποληψίαῇ
1176 5441 1274 5513 οὐκ
1311 5438 1586 5513 εστι-παρ’
1611 5438 1777 5513 αὐτῷ.
1809 5441 1940 5496 Ibid.

2281 5438 2393 5512 (£9)
2437 5438 2644 5513 Ἔσζω.
2677 5439 2910 5494 Verbum
2948 5439 3089 5494 ἔστω
3122 5455 3228 5494 non
3257 5448 3446 5513 exstat
3479 5438 3691 5513 quidem
3717 5438 3765 5513 in

763 5509 1405 5590 ζινώμεθᾱ.ΑΓινόμεθα,
1436 5509 1590 5576 Bodl,
1617 5509 1747 5590 Reg.
1816 5581 1850 5590 __
1913 5582 1924 5590 _

2211 5509 2353 5590 vulg.
2376 5509 2525 5568 'Bibl.
2562 5511 2720 5590 Rom.
2747 5527 2847 5574 xu,
2879 5513 2971 5566 sed
2998 5509 3309 5566 necessario
3339 5511 3426 5565 hic
3454 5525 3484 5563 a
3505 5509 3765 5564 Clemente

617 5581 726 5652 με)
755 5580 947 5650 Καιρῷ
974 5601 1027 5652 γ.
1082 5580 1214 5652 Quae
1251 5580 1566 5650 sequuntur
1591 5623 1605 5644 ,
1634 5651 1637 5652 ν
1667 5584 1746 5635 sic
1799 5581 2107 5651 distingue:
2211 5580 2476 5652 adjcctum
2508 5593 2611 5638 est.
2639 5584 2901 5652 Svpsuno.

544 5650 721 5730 καιρῷ
759 5649 1030 5730 γὰρ-ἰδίῳ
1073 5649 1393 5730 θερίσομεν,
1448 5653 1520 5722 μὴ
1565 5651 1894 5722 ἐκλυόμενοι.
1944 5649 2108 5730 Είρητ

2278 5649 2392 5730 (50)
2431 5654 2552 5722 Τὴν
2606 5670 2670 5722 ερ.
2705 5651 2799 5707 Ha:
2851 5651 3130 5708 sententia
3177 5650 3394 5706 inverso
3433 5649 3624 5704 ordine
3675 5659 3763 5700 ex-

544 5719 729 5773 νεύετε
756 5719 812 5774 έν
838 5719 927 5774 ἀλ.
957 5741 974 5771 ι
1001 5719 1228 5791 proprio
1252 5719 1398 5776 enim
1439 5719 1676 5790 tempore
1720 5719 1990 5777 metemus
2016 5719 2029 5784 ζ
2067 5719 2108 5774 si

1102 5719 1228 5790 prio
1252 5719 1398 5776 enim
1439 5719 1676 5790 tempore
1720 5719 2029 5784 metemus,
2067 5719 2113 5774 si
2222 5719 2547 5788 stant'Rom.
2574 5719 2666 5786 xit.

546 5803 654 5846 non
687 5791 1027 5851 deﬁciamus.
1077 5791 1272 5858 Pacem
1323 5793 1463 5850 inm
1511 5806 1607 5847 vos
1666 5807 1749 5864 ag.
1792 5813 1808 5845 ι
1855 5791 1986 5846 Nam
2039 5793 2111 5865 μὴ
