3960 6522
228 265 334 324 677

1476 267 1851 326 ΡᾸΞΒΑΕΟΕΙ
1893 269 2021 326 LIB.
2058 270 2146 327 Ill.

3376 279 3482 338 678

224 385 635 458 ὲγγεγράφαται
696 388 814 451 ταῖς
862 381 1061 459 βίϐλοις
1129 387 1250 450 ταῖς
1312 386 1514 455 ἅγίαιςσ
1564 389 1622 443 αἱ
1685 389 1784 460 μὲν

1908 399 2089 445 alitem
2123 390 2321 456 viduis,
2366 391 2433 447 de
2475 391 2677 462 quibus
2709 391 2878 448 fuerit
2902 391 3052 449 aliud
3086 392 3303 450 dicendi
3344 403 3484 453 tem-

221 479 614 554 πρεσϐυτέροις
661 479 795 552 (51),
831 481 886 533 αἱ
924 479 1003 543 δὲ,
1052 478 1392 545 ἐπισκόποις,
1439 482 1492 533 αἱ
1531 479 1588 533 δὲ
1620 480 1806 535 διακόέ

218 589 352 636 νοις,
385 570 542 626 ἄλλαι
574 572 788 644 χήραις,
814 573 941 641 περὶ
972 564 1047 625 ὧν
1071 570 1227 634 ἄλλος
1260 569 1328 625 ἂν
1358 570 1443 643 εἴη
1476 571 1652 641 λέγειν
1684 590 1806 626 και-

218 663 333 735 ρόςο
367 662 537 720 πολλὰ
566 664 623 718 δὲ
651 665 746 717 καὶ
783 663 850 716 δι’
884 664 1243 736 αἰνιγμάτων,
1282 663 1453 719 πολλὰ
1496 664 1552 718 δὲ
1588 665 1682 719 καὶ
1715 665 1803 720 διὰ

220 756 546 831 παραϐολῶν
590 760 703 822 τοῖς
747 759 1164 829 ἐντυγχάνουσιν
1211 757 1419 825 ἔξεστιν
1451 758 1798 829 ὠφελεῖσθαι.

229 847 374 900 Ἀλλ’
406 849 506 902 οὐκ
546 849 702 919 ἐμὸν,
736 848 899 919 φησὶν
936 850 965 901 6
998 848 1373 918 Παιδαγωγδς,
1409 848 1682 904 διδάσκειν
1719 850 1799 904 ἔτι
1824 918 1841 931 ἣ

214 939 406 994 ταῦτα·
446 939 767 994 διδασκάλου
809 940 866 993 δὲ
900 941 980 1004 εἰς
1027 940 1124 1011 τὴν
1168 940 1428 1013 ἐξήγησιν
1469 942 1579 995 τῶν
1628 942 1799 1011 ἁγίων

214 1032 438 1086 ἐκείνων
473 1033 647 1101 λόγων
691 1032 985 1104 χρῄζομεν,
1034 1032 1174 1104 πρὸς
1217 1033 1276 1086 δν
1324 1035 1455 1105 ἡμῖν
1501 1033 1792 1105 βαδιστέον.

216 1125 326 1178 Καὶ
370 1123 433 1196 δὴ
479 1124 598 1197 ὥρα
636 1142 699 1194 γε
743 1126 867 1196 ἐμοὶ
908 1126 1006 1197 μὲν
1048 1124 1359 1180 πεπαῦσθαι
1388 1127 1487 1198 τῆς
1522 1126 1798 1195 παιδαγω-

213 1215 358 1284 γίας,
392 1216 536 1287 ὑμᾶς
566 1216 625 1271 δὲ
656 1215 957 1289 ἀκροᾶσθαι
988 1216 1079 1271 τοῦ
1125 1212 1469 1272 διδασκάλου
1498 1218 1631 1290 (52).
1683 1219 1795 1272 Πα-

215 1304 467 1377 ραλαϐὼν
515 1306 572 1360 δὲ
615 1288 783 1371 οὗτος
815 1309 980 1379 ὑμᾶς,
1028 1307 1132 1361 ὑπὸ
1182 1308 1321 1380 καλῇ
1382 1288 1805 1381 τετραμμένους

209 1396 423 1468 ἀγωγῇ,
459 1397 792 1466 ὲκδιδάξεται
839 1397 907 1452 τὰ
956 1398 1131 1469 λόγια.
1173 1399 1267 1463 Et;
1301 1398 1464 1453 καλὸν
1504 1398 1560 1453 δὲ
1593 1401 1627 1471 ή
1673 1401 1793 1454 Ἐκ-

209 1488 409 1560 κλησία
428 1485 550 1563 ᾖσε,
586 1490 679 1545 καὶ
706 1492 737 1544 6
756 1490 1005 1561 νυμφίος,
1029 1493 1058 1545 6
1091 1490 1250 1562 μόνος
1284 1490 1619 1557 διδάσκαλος,
1652 1493 1791 1561 ἀγα-

208 1577 303 1632 θοῦ
338 1580 551 1653 Πατρὸς
604 1581 805 1650 ἀγαθὸν
851 1580 1097 1654 βούλημα
1149 1580 1282 1653 (55),
1332 1582 1493 1652 σοφία
1542 1584 1785 1654 γνήσιος,

1905 496 2026 557 pus.
2062 480 2227 538 Multa
2267 489 2450 538 autem
2493 483 2656 538 etiam
2686 499 2781 554 per
2808 485 3115 555 aenigmata,
3150 485 3322 541 multa
3349 501 3478 542 vero

1902 589 2001 643 per
2033 575 2322 645 parabolas
2351 590 2569 647 qunque
2605 585 2840 645 possunt
2882 577 3141 646 prodesse
3184 578 3254 633 iis
3289 578 3383 648 qui
3420 578 3476 634 in

1901 680 1963 720 ea
1987 666 2233 721 incidunt
2285 686 2299 721 :
2344 668 2438 723 sed
2474 683 2582 723 non
2616 674 2702 724 est
2741 683 2945 749 meum,
3006 669 3182 739 inquit
3215 668 3476 740 Paedago-

1900 772 2022 827 gns,
2068 758 2182 813 haec
2233 758 2449 824 docere,
2502 758 2597 814 sed
2650 759 2912 829 magistro
2959 758 3025 814 ad
3072 768 3260 815 sancta
3311 760 3474 817 verba

1898 848 2219 916 exponenda
2254 865 2395 920 opus
2424 850 2715 917 habemus,
2744 850 2810 905 ad
2850 865 3010 920 quem
3043 852 3201 906 nobis
3230 855 3467 909 eundum

1897 947 2001 993 est.
2034 937 2100 994 Et
2120 939 2234 1010 jam
2262 942 2481 1011 quidem
2513 952 2659 997 certe
2696 951 2910 1012 tempus
2942 950 3046 1008 est,
3090 943 3222 997 mihi
3250 945 3470 1013 quidem

1896 1032 2144 1085 cessandi
2174 1046 2205 1086 a
2234 1033 2566 1104 paedagogia,
2612 1033 2764 1089 vobis
2793 1041 2972 1088 autem
3011 1035 3265 1089 audiendi
3300 1037 3472 1105 magi-

1896 1130 2088 1177 strum.
2122 1121 2259 1177 Cum
2301 1123 2349 1179 is
2382 1133 2564 1179 autem
2598 1140 2694 1179 vos
2733 1125 3006 1195 exceperit
3038 1126 3090 1180 in
3125 1126 3265 1181 bona
3306 1129 3471 1183 disci-

1894 1214 2036 1283 plina
2066 1214 2311 1280 ednctos,
2345 1217 2594 1272 edncebit
2626 1219 2863 1288 eloquia.
2904 1218 3068 1274 Recte
3106 1230 3287 1275 autem
3319 1222 3466 1276 ceci-

1893 1305 1973 1359 nit
2009 1303 2270 1372 Ecclesia,
2326 1317 2379 1362 et
2426 1324 2683 1378 spansus,
2742 1311 2837 1379 qui
2879 1318 2963 1365 est
2999 1311 3149 1367 solus
3185 1314 3463 1383 magister,

1893 1397 2020 1451 boni
2081 1396 2259 1455 Patris
2319 1399 2461 1454 bona
2512 1401 2787 1465 voluntas,
2850 1404 3115 1472 sapientia
3184 1420 3462 1475 germana,

1890 1489 2251 1545 sanctiﬁcatio
2292 1492 2619 1562 cognitionis
2665 1511 2678 1547 :
2717 1513 2736 1545 ι
2775 1493 2841 1548 Ει
2887 1495 3000 1564 ipse
3033 1504 3115 1550 est
3150 1497 3465 1566 propitiatfo

1888 1595 1988 1649 pro
2014 1583 2256 1651 peccatis
2294 1584 2495 1639 nostris
2524 1624 2539 1650 ,
2587 1602 2605 1636 ι
2652 1594 2721 1639 ἰιι
2765 1585 2897 1640 dicit
2925 1585 3187 1650 Joannes,
3226 1588 3320 1658 qui
3350 1604 3465 1646 meo

206 1671 457 1742 ἁγίασμα
490 1671 762 1743 γνώσεως-
802 1692 820 1724 ι
858 1675 953 1727 καὶ
1012 1673 1175 1738 αὐτὸς
1223 1673 1448 1746 ἱλασμός
1495 1677 1613 1729 ὲστι
1659 1674 1785 1748 περὶ

1891 1671 2043 1726 detur
2060 1682 2114 1727 et
2143 1676 2357 1747 corpori
2378 1683 2433 1730 et
2460 1677 2654 1743 animae
2684 1686 2903 1741 nostra,
2935 1683 2992 1742 ὥ
3025 1679 3242 1749 ριόιιτίο
3269 1696 3463 1751 nempe

205 1764 315 1836 τῶν
350 1741 633 1836 ἁμαρτιῶν
663 1764 840 1837 ήμῶν,
884 1786 902 1816 ι
941 1764 1015 1830 ὦς
1058 1782 1221 1837 φησιν
1251 1767 1280 1819 6
1325 1741 1598 1838 ’lwévv'qc,
1633 1768 1662 1821 6
1697 1741 1785 1821 ἰώ-

1892 1763 2120 1829 homini,
2144 1763 2351 1822 Jesus:
2391 1785 2410 1818 ι
2477 1782 2586 1823 non
2632 1768 2807 1823 solum
2863 1778 3043 1823 autem
3078 1785 3180 1840 pro
3222 1772 3463 1841 peccatis

209 1871 375 1927 μενος
404 1854 515 1926 (54)
557 1853 711 1926 ήμῶν
773 1855 867 1909 καὶ
908 1854 1070 1926 σῶμα
1127 1855 1221 1908 κα)⁵
1277 1854 1475 1927 ψυχὴν,
1530 1856 1620 1910 τὸν
1662 1855 1789 1910 ἴδιον

203 1946 531 2019 ἄνθρωπον,
561 1946 785 2019 Ἰησοῦς·
828 1966 846 1999 ι
875 1947 948 2009 Οὐ
985 1947 1113 2020 περ)⁵
1147 1947 1256 2002 τῶν
1285 1948 1566 2021 ἡμετέρων
1597 1949 1654 2003 δὲ
1688 1949 1788 2020 μό-

202 2054 295 2094 νον
324 2038 611 2111 ἁμαρτιῶν
644 2038 778 2110 (55),
816 2037 950 2093 ἀλλὰ
970 2030 1078 2093 καὶ
1116 2041 1244 2111 περὶ
1274 2039 1395 2094 ὅλου
1426 2039 1520 2094 τοῦ
1559 2041 1785 2113 κόσμου.

202 2131 318 2185 Καὶ
347 2134 408 2184 ὲν
429 2129 603 2203 τούτῳ
632 2128 993 2201 γινώσκομεν,
1019 2131 1102 2184 ὅτι
1139 2129 1458 2204 ἐγνώκαμεν
1484 2133 1667 2199 αὑτὸν,
1694 2135 1789 2190 ἐὰν

198 2222 304 2287 τὰς
335 2222 554 2287 ἐντολὰς
598 2221 761 2277 αὐτοῦ
807 2221 1081 2294 τηρῶμεν.
1133 2222 1190 2276 '0
1234 2222 1406 2293 λέγων
1448 2225 1529 2279 ὅτι
1576 2226 1789 2295 ἔγνωκα

198 2314 388 2378 αὐτὸν,
417 2314 630 2379 καὶτὰς
653 2313 870 2378 ἐντολὰς
888 2314 1050 2369 αὑτοῦ
1075 2314 1151 2387 μὴ
1172 2315 1372 2387 τηρῶν,
1395 2316 1634 2389 ψεύστης
1647 2321 1785 2384 ἐστὶ,

198 2405 299 2459 καὶ
330 2407 392 2459 ὲν
419 2404 595 2477 τούτῳ
639 2407 673 2477 ή
718 2404 947 2477 ἀλήθεια
986 2405 1086 2459 οὐκ
1129 2404 1296 2459 ἐστιν.
1336 2408 1431 2471 Ὃς
1461 2406 1505 2460 δ’
1548 2406 1613 2462 ἂν
1645 2411 1784 2481 τηρῇ

196 2497 370 2553 αὐτοῦ
400 2498 491 2551 τὸν
522 2497 703 2567 λόγον,
741 2496 957 2567 ἀληθῶς
985 2497 1044 2550 ὲν
1066 2496 1294 2568 τούτῳή
1328 2497 1516 2570 ἀγάπη
1534 2498 1630 2552 τοῦ
1652 2498 1785 2555 Θεοῦ

194 2591 567 2647 τετελείωται.
625 2591 713 2644 Ἐν
758 2589 935 2661 τούτῳ
987 2587 1346 2661 γινώσκομεν,
1401 2591 1483 2644 ὃτι
1535 2593 1592 2645 ὲν
1638 2593 1786 2665 αὑτῷ

195 2687 389 2758 ἐσμέν.
438 2686 498 2739 ’0
528 2684 700 2754 λέγων
733 2685 791 2738 ὲν
822 2681 970 2753 αὐτῷ
996 2683 1197 2753 μένειν,
1237 2682 1441 2752 ὀφείλει
1471 2682 1653 2748 καθὼς
1686 2685 1786 2738 κά-

194 2782 379 2843 κεῖνος
404 2778 794 2851 περιεπάτησε,
827 2777 922 2830 καὶ
956 2777 1116 2841 αὐτὸς
1149 2777 1489 2848 περιπατεῖν.
1533 2795 1553 2828 ι
1581 2769 1651 2830 Ὠ
1685 2776 1785 2848 τῆς

183 2864 475 2943 μακαρίου
538 2869 830 2942 θρέμματα
884 2868 1291 2939 παιδαγωγίαςῑ
1346 2867 1409 2922 τὸ
1472 2868 1634 2924 καλὸν
1685 2870 1785 2942 τῆς

205 2962 540 3034 Ἐκκλησίας
588 2960 962 3034 πληρώσωμεν
1012 2961 1325 3033 πρόσωπον,
1369 2960 1463 3014 καὶ
1508 2960 1644 3033 πρὸς
1687 2960 1785 3035 τὴν

194 3052 414 3124 ἀγαθὴν
444 3052 880 3125 προσδράμωμεν
904 3055 953 3144 οι
984 3054 1166 3124 νήπιοι
1189 3052 1419 3124 μητέρα·
1456 3054 1558 3144 κᾶν
1590 3056 1785 3127 ἁκροα-
1810 3085 1854 3144 c

190 3145 290 3200 ταὶ
332 3144 429 3199 τοῦ
474 3146 648 3213 Λόγου
679 3142 985 3216 γενώμεθα,
1025 3145 1125 3218 τὴν
1163 3144 1439 3217 μακαρίαν
1470 3142 1780 3217 δοξάζωμεν

189 3236 511 3308 οἰκονομίαν
531 3235 663 3307 (56),
691 3235 757 3289 δι’
774 3237 841 3308 ἢν
867 3236 1290 3305 παιδαγωγεῖται
1314 3236 1410 3307 μὲν
1428 3236 1457 3289 6
1476 3235 1778 3310 ἄνθρωπος,

188 3331 486 3401 ἁγιάζεται
516 3328 572 3383 δὲ
602 3329 678 3394 ώς
710 3328 844 3383 Θεοῦ
876 3327 1105 3383 παιδίον
1139 3328 1232 3382 καὶ
1277 3328 1618 3383 πολιτεύεται
1666 3328 1780 3399 (57)

192 3424 302 3493 μὲν
333 3424 394 3475 ὲν
418 3421 687 3494 οὐρανοῖς,
727 3420 835 3475 ἀπὸ
866 3420 971 3491 γῆς
1000 3420 1532 3493 παιδαγωγούμενος,
1568 3421 1781 3494 πατέρα

189 3513 247 3567 δὲ
284 3513 405 3567 ἐκεῖ
431 3511 718 3583 λαμϐάνει,
741 3510 800 3564 ὃν
832 3509 925 3564 ἐπὶ
957 3509 1061 3580 γῆς
1090 3509 1370 3580 μανθάνει.
1406 3510 1591 3565 Πάντα
1620 3512 1649 3565 6
1680 3509 1782 3564 Λό-

188 3621 294 3674 γος
328 3606 426 3658 καὶ
459 3606 621 3669 ποιεῖ,
653 3603 747 3658 καὶ
770 3602 1035 3671 διδάσκει,
1059 3602 1153 3655 καὶ
1186 3602 1540 3671 παιδαγωγεῖ.
1584 3603 1778 3668 Ἵππος

187 3695 394 3765 ἄγεται
449 3693 669 3768 χαλινῷ,
722 3695 817 3749 καὶ
863 3692 1063 3766 ταῦρος
1119 3692 1310 3761 ἄγεται
1358 3692 1539 3765 ζυγῷ,
1592 3692 1778 3766 Θηρίον

1890 1855 2112 1922 nostris,
2148 1855 2243 1911 sed
2282 1858 2447 1911 etiam
2498 1857 2666 1913 totius
2698 1859 2907 1913 mundi.
2942 1858 3006 1914 Et
3037 1860 3090 1914 in
3121 1860 3224 1916 hoc
3259 1874 3462 1932 cognoo

1888 1948 2114 2016 scimus,
2152 1950 2297 2020 quod
2330 1949 2507 2020 ipsum
2551 1952 2927 2021 cognovimus,
2968 1952 3014 2008 si
3055 1951 3177 2022 ejus
3204 1954 3460 2008 mandata

1889 2054 2193 2096 servemus.
2244 2039 2349 2107 Qui
2397 2041 2530 2096 dicit
2576 2042 2805 2113 cognovi
2868 2043 3071 2113 ipsum,
3112 2050 3167 2098 et
3205 2045 3459 2098 mandata

1887 2128 2007 2199 ejus
2030 2144 2138 2183 non
2166 2140 2367 2195 servat,
2398 2130 2634 2185 mendax
2668 2140 2771 2198 est,
2808 2140 2862 2185 et
2912 2132 2964 2184 in
3004 2147 3072 2186 eo
3104 2133 3303 2188 veritas
3348 2150 3459 2187 non

1887 2230 1989 2276 est.
2027 2220 2128 2288 Qui
2178 2230 2361 2276 autem
2409 2231 2599 2277 servat
2638 2222 2759 2291 ejus
2805 2238 3139 2291 sermonem,
3170 2240 3297 2280 vere
3335 2240 3460 2296 per-

1888 2312 2028 2368 fecta
2057 2312 2219 2368 estin
2248 2328 2313 2367 eo
2346 2311 2441 2367 Dei
2494 2314 2713 2368 dilectio
2767 2331 2780 2368 :
2818 2313 2871 2367 in
2913 2315 3016 2370 hoc
3052 2315 3457 2386 cognoscimus,

1886 2405 2033 2477 quod
2061 2405 2117 2459 in
2146 2420 2211 2459 eo
2249 2420 2461 2460 sumus.
2511 2406 2615 2471 Qui
2652 2405 2783 2460 dicit
2829 2405 2884 2460 in
2939 2406 3059 2476 ipso
3105 2422 3163 2462 se
3214 2421 3458 2474 manere,

1885 2496 2064 2562 debet,
2090 2497 2232 2552 sicut
2262 2497 2349 2551 ille
2374 2498 2696 2563 ambulavit,
2720 2498 2833 2568 ipse
2854 2513 3072 2568 quoque
3100 2498 3465 2553 ambulat-ee.»

1886 2587 1931 2643 Ο
1965 2589 2173 2644 alumni
2217 2588 2390 2644 beatae
2418 2590 2776 2661 paedagogi-az!
2820 2590 3144 2659 impleamus
3176 2591 3457 2660 pulchram

1886 2681 2142 2737 Ecclesiae
2174 2698 2484 2753 personam,
2518 2693 2572 2739 et
2617 2684 2684 2739 ad
2715 2684 2913 2739 bonam
2956 2693 3183 2739 matrem
3226 2684 3460 2740 infantes

1887 2789 2243 2830 accurramus
2278 2792 2293 2829 :
2327 2785 2382 2829 et
2411 2775 2458 2829 si
2488 2774 2665 2830 simus
2707 2776 2975 2831 sermonis
3003 2776 3299 2841 auditores,
3333 2776 3460 2831 bea-

1889 2871 1997 2919 tam
2032 2862 2398 2934 gloriticemus
2421 2866 2810 2932 oeconomiam,
2847 2880 2942 2935 per
2978 2880 3142 2935 quam
3181 2866 3343 2921 homo
3376 2865 3460 2919 in-

1885 2955 2149 3020 stituitur,
2181 2956 2555 3011 sanctiﬁcatut‘
2583 2967 2765 3011 autem
2817 2967 3075 3029 tanquam
3108 2957 3202 3013 Dei
3232 2958 3454 3024 ﬁliolus.

1885 3058 1939 3104 et
1971 3049 2025 3103 in
2053 3048 2209 3104 caelis
2238 3048 2459 3118 quidem
2487 3058 2759 3114 versatur,
2783 3064 2815 3104 e
2847 3060 2993 3104 terra
3024 3050 3328 3115 institutus,
3358 3065 3456 3119 pa-

1889 3150 2024 3197 trem
2059 3149 2239 3199 autem
2279 3139 2386 3194 illic
2416 3140 2602 3205 sumit,
2633 3156 2795 3211 quem
2829 3141 2992 3196 discit
3040 3142 3092 3195 in
3129 3150 3291 3197 terra.
3323 3140 3456 3195 Om-

1888 3236 1977 3286 nia
2025 3230 2203 3303 Logos
2255 3241 2310 3288 et
2361 3231 2511 3299 facit,
2546 3244 2600 3288 et
2647 3234 2826 3298 docet,
2864 3243 2919 3288 et
2957 3233 3211 3290 instituit.
3270 3231 3459 3303 Equus

1887 3322 2042 3378 freno
2063 3324 2304 3389 ducitur,
2343 3333 2397 3379 et
2430 3333 2623 3381 taurus
2645 3325 2779 3395 jugo
2816 3326 3055 3393 ducitur,
3106 3325 3219 3380 fera
3262 3325 3459 3398 laqueo

1884 3416 2146 3487 capitur:
2185 3417 2352 3471 homo
2401 3430 2581 3473 autem
2631 3400 2781 3489 Logo
2833 3416 3291 3485 transformatur,
3347 3432 3458 3489 quo

1885 3507 2015 3572 ferte
2060 3520 2473 3573 mansuescunt,
2517 3511 2836 3566 inescantur
2889 3511 3156 3575 natatilia,
3198 3518 3252 3565 et
3295 3521 3460 3566 attra-

1885 3598 2090 3653 buntur
2141 3599 2408 3655 volucres.
2465 3597 2563 3655 Hic
2612 3615 2796 3655 revera
2842 3615 2985 3669 equo
3033 3601 3244 3655 frenum
3272 3601 3454 3667 struit,

1884 3695 2042 3743 tauro
2064 3689 2279 3761 jugum,
2309 3688 2437 3746 forte
2473 3692 2752 3761 laqueum,
2801 3691 2936 3761 pisci
2979 3691 3324 3757 arundinem,
3367 3689 3459 3748 avi

214 3858 225 3867 '
270 3860 337 3918 sla
382 3850 446 3907 P.
490 3851 597 3908 310
628 3850 737 3905 ΕΙ).
778 3848 1080 3916 POTTER,
1107 3848 1214 3905 265
1244 3846 1351 3902 ED.
1382 3845 1609 3927 PARIS.
1686 3859 1712 3888 ι
1749 3846 1768 3900 1

1891 3863 1957 3902 ιη.
1984 3846 2040 3909 2,
2066 3847 2121 3912 5,
2150 3848 2205 3912 4,
2238 3848 2294 3912 5,
2323 3846 2375 3903 6.

265 4053 389 4123 (5|)
422 4049 866 4123 Hpeo'é’urépotc.
907 4020 1122 4105 Putavit
1182 4050 1345 4122 igitur
1385 4048 1657 4123 Clemens,
1715 4049 1774 4106 S.

192 4121 519 4194 scripturas
561 4121 1235 4194 episcopis,__presbyteris
1282 4131 1335 4175 et
1388 4121 1635 4194 diaconis
1675 4137 1775 4177 sua

189 4189 378 4250 cilicia
413 4189 1031 4274 etmmuiierajgillatim
1073 4189 1539 4274 tribuisse..Couf.
1572 4190 1771 4247 Strom.

188 4280 291 4330 vn,
323 4280 385 4335 p.
418 4262 522 4317 700
549 4263 680 4344 edit.
721 4260 895 4343 Paris.
925 4271 980 4317 et
1006 4277 1128 4331 qua:
1154 4261 1254 4343 _ibi
1314 4262 1568 4341 adnotata
1621 4270 1768 4316 sunt.

188 4332 696 4413 Porroﬁlementts
722 4333 1046 4402 disetpulns,
1076 4333 1355 4413 Origenes,
1383 4331 1477 4413 lib.
1506 4332 1643 4413 Περὶ
1672 4334 1773 4413 sii-

187 4404 332 4475 κῆζι,
371 4403 442 4458 de
464 4403 661 4475 debitis
703 4418 893 4472 agens,
948 4418 1183 4475 quorum
1213 4402 1266 4455 in
1296 4402 1557 4475 Oratione
1589 4402 1773 4475 Domi-

1878 4060 2057 4109 stas...
2088 4054 2343 4109 voluntas
2368 4058 2764 4126 omnipotens:
2799 4052 3168 4109 Tertullianus
3214 4054 3292 4109 De
3327 4071 3456 4126 oru-

1881 4125 2019 4178 tione
2052 4139 2173 4194 cap.
2207 4140 2258 4177 tv
2293 4144 2305 4178 :
2340 4145 2359 4176 ι
2393 4124 2536 4194 Ipse‘
2557 4136 2674 4180 erat
2716 4126 2967 4179 voluntas
2992 4135 3047 4179 et
3088 4133 3328 4194 potestas
3354 4124 3459 4180 Pa-

1881 4196 2001 4266 tris.
2042 4211 2061 4245 ι
2095 4193 2356 4261 Origenes
2394 4191 2469 4249 De
2510 4195 2808 4266 principiis,
2853 4203 2908 4247 et
2949 4191 3153 4266 alibizi
3190 4191 3363 4250 Natus
3386 4203 3456 4251 ex

1879 4263 2060 4326 Patre,
2088 4266 2233 4317 velut
2260 4263 2519 4320 voluntas
2546 4282 2609 4319 ex
2664 4273 2842 4318 mente
2876 4264 3196 4331 procedens.
3232 4283 3251 4314 ι
3270 4331 3276 4333 Α
3298 4266 3458 4333 Apud

1880 4333 2411 4406 Atlianasiugniorat.
2441 4337 2475 4390 5
2501 4345 2554 4389 ει
2575 4335 2609 4389 4
2636 4343 2825 4406 contra
2855 4334 3087 4406 Ariauos
3121 4350 3133 4386 :
3163 4331 3459 4406 Βουλὴκαὶ

1879 4402 2205 4476 θέληματοῦ
2232 4404 2466 4476 Πατρός,
2491 4423 2510 4456 ι
2535 4403 2823 4476 consilium
2846 4412 2900 4457 et
2925 4403 3176 4476 voluntas
3201 4401 3401 4476 Patris.
3431 4424 3452 4458 ι

187 4469 318 4531 nica
364 4474 570 4528 mentio
614 4472 691 4535 iit,
743 4469 1037 4544 postquam
1076 4471 1774 4544 degeneralibusomciis
1807 4469 1854 4527 D
1887 4469 2283 4544 Recb‘gnitiones
2319 4469 2377 4528 δ’.
2408 4475 2723 4536 Clementis,
2756 4473 2849 4527 lib.
2886 4488 2924 4535 ι,
2961 4488 3081 4542 cap.
3111 4473 3184 4526 24
3216 4492 3229 4528 :
3268 4492 3286 4526 ι
3327 4473 3459 4530 Erat

183 4545 574 4608 disseruisset,
606 4544 720 4598 haec
744 4541 895 4598 addit
919 4542 1128 4613 εΧωρὶς
1154 4541 1211 4596 δὲ
1238 4541 1462 4613 τούτων,
1479 4541 1777 4613 καθολικώ-

183 4617 374 4685 τέρων
401 4614 855 4685 δντωνάστιλτις
892 4613 1062 4685 χήρας
1098 4612 1500 4685 προνοουμένης
1542 4612 1774 4685 ὐ-πὸίλτῇς

197 4635 247 4669 τε
340 4635 374 4668 ν
401 4635 590 4678 οντων,
621 4635 735 4666 εστι
772 4635 855 4676 τις
1098 4635 1500 4685 προνοουμενης
1543 4635 1646 4665 υπῦ
1672 4635 1774 4682 της

197 4635 1453 4781 ἑῖέηεεεεεςέεξξὴμεσεεέξιαμδιεξέχοξθ
1473 4681 1774 4781 causa

181 4751 606 4881 ἰτριῗῖξὲῗέέΐέὲ
629 4751 1419 4878 νέιῗῖειξιπιὶῇῖέῇἒῄιίξῗαόἳέἱλὴ
1470 4751 1773 4833 Mm“;

203 4898 215 4904 _
449 4895 461 4904 _
881 4891 1149 4904 μη..
1237 4823 1778 4904 ηηωωωεντ

181 4898 339 4963 duas,
372 4895 533 4965 cujus
561 4910 750 4950 curam
780 4893 917 4965 gerit
948 4891 1504 4965 Ecclesia,debitum,
1535 4902 1582 4946 et
1628 4892 1775 4965 aliud

180 4962 458 5029 diuerti;
471 4973 527 5020 et
553 4965 700 5019 aliud
731 4962 1050 5035 presbyteri,
1078 4974 1132 5019 et
1160 4964 1305 5018 aliud
1346 4979 1479 5018 sane
1516 4962 1778 5033 gravissi-

181 5052 348 5091 mum
377 5036 639 5105 episcopi.
679 5054 696 5105 ι

261 5106 391 5178 (52)
410 5102 823 5178 Ἆιδαὶγκάιλου.
851 5102 983 5178 Ejus
1011 5119 1225 5178 nempe,
1247 5103 1338 5178 qui
1370 5103 1587 5178 adultos
1616 5103 1776 5178 insti-

179 5173 299 5302 :21
332 5173 598 5247 {qualem
625 5190 685 5231 se
709 5176 849 5246 gerit
890 5173 1142 5230 Clemens
1181 5174 1237 5229 in
1275 5173 1670 5242 Στρωματέων
1715 5176 1779 5229 li-

278 5264 334 5301 s.

278 5264 334 5301 S.

257 5316 391 5388 (53)
416 5316 701 5388 Βρύλημα

176 5377 702 5465 Πατρδςιτῶνβῗων
727 5385 1007 5465 Δόγοςούχ
1033 5377 1352 5465 οὗτόςξὲστιν
1374 5385 1404 5463 ό
1428 5377 1776 5465 προφορικὸς,

392 5455 572 5531 δὲ’-καὶ
593 5452 893 5531 χρηστότης
921 5452 1277 5531 φανερωτάτη
1315 5452 1406 5507 τοῦ
1436 5452 1593 5518 Θεοῦ,
1610 5452 1778 5531 ’δύνα-

181 5522 288 5601 μ’ίέ
328 5543 396 5581 τε
421 5522 490 5581 αὖ
536 5522 966 5601 ’τὲειὶῨκριιιττ’ὴιῖξ,οιξΔ
1000 5522 1209 5601 θέλημξι
1262 5522 1773 5601 παντοκρατορικόν.

184 5595 208 5652 ἱ
264 5598 459 5669 Logos
497 5595 664 5664 enim,
688 5595 1338 5669 'seu'_Verbum,_Pat_ris
1372 5595 1775 5669 unitersorum,

180 5685 308 5726 non
343 5664 432 5724 Est
464 5669 689 5724 verbum
724 5667 1017 5738 prolatum,
1052 5665 1147 5721 sed
1173 5665 1268 5721 Dei
1304 5664 1569 5735 sapientia
1599 5672 1653 5719 et
1680 5665 1777 5719 δο-

180 5743 347 5797 nitas
398 5737 874 5806 manifestissima,
930 5749 984 5793 et
1035 5737 1197 5793 etiam
1236 5738 1581 5806 omnipotens
1633 5744 1772 5805 poto-

706 5356 721 5369 .
760 5315 852 5371 Sic
881 5316 1089 5385 Strom.~
1108 5330 1161 5375 v,
1191 5329 1245 5383 p.
1275 5313 1379 5367 547
1408 5331 1422 5368 :
1465 5313 1522 5367 '0
1550 5314 1656 5385 γὰρ
1684 5312 1778 5385 τοῦ

1828 4584 1837 4594 .
1880 4543 2117 4612 semper,
2146 4551 2200 4598 et
2229 4554 2332 4606 est,
2364 4553 2417 4599 et
2447 4544 2553 4600 erit
2590 4544 2743 4605 illud,
2779 4560 2808 4597 a
2850 4558 2959 4612 quo
3003 4543 3176 4612 prima
3206 4544 3459 4601 voluntas

1879 4615 2058 4685 genita
2088 4614 2512 4683 sempiternitate
2544 4623 2779 4685 constat,
2833 4623 2887 4667 et
2916 4629 2993 4685 ex
3040 4614 3213 4683 prima
3262 4616 3456 4668 volun-

1879 4680 1989 4755 tate
2018 4680 2230 4755 iterum
2272 4686 2544 4742 voluntas.
2590 4705 2610 4737 ι
2658 4680 2756 4739 Ubi
2798 4683 2944 4739 conf.
3002 4680 3126 4755 quae
3176 4686 3459 4740 adnotavit

1878 4754 2200 4808 Cotelerius.

1949 4824 2073 4894 (54)
2122 4825 2186 4875 '0
2230 4822 2497 4893 ἰώμενος.
2546 4823 2749 4894 Allndit
2799 4823 2865 4877 ad
2919 4823 3303 4894 etymologiam
3362 4823 3455 4894 τοῦ

1949 4840 2064 4894 tua)
2126 4840 2186 4875 τυ
2230 4840 2497 4893 ιωμεγος.
2546 4840 2749 4877 Aluum
2799 4840 2865 4877 au
2919 4840 2973 4878 et
3013 4840 3303 4893 mmogtam
3362 4840 3454 4876 του

1892 4893 2143 4960 Ἰησοῦς,
2178 4896 2323 4963 quod
2365 4895 2613 4948 nonnulli
2660 4893 2939 4950 llebraice
2969 4840 3167 4963 lyinguaa
3204 4893 3377 4963 ignari
3422 4909 3454 4947 α

1880 4963 2069 5020 Graeco
2098 4963 2278 5019 ἰᾶσθαι
2307 4963 2598 5021 ducebant.

1950 5034 2063 5103 (55)
2094 5033 2466 5103 εΑμαρτιῶν.
2525 5033 2692 5091 Abest
2732 5050 2761 5089 a
2805 5032 2963 5088 Joan.
3004 5031 3149 5095 Mox,
3192 5036 3220 5087 6
3256 5032 3453 5101 λέγων,

1879 5102 2116 5174 ἔγνωκα,
2160 5102 2366 5158 omisso
2403 5104 2505 5166 ὅτι,
2548 5103 2681 5158 Ibid.
2725 5105 2875 5165 Dein,
2912 5103 3095 5174 καθὼς
3122 5105 3334 5168 ἐκεῖνος
3360 5117 3456 5154 πε-

1882 5172 2202 5246 ριεπάτησε,
2236 5174 2331 5227 καὶ
2356 5174 2517 5237 αὐτὸς
2543 5173 2718 5238 οὕτως
2746 5190 2934 5245 περιπ.
2967 5172 3101 5227 lhid.
3122 5174 3327 5236 ἐκεῖνος
3354 5185 3454 5240 pro

1882 5245 2125 5299 κάκεῖνος
2152 5244 2367 5299 exhibet
2392 5248 2553 5299 etiam
2584 5243 2719 5298 Nov.

1879 5259 2125 5305 κακεῖνος
2152 5259 2367 5299 ειηιυει
2392 5259 2553 5299 etiam
2584 5259 2719 5298 NHV.

1955 5316 2067 5384 (56)
2113 5316 2487 5384 Οἰκονομίαν.
2532 5312 2967 5384 Nempe_Christi
2996 5310 3453 5384 incarnationem,

1882 5381 2057 5455 quam
2078 5387 2179 5439 hoc
2208 5381 2437 5462 nomine
2465 5381 2712 5462 plerique
2738 5382 2927 5438 Patres
2956 5381 3228 5462 appellant
3244 5398 3275 5462 ;_
3307 5396 3456 5462 eain-

1881 5450 1987 5526 que
2013 5465 2294 5524 opponunt
2321 5456 2387 5526 τῇ
2414 5450 2680 5526 asciam,
2714 5468 2807 5507 seu
2857 5471 2876 5503 ι
2912 5450 3151 5507 sermoni
3189 5470 3211 5503 ι
3243 5450 3311 5505 de
3336 5451 3457 5520 ejus

1887 5525 1913 5576 ι
1942 5525 2245 5579 divinitate.
2285 5543 2304 5576 ι

1952 5594 2067 5664 (57)
2133 5595 2526 5649 Πολιτεύετιιι.
2595 5592 2833 5662 Respicit
2898 5591 3100 5664 Philip.
3166 5605 3264 5654 nl,
3317 5588 3388 5645 εἰ)
3435 5604 3454 5644 ε

1890 5661 2077 5737 Ἦμῶν
2105 5664 2211 5737 γὰρ
2236 5667 2295 5718 τὸ
2324 5666 2619 5747 πολίτευμα
2647 5661 2973 5733 ἑνίοὺρανοῖς
2999 5661 3254 5734 ὑπάρχει.
