3960 6552
437 380 539 439 091

1616 379 2011 437 CLEHENTIS'
2039 375 2512 433 ALEXANDRINI'

3584 359 3687 416 ﬁt!

440 505 499 563 >3
520 499 681 554 ambo
696 513 830 570 ergo
849 498 1073 553 verbum
1092 496 1407 566 praedicant,
1429 495 1519 549 hic
1539 497 1759 566 quidem
1783 497 2008 568 scripto,

2126 494 2276 563 μένου
2296 491 2427 555 Θεὸς
2451 479 2708 551 ἀναίτιος.
2721 538 2725 542 ,
2738 484 2942 540 Αὐτίκα
2961 481 3073 536 τῶν
3099 481 3200 552 μὶν
3216 522 3231 547 ,
3265 476 3691 570 ἐκδανετσαιτδι

434 590 524 646 ille
553 606 681 644 vero
695 604 861 656 voce;
886 588 1166 660 quomodo
1190 602 1298 642 non
1326 597 1456 643 sunt
1483 589 1644 642 ambo
1663 589 2005 650 admittendi.

435 682 528 751 qui
554 680 872 747 eﬂecerunt,
908 692 967 735 ut
999 683 1131 735 lides
1153 689 1409 751 Operetur
1440 695 1536 750 per
1561 678 1904 735 dilectionem
1923 680 2008 734 ‘P‘A

436 774 594 843 culpa
622 784 804 829 autem
833 774 975 844 ejus,
1000 774 1093 843 qui
1117 773 1260 843 quod
1286 781 1372 827 est
1392 773 1663 841 optimum
1687 788 1795 828 non
1823 772 2008 842 elegit,

348 870 354 880 '
438 864 583 922 Deus
614 877 699 921 est
738 881 965 936 prorsus
1017 865 1251 932 alienus,
1292 874 1347 920 et
1390 866 1616 920 minime
1656 864 1777 934 ejus
1821 878 2008 919 causa.

436 956 556 1012 Jam
590 973 722 1012 vero
754 957 970 1013 illorum
1001 958 1222 1027 quidem
1258 973 1461 1013 munus
1493 967 1577 1012 est
1604 957 1830 1012 verbum
1862 955 2013 1010 l'ene—

439 1051 587 1114 rari;
638 1049 830 1103 horum
874 1059 1065 1105 autem
1096 1049 1351 1119 probare,
1387 1058 1442 1103 et
1485 1056 1580 1105 aut
1624 1048 1891 1117 accipere,
1919 1057 2014 1101 aut

440 1156 573 1196 non.
601 1139 876 1196 Judicium
919 1150 1101 1197 autem
1154 1142 1215 1196 in
1253 1142 1712 1211 ipsisjudicatur.
1756 1138 1864 1195 Sed
1906 1139 2012 1194 alia
2049 1150 2059 1156 ‘

441 1233 771 1302 praedicandi
804 1233 1025 1304 quidem
1070 1234 1298 1291 scientia
1332 1243 1438 1298 est,
1476 1233 1583 1288 alia
1618 1233 1767 1288 velut
1809 1230 2012 1295 nuntii,

444 1325 655 1379 utrovis
690 1325 852 1380 modo
880 1325 1105 1396 juvans,
1141 1341 1236 1379 seu
1264 1340 1361 1395 per
1391 1340 1636 1386 manum,
1668 1339 1763 1379 seu
1793 1339 1888 1393 per
1918 1323 2018 1378 lin-

413 1428 607 1486 Iguam
644 1426 899 1486 operetur
933 1435 1000 1474 ιι
1038 1416 1309 1483 Quoniam
1346 1418 1456 1488 qui
1499 1416 1735 1472 seminat
1764 1416 1819 1470 in
1861 1415 2025 1485 spiri-

441 1515 582 1570 tina,
607 1508 675 1562 de
705 1507 900 1577 spiritu
934 1520 1098 1564 metet
1130 1508 1296 1565 vitam
1327 1518 1607 1563 aeternam.
1641 1505 1797 1574 Quod
1834 1516 2014 1561 autem

441 1597 647 1654 bonum
692 1608 776 1653 est
825 1599 1106 1662 facientes,
1146 1614 1215 1653 ne
1260 1599 1435 1654 simus
1468 1597 1667 1668 pusillo
1713 1606 1765 1651 et
1805 1596 2035 1664 abjecto.

443 1690 703 1745 animo“.
742 1707 761 1740 ι
804 1688 860 1744 In
882 1705 1008 1744 eum
1039 1689 1260 1758 quidem
1296 1697 1463 1752 certe,
1491 1688 1585 1758 qui
1616 1687 1800 1742 divina
1840 1685 2020 1756 provi-

444 1779 628 1833 dentia
677 1779 731 1833 in
776 1795 897 1834 eam
954 1779 1225 1842 inciderit,
1282 1776 1496 1833 confert
1542 1794 1651 1843 ea,
1709 1791 1833 1847 qua
1890 1782 2029 1831 sunt:

2074 648 2075 651 η
2112 584 2286 654 λόγον,
2301 583 2461 655 ἔργον
2474 582 2641 646 ἐστὶν,
2658 578 2768 631 τῶν
2779 577 2860 644 δὲ,
2875 572 3188 646 δοκιμάσαι,
3204 570 3442 642 καὶήτοι
3455 567 3685 635 ἑλέσθαι,

2110 677 2145 747 ἢ
2189 678 2296 748 μή·
2328 679 2363 747 ή
2411 674 2595 747 κρίσις
2623 672 2683 725 δὲ
2714 669 2991 731 ἐνιαυτοῖς
3037 664 3302 739 κρίνεται.
3350 661 3495 715 Ἀλλ’
3527 662 3562 732 ή
3597 661 3689 731 μὲν
3728 738 3733 745 Δ

2112 766 2421 840 κηρυκτικὴ
2455 764 2754 835 ἐπιστήμη,
2782 762 2817 832 ή
2841 759 2901 814 δέ
2929 775 3049 822 πως
3079 756 3376 826 ἀγγελική·
3419 752 3690 824 ὁποτέρως

2111 859 2178 914 ἂν
2202 862 2396 931 ἐνεργῇ
2419 899 2433 925 ,
2473 857 2565 913 διά
2609 874 2669 911 τε
2700 857 2803 928 τῆς
2834 854 3018 927 χειρὸς
3057 852 3147 907 διά
3176 868 3237 905 τε
3278 850 3382 921 τῆς
3427 848 3690 919 γλώττης,

2120 951 2434 1024 ὠφελοῦσω
2468 970 2489 1003 ο
2523 952 2648 1005 Ὅτι
2672 952 2702 1004 ό
2728 948 2972 1020 σπείρων
3012 948 3093 1010 είς
3122 945 3187 999 τὸ
3232 943 3452 1015 πνεῦμα
3492 944 3559 996 ὲκ
3600 941 3691 996 τοῦ

2115 1044 2425 1115 πνεύματος
2457 1043 2668 1116 θερίσει
2709 1041 2853 1113 ζωὴν
2889 1038 3124 1095 αἰώνιον.
3161 1038 3239 1093 Τὸ·
3264 1037 3323 1091 δὲ
3370 1035 3536 1116 καλὸν
3574 1051 3694 1088 ποι-

2115 1135 2333 1201 οῦντες,
2375 1137 2449 1208 μὴ
2477 1134 2821 1205 ὲκκακῶμεν.
2869 1155 2886 1186 ι
2916 1130 3291 1204 Συμϐἀλλεται
3326 1130 3558 1199 γοῦνητὰ
3598 1128 3691 1200 μέ-

2114 1245 2275 1296 γιστα
2328 1228 2407 1300 τῷ
2452 1227 2798 1300 περιτυχόντα.
2856 1223 3009 1279 κατὰ.
3050 1224 3150 1295 τὴν
3209 1223 3359 1277 θείαν
3416 1221 3690 1293 πρόνοιαν,

2116 1322 2290 1394 ἀρχὴν
2313 1322 2568 1386 πίστεως,
2603 1318 2877 1404 πολιτείας
2908 1317 3240 1391 προθυμίαν,
3265 1316 3443 1388 ὁρμὴν
3472 1316 3573 1387 τὴν
3603 1314 3694 1369 ἐπὶ

2114 1413 2213 1486 τὴν
2253 1412 2528 1485 ἀλήθειαν,
2577 1402 2815 1482 κίνησιῦζ
2847 1410 3172 1482 ζητητικὴν,
3225 1409 3371 1479 ίχνος
3420 1406 3691 1476 γνώσεως,

2119 1505 2406 1560 συνελόντι
2444 1507 2618 1559 είπείν
2642 1545 2657 1569 ,
2703 1502 2958 1575 ἀφορμὰς
2988 1503 3171 1557 δίδωσι
3220 1501 3512 1574 σωτηρίας.
3548 1501 3612 1553 Ol
3641 1497 3696 1553 δὲ

2118 1598 2474 1670 ἐντραφέντες
2499 1595 2736 1667 γνησίως
2760 1598 2877 1659 τοῖς
2896 1596 2997 1667 τῆς
3017 1593 3271 1665 ἀληθείας
3287 1591 3488 1660 λόγοις,
3516 1590 3697 1661 ἐφόδια

2119 1690 2266 1761 ζωῆς
2295 1689 2471 1768 ἀϊδίου
2498 1687 2784 1753 λαϐόντες,
2813 1689 2893 1750 είς
2918 1686 3150 1758 οὐρανὸν
3185 1684 3533 1757 πτεροῦνται.
3559 1682 3698 1738 Θαυ-

2124 1779 2437 1853 μασιώτατα
2462 1770 2640 1835 τοίνυν
2659 1783 2688 1834 ό
2724 1778 3062 1846 Ἀπόστολος,
3109 1799 3128 1831 ι
3182 1779 3272 1832 Ἐν
3304 1778 3490 1841 παντὶ,
3546 1779 3694 1848 φησι,

447 1870 706 1937 maxima,
742 1871 1073 1947 principium
1120 1870 1267 1935 ﬁdei,
1309 1871 1435 1926 vita:
1474 1878 1620 1925 recte
1664 1867 2017 1924 instituenda:

2126 1874 2462 1937 συνιστάντες
2524 1873 2615 1951 (8),
2660 1873 2883 1937 ἑαυτοὺς
2943 1872 3020 1936 ὡς
3072 1870 3209 1925 Θεοῦ
3283 1869 3527 1923 διάκονοι
3552 1887 3568 1900 ο
3624 1869 3699 1932 ὡς

446 1972 757 2032 proruptum
789 1971 844 2017 et
869 1964 1052 2017 alacre
1084 1962 1440 2029 desiderium,
1464 1963 1714 2017 veritatis
1740 1960 2021 2030 appetitio-

446 2070 594 2113 nem.
619 2066 671 2108 et
701 2055 766 2109 ad
798 2071 917 2109 eam
956 2056 1354 2118 incitationem,
1385 2063 1593 2109 motum
1624 2052 2023 2125 inquisitionis,

446 2144 736 2215 vestigium
768 2146 1217 2214 cOgnitionis,,et,
1252 2155 1311 2198 ut
1352 2160 1466 2199 rem
1510 2144 1564 2198 in
1611 2160 1783 2214 pauca
1835 2141 2019 2198 confe.

446 2255 587 2304 ram,
632 2239 728 2293 dat
777 2238 933 2312 117
972 2240 1259 2296 materiam
1309 2245 1377 2291 et~
1410 2239 1757 2292 occasionem
1803 2236 2019 2291 salutis.

449 2328 553 2396 Qui
596 2339 777 2385 autem
810 2331 880 2385 vin
917 2332 1107 2387 verbis
1132 2332 1380 2387 veritatis
1421 2346 1679 2402 germane
1708 2340 1765 2386 et
1810 2330 2023 2384 sincere

451 2430 581 2477 sunt
600 2422 839 2484 educati,
871 2433 1096 2491 accepto
1124 2425 1251 2479 vitae
1273 2431 1489 2479 aeternae
1517 2424 1733 2486 viatico,
1760 2423 2023 2478 sublimes

453 2514 506 2570 iu
538 2515 737 2568 cmlum
784 2512 1059 2570 feruntur.
1092 2512 1265 2571 Valde
1306 2516 1491 2586 itaque
1522 2515 1849 2570 mirabiliter
1889 2514 2024 2571 dicit

452 2606 748 2681 Apostolus
789 2628 802 2661 :
838 2625 856 2658 ι
893 2604 1121 2676 Semper
1154 2621 1253 2661 nos
1304 2607 1625 2667 exhibentes
1655 2616 1711 2662 ut
1744 2606 1838 2663 Dei
1863 2608 2025 2661 mini-

456 2707 620 2757 stros,
653 2706 717 2757 ut,
741 2713 1026 2767 pauperes,
1062 2698 1263 2752 multos
1291 2707 1470 2757 autem
1498 2699 1770 2766 ditantes;
1799 2711 1859 2755 ut
1889 2700 2025 2754 nihil

460 2789 755 2853 habentes,
776 2798 831 2842 et
860 2789 1042 2843 omnia
1075 2788 1436 2859 possidentes.
1469 2787 1545 2848 Os
1585 2798 1853 2847 nostrum-
1874 2806 2026 2860 aper-

454 2893 569 2935 tum
611 2891 695 2935 est
723 2880 789 2933 ad
818 2896 917 2938 vos
944 2881 993 2935 δ.
1021 2879 1310 2937 Testilicor
1355 2889 1559 2948 autem,
1592 2901 1611 2933 ι
1644 2882 1846 2956 inquit,
1882 2884 2025 2936 scri-

457 2975 591 3028 hcns
624 2973 688 3026 ad
717 2970 1089 3043 Timotheum.
1123 2991 1143 3025 ι
1181 2988 1365 3029 coram
1393 2973 1505 3028 Deo
1540 2984 1594 3028 et
1618 2971 1839 3028 Christo
1869 2970 2023 3037 Iesu,

453 3073 509 3119 et
531 3066 720 3120 electis
749 3066 979 3137 angelis,
1002 3077 1063 3121 ul.
1088 3067 1203 3123 haec
1233 3082 1420 3124 serves
1454 3067 1662 3136 absque
1684 3064 2024 3137 praeiudicio,

2123 1967 2347 2037 πτωχοὶ,
2376 1965 2605 2030 πολλοὺς
2630 1966 2687 2020 δὲ
2720 1962 3123 2029 πλουτίζοντες·
3158 1964 3235 2026 ὡς
3264 1961 3430 2034 μηδὲν
3459 1962 3696 2033 ἔχοντες,

2123 2060 2218 2111 καὶ
2245 2058 2421 2112 πάντα
2446 2058 2786 2130 κατέχοντες.
2820 2057 2893 2110 Τὸ
2926 2057 3099 2127 στόμα
3120 2055 3276 2127 ήμῶν
3305 2054 3517 2131 ἀνέεργε
3565 2052 3701 2125 πρδς

2123 2152 2284 2223 ὑμᾶς.
2311 2151 2762 2225 Διαμαρτύρομαι
2794 2151 2872 2216 δὲ,
2909 2170 2927 2203 ι
2957 2150 3035 2222 τῷ
3066 2149 3317 2221 Τιμοθέῳ
3366 2148 3536 2218 φησιν
3579 2148 3701 2199 ἐπι-

2125 2245 2376 2310 στέλλων,
2406 2264 2425 2297 ι
2448 2243 2792 2321 ένώπιονστοῦ
2823 2241 2956 2297 Θεοῦ
2987 2241 3083 2296 καὶ
3107 2240 3342 2313 Χριστοῦ
3376 2238 3575 2311 Ἰησοῦ,
3609 2239 3701 2293 καὶ

2121 2337 2231 2391 τῶν
2273 2337 2542 2392 ἐκλεκτῶν
2586 2335 2853 2404 ἀγγέλων,
2902 2334 2990 2388 ἵνα
3026 2332 3198 2387 ταῦτα
3246 2331 3489 2405 φυλάξῃς
3532 2331 3700 2401 χωρὶς

2125 2427 2516 2502 προκρίματος,
2537 2427 2701 2500 μηδὲν
2725 2425 2893 2481 ποιῶν
2909 2424 3051 2479 κατὰ
3069 2423 3406 2496 πρόσκλισιν.
3422 2442 3442 2475 ι
3463 2423 3702 2493 Ἀνάγκη

2122 2521 2303 2575 τοίνυν
2322 2520 2489 2592 ἄμφω
2515 2519 2689 2573 τούτω
2709 2517 3023 2589 δοκιμάζειν
3046 2518 3184 2587 σφᾶς
3204 2515 3402 2579 αὐτούς
3418 2533 3432 2545 ·
3456 2514 3553 2569 τὸν
3580 2514 3698 2585 μὲν,
3750 2540 3771 2555 ι

2125 2615 2174 2668 εί
2199 2614 2348 2680 ἄξιος
2360 2613 2537 2681 λέγειν
2558 2630 2617 2666 τε
2641 2613 2736 2666 καὶ
2761 2612 2973 2699 ὐποήινή
2982 2628 3121 2682 ματα
3141 2609 3593 2699 καταλιμπάνειν·
3610 2607 3705 2659 τὸν
3716 2606 3783 2699 μ

2096 2703 2200 2768 -δὲ,
2234 2707 2283 2757 εί
2314 2703 2613 2776 ἀκροᾶσθαί
2650 2720 2709 2755 τε
2753 2703 2846 2757 καὶ
2877 2695 3221 2774 ἐντυγχάνειν
3257 2701 3483 2764 δίκαιος.
3503 2695 3585 2772 ᾝ
3611 2700 3701 2752 καὶ

2123 2795 2222 2867 τὴν
2256 2796 2615 2866 Εὑχαριστίαν
2657 2795 2802 2858 τινὲς
2827 2794 3220 2865 διανείμαντες,
3260 2793 3336 2856 ὡς
3363 2791 3505 2857 ἔθος,
3541 2791 3702 2845 αὐτὸν

2125 2886 2188 2958 δὴ
2212 2887 2438 2940 ἕκαστον
2464 2885 2559 2938 τοῦ
2587 2884 2718 2938 λαοῦ
2736 2926 2752 2950 ,
2795 2883 2979 2939 λαϐεῖν
3004 2882 3103 2955 τὴν
3135 2885 3329 2954 μοῖραν
3376 2880 3703 2953 ἐπιτρέπου-

2129 2997 2231 3034 σιν.
2270 2978 2493 3051 ’Δρίστη
2526 2978 2651 3051 γὰρ.
2674 2976 2813 3050 πρὸς
2846 2976 2946 3049 τὴν
2997 2976 3200 3049 ἀκριϐῆ
3248 2974 3459 3047 αἵρεσίν
3499 2990 3564 3027 τε
3610 2972 3704 3026 καὶ

2128 3072 2304 3144 φυγὴν
2329 3073 2364 3143 ή
2396 3069 2717 3142 συνείδησις.
2743 3069 3006 3141 Θεμέλιος
3024 3069 3082 3123 δὲ
3107 3068 3276 3139 αὐτῆς
3303 3067 3521 3139 βέϐαιος
3546 3064 3703 3137 όρθὺς

457 3158 593 3212 nihil
624 3156 832 3214 faciens
853 3158 1153 3214 secundum
1189 3161 1627 3231 provocationem
1652 3168 1700 3212 α.
1742 3178 1761 3211 ι
1794 3156 2027 3213 Necessd

2130 3165 2243 3239 βίος
2268 3166 2387 3236 ἅμα
2420 3163 2651 3236 μαθήσει
2680 3165 2748 3234 τῇ
2776 3161 3090 3235 καθηκούσῃ
3108 3179 3122 3194 ο
3145 3162 3290 3215 τότε
3325 3160 3557 3215 ἕπεσθαι
3588 3158 3704 3215 ἑτέ-

453 3258 540 3304 est
570 3265 700 3320 ergo
736 3260 995 3318 utrosque
1019 3267 1116 3305 eos
1147 3252 1377 3321 probare
1413 3266 1473 3304 se
1508 3252 1656 3322 ipsos
1687 3268 1701 3306 :
1734 3250 1885 3304 illum
1910 3250 2029 3317 qni-

453 3340 601 3408 dem,
640 3358 710 3399 an
745 3341 947 3412 dignus
984 3344 1076 3408 sit,
1107 3342 1200 3412 qui
1228 3343 1376 3397 dieat
1413 3352 1478 3401 et
1497 3342 1833 3397 monimenta
1873 3340 2032 3395 relin—

455 3442 619 3501 quat;
658 3432 804 3489 bnnc
853 3450 1003 3500 vero,
1046 3450 1115 3488 an
1144 3436 1268 3505 jure
1301 3435 1477 3505 possit
1507 3434 1700 3493 audire
1742 3442 1798 3488 et
1827 3434 2025 3503 legere.

456 3522 928 3591 Quemadmodum
973 3526 1360 3581 eucharistiam
1393 3540 1515 3579 cum
1549 3522 1795 3593 quidam,
1822 3532 1882 3578 ut
1909 3539 2030 3579 mos

455 3624 561 3677 est,
615 3614 925 3681 diviserint,
975 3618 1303 3688 permittunt
1360 3614 1657 3684 unicuique
1708 3629 1775 3669 ex
1830 3613 2031 3684 populo

456 3707 579 3781 ejus
607 3718 819 3779 partem
844 3723 1080 3765 sumere.
1110 3708 1193 3763 Ad
1225 3716 1482 3764 accurate
1500 3708 1656 3763 enim
1682 3706 2032 3779 perfectaque

456 3801 768 3872 eligendum
807 3816 873 3856 ac
918 3798 1233 3871 fugiendum
1281 3802 1484 3871 optima
1528 3810 1613 3857 est
1670 3802 2027 3861 conscientia.

456 3891 703 3951 Firmum
737 3903 918 3949 autem
953 3893 1072 3965 ejus
1114 3892 1558 3958 fundamentum,
1591 3904 1676 3950 est
1717 3904 1868 3950 recta
1895 3895 2030 3960 vita,

457 4000 583 4040 cum
633 4000 718 4052 ea,
763 4002 887 4056 quae
931 3988 1209 4055 convenit,
1254 3988 1552 4047 doctrina:
1596 3997 1653 4044 et
1696 3987 1851 4058 sequi
1893 3987 2031 4042 alios

451 4076 566 4153 jam
599 4077 882 4150 probatos,
920 4088 975 4134 et
1005 4078 1099 4148 qui
1139 4095 1201 4134 se
1234 4088 1381 4139 recte
1409 4089 1717 4151 gesserunt,
1760 4080 2029 4150 optimum

454 4175 563 4235 est,
606 4176 661 4223 et
707 4168 776 4224 ad
825 4169 1108 4225 veritatem
1165 4170 1596 4241 intelligendam,
1646 4179 1702 4224 et
1759 4171 1826 4226 ad
1882 4185 2033 4224 exse-

456 4259 676 4331 quenda
735 4259 1015 4317 mandata.
1084 4278 1105 4313 ι
1161 4258 1531 4326 Quamobrem
1591 4259 1687 4330 qui
1732 4257 2034 4323 comederit

456 4365 676 4423 panem,
705 4360 761 4407 et
793 4352 993 4411 biberit
1017 4352 1243 4408 calicem
1269 4350 1484 4407 Domini
1511 4351 1751 4424 indigne,
1782 4365 1909 4406 reus
1928 4349 2034 4404 erit
2058 4406 2062 4413 ,

457 4446 707 4514 corporis
741 4453 796 4500 et
838 4447 1123 4516 sanguinis
1147 4443 1385 4503 Domini.
1421 4442 1619 4501 Probet
1654 4453 1832 4500 autem
1866 4445 2033 4499 homo

2134 3271 2246 3325 ροις
2294 3250 2699 3323 δοκιμασθεῖσιν
2735 3251 2836 3323 ήδη
2886 3252 2981 3306 καὶ
3020 3251 3443 3324 κατωρθωκόσιν
3483 3252 3703 3323 ἄριστον

2128 3346 2266 3415 πρός
2292 3361 2352 3398 τε
2381 3345 2480 3415 τῆς
2519 3342 2777 3414 ἀληθείας
2805 3345 2907 3414 τὴν
2945 3344 3129 3416 νόησιν
3157 3344 3253 3399 καὶ
3286 3342 3385 3415 τὴν
3415 3345 3701 3418 καταπρα-

2130 3436 2212 3503 ξιν
2241 3435 2352 3489 τῶν
2377 3434 2624 3489 ἐντολῶν.
2653 3453 2672 3486 ι
2705 3435 2867 3487 ’Ὥστε
2898 3434 2958 3495 ὃς
2985 3433 3052 3487 ἂν
3079 3433 3234 3505 ἐσθίῃ
3277 3434 3369 3489 τὸν
3398 3434 3590 3506 ἄρτον,
3614 3433 3706 3488 καὶ

2130 3528 2260 3599 πίνῃ
2274 3526 2348 3598 (9)
2370 3527 2432 3581 τὸ
2456 3528 2710 3599 ποτήριον
2732 3525 2826 3580 τοῦ
2853 3527 3056 3598 Κυρίου
3078 3525 3332 3592 ἀναξίως,
3352 3525 3541 3597 ἔνοχος
3556 3525 3702 3579 ἔσται

2128 3617 2223 3671 τοῦ
2248 3616 2498 3689 σώματος
2514 3617 2609 3671 καὶ
2630 3616 2726 3670 τοῦ
2745 3616 2975 3688 αἳματος
2993 3615 3089 3669 τοῦ
3110 3615 3337 3686 Κυρίου.
3354 3613 3713 3686 Δοκιμαζέτω

2128 3709 2491 3783 δὲ,ἄνθρωπος
2519 3709 2709 3764 ἑαυτὸν
2741 3709 2835 3762 καὶ
2866 3706 3040 3772 οὕτως
3066 3708 3132 3761 ὲκ
3148 3706 3243 3761 τοῦ
3268 3708 3436 3779 ἄρτου
3458 3706 3717 3770 ἐσθιέτω,

2131 3802 2226 3856 καὶ
2248 3799 2344 3861 τοῦ
2364 3799 2623 3872 ποτηρίου
2654 3797 2906 3852 πινέτω.»
2927 3795 3253 3867 Σκοπεῖσθαι
3277 3790 3372 3849 οὖν
3392 3792 3702 3859 ἀκόλουθον,

2131 3888 2241 3971 ἄρα
2252 3892 2361 3948 τῶν
2373 3892 2472 3965 τήν
2485 3891 2750 3962 ὠφέλειαν
2766 3888 2874 3943 τῶν
2892 3888 3117 3959 πλησίον
3132 3888 3381 3959 ἐπανῃρη
3390 3883 3703 3957 μένωνυο),

2131 3987 2183 4040 εί
2196 3984 2541 4059 μὴθρασέως
2556 3982 2649 4038 καί
2665 4000 2805 4037 τισιν
2828 3979 3110 4053 ἀντιζηλού
3118 3996 3276 4051 μενος
3299 3978 3619 4049 ἐπεπήδησε
3639 3979 3703 4048 τῇ

2129 4075 2478 4148 διδασκαλίᾳ·
2507 4077 2557 4129 εί
2602 4076 2677 4147 μὴ
2720 4072 2991 4145 φιλόδοξος
3016 4074 3051 4145 ή
3076 4070 3350 4149 ’κοινωνία
3375 4068 3474 4123 τοῦ
3513 4068 3701 4138 λόγον’

2131 4171 2181 4225 εί
2206 4169 2427 4236 ,τοῦτον-
2458 4168 2616 4243 μόνον
2653 4166 2957 4240 καρποῦται
3018 4164 3111 4219 τὸν
3168 4163 3380 4235 μισθὸν,
3441 4162 3549 4235 τὴν
3604 4177 3706 4215 σω-

2130 4262 2324 4335 τηρίαν
2348 4262 2459 4317 τῶν
2484 4261 2803 4326 ἐπαϊόντων,
2829 4261 2891 4315 τό
2915 4276 2975 4313 τε
3005 4259 3079 4331 μὴ
3104 4258 3240 4329 πρὸς
3264 4258 3423 4328 χάριν
3466 4255 3703 4327 opaea-

2133 4354 2457 4426 δωροδοκίας
2476 4371 2537 4407 τε
2560 4349 2628 4408 αὖ
2650 4352 2901 4426 διαϐολὴν
2920 4351 3302 4420 διαπέφευγεν,
3322 4347 3439 4401 ό.δι’
3466 4348 3707 4419 ὑπομνη-

2139 4448 2322 4519 μάτων
2347 4446 2554 4500 λαλῶνο
2589 4463 2611 4499 ‹
2634 4443 2786 4500 κοῦτε
2817 4444 2925 4517 γάρ
2963 4460 3091 4497 ποτε
3133 4444 3192 4495 ὲν
3238 4441 3381 4512 λόγῳ
3421 4439 3706 4503 κολακείας

458 4536 725 4605 seipsum,
754 4545 808 4591 et
830 4535 910 4592 sic
933 4537 1000 4591 de
1028 4552 1167 4607 pane
1195 4536 1342 4602 edat,
1372 4547 1427 4592 et
1456 4536 1524 4591 de
1552 4536 1721 4593 calice
1744 4535 1897 4594 bibat
1914 4534 1966 4589 ἀ.
2005 4554 2024 4587 ι

2133 4538 2473 4611 ἐγενήθημεν
2491 4577 2507 4602 ,
2534 4535 2714 4602 καθὼς
2740 4523 2918 4591 οἴδατε
2941 4575 2956 4600 ,
3042 4530 3209 4601 φησιν
3251 4533 3280 4584 ὁ
3341 4527 3664 4587 Ἀπόστολος
3685 4558 3703 4580 ν

462 4633 520 4690 >14
560 4614 919 4700 consequens
941 4638 1193 4699 estergo,
1230 4638 1290 4684 ut
1327 4629 1421 4700 qui
1466 4638 1526 4682 ut
1552 4626 1814 4697 proximis
1858 4627 2032 4696 prosit

457 4733 647 4773 curam
694 4719 944 4789 suscipit,
977 4719 1308 4782 consideret,
1326 4716 1620 4791 “nunquid
1669 4716 1929 4771 audacter
1965 4731 2031 4771 ac

458 4821 686 4875 temere,
707 4821 762 4867 et
792 4813 984 4883 aliqua.
1026 4812 1395 4878 aemulatione,
1425 4810 1493 4865 ad
1528 4808 1833 4865 dd’ceudum
1860 4811 2049 4880 prosi-

456 4902 644 4968 luerit,
669 4918 800 4958 num
823 4903 1053 4973 gloriam
1083 4918 1148 4957 ex
1184 4918 1253 4958 eo
1287 4910 1611 4972 aucupetur,
1648 4900 1797 4972 quod
1833 4901 2031 4957 doctri-

457 5011 585 5051 nam
617 5011 774 5051 suam
800 4995 1174 5050 communicat
1200 5012 1216 5049 :
1251 5010 1382 5050 inim
1408 4995 1550 5050 banc
1577 4994 1750 5053 solam
1778 4994 2035 5063 respiciat

457 5087 789 5154 mercedem,
818 5102 1034 5155 eorum,
1076 5088 1170 5157 qui
1221 5087 1471 5153 audiunt,
1510 5086 1764 5152 salutem,
1790 5096 1847 5142 et
1880 5086 2030 5155 quod

458 5179 597 5234 nihil
620 5178 688 5234 ad
712 5179 941 5248 gratiam
980 5179 1239 5251 loquatur
1265 5198 1279 5236 :
1308 5189 1420 5234 tum
1457 5178 1660 5248 cogitet
1689 5194 1758 5237 au
1791 5194 1823 5232 a
1859 5177 2032 5235 sordi-

456 5270 560 5325 bus
614 5270 1055 5340 corruptelisque
1103 5284 1318 5341 semper
1371 5269 1583 5326 alienus
1634 5269 1877 5335 vixerit,
1932 5270 2027 5340 qui

2133 4629 2259 4686 οὔτε
2284 4632 2343 4684 ὲν
2371 4629 2484 4697 (ll)
2514 4628 2786 4701 προφάσει
2811 4626 3143 4693 πλεονεξίας,
3176 4625 3309 4689 Θεὸς
3336 4623 3572 4694 μάρτυς,
3591 4619 3706 4675 οὔτε

2136 4722 2424 4795 ζητοῦντες
2465 4719 2526 4787 ἐξ
2566 4719 2868 4793 ἀνθρώπων
2894 4718 3069 4784 δόξαν,
3097 4716 3221 4770 οὔτε
3263 4716 3356 4784 ἀφ’
3385 4714 3564 4786 ὑμῶν,
3589 4712 3708 4768 οὔτε

2135 4813 2232 4871 ἀπ’
2255 4811 2451 4876 άλλων,
2481 4811 2766 4883 δυνάμενοι
2790 4811 2852 4863 ἐν
2877 4808 3032 4881 βάρει
3056 4802 3194 4860 εἶναι
3218 4804 3294 4870 ὡς
3318 4802 3559 4876 Χριστοῦ
3580 4800 3711 4857 από-

2139 4904 2316 4961 στολοι
2335 4923 2350 4938 ·
2378 4905 2493 4960 ἀλλ’
2513 4905 2850 4977 ἐγενήθημεν
2887 4903 3037 4974 ήπιοι
3059 4904 3119 4956 ὲν
3156 4899 3306 4972 μέσῳ
3329 4896 3510 4969 ὑμῶν,
3534 4896 3611 4960 ὡς
3645 4893 3707 4947 ἂν

2136 4996 2337 5069 τροφὸς
2373 4996 2554 5069 θάλπῃ
2578 4995 2647 5050 τὰ
2670 4994 2867 5065 ἑαυτῆς
2890 4992 3075 5046 τέκνα.
3109 5009 3129 5044 ι
3160 4988 3316 5045 Κατὰ
3336 4986 3513 5042 ταῦτα
3542 4986 3602 5041 δὲ
3620 4985 3709 5040 καὶ

2136 5091 2264 5157 τοὺς
2312 5088 2422 5144 τῶν
2484 5087 2643 5152 θείων
2706 5083 3214 5159 μεταλαμϐάνοντας
3260 5080 3433 5151 λόγων
3450 5120 3467 5146 ,
3532 5092 3708 5151 παρα-

2136 5181 2439 5253 φυλακτέον
2457 5220 2473 5245 ,
2508 5182 2559 5235 εί
2613 5179 2687 5253 μὴ
2734 5168 3053 5250 περιεργίας
3097 5174 3279 5228 ἕνεκεν
3313 5171 3705 5242 ἱστορήσοντες.

2136 5273 2325 5346 ὥσπερ
2362 5273 2470 5327 τῶν
2497 5271 2706 5332 πόλεων
2739 5270 2809 5326 τὰ
2839 5269 3277 5341 οἰκοδομήματα,
3307 5266 3389 5329 είς
3426 5260 3549 5317 τόδε
3582 5262 3707 5331 ἀφι-

502 5370 505 5375 ’
531 5388 595 5455 gs
621 5380 684 5439 P.
716 5383 979 5455 διετειο,
1012 5382 1123 5440 so.
1162 5383 1722 5455 POTTER,27t-‘272
1741 5385 1849 5443 eo.
1874 5384 2027 5440 PAR]

2152 5400 2180 5431 ⁸
2208 5388 2384 5449 Galat.
2414 5404 2491 5454 vi,
2511 5387 2565 5454 8,
2602 5387 2656 5443 9.
2733 5386 2762 5428 δ
2790 5383 2835 5440 ll
2864 5383 2994 5441 Cor.
3023 5400 3102 5451 vi,
3127 5380 3290 5451 4:10,
3319 5379 3407 5434 ll.
3485 5374 3708 5435 αἰτίαι.

454 5468 510 5517 v,
538 5453 630 5509 21.
702 5452 730 5494 ἀ
762 5454 780 5508 l
810 5453 939 5511 Cor.
980 5470 1058 5520 xi,
1082 5455 1173 5522 27,
1196 5455 1285 5511 28.

527 5547 606 5617 (8)
645 5547 1066 5619 Συνιστάντες.
1108 5549 1472 5615 Συνιστῶντες
1511 5550 1533 5605 l
1573 5550 1701 5606 Cor.
1744 5548 1902 5619 Mox,
1938 5551 2041 5607 τοῦ.

453 5616 590 5694 Θεοῦ
625 5618 720 5694 καὶ
749 5620 955 5691 Κυρίου
987 5619 1174 5694 ’Ἰησοῦ
1202 5622 1306 5694 Χρ.
1344 5619 1364 5675 l
1393 5620 1535 5694 Tim.

528 5690 607 5752 (9)
635 5689 865 5763 Ἄρτον,
902 5689 1009 5763 καί
1039 5689 1112 5763 at.
1150 5689 1349 5763 ’Δρτον
1397 5689 1622 5763 τοῦτον,
1674 5690 1707 5762 ἢ
1763 5709 1823 5763 π.
1852 5689 2029 5763 l_(Zor.

455 5754 605 5832 Mox,
633 5754 887 5832 σώματος
924 5759 1030 5832 καί
1052 5759 1172 5832 αἶμ.
1216 5754 1424 5818 omisso
1466 5760 1559 5816 τοῦ
1590 5754 1840 5819 articulo.
1873 5760 2030 5830 Dein,

456 5827 554 5888 καὶ
586 5830 649 5886 ἐκ
671 5827 765 5885 τοῦ
801 5830 1093 5892 m.-lbid.

2209 5551 2321 5623 (ίο)
2369 5546 2883 5623 Ἐπμνῃρημένων.
2916 5545 3048 5623 Post
3082 5544 3225 5603 banc
3268 5556 3461 5596 vocem
3511 5541 3706 5623 suban:

2136 5607 2393 5679 dicudum
2428 5614 2511 5685 εἷς
2542 5607 2682 5683 ἐστὶ,
2724 5636 2743 5670 ι
2778 5633 2845 5671 an
2895 5616 3304 5687 sit'ex_eorum
3331 5623 3584 5678 numero,

2139 5692 2369 5764 proximi
2382 5683 2691 5764 iutilitatem
2716 5695 2985 5764 spectant.
3026 5683 3337 5764 3_$vceunc;

2210 5762 2323 5835 (ll)
2360 5763 2474 5816 ‘Er.
2507 5759 2634 5817 llaec
2651 5748 2951 5833 propositio
2973 5755 3155 5819 addita
3182 5770 3247 5814 ex
3272 5755 3291 5811 l
3321 5748 3517 5809 Thess.
3541 5761 3601 5808 tt.

3196 5959 3275 5972 ..Μ’
