3960 6540
482 362 587 419 693

1638 355 2025 414 ειειιιιιιτιε
2063 356 2537 414 ALEXABDRINI‘

3610 356 3717 411 596

420 515 426 523 ε
477 495 603 535 rum
630 478 919 535 verborum
935 478 1337 548 susceptionem
1377 479 1567 534 llrmus
1592 488 1678 534 est
1704 495 1769 535 ac
1791 480 2003 536 stabilis
2030 498 2038 533 :

2152 479 2434 552 ἀμαρτιιῖιν
2489 495 2629 551 μου·
2674 477 2774 540 τὰς
2820 476 3052 547 ἀνομίας
3096 476 3210 546 (17)
3256 493 3355 547 μου
3421 475 3714 546 tamen.

478 581 540 627 ut
564 571 658 643 qui
695 568 992 642 judicium,
1023 570 1170 640 quod
1200 570 1343 624 bona
1368 570 1564 625 nititur
1593 570 1820 639 ratione,
1857 587 2050 641 nempe

479 663 663 730 fidem,
690 662 907 719 habeat.
950 660 1088 719 Eum
1126 669 1308 716 autem
1345 662 1473 717 hinc
1514 677 1580 716 ex
1628 663 1924 719 abundanti
1956 678 2047 718 se-

479 756 668 827 quitur
713 754 1018 827 persuasio.
1064 752 1179 809 Hoc
1209 754 1393 820 itaque
1438 766 1558 809 erat
1599 754 1731 811 illud
1765 755 2052 827 prophetiJ

478 826 604 906 cum
634 867 648 904 :
684 826 855 903 ciNisi
901 846 1261 911 credideritis,
1319 862 1427 901 non
1482 846 1798 919 intelligetis
1820 859 1872 901 ι.
1911 826 2044 903 Dum

476 956 609 1014 ergo
642 948 854 1010 tempus
888 938 1176 1002 habemus,
1212 953 1503 1008 operemur
1548 938 1786 1004 bonum,
1810 939 2047 994 maxime

478 1044 663 1089 autem
708 1031 850 1103 apud
884 1030 1216 1087 domesticos
1249 1029 1374 1085 tidei
1395 1030 1445 1085 δ.
1478 1049 1497 1082 ι
1529 1028 1919 1101 Unusquisque
1950 1046 2048 1087 au-

477 1135 586 1181 tem
620 1140 810 1180 eorum
843 1123 988 1180 beati
1023 1137 1088 1179 ex
1125 1122 1354 1178 Davidis
1380 1122 1650 1178 sententia
1684 1123 1879 1193 psallat
1921 1140 2046 1194 gra-

477 1216 585 1271 tias
637 1230 856 1286 agens:
894 1233 911 1265 ι
954 1212 1224 1284 Asperges
1256 1227 1362 1276 me,
1406 1211 1653 1275 Domine.
1689 1214 1945 1287 byssopo,
1992 1222 2047 1269 et

475 1305 819 1375 mundaborl;
856 1303 1066 1359 lavabis
1093 1318 1199 1371 me,
1240 1312 1295 1358 et
1315 1319 1478 1374 super
1515 1305 1694 1360 nivem
1727 1305 2041 1361 dealbabor.

476 1401 731 1455 Auditam
753 1399 885 1454 mihi
911 1398 1079 1453 facies
1108 1397 1373 1461 laetitiam,
1400 1406 1456 1453 et
1474 1398 1835 1455 exsultatione
1861 1398 2045 1455 exsul-

474 1492 669 1546 tabunt
697 1505 821 1546 ossa
860 1489 1175 1545 humiliataa
1203 1488 1402 1545 Averte
1438 1487 1629 1544 faciem
1666 1497 1814 1545 tuam
1855 1505 1885 1546 a
1919 1505 2046 1559 pec-

475 1585 616 1641 catis
639 1584 796 1646 meis,
827 1593 880 1638 et
909 1582 1226 1653 iniquitates
1273 1597 1422 1638 meas
1452 1582 1591 1638 dele.
1636 1582 1746 1638 Cor
1777 1583 2041 1638 mundum

469 1692 596 1733 crea
623 1679 676 1731 in
704 1692 810 1738 me,
842 1673 1006 1748 Deps,
1039 1685 1093 1729 et
1113 1674 1362 1744 spiritum
1390 1683 1597 1729 rectum
1622 1674 1821 1729 innova
1865 1673 1919 1728 in
1964 1673 2046 1728 vi-

473 1767 723 1824 sceribus
751 1766 910 1821 meis.
935 1763 1014 1849 Ife
1042 1764 1303 1835 projicias
1330 1780 1419 1820 me
1444 1781 1472 1819 a
1495 1764 1633 1821 facie
1662 1773 1777 1830 tua,
1805 1774 1859 1821 et
1882 1765 2043 1835 spiri-

2150 571 2395 644 Καρδίαν
2417 570 2663 643 καθαρὰν
2688 554 2871 624 κτίσον
2899 569 2958 623 ιν
2981 570 3105 639 ἐμοὶ
3124 572 3154 623 6
3179 568 3340 633 Θεὸς,
3375 568 3474 623 καὶ
3511 568 3718 641 πνεῦμα

2150 663 2306 728 εύθὲς
2325 661 2710 733 ὲγκαίνισονέν
2737 662 2850 725 τοῖς
2866 659 3123 731 ὲγκάτοις
3154 677 3279 732 μου.
3300 660 3395 732 Μὴ
3414 661 3717 736 ἀπορρίψω

2153 770 2219 825 με
2251 753 2360 807 ἀπὸ
2386 751 2481 806 τοῦ
2524 750 2817 825 προσώπου
2853 767 2969 815 σου,
3013 752 3108 806 καὶ
3153 751 3216 805 τὸ
3259 749 3493 823 ΙΙνεῦμά
3528 767 3623 804 σου
3659 751 3720 807 τι

2126 845 2302 915 -ἀγιον
2331 845 2405 917 μὴ
2426 844 2722 917 ἀντανελῃς
2744 844 2841 898 ἀπ’
2868 842 3026 916 ἐμοῦ.
3055 842 3275 907 Ἀπόδος
3306 859 3398 915 μοι
3423 842 3524 914 τὴν
3553 843 3717 912 ἀγαλ-

2147 937 2321 991 λίασιν
2361 937 2455 992 τοῦ
2499 935 2762 1009 σωτηρίου
2793 952 2920 999 σου,
2975 937 3067 991 καὶ
3111 935 3385 1007 πνεύματι
3412 934 3718 1008 ἡγεμοιακῷ

2148 1030 2396 1102 πήριεόν
2425 1047 2512 1103 με.
2546 1049 2565 1081 ι
2607 1030 2666 1084 Ὅ
2705 1029 2805 1101 μὲν
2827 1023 3082 1102 οῦνπρὸς
3108 1028 3383 1101 παρόντας
3422 1027 3600 1097 λέγων
3632 1028 3720 1083 καὶ

2146 1124 2322 1195 χρόνῳ
2346 1124 2661 1196 δοκιμάζει,
2694 1122 2793 1178 καὶ
2822 1121 3004 1194 κρίσει
3043 1120 3284 1187 δικάζει,
3318 1120 3417 1176 καὶ
3460 1120 3719 1193 διακρίνει

2144 1215 2256 1269 τῶν
2283 1215 2460 1271 ἀλλων
2489 1215 2582 1269 τὸν
2610 1211 2722 1269 οἷόν
2765 1231 2828 1267 τε
2861 1213 3080 1271 ἀκούειν
3105 1212 3240 1283 (i8),
3276 1211 3558 1285 ἐπιτηρῶν
3595 1213 3720 1278 τοὺς

2145 1305 2356 1374 λόγους,
2388 1306 2514 1369 τοὺς
2550 1304 2786 1376 τρόπους
2805 1343 2819 1368 ,
2844 1301 2916 1357 τά
2955 1302 3093 1375 ἢθη,
3122 1303 3215 1356 τὸν
3246 1301 3383 1373 βίον,
3421 1302 3524 1366 τάς
3574 1309 3722 1375 κινη-

2148 1415 2279 1462 σεις,
2314 1396 2414 1461 τὰς
2447 1397 2682 1468 σχέσεις,
2710 1397 2772 1450 τὸ
2797 1396 3035 1468 βλέμμα,
3058 1396 3120 1449 τὸ
3153 1395 3403 1466 φθέγμα,
3438 1395 3539 1466 τὴν
3578 1394 3721 1466 τρίο-

2144 1490 2267 1553 δον,
2318 1491 2419 1563 τὴν
2468 1489 2673 1564 πέτραν
2721 1490 2858 1562 (19),
2906 1489 3005 1562 τὴν
3055 1488 3404 1562 πατουμένην
3440 1488 3595 1552 ὁδὸν,
3626 1488 3722 1561 τὴν

2144 1583 2647 1656 καρποφόρονιγῆν,
2668 1582 2770 1653 τὴν
2802 1579 3174 1653 ὑλομανοῦσαν
3199 1578 3412 1652 χώραν,
3435 1580 3540 1652 τὴν
3570 1579 3725 1649 εὔφο-

2149 1693 2239 1748 ρον
2266 1675 2359 1730 καὶ
2388 1674 2679 1747 καλὴν-καὶ
2697 1672 3143 1746 γεωργουμένην,
3161 1672 3263 1743 τὴν
3291 1671 3725 1725 πολυπλασιάσαι

2144 1767 2235 1821 τὸν
2262 1766 2459 1838 σπόρον
2483 1764 2817 1837 δυναμένην·
2847 1766 2878 1818 6
2918 1763 2978 1819 δὲ
3003 1762 3071 1819 δι’
3104 1764 3517 1836 ὑπομνημάτων
3552 1763 3726 1820 λαλῶν

468 1875 582 1917 tum
619 1871 866 1917 sanctum
900 1870 1054 1915 tuum
1103 1875 1170 1914 ne
1219 1857 1437 1915 auferas
1477 1874 1508 1913 a
1555 1873 1662 1914 me.
1696 1857 1880 1914 Redde
1908 1856 2038 1913 mihi

2145 1860 2281 1933 πρὸς
2309 1859 2402 1915 τὸν
2440 1859 2573 1914 Θεὸν
2600 1857 2939 1929 ἀφοσιοῦται,
2980 1858 3155 1914 ταῦτα
3195 1857 3488 1927 κεκραγὼς
3527 1858 3727 1930 ἐγγρά-

467 1956 710 2012 laetitiam
735 1953 993 2010 salutaris
1015 1954 1118 2017 tui,
1153 1960 1207 2008 et
1238 1951 1434 2023 spiritu
1465 1951 1753 2022 principali
1781 1953 2045 2008 confirma

466 2061 554 2102 me
586 2058 632 2100 ο.
669 2063 691 2097 ι
734 2045 912 2112 Atque
950 2043 1045 2114 qui
1090 2042 1156 2097 ad
1199 2050 1496 2112 praesentes
1527 2041 1746 2113 quidem
1791 2042 1944 2108 dicit,
1988 2050 2045 2097 et

468 2149 715 2206 'empore
753 2135 968 2203 probat,
1000 2142 1057 2188 et
1084 2132 1299 2203 judicio
1332 2133 1563 2202 judicat,
1599 2140 1655 2188 et
1679 2133 1941 2189 discernit
1973 2133 2043 2188 ab

466 2228 589 2283 aliis
614 2241 762 2290 eum,
789 2225 881 2293 qui
931 2233 1110 2294 potest
1154 2224 1364 2289 audire,
1407 2224 1708 2281 observans
1735 2240 2039 2286 sermones,

467 2331 676 2383 mores,
703 2315 1146 2380 consuetudines,
1164 2315 1355 2380 vitam,
1383 2326 1587 2382 motus,
1614 2317 1852 2384 habitus,
1882 2317 2044 2388 118

465 2415 772 2479 aspectum,
798 2422 1008 2470 vocem,
1043 2407 1287 2472 trivium,
1319 2419 1550 2477 petram,
1577 2408 1720 2463 viam
1754 2424 2040 2478 quatenu-

467 2503 735 2563 culcatur.
768 2509 968 2554 terram
1025 2500 1277 2563 fertilem,
1315 2500 1695 2556 silvescentem
1735 2502 2045 2573 regionem,

464 2601 520 2645 et
542 2594 816 2663 regionem
841 2592 1037 2646 bonam
1067 2606 1131 2645 ac
1158 2590 1416 2659 feracem,
1438 2594 1821 2660 etexcultam,
1843 2604 1897 2650 et
1919 2612 2040 2666 qua:

465 2691 641 2751 potest
665 2682 1027 2754 multiplicare
1063 2691 1384 2738 sementem.
1416 2682 1521 2752 Qui
1555 2693 1738 2741 autem
1769 2700 1867 2755 per
1888 2686 2039 2742 litte-

466 2789 652 2829 rarum
682 2774 1015 2829 monimenta
1052 2772 1317 2844 loquitur,
1349 2776 1490 2843 apud
1532 2774 1702 2831 Deum
1740 2790 1863 2831 sese
1908 2791 2040 2847 pur-

466 2876 577 2937 gat,
608 2865 724 2920 haec
760 2867 814 2920 in
846 2866 1067 2935 scriptis
1097 2864 1406 2925 vociferans
1435 2884 1450 2922 :
1485 2883 1504 2918 ι
1542 2864 1652 2922 Nec
1679 2866 1817 2923 lucri
1841 2867 2037 2939 gratia,

465 2973 567 3013 nec
606 2958 788 3013 inanis
823 2957 1007 3030 gloriae
1054 2973 1244 3023 causa,
1277 2973 1378 3015 nec
1425 2958 1572 3014 vinci
1628 2960 1699 3014 ab
1730 2958 2035 3028 aﬂ'ectione,

463 3059 558 3106 aut
606 3051 839 3121 quaestui
887 3052 1138 3119 servire,
1194 3061 1291 3107 aut
1340 3051 1518 3108 eﬂ'erri
1574 3051 1889 3123 voluptate,
1942 3052 2037 3107 sed

462 3157 677 3209 eorum,
708 3144 798 3214 qui
826 3143 1034 3214 legunt,
1060 3144 1177 3199 sola
1202 3141 1311 3198 frui
1341 3143 1538 3207 salute,
1561 3141 1722 3212 cujus
1750 3124 1851 3199 nec
1873 3151 1959 3198 est
1978 3142 2036 3197 in

2145 1969 2288 2023 φως·
2331 1970 2350 2004 ι
2379 1951 2472 2023 Μὴ
2503 1950 2728 2023 κέρδους
2750 1950 2946 2013 ἕνεκα.
2978 1949 3053 2024 μὴ
3086 1950 3395 2017 κενοδοξίας
3429 1950 3616 2023 χάριν,
3658 1949 3727 2022 μὴ

2145 2042 2491 2117 προπαθείᾳ
2518 2042 2792 2107 νικᾶσθαι,
2819 2043 2894 2115 μὴ
2926 2041 3077 2114 φόϐῳ
3093 2040 3432 2107 δουλοῦσθαι,
3458 2043 3536 2113 μὴ
3567 2041 3727 2113 ἡδονῇ

2143 2134 2498 2207 ἐπαίρεσθαι·
2535 2134 2706 2207 μόνης
2744 2134 2803 2189 δὲ
2853 2134 3106 2207 τῆς,τῶν
3162 2135 3545 2207 τυγχανόντων
3593 2137 3728 2190 ἀπο-

2142 2224 2329 2284 λαύειν
2380 2226 2671 2300 σωτηρίας,
2698 2222 2773 2305 ’ἧς
2797 2227 2919 2283 οὐδὲ
2949 2228 3094 2282 κατά
3133 2228 3197 2281 τδ
3234 2228 3411 2300 παρὸν
3451 2228 3732 2299 μεταλαμ-

2142 2317 2330 2386 ϐάνει,
2382 2319 2520 2374 ἀλλά
2583 2320 2764 2375 ἑλπίδι
2810 2318 3246 2392 ἀπεκδεχόμενος
3308 2320 3409 2392 τὴν
3461 2320 3730 2393 ἀποδοθη⁴

2144 2412 2378 2485 σομένην
2411 2412 2630 2478 πάντως
2665 2411 2901 2485 ἀμοιϐὴν
2937 2412 3088 2486 παρὰ
3125 2414 3222 2468 τοῦ
3259 2412 3352 2468 τὸν
3396 2413 3591 2487 μισθὸν
3619 2413 3728 2485 (20)

2140 2506 2256 2570 τοῖς
2288 2505 2551 2578 ἐργάταις
2588 2507 2714 2561 κατ’
2749 2505 2906 2573 ἀξίαν
2947 2504 3248 2561 ἀποδώσειν
3274 2507 3729 2578 ὑπεσχημένον.»

2153 2599 2293 2656 Ἀλλ’
2337 2598 2461 2654 οὐδὲ
2499 2594 2848 2671 ἀντιμισθίας
2886 2598 3134 2669 ἐφίεσθαι
3152 2600 3267 2671 χρὴ
3310 2598 3391 2670 τῷ
3419 2602 3502 2664 εἰς
3533 2600 3730 2672 ἄνδρας

2139 2688 2534 2761 ὲγγραφομένῳ
2555 2688 2690 2759 (21).
2719 2689 2796 2742 υύ
2822 2687 2934 2762 γάρ
2969 2691 2998 2743 6
3026 2688 3126 2761 μὲν
3162 2689 3584 2762 καυχησάμενος
3615 2690 3729 2758 (22)

2139 2781 2384 2837 εὐποιίαν
2408 2781 2507 2853 τὴν
2530 2780 2763 2855 ἀμοιϐὴν
2799 2781 3070 2855 ἀπείληφε
3092 2782 3161 2836 δι’
3183 2782 3451 2850 εὐδοξίας·
3478 2784 3509 2838 6
3536 2782 3596 2837 δὲ
3621 2783 3729 2838 τῶν

2140 2868 2525 2940 προσηκόντων
2554 2867 2622 2922 δι’
2664 2868 3012 2941 ἀντιμισθίαν
3056 2870 3323 2941 πράσσων
3363 2889 3453 2939 τι,
3494 2873 3619 2945 ἢτοι
3658 2873 3733 2937 ὡς

2142 2956 2370 3029 εὐεργὸς
2425 2956 2669 3011 σπεύδων
2722 2956 3033 3024 ἀπολαϐεῖν,
3073 2957 3109 3030 ἢ
3152 2957 3229 3032 ὡς
3278 2959 3585 3031 κακοεργὺς
3635 2958 3728 3032 τὴν

2138 3049 2374 3124 ἀμοιϐὴν
2427 3050 2867 3123 περιιστάμενος,
2907 3050 3029 3122 οὐχ).
3077 3052 3145 3123 τῇ
3195 3030 3737 3124 κοσμικῇίὲνέχεται

2141 3142 2442 3215 συνηθείας
2471 3144 2563 3196 Δεῖ
2588 3142 2668 3207 δὲ,
2701 3142 2778 3207 ὡς
2800 3139 2913 3197 οἶόν
2946 3158 3027 3207 τε,
3061 3142 3151 3196 τὸν
3174 3141 3381 3215 Κύριον
3419 3144 3731 3215 μιμεῖσθαι.

462 3239 762 3308 praesentia,
787 3237 1083 3309 particeps,
1125 3236 1219 3293 sed
1248 3252 1344 3308 spe
1383 3245 1879 3307 exspectanseam,
1915 3251 2038 3307 quae

2145 3237 2307 3306 Οὗτος
2336 3241 2380 3296 δ’
2402 3242 2470 3297 ἂν
2492 3239 2580 3312 εἴη
2608 3243 2637 3295 6
2660 3238 2739 3313 τῷ
2772 3240 3038 3312 θελήματι
3067 3238 3160 3294 τοῦ
3192 3238 3328 3294 Θεοῦ
3354 3240 3727 3312 ἐξυπηρετῶν,

464 3329 688 3384 omnino
711 3327 985 3384 reddenda
1002 3336 1105 3394 est,
1124 3327 1539 3384 retributionem
1558 3328 1627 3383 ab
1640 3342 1728 3392 eo,
1746 3326 1841 3397 qui
1854 3340 2042 3397 opera-

466 3422 567 3479 riis
599 3423 875 3493 pollicitus
897 3432 981 3479 est
1002 3439 1060 3479 se
1082 3422 1382 3478 rediturum
1416 3424 1720 3478 mercedem
1743 3436 1844 3492 pro
1873 3420 2039 3475 meri-

466 3517 558 3571 tis.
600 3534 619 3568 ι
645 3515 750 3571 Sed
783 3533 883 3572 nec
917 3532 1065 3582 eum,
1089 3516 1182 3587 qui
1201 3516 1255 3571 in
1278 3516 1521 3570 virorum
1550 3528 1837 3570 numerum
1863 3513 2041 3569 ascri-

466 3618 594 3678 ptus
629 3617 734 3674 est,
780 3614 993 3677 oportet
1020 3607 1331 3663 desiderare
1366 3604 1884 3660 remunerationem.
1922 3600 2039 3657 Non

467 3701 619 3785 enim.
636 3700 729 3770 qui
742 3716 839 3756 sua
855 3698 1137 3755 benefacta
1158 3698 1404 3769 iactavit,
1424 3706 1644 3769 propter
1662 3695 2049 3768 gloriationem.

466 3791 677 3862 accepit
694 3790 1131 3847 retributionem.
1149 3789 1252 3858 Qui
1270 3799 1452 3846 autem
1472 3804 1664 3845 eorum
1689 3803 1811 3858 quae
1827 3796 2043 3858 oportet

467 3881 674 3953 aliquid
688 3880 817 3938 facit
830 3890 1051 3961 propter
1064 3880 1564 3945 remunerationen,
1583 3888 1678 3934 aut
1691 3888 1751 3934 ut
1764 3886 1909 3934 recte
1922 3893 2043 3948 ope-

467 3991 600 4031 rans
629 3980 687 4039 iis
721 3976 1003 4046 prannium
1023 3983 1405 4048 quterens,aut
1436 3981 1498 4029 ut
1525 3967 1802 4029 maleficus
1824 3986 2042 4044 poenam

464 4068 668 4131 vitans,
719 4085 788 4123 an
845 4083 953 4123 non
1007 4066 1283 4127 mundana
1340 4075 1559 4122 tenetur
1608 4064 2046 4122 consuetudine?

466 4159 694 4230 Oportet
719 4170 901 4216 autem
927 4159 1240 4229 Dominum,
1256 4158 1433 4232 quoad
1453 4157 1565 4214 fieri
1591 4165 1792 4228 potest,
1817 4157 2040 4212 imitari.

466 4248 725 4321 isautem
749 4248 934 4313 fuerit,
962 4248 1054 4321 qui
1080 4247 1173 4305 Dei
1202 4249 1462 4303 voluntati
1496 4248 1742 4312 inservit,
1767 4248 1862 4318 qui
1897 4264 2020 4303 cum

2140 3332 2349 3408 δωρεάν
2382 3333 2494 3407 (25)
2526 3330 2731 3397 λαϐὼν,
2757 3331 2968 3405 δωρεὰν
2992 3330 3190 3398 διδοὺς,
3227 3331 3419 3403 μισθὸν
3453 3331 3732 3402 ἀξιόλογον

2141 3424 2564 3497 ἀπολαμϐάνων,
2597 3423 2698 3496 τὴν
2743 3421 3020 3477 πολιτείαν
3069 3422 3264 3495 αὐτήν·
3304 3442 3324 3474 ι
3353 3422 3472 3477 Οὐκ
3503 3421 3741 3477 εἰσελεύ-

2143 3533 2295 3571 σεται
2325 3514 2437 3588 (24)
2470 3516 2527 3570 δὲ
2559 3517 2640 3580 είς
2671 3513 2743 3569 τὰ.
2774 3514 2903 3585 ἀγια
2935 3513 3193 3586 μίσθωμα
3233 3514 3463 3587 πόρνης,
3490 3534 3510 3567 ι
3544 3515 3726 3589 φησίν.

2156 3609 2476 3682 Ἀπείρηται
2512 3607 2558 3662 δ’
2580 3603 2676 3663 οὖν
2733 3608 3065 3681 προσφέρειν
3092 3606 3170 3680 τῷ
3217 3607 3599 3679 θυσιαστηρίῳ
3627 3606 3723 3660 ἀλα»

2145 3694 2332 3766 λαγμα
2362 3694 2541 3760 κυνός.
2588 3695 2733 3767 Ὅτῳ
2764 3695 2821 3750 δὲ
2851 3696 3203 3770 ἀπήμϐλυται
3253 3697 3397 3769 κακὴ
3445 3698 3621 3769 τροφή
3672 3712 3728 3750 τε

2138 3789 2234 3843 ml.
2255 3787 2569 3844 διδασκαλία
2587 3788 2698 3861 (25)
2714 3789 2888 3861 τὸτῆς
2901 3789 3080 3863 ψυχῆς
3094 3791 3428 3864 ϐμμα,πρὸς
3448 3792 3511 3845 τὸ
3531 3795 3728 3847 οἰκεῖον

2142 3881 2259 3953 φῶς
2291 3879 2573 3953 βαδιζέτω,
2608 3880 2703 3936 ἐπὶ
2734 3881 2833 3954 τὴν
2866 3881 3147 3955 ἀλήθειαν,
3189 3884 3288 3955 τὴν
3328 3885 3630 3955 ἐγγράφως
3667 3886 3731 3939 τὰ

2139 3957 2364 4047 ἀγραφα
2380 3971 2662 4045 δηλοῦσαν·
2675 3990 2694 4025 ι
2715 3974 2779 4027 οε
2800 3972 3081 4044 διψῶντες,
3103 3974 3401 4047 πορεύεσθε
3417 3978 3508 4047 ἐφ’
3526 3975 3692 4048 ὕδωρ,
3704 3996 3723 4028 ι

2151 4064 2380 4129 Ἡσαΐας
2409 4063 2578 4134 λέγει·
2610 4064 2707 4119 καὶ
2745 4084 2765 4117 ι
2792 4066 2922 4120 Πίνε
2956 4065 3103 4139 ὕδωρ
3134 4068 3243 4121 ἀπὸ
3277 4066 3385 4121 σῶν
3416 4068 3677 4137 ἀγγείων,
3702 4087 3722 4118 ι

2140 4158 2171 4210 6
2220 4154 2479 4227 Σαλομὼν
2520 4157 2795 4228 παραινεῖ.
2860 4156 2947 4210 Ἔν
2993 4157 3123 4227 γοῦν
3167 4161 3285 4222 τοῖς
3326 4160 3554 4228 Νόμοις
3597 4162 3625 4213 6
3668 4158 3728 4227 ἐξ

2157 4244 2425 4317 Ἐϐραίων
2457 4244 2745 4316 φιλόσοφος
2767 4246 2994 4302 Πλάτων
3020 4247 3128 4319 (26)
3156 4249 3367 4302 κελεύει
3396 4251 3730 4323 τοῦςλγεωρ-

536 4363 598 4420 Ρ.
640 4364 739 4420 521
775 4364 884 4423 El).
922 4364 1218 4432 POTTEB,
1265 4365 1372 4420 2H
1413 4364 1522 4421 ΕΙ).
1573 4363 1799 4421 PARIS.
1866 4377 1893 4406 ι
1921 4366 2023 4422 lsa.

2145 4364 2226 4426 .9.
2301 4363 2527 4421 l>Galat.
2564 4381 2638 4432 vr,
2673 4363 2762 4422 10.
2836 4376 2861 4405 ο
2890 4363 3035 4421 Psal.
3074 4387 3128 4439 ι,
3157 4330 3297 4431 θῇς

539 4482 652 4552 (17)
685 4482 794 4549 Τὰς
818 4485 915 4552 ἀν.
940 4485 1127 4549 Πάσας
1158 4485 1259 4550 τάς
1280 4485 1366 4539 ἀν.
1402 4483 1606 4541 Psalm.

542 4548 655 4638 (1.8)
692 4548 801 4607 Τὸι·
814 4550 943 4609 οἶόν
961 4571 1024 4610 τε
1159 4548 1288 4638 Legi
1314 4556 1477 4610 etiam
1500 4564 1699 4638 potest,
1698 4553 1822 4638 ’τῶν
1856 4548 2043 4619 οἵωντε

467 4622 767 4707 ustilatva
798 4638 985 4707 eorum
1014 4624 1105 4694 qui
1136 4622 1325 4707 audire
1353 4622 1602 4707 possunt.
1627 4644 1661 4706 _i
1698 4624 1961 4707 Sustine.

539 4693 653 4763 (19)
688 4692 807 4761 Τὴν
854 4692 1100 4766 πέτραν.
1152 4692 1393 4764 Respicit
1439 4695 1642 4751 Christi
1696 4697 2045 4766 parabolam,

467 4780 631 4835 quam
670 4765 860 4835 recitat
883 4762 1169 4835 Matthaeus
1194 4762 1314 4835 cap.
1345 4781 1470 4828 xm,
1495 4767 1547 4821 1.

541 4832 653 4901 (20)
694 4832 802 4886 Τὸν
823 4834 1066 4903 μισθόν.
1112 4832 1353 4959 Βεερῖοἰι
1401 4837 1530 4890 illud
1569 4836 1770 4892 Christi
1808 4855 1821 4891 :
1859 4835 2044 4903 ’Ἄξιος

541 4903 764 4959 ιογάτης
794 4902 983 4959 μισθοῦ
1013 4903 1198 4959 αὐτοῦ.
1265 4921 1353 4959 uc.
1382 4923 1439 4959 ι.
1468 4907 1522 4959 7.
1550 4907 1702 4959 Ουοά
1725 4907 1855 4959 alibi
1878 4908 2042 4959 etiam

464 4907 495 4959 6
526 4903 764 5026 ἱρέᾔῃς
793 4902 983 4974 μισθοῦ
1013 4903 1198 4970 αὐτοῦ,
1218 4902 1353 4961 Luc.
1382 4923 1439 4972 ι,
1468 4907 1522 4963 Ἰ.
1550 4907 1702 4977 Quod
1725 4907 1855 4963 alibi
1878 4902 2042 4963 etiam

466 4992 530 5026 ιιι·
745 5013 759 5026 .

506 4982 707 5029 ΙὊΙΕΙΊΙΙ
716 4991 759 5026 Γ.

465 4992 894 5125 Ρτῗξῖῗῗριεις
917 5043 1172 5125 ,ἄνδρας
1197 5045 1363 5116 ἐγγρ.,
1403 5044 1606 5125 Nempe
1650 5066 1692 5125 ε
1709 5048 1895 5125 adulto
1940 5067 1958 5099 ι
1989 5057 2045 5102 et

463 5114 704 5184 perfecto
727 5114 1073 5180 Christiano,
1088 5117 1175 5171 cui
1205 5114 1423 5187 prepter
1449 5114 1625 5174 solum
1657 5116 1750 5172 Dei
1774 5133 2040 5185 amorem,

464 5200 575 5255 non
624 5194 805 5240 autem
854 5201 950 5255 spe
998 5187 1244 5254 praemii,
1286 5204 1354 5241 ex
1405 5187 1706 5246 Clementis
1748 5188 2041 5255 sententia,

462 5254 617 5327 bene
630 5254 899 5327 agendum
930 5266 1035 5311 est.

537 5323 742 5451 (ΞἮ)
766 5323 1252 5397 καυχησόμενος.
1304 5325 1504 5399 Nempe
1544 5326 2037 5396 Pharisreus,‘l.uc.

464 5411 622 5459 xvm,
646 5411 733 5451 ιι.

539 5465 653 5540 (25)
675 5466 925 5540 Δωρεᾴν.
947 5465 1190 5540 Respicit
1207 5463 1411 5540 Christi
1430 5469 1499 5540 ad
1517 5469 1794 5540 apostolos
1810 5468 2038 5525 dictum:

463 5536 684 5608 Δωρεάν
716 5537 960 5601 ἐλάϐετε,
993 5536 1201 5608 δωρεάν
1226 5536 1367 5603 δότε,
1397 5536 1588 5594 Matth.
1618 5556 1672 5604 ιι,
1703 5537 1758 5595 8.

537 5606 653 5677 (24)
689 5610 810 5663 Οὐκ
828 5610 956 5678 εἰσ.
993 5606 1083 5662 Εἰ
1101 5612 1386 5677 memoria,
1417 5618 1586 5678 atque
1614 5612 1751 5665 adeo
1781 5607 2038 5678 imperfe-

468 5676 979 5752 cteLrecitat‘Deut.
1013 5692 1187 5743 χχιιι,
1212 5678 1269 5740 2.
1295 5678 1355 5752 _8.
1405 5676 1645 5735 Aduolat
1692 5676 2035 5752 Sylliu‘rgius.

465 5745 534 5799 de
559 5744 688 5801 illo:
713 5768 731 5799 ι
754 5746 1052 5804 Mercedem
1086 5749 1389 5805 meretricis
1415 5764 1521 5804 non
1551 5765 1673 5805 esse
1697 5744 2037 5805 inferendum

463 5810 525 5876 in
556 5831 730 5889 sacra,
752 5837 770 5872 ι
809 5827 1098 5883 tractatum
1141 5834 1265 5883 esse
1296 5817 1562 5888 Philonis,
1590 5836 1709 5905 pag.
1743 5821 1867 5877 589.
1897 5819 1964 5875 Η.

2073 4485 2123 4546 ι)
2219 4481 2336 4551 (25)
2363 4482 2533 4551 Κακὴ
2553 4483 2742 4553 τροφή
2766 4501 2832 4539 σε
2857 4484 2957 4538 καὶ
3076 4484 3300 4539 Rectius
3327 4483 3418 4550 IL,
3444 4488 3592 4557 κακῇ
3605 4502 3733 4610 ἦρο-

2148 4558 2221 4610 ωῆ
2266 4570 2325 4609 τε
2375 4554 2471 4608 κα)¹
2508 4553 2855 4610 διδασκαλία.
2886 4555 3074 4610 dativo
3112 4570 3265 4610 casu.
3305 4553 3575 4610 Susum.
3660 4571 3728 4610 οι

2148 4558 2222 4679 φῖ)
2266 4570 2325 4609 τε
2375 4554 2471 4608 xui.
2508 4553 2855 4626 διδασκαλίᾳ,
2886 4555 3074 4611 dativo
3112 4570 3265 4612 casu.
3305 4553 3554 4612 Susum:

2148 4644 2191 4679 π
2214 4642 2271 4679 νε
2308 4623 2500 4679 ὕδατα.
2532 4623 2788 4679 [‘rtwerb.

2148 4640 2271 4680 πινε
2308 4640 2478 4679 υοατα
2487 4666 2500 4686 ,
2532 4640 2788 4679 ΙἸὊνθΓΙ).

2218 4694 2331 4766 (26)
2372 4695 2427 4766 '_0
2450 4694 2520 4766 ἐξ
2554 4694 2831 4764 Ἑϐραίων
2852 4697 3186 4764 φιλόσοφος
3214 4693 3489 4766 Πλάτων.
3526 4696 3616 4751 Sic
3639 4711 3732 4749 su-

2147 4763 2346 4838 perius
2364 4763 2699 4838 Pwdag._lib.
2731 4763 2914 4838 Lcap.
2939 4765 3003 4826 ti:
3040 4767 3096 4838 Ὀ
3119 4767 3220 4838 τὴν
3243 4765 3504 4838 ἀλήθειαν
3527 4765 3730 4836 ἐζηλω-

2145 4834 2258 4908 κὼς
2280 4834 2387 4908 τῶν
2420 4834 2720 4908 φιλοσόφων
2742 4836 2988 4908 Πλάτων,
3018 4836 3078 4908 τὸ
3107 4834 3353 4908 ἔναυσμα
3386 4837 3490 4908 τῆς
3517 4834 3732 4908 Ἐϐραῖ-

2145 4906 2249 4978 κῆς
2305 4904 2622 4975 φιλοσοφίας
2668 4904 3014 4979 ζωπυρῶιζλ
3040 4904 3289 4979 llle__qui
3319 4921 3350 4979 ο
3381 4904 3731 4979 philosophis

2146 4974 2429 5031 veritatem
2483 4985 2726 5032 sectatus
2774 4974 2878 5040 est,
2918 4974 3095 5043 Plato,
3147 4974 3430 5032 Hebraicie
3477 4974 3733 5033 veritatis

2144 5046 2393 5102 excitans
2449 5047 2766 5102 scintillam.
2796 5064 2814 5099 ι
2863 5045 3008 5102 infra
3058 5046 3227 5102 etiam
3278 5046 3539 5115 plurimis
3593 5047 3727 5102 locis

2144 5117 2331 5181 tradit,
2367 5116 2641 5187 et_multis
2683 5116 3029 5187 argumentis
3060 5119 3281 5187 astruit,
3327 5115 3617 5172 Platonem
3662 5132 3726 5171 ac

2145 5188 2390 5256 reliquos
2415 5184 2637 5256 Gra‘cos
2672 5184 2771 5242 sua
2800 5186 2912 5242 fere
2937 5186 3121 5245 omnia
3148 5203 3177 5240 a
3203 5185 3408 5256 Judaeis
3442 5187 3723 5242 didicisse.

2145 5255 2406 5311 Miuutius
2428 5256 2482 5310 iu
2510 5255 2728 5312 Octavio
2754 5272 2807 5327 p.
2839 5256 2966 5327 523,
2993 5257 3129 5319 edit.
3160 5257 3333 5326 Lugd.
3355 5255 3479 5312 Bat.
3502 5275 3518 5312 :
3550 5276 3569 5309 ι
3599 5256 3727 5327 Ani-

2143 5327 2442 5384 madvertis
2471 5326 2826 5398 philosophos
2868 5326 3058 5382 eadem
3088 5327 3399 5398 disputare,
3429 5343 3556 5398 qua:
3585 5326 3723 5398 dici-

2143 5412 2269 5459 mus
2294 5414 2308 5451 :
2334 5412 2440 5467 non
2462 5396 2609 5465 quod
2633 5412 2733 5452 nos
2754 5397 2930 5453 simus
2955 5412 3142 5452 eorum
3167 5396 3394 5467 vestigia
3418 5396 3721 5458 subsecuti,

2131 5469 2238 5524 "sed
2278 5466 2431 5538 quod
2460 5466 2534 5521 illi
2566 5468 2635 5523 de
2676 5467 2876 5523 divinis
2912 5466 3394 5538 praedicationibus
3424 5468 3721 5538 propheta-

2144 5554 2267 5593 rum
2292 5534 2539 5592 umbram
2571 5534 3180 5607 interpolatae—veritatis
3202 5537 3399 5597 imitati
3419 5534 3549 5607 sint}
3579 5556 3597 5588 ι
3626 5534 3721 5607 His

2142 5608 2412 5665 contraria
2447 5607 2580 5661 dicit
2613 5604 2931 5670 Lactantius
2957 5608 3051 5663 lib.
3083 5624 3156 5673 ιν,
3189 5622 3307 5677 cap.
3338 5608 3391 5663 2.
3440 5605 3635 5662 Utrum
3664 5604 3718 5660 id

2142 5694 2330 5735 verum
2387 5678 2477 5741 sit,
2506 5692 2698 5740 necne,
2744 5678 2801 5747 in
2854 5679 3120 5747 prooemio
3170 5688 3362 5733 nostro
3407 5677 3721 5747 accuratius

2143 5748 2379 5805 fortasse
2406 5757 2700 5816 quaaretur.
2742 5745 2982 5803 Platonis
3009 5757 3189 5804 autem
3220 5748 3385 5803 verba
3418 5749 3501 5803 sic
3534 5762 3593 5802 se
3620 5746 3719 5802 ha-

2142 5820 2272 5876 bent
2312 5818 2514 5877 lib.vm
2537 5818 2846 5889 Delcgibus,
2874 5834 2993 5890 pag.
3027 5818 3131 5882 917,
3158 5839 3169 5873 :
3209 5818 3426 5890 Ἀῦδρία
3457 5817 3506 5881 δ’
3527 5817 3583 5873 ετ
3605 5829 3715 5881 τισι
