3960 6516
525 355 626 412 707

1642 355 2034 414 (ΣΙιΕΜΕΝἹΊδ
2072 379 2085 413 Α

2191 352 2541 414 ΞΧΑΝΒΒΓΝΙ
3675 359 3769 415 708

521 475 675 533 ciunt
704 492 801 548 per
831 492 1160 554 praeconem,
1195 487 1258 534 ut
1295 493 1382 544 ca,
1427 495 1549 550 qum
1586 478 1866 540 dicuntur.
1915 482 2085 551 magis

2195 482 2392 552 πρᾶξιν
2421 480 2536 552 ἅμα
2577 483 2668 536 καὶ¹
2694 481 2905 552 αἵρεσιν
2928 478 3262 536 ’ἀποδεκτέον
3293 482 3355 536 οὐ
3384 481 3488 554 τὴν
3520 480 3771 552 ἀμεμφῆ.

520 553 1038 632 ειιιιάἱοιιιιιηἹιθ
1074 572 1164 625 hic
1212 588 1452 642 quoque,
1492 588 1616 627 cum
1657 575 1724 628 ad
1757 575 1960 629 multos
1993 575 2090 629 ha-

521 659 696 715 benda
725 661 850 716 sita
882 661 1040 715 nobis
1074 663 1276 725 oratio,
1297 679 1422 732 quae
1454 665 1670 719 solitam
1694 666 1957 735 praecedit
1982 675 2092 721 tra-

519 750 803 814 ditionem,
828 751 1160 806 adducendae
1191 763 1320 807 sunt
1359 753 1649 824 opiniones
1675 765 1730 810 et
1759 771 1943 821 voces,
1969 775 2092 828 qua:

519 843 601 899 eis
627 845 682 898 in
724 843 956 912 singulis
986 853 1270 907 resonant,
1303 861 1398 914 per
1439 861 1578 914 quas
1611 847 1647 899 ii
1697 849 1871 918 magis
1901 850 2090 904 attenti

522 936 839 998 reddentur,
883 937 976 1006 qui
1020 937 1259 992 audient.
1309 937 1391 1002 Et,
1437 946 1502 991 ut
1541 939 1736 1008 paucis
1775 940 1955 995 dicam
1990 941 2089 1013 (in

520 1030 708 1084 multis
735 1031 880 1088 enim
927 1031 1109 1100 parvis
1159 1031 1467 1100 margaritis
1516 1047 1624 1085 una
1667 1041 1749 1088 est
1777 1034 1995 1098 eximia,
2035 1037 2089 1090 in

519 1122 692 1177 multa
724 1130 903 1176 autem
942 1122 1178 1191 piscium
1208 1123 1512 1192 piscatione
1543 1140 1696 1180 unus
1719 1135 1804 1181 est
1824 1126 2091 1198 calliony-

520 1215 693 1280 mus),
722 1222 968 1283 tempore
992 1222 1046 1267 et
1075 1214 1260 1268 labore
1289 1215 1556 1271 elucescet
1588 1217 1808 1282 veritas,
1835 1218 1884 1272 si
1916 1217 2090 1271 bOnus

518 1307 776 1376 obtigerit
811 1306 1043 1375 adjutor.
1078 1305 1182 1361 Per
1209 1308 1458 1364 homines
1479 1309 1624 1364 enim
1670 1310 1933 1364 divinitus
1963 1311 2086 1380 plu-

517 1400 658 1454 rima
683 1399 942 1453 beneﬁcia
967 1398 1406 1467 suppeditantur.
1439 1400 1618 1470 Atque
1641 1416 1834 1456 omnes
1866 1401 2086 1472 quidem

517 1492 611 1563 qui
640 1492 762 1546 visu
805 1491 1030 1554 utimur,
1062 1505 1148 1552 ea,
1179 1505 1299 1560 qua:
1328 1490 1666 1559 objiciuntur
1697 1492 1803 1552 illi.
1846 1503 2091 1546 contem-

519 1585 755 1653 plamur,
773 1585 864 1637 sed
876 1583 967 1636 alii
997 1582 1226 1637 aliorum
1245 1582 1437 1652 gratia.
1463 1581 1584 1637 Iam
1620 1599 1726 1637 non
1742 1583 2002 1638 similiter
2023 1589 2080 1645 ›Ῑ‹

518 1691 673 1729 ovem
697 1675 1097 1744 contemplatur
1125 1689 1340 1743 coquus
1383 1683 1437 1729 et
1480 1684 1688 1743 pastor.
1724 1675 1824 1729 ille
1866 1674 2086 1744 quidem

516 1782 586 1820 an
624 1767 696 1822 sit
742 1767 961 1836 pinguis
1002 1766 1290 1835 diligenter
1341 1776 1648 1831 scrutatur.;
1682 1766 1773 1821 hic
1818 1781 1950 1819 vero
2002 1766 2087 1820 lac

515 1859 634 1914 ovis
668 1858 944 1921 observat,
990 1873 1060 1911 an
1096 1858 1166 1910 sit
1196 1872 1546 1926 generosum.
1594 1857 1826 1926 Mulgeat
1866 1857 2086 1926 quidem

513 1951 730 2021 aliquis,
767 1951 814 2006 si
859 1951 982 2006 cibo
1024 1961 1210 2019 egeat;
1243 1951 1418 2006 vellus
1466 1951 1708 2012 tondeat,
1743 1951 1790 2004 si
1839 1950 1890 2003 ei
1933 1958 2088 2014 tegu-

513 2054 699 2098 mento
735 2059 876 2112 opus
909 2043 1000 2098 sit.
1058 2041 1151 2096 Sic
1193 2042 1327 2096 mihi
1361 2042 1524 2096 etiam
1576 2041 1836 2110 procedat
1875 2040 2086 2094 fruetus

514 2134 672 2192 home
705 2137 1017 2191 Graecorum
1063 2134 1348 2189 doctrinae.
1393 2133 1606 2188 Nullam
1636 2133 1784 2187 enim
1827 2131 2085 2187 existimo

513 2229 844 2296 scripturam
897 2228 1034 2281 adeo
1094 2227 1322 2282 feliciter
1386 2225 1703 2295 procedere.
1747 2225 1837 2278 cui
1900 2223 2084 2277 nullus

511 2319 738 2372 omnino
785 2318 1156 2382 contradicat;
1206 2317 1300 2371 sed
1354 2316 1500 2370 illam
1546 2314 1971 2370 existimandum
2005 2323 2087 2368 est

512 2426 636 2466 esse
679 2411 879 2464 rationi
908 2420 1356 2473 consentaneam,
1381 2410 1473 2464 cui
1503 2424 1665 2463 nemo
1697 2407 1824 2476 jure
1868 2419 2087 2462 contra-

513 2503 663 2557 dicit.
703 2501 802 2558 Hic
842 2511 896 2558 et
937 2504 1082 2556 actio
1130 2503 1296 2557 simul
1333 2501 1493 2571 120
1540 2511 1595 2556 et
1639 2502 1948 2556 institutum
1999 2509 2089 2556 est

514 2593 945 2660 admittendum,
1017 2611 1126 2648 non
1198 2596 1346 2665 quod
1407 2605 1493 2648 est
1561 2609 1605 2660 a
1661 2593 2089 2662 reprehensione

517 2687 777 2751 alienum,
819 2689 914 2743 sed
951 2689 1097 2758 quod
1143 2689 1327 2743 nullus
1356 2687 1480 2759 jure
1548 2687 1916 2758 reprehendit.
1969 2684 2091 2740 Non

517 2781 703 2835 statim
773 2791 953 2834 autem
981 2822 996 2847 ,
1043 2783 1087 2834 si
1136 2782 1261 2850 quis
1305 2797 1412 2835 non
1460 2779 1840 2850 principaliter
1881 2778 2045 2833 ellicit
2073 2816 2089 2842 ,

2193 573 2309 626 ἀλλ’
2329 575 2396 644 ἢν
2424 573 2599 638 οὐδεὶς
2619 573 2856 643 εὐλόγως
2875 573 3313 645 καταμέμφεται.
3335 574 3451 628 Οὐκ
3477 573 3646 637 εὐθὺς
3668 574 3772 640 (59)

2193 666 2258 728 δ’,
2293 665 2347 718 εἴ
2371 683 2456 728 τις
2489 665 2562 736 μὴ
2587 666 3022 738 προηγουμένως
3049 667 3309 728 ἐπιτελεῖ,
3339 665 3484 718 κατά
3516 666 3774 736 περίστα-

2196 775 2278 811 σιν
2321 758 2452 811 αὐτὸ
2488 760 2661 811 ποιεῖ·
2709 757 2844 810 ἀλλά
2885 757 3339 828 οίκονομούμενός
3380 775 3432 810 τι
3475 748 3771 826 θεοσόφωςζ

2192 849 2286 902 καὶ
2313 847 2854 920 συμπεριφερόμενος
2895 850 3200 920 ἐνεργήσει·
3242 848 3381 901 Οὔτε
3423 847 3536 918 γὰρ
3578 848 3611 899 ὁ
3642 848 3774 918 ἔχων

2190 939 2290 1010 τὴν
2329 940 2532 1011 ἀρετὴν
2575 939 2768 1012 χρῄζει
2820 940 2922 1010 τῆς
2964 941 3057 994 ἐπὶ
3101 939 3201 1011 τὴν
3239 939 3440 1012 ἀρετὴν
3499 940 3581 992 ἔτι
3620 939 3769 1002 ὀδοῦ,

2190 1032 2303 1086 οὖθ⁶
2327 1035 2356 1086 ὁ
2400 1035 2712 1106 ἐρρωμένος
2740 1033 3082 1104 ἀναλήψεως.
3128 1034 3394 1104 Καθάπερ
3429 1033 3548 1101 (60)
3590 1033 3702 1104 γὰρ
3726 1033 3771 1086 ai

2191 1127 2426 1195 γεωργοὶ
2454 1125 2919 1197 προαρδεύσαντες
2945 1127 3045 1196 τὴν
3078 1126 3201 1196 γῆν,
3228 1124 3371 1178 οὕτω
3401 1125 3460 1178 δὲ
3493 1125 3589 1178 καὶ
3615 1125 3773 1196 ἡμεῖς

2189 1217 2268 1288 τῷ
2291 1219 2506 1290 ποτίμῳ
2532 1219 2641 1272 τῶν
2667 1221 2798 1289 παρ’
2826 1218 3050 1288 Ἕλλησι
3082 1217 3256 1285 λόγων
3280 1216 3695 1289 πρωρδεύομεν
3716 1217 3772 1270 τδ

2190 1310 2390 1378 γεῶδες
2416 1309 2616 1372 αὐτῶν,
2647 1311 2724 1374 ὡς
2766 1311 3168 1382 παραδέξασθαι
3209 1309 3271 1362 τὺ
3299 1308 3771 1378 καταϐαλλόμενον

2192 1403 2412 1474 σπέρμα
2445 1403 2834 1474 πνευματικὸν,
2869 1405 2961 1456 καὶ
3003 1403 3159 1456 τοῦτο
3200 1401 3454 1473 εὐμαρῶς
3515 1399 3772 1472 ἐκθρέψαι

2189 1493 2467 1548 δύνασθαι.
2496 1493 2811 1566 Περιὲξουσι
2841 1495 2898 1549 δὲ
2933 1497 2980 1548 οἱ
3007 1497 3355 1566 Στρωματεῖς
3383 1493 3766 1564 ἀναμεμιγμέ-

2189 1604 2287 1656 νην
2310 1587 2408 1658 τὴν
2435 1587 2689 1660 ἀλήθειαν
2715 1591 2830 1652 τοῖς
2860 1588 3174 1658 φιλοσοφίας
3199 1589 3451 1659 δόγμασι,
3488 1586 3692 1658 μᾶλλον
3715 1587 3768 1640 δὲ

2190 1679 2676 1751 ἐγκεκαλυμμένην
2721 1682 2816 1734 καὶ
2859 1679 3363 1751 ὲπικεκρυμμένην,
3401 1679 3666 1751 καθάπερ
3699 1678 3770 1748 τῷ

2190 1769 2410 1842 λεπύρῳ
2455 1771 2516 1824 τὸ
2566 1771 2830 1842 ἐδώδιμον
2882 1771 2976 1824 τοῦ
3027 1771 3268 1843 καρύουυ
3335 1773 3571 1844 ἁρμόζει
3635 1773 3765 1841 γὰρ,

2189 1848 2375 1932 οἶμαί,
2404 1859 2504 1930 τῆς
2535 1860 2790 1933 ἀληθείας
2818 1861 2885 1914 τὰ
2936 1862 3224 1933 σπέρματα
3272 1861 3452 1932 μόνοις
3506 1860 3772 1930 φυλάσσεθ-

2191 1949 2316 2002 σθαι
2367 1953 2480 2012 τοῖς
2511 1949 2610 2019 τῆς
2658 1949 2892 2014 πίστεως
2933 1953 3219 2022 γεωργοῖς.
3249 1952 3327 2004 Οὐ
3355 1949 3551 2020 λέληθε
3602 1952 3665 2004 δέ
3711 1967 3770 2021 με

2188 2042 2282 2093 καὶ
2308 2039 2376 2093 τὰ
2405 2039 2780 2111 θρυλλούμενα
2819 2040 2955 2112 πρός
2989 2058 3172 2103 τινων,
3205 2042 3430 2113 ἀμαθῶς
3454 2042 3764 2112 ψοφοδεῶνο

2187 2133 2382 2202 χρῆναι
2427 2131 2690 2200 λεγόντων
2734 2133 2862 2202 περὶ
2910 2131 2978 2185 τά
3026 2134 3428 2202 ἀναγκαιότατα
3479 2136 3578 2188 καὶ
3628 2135 3770 2187 συνέι

2188 2240 2352 2294 χοντα
2399 2221 2497 2294 τὴν
2536 2223 2718 2276 πίστιν
2753 2223 3172 2292 καταγίνεσθαι*
3227 2224 3297 2278 τὰ
3335 2225 3393 2279 δὲ
3434 2225 3642 2292 ἔξωθεν
3665 2225 3766 2294 (6i)

2192 2317 2284 2369 καὶ
2315 2314 2546 2386 περιττά
2578 2314 2949 2386 ὑπερϐαίνειν,
2999 2316 3175 2387 μάτην
3201 2319 3347 2387 ἡμᾶς
3378 2318 3643 2389 τρίϐοντα
3684 2320 3770 2374 καὶ

2193 2408 2488 2477 κατέχοντα
2530 2407 2658 2478 περὶ
2697 2409 2810 2469 τοῖς
2849 2407 3001 2460 οὐδὲν
3044 2407 3502 2479 συμϐαλλομένας
3550 2411 3690 2481 πρὸς
3715 2411 3769 2464 τὸ

2192 2500 2364 2564 τέλος.
2393 2499 2455 2553 Οἳ
2490 2499 2547 2552 δὲ
2582 2499 2675 2552 καὶ
2713 2499 2851 2567 πρὸς
2875 2498 3048 2552 κακοῦ
3073 2499 3140 2552 ἂν
3174 2500 3271 2571 τὴν
3309 2500 3633 2570 φιλοσοφίαν
3668 2508 3767 2558 εισι

2193 2590 2470 2646 δεδυκέναι
2499 2590 2590 2643 τὸν
2625 2589 2736 2660 βίον
2783 2590 3073 2661 νομίζωσιν
3109 2593 3202 2644 ἐπὶ
3240 2591 3385 2665 λύμῃ
3419 2593 3532 2645 τῶν
3565 2595 3766 2667 ἀνθρὼ-

2189 2704 2326 2746 πων,
2357 2686 2495 2758 πρός
2519 2703 2664 2749 τινος
2705 2684 2929 2756 εὑρετοῦ
2971 2686 3209 2758 πονηροῦ
3241 2687 3374 2756 (62).
3417 2689 3561 2758 Ἐγὼ
3591 2691 3668 2753 δὲ,
3692 2694 3764 2745 ὅτι

2191 2778 2292 2848 μὲν
2320 2779 2354 2848 ἡ
2384 2776 2550 2830 κακία
2575 2776 2750 2848 κακὴν
2775 2776 2939 2845 φύσιν
2983 2775 3118 2847 ἔχει,
3149 2779 3241 2831 καὶ
3277 2778 3462 2832 οὔποτ’
3500 2779 3568 2834 ἂν
3611 2779 3764 2835 καλῶ

515 2873 620 2928 hoc
683 2873 830 2939 facit,
883 2875 1027 2943 quod
1065 2875 1116 2928 id
1156 2874 1394 2938 devitet;
1448 2874 1542 2928 sed
1589 2873 1640 2927 id
1696 2872 1808 2942 agit
1847 2872 2085 2926 divinam

2191 2886 2332 2932 τινος
2359 2869 2910 2954 ὑποσταίηκίγεωργδς
2935 2869 3209 2936 γενέσθαι,
3250 2873 3382 2942 παρ’
3409 2871 3571 2936 ὅλους
3612 2873 3766 2926 ἐνδεί-

511 2963 804 3032 quamdam
864 2967 1140 3034 sapienter
1195 2964 1462 3019 adhibens
1505 2963 2000 3033 dispensationem,
2036 2971 2085 3016 et

2191 2961 2352 3033 ξομαι
2380 2962 2506 3026 τοὺς
2535 2963 2904 3032 Στρωματεῖς,
2931 2963 3303 3034 αἰνισσόμενος
3325 2965 3600 3036 ἀμηγέπη
3623 2964 3766 3030 θείας

511 3070 574 3110 se
611 3057 774 3112 rebus
804 3058 1246 3122 accommodans,
1285 3065 1339 3111 et
1380 3056 1435 3110 in
1473 3071 1690 3110 omnem
1732 3052 1940 3124 partem
1975 3069 2085 3109 ver-

2194 3052 2354 3125 ἔργον
2384 3052 2646 3122 προνοίας
2676 3053 2772 3104 καὶ
2797 3051 3133 3121 φιλοσοφίαν.

509 3166 662 3208 satis.
695 3149 881 3223 Neque
907 3154 1051 3206 enim
1077 3152 1170 3222 qui
1219 3153 1382 3206 habet
1421 3151 1701 3212 virtutem,
1735 3152 1821 3204 via
1867 3150 1937 3204 ad
1982 3150 2242 3203 virtutem
2274 3147 2506 3218 amplius
2547 3161 2686 3216 opus
2744 3147 2943 3213 habet;
2998 3161 3177 3217 neque
3221 3148 3315 3218 qui
3355 3147 3504 3202 valet
3541 3148 3762 3224 viribus,

507 3255 633 3316 eget
686 3245 1102 3300 instauratione.
1152 3244 1624 3313 Quemadmodum
1683 3245 1828 3298 enim
1875 3253 2075 3297 terram
2121 3242 2274 3312 prius
2339 3242 2520 3311 rigant
2588 3239 2860 3310 agricolae,
2916 3239 3111 3294 deinde
3148 3239 3228 3295 sic
3264 3255 3449 3295 semen
3484 3241 3760 3310 injiciunt;

509 3338 586 3392 ita
636 3341 796 3393 etiam
863 3355 966 3394 nos
1007 3356 1094 3402 eo,
1135 3340 1283 3409 quod
1333 3338 1446 3392 bibi
1480 3347 1660 3408 potest
1710 3353 1776 3391 ex
1826 3336 2140 3392 Graecorum
2171 3336 2410 3406 scriptis,
2466 3334 2541 3398 id,
2577 3334 2723 3404 quod
2771 3331 2927 3387 estin
2957 3333 3037 3386 eis
3075 3342 3350 3395 terreStre,
3380 3335 3538 3402 prius
3577 3335 3763 3402 irriga-

513 3444 660 3494 mus,
713 3438 774 3485 ut
828 3431 1094 3498 suscipiat
1181 3428 1432 3499 spiritale
1478 3445 1663 3484 semen
1708 3431 1854 3497 quod
1901 3428 2175 3497 dejicitur,
2213 3436 2268 3481 et
2311 3427 2362 3480 id
2412 3425 2568 3479 facile
2624 3425 2796 3488 possit
2841 3425 3006 3478 alere.
3056 3425 3427 3479 Continebnnt
3484 3437 3662 3480 autem
3709 3427 3762 3480 hi

510 3517 688 3584 libri,
729 3522 824 3592 qui
875 3522 1132 3576 dicuntur
1178 3523 1548 3593 Στρωματεϊς.
1597 3537 1694 3576 seu
1750 3520 2110 3585 Misrcllanea,
2148 3520 2439 3575 admistam
2509 3519 2790 3572 veritatem
2839 3517 3196 3588 philosophia:
3243 3519 3498 3584 decretis,
3529 3519 3614 3572 vel
3675 3533 3763 3588 po-

512 3617 623 3670 tius
649 3626 957 3687 coopertam
1005 3627 1058 3672 et
1102 3618 1452 3684 absconsam,
1489 3619 1631 3673 sicut
1662 3627 1796 3672 testa
1829 3618 2073 3686 operitur
2110 3617 2183 3682 id,
2208 3617 2354 3686 quod
2384 3625 2464 3670 est
2500 3615 2553 3669 in
2610 3630 2748 3668 nuce
2795 3614 3160 3669 esculentum.
3215 3613 3364 3668 Fidei
3379 3615 3530 3667 enim
3563 3617 3758 3668 semina

511 3710 664 3774 solis,
699 3719 757 3764 ut
779 3711 1056 3773 existimo,
1090 3711 1348 3766 convenit
1389 3712 1596 3766 servari
1637 3711 1760 3765 fidei
1793 3710 2066 3775 agricolis.
2107 3709 2225 3763 Non
2260 3724 2347 3762 me
2419 3717 2600 3762 autem
2652 3707 2822 3760 latent
2872 3721 2935 3760 ea
2975 3705 3161 3770 etiam,
3227 3721 3349 3774 quae
3383 3705 3464 3759 ab
3496 3704 3761 3774 aliquibus

509 3785 760 3873 imperite
783 3805 964 3857 omnia
998 3803 1366 3859 metuentibus
1403 3807 1700 3873 jactantur,
1739 3805 1830 3873 qui
1884 3804 2075 3858 dicunt
2118 3811 2372 3872 oportere
2401 3801 2456 3854 in
2507 3801 2574 3854 iis
2628 3798 2859 3861 versari,
2895 3812 3017 3867 quae
3053 3806 3184 3850 sunt
3214 3795 3454 3850 maxime
3519 3809 3761 3850 necessao

509 3895 612 3960 ria,
662 3905 717 3950 et
757 3911 878 3963 qua:
925 3895 1084 3950 ﬁdem
1129 3899 1445 3957 continent;
1493 3907 1717 3951 externa
1767 3908 1972 3959 autem,
2035 3907 2090 3951 et
2141 3912 2263 3968 qua
2296 3904 2424 3950 sunt
2454 3907 2856 3964 supervacanea
2911 3891 3208 3953 transilire,
3255 3906 3377 3960 qure
3421 3907 3524 3944 uos
3563 3890 3759 3944 flustra

509 3998 800 4044 conterunt
867 4000 921 4044 et
951 3991 1197 4046 detinent
1255 3992 1308 4045 in
1353 3991 1462 4056 iis,
1515 4009 1637 4062 qua:
1681 3993 1747 4046 ad
1799 3993 1960 4047 tinem
2009 3993 2146 4046 nihil
2205 3991 2512 4046 conferunt.
2567 3990 2672 4042 Alii
2737 3997 2918 4041 autem
2972 3985 3368 4056 philosophiam
3417 3987 3586 4040 etiam
3644 4003 3755 4040 eum

510 4083 748 4137 maximo
782 4084 928 4138 malo
991 4093 1045 4140 et
1099 4085 1165 4139 ad
1222 4085 1507 4139 hominum
1544 4087 1835 4154 perniciem
1858 4086 2072 4142 venisse
2114 4085 2167 4140 in
2210 4087 2373 4140 vitam
2402 4085 2734 4146 existimant,
2765 4088 2825 4133 ut
2848 4094 2969 4150 quae
3003 4075 3240 4148 profecta
3264 4079 3382 4151 sita
3405 4079 3646 4148 maligno
3666 4078 3755 4131 ali-

509 4192 620 4247 quo
677 4177 976 4234 inventore.
1021 4177 1134 4248 Ego
1183 4189 1364 4234 autem
1407 4180 1554 4250 quod
1609 4181 1812 4236 malitia
1861 4181 2080 4250 quidem
2124 4182 2321 4235 malam
2349 4180 2836 4240 habeatnaluram,
2863 4189 2961 4229 nec
3005 4173 3236 4242 alicujus
3298 4173 3424 4227 boni
3453 4188 3581 4228 esse
3624 4173 3752 4243 agri-

508 4272 627 4326 cola
655 4288 896 4342 unqnam
939 4275 1135 4342 possit,
1169 4277 1225 4328 in
1272 4275 1356 4328 his
1403 4275 1534 4329 totis
1574 4276 1858 4329 ostendam
1891 4275 2070 4339 libris,
2110 4276 2206 4347 qui
2245 4275 2500 4330 dicuntur
2531 4272 2897 4344 Στρωματεῖς,
2939 4269 2990 4323 id
3040 4270 3204 4324 etiam
3250 4268 3594 4339 significans,
3623 4267 3752 4338 quod

508 4367 706 4422 divina:
736 4368 1142 4438 quodammodo
1178 4367 1539 4438 providentiae
1573 4385 1713 4440 Opus
1741 4370 1814 4423 sit
1842 4369 2208 4440 philosophia.
2304 4406 2307 4409 -

579 4529 639 4586 {4
677 4521 739 4576 P.
771 4523 875 4578 326
898 4522 1005 4578 El).
1036 4523 1333 4590 POTTER,
1362 4525 1468 4579 278
1493 4524 1600 4578 El).
1623 4525 1841 4581 PARIS.

582 4685 696 4752 (59)
729 4687 851 4740 Οὐκ
879 4688 1079 4754 εὐθύς.
1119 4686 1230 4744 Nec
1256 4690 1364 4758 his
1411 4690 1622 4753 verbis,
1651 4699 1814 4758 prout
1859 4688 1971 4757 jam
2021 4704 2078 4742 se

2191 4687 2409 4758 σπέρμα
2440 4685 2887 4758 καταϐάλλουσιν,
2921 4684 3062 4737 οὕτω
3203 4686 3298 4741 καὶ
3341 4683 3507 4754 ἡμεῖς
3631 4680 3752 4735 Su.-

510 4756 732 4828 habeut,
761 4773 956 4811 sensus
980 4769 1214 4814 constat.
1249 4757 1478 4814 Restitui
1506 4756 1668 4814 debet
1695 4770 1812 4828 post
1837 4756 2083 4812 ἔπιτελεῖ
2184 4756 2343 4811 nunc.
2369 4759 2626 4828 —7Q_n>od
2645 4759 2708 4828 in
2746 4756 2936 4828 Latina
2965 4757 3571 4828 versione‘expressum
3597 4764 3697 4805 est.

510 4827 763 4900 negativa
802 4828 1103 4900 particula,
1155 4845 1276 4898 qua:
1325 4839 1546 4900 propter
1596 4820 1900 4898 duplicem,
1956 4845 2080 4897 qum.

2257 4827 2368 4898 (6|)
2402 4827 2475 4881 Τὰ
2492 4820 2566 4900 δὲ
2597 4827 2836 4900 ἐξῳθεῃ
2872 4824 3189 4900 Praecipiti":
3216 4820 3504 4900 Constitui.
3536 4820 3748 4900 apostol.

511 4891 816 4968 praecessit,
843 4891 1186 4968 negationem
1217 4891 1341 4968 per'
1362 4891 1704 4954 lib-rariorum
1749 4891 2074 4967 imperitiam

2191 4891 2276 4968 lib;
2313 4891 2360 4962 t,
2381 4913 2502 4964 cap.
2527 4899 2560 4951 6
2590 4913 2603 4949 :
2631 4897 2748 4950 Τῶν
2781 4894 3018 4968 ἐθνικῶν
3041 4891 3507 4968 βιϐλίων-πάντων
3535 4891 3746 4968 ἀπέχου·

511 4966 782 5037 escidisse
809 4967 1041 5022 videtur.
1075 4966 1266 5022 Scribe
1289 4969 1454 5037 igitur
1479 4987 1492 5022 :
1527 4971 1641 5024 Οὐκ
1661 4966 1899 5032 εὐθὺςδ*
1926 4968 2079 5032 εἴτις

514 5035 588 5107 μὴ
622 5037 1045 5111 προηγουμένως
1076 5035 1330 5102 ἐπιτελεῖ.
1365 5043 1414 5093 εί
1439 5039 1578 5094 κατὰ
1601 5037 1921 5111 περίστασιν
1949 5038 2080 5111 αὐτὸ

511 5106 673 5178 ποιεῑή
708 5125 726 5156 ι
755 5106 880 5160 Non
906 5118 1084 5161 autem
1138 5113 1321 5164 statim
1374 5112 1652 5178 sequitur,
1677 5106 1831 5178 "quod
1879 5107 1924 5161 si
1955 5109 2080 5176 quis

511 5177 716 5251 aliquid
749 5192 842 5245 per
871 5193 936 5251 se
959 5179 1093 5251 nolit
1127 5178 1326 5244 facere,
1362 5177 1539 5251 ipsum
1572 5195 1679 5233 non
1711 5193 1833 5251 esse
1853 5186 2082 5246 urgente

511 5248 696 5317 aliquo
723 5263 854 5301 casu
889 5247 942 5301 id
987 5247 1292 5315 facturum;
1343 5247 1529 5304 verum
1566 5259 1697 5303 tunc
1723 5248 1908 5302 divina
1943 5261 2082 5315 quo-

509 5318 802 5372 dammodo
854 5327 970 5372 arte
1023 5319 1240 5388 aliquod
1292 5321 1529 5374 medium
1583 5318 1838 5382 inveniet,
1870 5325 1936 5388 et_
1961 5332 2082 5371 sese

510 5389 869 5456 praesentibus
897 5385 1339 5453 accommodans,
1376 5389 1624 5444 ell‘ectum
1652 5389 1819 5456 dabit.
1859 5407 1877 5438 ι
1905 5385 2080 5453 Quem

511 5455 733 5512 sensum
779 5473 901 5527 quae
952 5469 1294 5527 sequuntur.
1339 5461 1682 5513 conﬁrmant.
1734 5455 1872 5510 Hinc
1915 5457 2080 5527 paulo

509 5527 672 5580 etiam
713 5526 840 5598 poSt
881 5527 976 5592 ait,
1022 5526 1421 5598 philosophiam
1466 5542 1575 5582 non
1618 5527 1789 5598 fuisse
1816 5527 1957 5580 κατά
1987 5526 2081 5580 τὸν

509 5596 920 5668 προηγούμενον
954 5598 1130 5667 λόγον,
1154 5596 1258 5653 hoc
1290 5609 1376 5653 est
1399 5617 1420 5651 ι
1453 5613 1550 5667 per
1579 5613 1658 5660 se,
1695 5616 1714 5648 ι
1751 5597 2078 5666 ingressam,

510 5668 606 5721 sed
631 5670 777 5722 quod
808 5669 1097 5722 suadenda:
1120 5670 1332 5722 veritati
1359 5667 1666 5722 inserviret.

581 5733 698 5806 (60)
727 5737 1020 5805 Καθάπερ.
1060 5737 1368 5808 Legendum
1400 5738 1646 5808 videtur,
1686 5734 1937 5808 καθάπερ
1969 5733 2040 5802 γά

581 5750 698 5806 (ου)
727 5750 1020 5805 καθάπερ.
1063 5750 1368 5808 Legenuum
1400 5750 1646 5798 Videlllt‘,
1686 5750 1937 5806 καθαπερ
1969 5750 2078 5856 ταῖς

507 5803 564 5861 οι
603 5807 837 5877 γεωργοὶ
877 5807 1341 5879 προαρδεύσαντες
1377 5809 1476 5879 τὴν
1521 5807 1654 5877 γῆν,
1705 5802 1800 5858 εἶθ’
1846 5805 1986 5856 οὕτω

2189 4987 2208 5018 ι
2249 4961 2343 5020 Αιτ
2367 4961 2622 5021 omnibus
2653 4967 2934 5033 gentilium
2969 4961 3121 5018 libris
3148 4965 3395 5033 abstine.
3417 4980 3438 5014 ι
3470 4961 3591 5027 Qua
3617 4965 3680 5015 de
3702 4975 3749 5012 re

2182 5037 2328 5092 conf.
2359 5053 2480 5106 qua:
2503 5039 2570 5090 ad
2598 5031 2663 5090 ea
2685 5038 2844 5106 verba
2870 5035 3146 5090 adnotavit
3169 5031 3492 5106 Cotelerius.

2256 5099 2690 5174 (62l'Hornpoﬁ.
2720 5105 2923 5174 Nempe
2955 5105 3203 5165 diabolo,
3249 5103 3337 5174 cui
3370 5099 3587 5174 auctori
3621 5114 3749 5153 non-

2184 5172 2318 5232 nulli
2347 5193 2376 5228 e
2415 5172 2689 5231 veteribus
2714 5172 3044 5230 Christianis
3075 5172 3476 5242 philosophiam
3528 5172 3749 5242 imputa~

2185 5257 2333 5302 runt.
2355 5244 2552 5302 Strom.
2572 5263 2648 5310 VI,
2675 5263 2795 5316 pag.
2825 5245 2931 5316 693
2953 5261 2966 5297 :
2992 5239 3116 5307 Πῶς
3143 5239 3244 5316 οὖν
3271 5239 3371 5295 οὐκ
3410 5239 3749 5316 ἀτοπονέ-τὴν

2184 5317 2409 5384 ἀταξίαν
2441 5319 2536 5371 καὶ
2564 5309 2912 5388 τὴνάδικίαιέ
2956 5314 3361 5388 προσνέμοντας
3402 5310 3481 5388 τῷ
3511 5309 3747 5388 διαϐόλῳ,

2185 5379 2436 5459 ἐναρέτου
2468 5379 2789 5459 πράγματος
2820 5379 3027 5448 τοῦτον,
3053 5379 3173 5459 τῆς
3195 5379 3532 5459 φιλοσοφίας,
3565 5379 3747 5459 δοτῇρι

2187 5451 2390 5523 ποιεῖνς
2417 5476 2436 5508 ‹
2466 5451 2751 5524 Quomodo
2776 5471 2883 5508 non
2913 5466 2996 5508 est
3016 5451 3338 5518 absurdum,
3380 5463 3442 5508 ut
3474 5466 3602 5504 cum
3641 5451 3745 5524 dia:

2187 5530 2310 5582 bolo
2336 5528 2706 5581 confusionem
2733 5536 2787 5579 et
2815 5525 3136 5594 injustitiam
3169 5524 3498 5594 tribuamus,
3529 5535 3652 5594 eum
3679 5529 3746 5569 ret

2184 5591 2884 5667 praelataephilosOphiaa'
2899 5595 3127 5657 scilicet,
3161 5593 3411 5667 datorem
3455 5591 3742 5667 constitue;

2186 5661 2278 5723 re?
2311 5687 2330 5719 ι
2363 5661 2525 5721 ϐοιιίξ
2557 5661 2961 5721 ειίιιιιιδινοιιι.
2989 5679 3042 5728 v,
3085 5679 3208 5734 pag.
3241 5662 3366 5727 550,
3403 5673 3460 5717 et
3487 5661 3681 5717 Strati.
3706 5667 3743 5721 ι,

2183 5751 2305 5807 pag.
2329 5737 2457 5800 310,
2493 5751 2722 5807 quaeque
2751 5737 2823 5789 ibi
2852 5737 3206 5788 adnotantur.
