3960 6540
214 381 326 436 709
1428 382 1757 444 STR’OMAT

1902 388 2030 448 LIB.
2067 387 2108 446 Ι.
3369 401 3484 461 710

1635 507 1694 565 μθ
1713 501 1942 558 CAPUT
1982 504 2058 575 λι.
2671 560 2673 562 .

236 595 238 597 ’
301 588 553 650 Occurrit
590 591 939 662 quorumdam
974 591 1284 660 objectioni,
1323 594 2067 682 vituperantiumoquoduam
2104 598 2272 652 multa
2341 615 2368 652 e
2400 598 2734 670 philosophia
2775 602 3052 675 desumpta
3094 607 3247 682 libris
3285 595 3398 666 im

1731 666 1958 721 inserat.

528 758 584 813 δὲ
628 757 737 812 τῶν
781 756 1185 828 ὑπομνημάτων
1236 757 1345 813 τῶν
1368 761 1762 832 περιειληφότα)

1868 816 1869 820 η
1966 761 2042 817 De
2072 765 2484 821 commentariis
2513 776 2696 822 autem
2729 765 2912 830 hisce,
2948 767 3080 838 qui,
3113 785 3238 826 cum
3277 789 3475 832 neces.-

213 850 362 905 κατά
396 850 524 914 τοὺς
563 849 892 920 ἀναγκαίους
934 850 1160 920 καιροὺς
1200 851 1303 921 τὴν
1352 851 1668 924 Ἑλληνικὴν
1709 853 1794 906 ὁὸ·-

213 943 316 1010 ξαν
337 983 355 1007 ,
381 939 634 996 τοσοῦτόν
659 958 801 1014 φημι
827 943 940 1004 τοῖς
967 940 1230 1014 φιλεγκλή
1241 959 1364 1013 μοσι
1385 959 1398 973 ·
1429 943 1644 1014 πρῶτον
1672 945 1790 1015 μὲν,

214 1037 264 1088 εἰ
305 1036 401 1089 καὶ
445 1035 712 1107 ἄχρηστος
755 1033 841 1105 είη
882 1032 1187 1103 φιλοσοφία,
1216 1035 1266 1086 εί
1299 1032 1595 1107 εὔχρηστος
1631 1037 1664 1106 ἡ
1695 1037 1793 1107 τῆς

210 1127 515 1198 ἀχρηστίας
541 1125 848 1197 βεϐαίωσις,
874 1125 1170 1198 εὔχρηστος
1188 1142 1201 1156 ⁸
1232 1125 1422 1180 ἔπειτα
1439 1167 1453 1190 ,
1478 1125 1598 1180 οὐδὲ
1625 1144 1793 1181 κατα-

207 1219 550 1293 ψηφίσασθαι
575 1218 685 1272 τῶν
725 1218 991 1290 Ἐλλήνων
1014 1213 1125 1273 οἶόν
1149 1235 1211 1271 τε
1233 1258 1249 1282 ,
1277 1217 1404 1290 ψιλῇ
1432 1221 1499 1291 τῇ
1530 1219 1658 1291 περὶ
1682 1219 1790 1273 τῶν

205 1308 679 1380 δογματισθέντων
718 1309 906 1371 αὐτοῖς
943 1309 1258 1380 χρωμένους
1306 1309 1523 1381 φράσει,
1566 1309 1639 1381 μὴ
1666 1326 1790 1364 συν-

207 1400 568 1472 εμῦαίνοντας
606 1401 686 1464 είς
728 1398 826 1470 τὴν
865 1400 1004 1454 κατὰ
1058 1400 1222 1472 μέρος
1258 1401 1386 1472 άχρι
1428 1401 1788 1470 συγγνώσεως

206 1490 527 1560 ὲκκάλυψιν.
574 1490 773 1554 Πιστὸς
811 1492 920 1562 γάρ
961 1487 1020 1544 εὖ
1054 1482 1270 1561 μάλα⁵ὁ
1323 1491 1439 1560 μετ’
1493 1492 1786 1565 ἐμπειρίας

206 1583 456 1654 ἔλεγχος·
509 1585 592 1636 ὅτι
633 1582 727 1636 καὶ
757 1583 1065 1655 τελειοτάτη
1110 1582 1380 1648 ἀπόδειξις
1409 1584 1720 1656 εὑρίσκεται
1749 1588 1783 1658 ἡ

204 1678 409 1745 γνῶσις
447 1677 554 1730 τῶν
594 1677 1075 1748 κατεγνωσμένων.
1125 1675 1303 1730 Πολλά
1350 1677 1394 1730 δ’
1422 1673 1534 1743 οὖν,
1574 1680 1667 1733 καὶ
1707 1680 1782 1752 μὴ

207 1768 629 1840 συμϐαλλόμενα
678 1770 758 1833 είς
793 1768 963 1832 τέλος,
1013 1771 1314 1841 συγκοσμεῖ
1371 1769 1462 1822 τὸν
1509 1771 1778 1842 τεχνίτην·

187 1862 299 1914 -καὶ
364 1861 538 1925 ἄλλως
596 1864 630 1934 ὴ
690 1861 1000 1932 πολυμαθία
1070 1861 1454 1933 διασυστατικὴ
1522 1862 1780 1933 τυγχάνει

183 1953 296 2008 -τοῦ
333 1954 598 2026 παρατιθε
607 1955 766 2025 μένου
796 1946 1202 2017 τά-κυριώτατα
1227 1954 1335 2006 τῶν
1360 1954 1642 2025 δογμάτων
1667 1953 1778 2025 (65)

198 2044 339 2117 πρὸς
372 2043 543 2098 πειθὼ
568 2045 676 2098 τῶν
702 2045 1087 2117 ἀκροωμένων,
1118 2042 1442 2115 θαυμασμὸν
1469 2045 1776 2114 ὲγγεννῶσα

181 2140 310 2202 τοῖς
337 2137 767 2210 κατηχουμένοις
784 2178 799 2201 ,
829 2139 922 2191 καὶ
949 2137 1085 2208 πρὸς
1115 2137 1215 2208 τὴν
1245 2136 1500 2208 ἀλήθειαν
1523 2136 1775 2207 συνίστη-

197 2247 304 2284 σιν.
355 2230 689 2295 Ἀξιόπιστος
723 2229 782 2283 δὲ
804 2231 836 2300 ἡ
862 2229 1087 2300 τοιαύτη
1115 2227 1456 2298 ψυχαγωγία,
1485 2229 1552 2282 δι’
1578 2225 1646 2300 ἦς
1673 2246 1774 2282 κα-

191 2320 470 2391 κουμένην
495 2321 558 2372 ,οἱ
601 2319 914 2391 φιλομαθεῖς
949 2319 1347 2392 παραδέχονται
1373 2319 1471 2390 τὴν
1497 2319 1773 2391 ἀλήθειαν,

194 2413 335 2485 πρὸς
372 2413 434 2466 τὸ
485 2413 620 2484 μήτε
661 2407 728 2466 αὖ
775 2413 874 2483 τὴν
917 2412 1231 2482 φιλοσοφίαν
1274 2411 1632 2484 λυμαίνεσθαι
1682 2413 1774 2466 τὸν

195 2503 312 2574 βίον
332 2544 348 2566 ,
379 2504 588 2574 ψευδῶν
609 2503 720 2576 (64)
743 2503 1085 2575 πραγμάτων
1105 2505 1197 2558 καὶ
1224 2503 1444 2572 φαύλων
1471 2503 1647 2575 ἔργων
1675 2504 1771 2576 δη·-

195 2596 458 2668 μιουργδν
485 2596 832 2668 ὑπάρχουσαν
858 2613 872 2625 ·
901 2597 969 2667 ἦν
991 2613 1136 2659 τινες
1161 2594 1604 2667 διαϐεϐλήκασιν,
1638 2595 1773 2666 ἀλη-

187 2689 351 2753 θείας
371 2684 538 2743 οὖσαν
563 2688 997 2759 εἰκόνα,ὲναργῆ,
1024 2687 1172 2740 θείαν
1195 2686 1402 2758 δωρεὰν
1429 2686 1654 2758 Ἕλλησι
1681 2686 1769 2740 δε-

183 2779 457 2851 δομένην·
501 2781 637 2850 μήτε
672 2777 819 2848 ἡμᾶς
846 2775 1197 2831 ἀποσπᾶσθαι
1220 2777 1320 2848 τῆς
1351 2775 1621 2841 πίστεως,
1661 2774 1770 2831 οἷον

187 2870 297 2923 ἀπό
322 2887 468 2934 τινος
493 2867 768 2940 ἀπατηλοῦ
798 2867 990 2939 τέχνης
1022 2867 1618 2946 καταγοητευομένους·
1651 2867 1768 2921 ἀλλ’

175 2961 267 3024 -ὠς
300 2959 432 3025 ἔπος
474 2963 668 3025 εἰπεῖν,
718 2961 976 3034 περιϐολῇ
1003 2959 1212 3014 πλείονι
1250 2960 1593 3031 χρωμένους,
1623 2961 1769 3033 ἀμη-

171 3053 337 3123 γέπη
367 3054 776 3124 συγγυμνασίαν
817 3051 938 3107 τινά
978 3053 1214 3116 πίστεως
1261 3051 1644 3124 ἀποδεικτικὴν
1679 3055 1770 3106 ὲκ-

180 3145 531 3219 πορίζεσθαι.
561 3145 670 3200 Ναὶ
714 3147 820 3219 μὴν
848 3147 943 3200 καὶ
979 3145 1191 3218 συναφὴ
1225 3145 1331 3198 τῶν
1363 3145 1647 3216 δογμάτων
1682 3145 1770 3200 διά

183 3235 286 3308 τῆς
312 3236 790 3309 ἀντιπαραθέσεως
819 3237 929 3309 (65)
958 3238 1058 3309 τὴν
1085 3235 1342 3309 ἀλήθειαν
1382 3236 1764 3308 μνηστεύεται,

178 3329 253 3384 δι’
279 3325 350 3404 ἧς
385 3329 812 3401 ἑξηκολούθηκεν
839 3332 873 3402 ἡ
921 3329 1159 3399 γνῶσις·
1211 3326 1294 3382 οὐ*
1316 3328 1457 3382 κατὰ
1494 3328 1766 3401 προηγού-

1896 853 2101 909 sarium
2149 855 2334 924 fuerit,
2376 855 2690 912 Graecorum
2739 858 3012 928 complexi
3066 872 3195 918 sunt
3250 867 3467 934 opinio-

1894 962 2040 1010 nem,
2077 947 2343 1004 hactenus
2393 950 2698 1021 respondeo
2750 950 2848 1013 iis,
2889 952 2984 1022 qui
3035 955 3466 1022 reprehendendi

1892 1040 2075 1095 s'tudio
2129 1042 2487 1099 delectantur.
2543 1042 2790 1099 Primum
2844 1044 3089 1114 quidem,
3135 1048 3348 1104 etiamsi
3395 1052 3470 1106 sit

1893 1131 2102 1188 inutilis
2135 1133 2499 1205 philosophia,
2537 1143 2719 1190 tamen
2752 1135 2798 1190 si
2832 1136 3079 1192 inutilem
3112 1153 3231 1194 eam
3267 1141 3468 1196 conﬁr-

1890 1240 2043 1279 mare
2073 1233 2156 1280 est
2184 1225 2336 1292 utile,
2364 1224 2480 1296 jam
2511 1227 2663 1282 utilis
2691 1235 2795 1284 est.
2850 1225 3055 1284 Deinde
3086 1245 3189 1285 nec
3235 1231 3302 1286 iis
3337 1233 3465 1288 licet

1889 1314 2110 1371 Gnaeos
2143 1316 2528 1383 condemnare,
2559 1317 2761 1386 quibus
2799 1317 2854 1373 in
2885 1333 3075 1373 eorum
3103 1322 3340 1376 decretis
3384 1323 3462 1377 nil

1889 1407 2028 1461 ultra
2061 1407 2238 1463 nudas
2265 1422 2428 1463 voces
2454 1417 2771 1478 perceptum
2805 1417 2912 1476 est,
2944 1411 3264 1481 priusquam
3294 1427 3356 1468 ea
3389 1414 3466 1468 si-

1887 1498 2113 1569 gillatim
2160 1508 2324 1569 atque
2366 1499 2562 1555 intime
2594 1501 2875 1571 explorata
2912 1511 3078 1573 atque
3109 1504 3322 1574 cognita
3359 1506 3458 1559 ha-

1885 1592 2122 1648 buerint.
2153 1591 2248 1647 Est
2274 1593 2420 1648 enim
2453 1608 2515 1647 ea
2544 1591 2802 1648 refutatio
2834 1593 2940 1650 ﬁde
2961 1595 3304 1667 dignissima,
3331 1614 3461 1669 quae

1885 1684 2134 1753 sequitur
2178 1683 2569 1753 experientiam
2613 1698 2626 1732 :
2677 1685 2878 1754 quippe
2925 1701 3048 1740 cum
3082 1702 3303 1753 eorum,
3336 1706 3460 1759 qua:

1882 1773 2336 1829 condemnaveris
2389 1781 2540 1829 certa
2596 1775 2838 1844 cognitio
2889 1775 3299 1845 perfectissimae
3357 1781 3456 1834 de-

1883 1862 2306 1919 monStrationis
2356 1862 2480 1918 loco
2521 1863 2644 1919 erit.
2690 1863 2956 1920 Praeterea
3003 1867 3195 1933 multa,
3237 1886 3359 1940 quae
3387 1872 3456 1926 ad

1881 1953 2044 2008 ﬁnem
2100 1969 2210 2008 non
2243 1952 2550 2020 conferant,
2604 1963 2784 2010 tamen
2820 1956 3018 2012 artiﬁci
3069 1971 3454 2018 ornamentum

1880 2041 2131 2097 afferunt.
2185 2042 2254 2098 Et
2303 2044 2504 2114 alioqui
2555 2043 2702 2098 varia
2746 2061 2812 2100 ac
2857 2047 3138 2118 multiplex
3181 2051 3452 2117 doctrina,

1877 2147 2002 2187 eum
2029 2173 2045 2200 ,
2082 2133 2176 2203 qui
2235 2133 2471 2188 maxime
2523 2134 2842 2204 principalia
2891 2137 3144 2208 dogmata
3175 2144 3451 2212 proponit,

1878 2225 2000 2280 ﬁdei
2033 2225 2343 2280 auditorum
2398 2227 2767 2291 commendat,
2801 2228 3084 2298 discipulis
3133 2233 3454 2288 admiratio-

1876 2331 2000 2372 nem
2045 2317 2220 2387 ipsius
2255 2317 2607 2388 ingenerans,
2638 2326 2693 2373 et
2733 2319 2801 2375 ad
2828 2322 3112 2376 veritatem
3147 2338 3242 2379 eos
3279 2325 3452 2380 addu-

1874 2406 1967 2462 cit.
2004 2405 2192 2462 Fidem
2239 2417 2420 2463 autem
2472 2404 2634 2460 faciet
2679 2407 2950 2476 ejusmodi
3000 2411 3312 2477 oblectatio,
3356 2429 3452 2484 per

1872 2513 2037 2568 quam
2071 2514 2100 2553 a
2129 2499 2292 2572 vulgo
2322 2501 2682 2570 vituperatam
2716 2503 2946 2558 studiosi
3002 2503 3277 2574 recipiunt
3308 2505 3454 2559 veri-

1871 2598 2060 2658 tatem,
2093 2593 2238 2663 quod
2267 2608 2445 2664 neque
2479 2595 2595 2664 ipsa
2628 2595 2969 2666 philosophia
3000 2597 3124 2650 vita:
3152 2597 3447 2665 perniciem

1873 2683 2082 2749 afferat,
2108 2699 2272 2755 quam
2307 2700 2371 2740 ac
2397 2686 2442 2741 si
2477 2695 2621 2743 esset
2655 2703 2836 2742 rerum
2886 2687 3150 2743 falsarum
3191 2699 3245 2744 et
3272 2691 3448 2744 malo-

1874 2790 1996 2829 rum
2026 2789 2259 2844 operum
2289 2776 2507 2840 artifex,
2532 2778 2752 2847 quidam
2780 2777 2919 2834 falso
2949 2780 3263 2835 calumniati
3295 2791 3446 2850 sunt,

1869 2882 1994 2923 cum
2036 2868 2106 2922 sit
2137 2868 2362 2922 evidens
2387 2868 2629 2922 veritatis
2660 2867 2861 2940 imago,
2889 2869 3092 2924 donum
3118 2871 3320 2927 Crtecis
3348 2873 3447 2929 da-

1871 2967 1983 3012 tum
2036 2959 2332 3024 divinitus;
2389 2975 2568 3030 neque
2618 2976 2719 3016 nos
2769 2976 2866 3031 per
2901 2962 3072 3031 ipsam
3117 2972 3376 3034 tauquam
3412 2982 3443 3020 a

1868 3051 2196 3121 quibusdam
2244 3052 2455 3122 decepti
2499 3052 2790 3123 praestigiis
2844 3069 2874 3107 a
2911 3053 3016 3108 ﬁde
3066 3054 3440 3111 abducantur:

1868 3142 1964 3197 sed
1990 3143 2171 3213 potius
2205 3143 2400 3212 majori
2434 3143 2773 3198 munimento
2807 3143 2955 3209 tecti,
2983 3151 3036 3198 et
3057 3145 3270 3199 socium
3302 3162 3444 3216 quo-

1867 3233 2162 3289 dammodo
2207 3235 2681 3301 exercitationem,
2710 3251 2818 3306 qua
2851 3235 2986 3290 ﬁdes
3020 3235 3316 3306 pleniorem
3347 3242 3445 3294 αθ-

1869 3327 2314 3382 monstrationem
2349 3327 2611 3398 accipiet,
2646 3327 2841 3382 lucrati
2877 3343 3088 3383 sumus.
3128 3327 3439 3395 Quinetiam

171 3439 351 3494 ,μενον
381 3422 536 3491 λόγον
565 3422 665 3492 τῆς
711 3420 1026 3492 φιλοσοφίας
1066 3419 1544 3493 παρεισελθούσης,
1583 3419 1671 3474 διά
1709 3419 1764 3472 δὲ

1868 3419 1998 3474 dum
2032 3418 2306 3475 contraria
2331 3418 2585 3490 dogmata
2617 3420 2760 3474 inter
2793 3435 2853 3475 se
2884 3419 3266 3490 conferuntur,
3293 3426 3440 3480 veri-

179 3515 277 3569 τὺν
320 3515 432 3587 (66)
468 3516 578 3569 ἀπὸ
627 3516 726 3586 τῆς
769 3513 1024 3584 γνώσεως
1064 3514 1274 3584 καρπὸν
1321 3513 1499 3585 ἡμῶν,
1543 3511 1762 3583 βέϐαιον

173 3607 566 3678 λαμϐανόντων
604 3611 810 3678 πεῖσμα
853 3608 951 3677 τῆς
980 3606 1212 3678 ἀληθοῦς
1251 3605 1622 3678 καταλήψεως,
1672 3607 1761 3660 διὰ

180 3702 282 3772 τῆς
312 3699 422 3753 τῶν
451 3700 856 3772 ὑπονοουμένων
884 3701 1191 3771 ἐπιστήμης
1239 3698 1375 3769 (67).
1424 3698 1621 3752 Σιωπῶ
1650 3698 1760 3771 γὰρ

179 3793 266 3846 ὅτι
303 3793 356 3846 οἱ
387 3793 738 3864 Στρωματείς
765 3793 830 3862 τῇ
865 3790 1170 3862 πολυμαθία
1204 3789 1755 3860 σωματοποιούμενοι,

177 3882 449 3955 κρύπτειν
472 3882 734 3952 ἐντέχνως
761 3882 829 3934 τά
857 3881 957 3952 τῆς
997 3879 1251 3950 γνώσεως
1283 3880 1559 3952 βούλονται
1591 3881 1757 3954 σπέρ-

183 3990 352 4045 ματα.
372 3971 639 4044 Καθάπερ
669 3967 761 4027 οὖν
789 3973 818 4024 ὁ
843 3972 941 4042 τῆς
965 3971 1139 4044 ἄγρας
1171 3971 1431 4044 ἐρωτικὸς
1449 4011 1464 4036 ,
1495 3971 1754 4044 ζητήσας,

173 4065 536 4137 ’ἀνιχνεύσας,
569 4065 885 4136 ἐρευνήσας,
915 4064 1356 4136 κυνοδρομήσας,
1400 4065 1545 4136 αἱρεῖ
1569 4064 1630 4117 τὸ
1660 4064 1757 4136 θη-

178 4159 297 4231 ρίον
316 4174 331 4187 ο
367 4157 510 4210 οὕτω
535 4157 630 4210 καὶ
650 4155 881 4226 τάληθὲς
913 4155 1212 4226 γλυκύτητι
1244 4154 1355 4226 (68)
1382 4156 1631 4224 φαίνεται
1660 4155 1756 4228 ζη-

173 4251 363 4323 τηθὲν,
395 4251 488 4304 καὶ
518 4249 664 4320 πόνῳ
687 4248 961 4321 πορισθέν.
996 4249 1060 4302 Τί
1083 4248 1146 4318 δή
1181 4249 1298 4301 ποτ’
1322 4243 1415 4302 οὖν
1448 4243 1549 4301 ὧδε
1580 4249 1756 4302 διατε-

175 4343 375 4413 τάχθαι
417 4341 565 4411 φίλον
607 4340 784 4407 ἔδοξεν
829 4336 966 4393 εἶναι
998 4342 1109 4403 τοῖς
1159 4340 1579 4411 ὑπομνήμασιν;
1634 4340 1754 4394 Ὅτι

177 4437 358 4506 μέγας
393 4436 422 4486 ὁ
460 4433 720 4496 κίνδυνος,
771 4432 863 4486 τὸν
908 4431 1217 4504 ἀπόρρητον
1266 4429 1342 4494 ὡς
1387 4431 1603 4502 ἀληθῶς
1652 4432 1752 4502 τῆς

171 4529 345 4591 ὅντως
374 4525 688 4597 φιλοσοφίας
718 4524 874 4594 λόγον
905 4522 1298 4596 ἐξορχήσασθαι
1323 4521 1435 4594 (69)
1463 4526 1577 4588 τοῖς
1599 4525 1752 4593 ἀφει-

160 4618 281 4682 ⁸δὼς
329 4619 510 4671 πάντα
560 4618 658 4688 μὲν
707 4615 1004 4684 ἀντιλέγειν
1043 4615 1327 4669 ἐθέλουσιν
1367 4615 1468 4668 οὐκ
1504 4615 1560 4667 έν
1602 4613 1748 4687 δίκῃ,

252 4761 312 4818 ›Ῑ4
350 4753 413 4809 Ρ.
451 4753 555 4808 52⁸7
580 4749 693 4806 ΕΙ).
732 4747 1044 4814 ΡΟΤἸἘΒ,
1067 4749 1174 4804 279
1209 4748 1318 4804 ΕΙ).
1350 4747 1572 4803 PARIS.

244 4891 362 4962 (63)
392 4888 468 4962 Ἰξὰ
496 4888 825 4962 κυριώτατα
860 4883 979 4962 τῶν
1009 4884 1366 4962 δογμάτωνλ
1383 4884 1478 4962 Sic
1521 4883 1648 4962 alibi
1678 4885 1747 4939 τά

166 4954 354 5035 κύὸιά
371 4959 479 5014 τῶν
503 4954 595 5035 69:
603 4959 807 5035 μάεῳνν
823 4956 914 5035 ςεέε.
927 4955 1277 5035 ensem“
1293 4954 1408 5035 ,τὶν
1438 4954 1744 5035 ξοχμάξιειὲν

337 5045 460 5102 pag.
491 5023 618 5102 39:3,;
647 5023 947 5102 5_5_8,_t7_5,
970 5025 1097 5086 550.
1134 5023 1258 5102 διε,
1290 5024 1414 5102 θεέ),
1444 5023 1568 5089 675,
1618 5025 1742 5102 77o.

243 5093 362 5183 (Μ)
392 5093 652 5183 Ψεῖυέῶν·
681 5094 1327 5183 ί¹ἓ¹¹¹⁰θῖ¹εὲίὲξμίῖἕ¹¹¹1ἷ¹39,
1340 5093 1446 5183 "fi"
1449 5095 1745 5183 3.9915199?

167 5163 292 5228 hac
333 5163 390 5226 in
432 5169 789 5241 philosophia:
819 5165 1144 5234 vituperium
1187 5163 1334 5217 dicta
1379 5163 1743 5241 existimavit;

159 5257 298 5298 cum
341 5234 561 5295 moneat
600 5234 812 5293 ta'ntum
855 5245 1066 5300 auctor,
1099 5248 1168 5287 ne
1209 5249 1269 5287 re
1297 5234 1744 5301 prmstantissima

164 5308 486 5372 abutamur,
535 5308 680 5372 quod
711 5307 887 5362 fecere
925 5303 1184 5360 lneretici.
1216 5302 1416 5357 Confer
1462 5319 1586 5372 pag.
1613 5302 1743 5367 283.,

162 5379 298 5448 285,
323 5373 598 5446 287,318,
621 5376 746 5446 635,
777 5375 901 5444 636,
925 5383 1124 5446 praeter
1148 5373 1434 5428 innumera
1462 5373 1569 5427 alia
1601 5373 1740 5427 loca.

161 5453 398 5509 Lowru.

239 5518 490 5593 (65)Δώ
514 5517 625 5593 τῆς
649 5513 1188 5593 ἀντιπαραθέσεως.
1217 5511 1357 5580 Quia
1391 5526 1472 5593 ξς.
1500 5509 1580 5593 τῷ
1598 5513 1747 5593 ὲνανο

158 5580 267 5658 τίῴ
315 5580 388 5644 τά
430 5580 647 5644 ἐναντίά
692 5580 904 5658 πέφυκε
948 5585 1182 5658 μάλιστα
1239 5580 1619 5655 γνωρίζεσθαι,
1643 5583 1746 5640 lin-

155 5647 287 5734 quit
311 5660 491 5723 Philo,
607 5658 726 5715 191.
763 5647 828 5713 ἡ.
863 5647 1126 5738 Svisuaq.

233 5731 355 5782 166)
382 5730 487 5782 Διὰ
549 5728 580 5782 ὲ
608 5745 662 5782 τ.
695 5727 820 5782 Ηαξο
861 5743 940 5782 suc
983 5728 1126 5780 dustu

233 5731 355 5801 (66)
382 5721 487 5784 Διά
513 5721 580 5782 δὲ
608 5745 662 5784 τ,
695 5727 820 5801 Ηαξο
859 5728 969 5801 sic_
983 5726 1274 5801 distingue,
1288 5722 1395 5801 ﬁte
1426 5721 1604 5801 δὲ-τρν
1629 5721 1743 5801 ἀπὸ

290 5790 549 5874 γνώσεως
579 5795 1011 5874 καρπὸνχὴμῶν
1046 5790 1266 5866 βέϐαιον
1288 5795 1339 5849 λ.
1363 5792 1509 5864 quod
1542 5793 1596 5846 in
1629 5790 1736 5846 La-

163 5869 278 5927 ti'na
306 5869 570 5926 versione
598 5869 993 5939 expressimus.

235 5941 352 6014 (67)
399 5940 504 5995 Διὰ
552 5930 687 6008 τῆξ
711 5938 829 5992 τῶν
873 5934 1330 6006 ὑπονοουμένων
1378 5930 1731 6004 ἐπιστήμης.

1779 4743 1826 4833 ι)

1863 3521 1947 3569 tas
1981 3512 2155 3584 magis
2186 3511 2464 3568 eluccscit.
2509 3509 2647 3566 Hinc
2667 3513 3027 3583 consequitur
3058 3515 3308 3573 scientia.
3340 3519 3436 3572 At-

1863 3621 1970 3676 que
2006 3605 2144 3659 adeo
2172 3603 2598 3674 haudquaquam
2634 3620 2728 3675 per
2775 3621 2834 3661 se
2868 3606 3146 3661 inducitur
3173 3607 3434 3677 'philoso-

1859 3698 2008 3769 phia,
2044 3696 2136 3752 sed
2171 3704 2392 3766 propter
2421 3694 2632 3751 fructus
2655 3711 2724 3751 ex
2753 3696 2982 3752 scientia
3012 3699 3390 3767 provenientes
3416 3717 3434 3763 ;

1855 3790 1989 3860 quia
2022 3788 2179 3842 nobis
2208 3802 2302 3858 per
2331 3787 2612 3842 scientiam
2643 3802 2828 3842 rerum
2860 3788 3046 3843 animo
3073 3790 3444 3860 comprehen-

1859 3896 2044 3936 sarum
2080 3880 2336 3934 firmatur
2358 3893 2500 3933 verte
2527 3879 2897 3948 perceptionis
2921 3880 3227 3949 persuasio.
3259 3879 3446 3936 Taceo

1858 3974 2002 4044 quod
2049 3973 2172 4027 libri
2207 3973 2261 4025 hi
2302 3971 2588 4041 multiplici
2628 3987 2692 4026 ac
2722 3971 2872 4025 varia
2899 3972 3151 4026 doctrina
3183 3972 3237 4026 in
3264 3987 3432 4026 unum

1852 4080 2056 4135 corpus
2082 4062 2464 4134 coagmentati,
2489 4061 2680 4116 volunt
2707 4063 3000 4117 artiﬁciose
3022 4062 3200 4117 celare
3222 4063 3439 4117 semina

1856 4155 2202 4230 cognitionis.
2235 4153 2706 4220 Quemadmodum
2735 4169 2865 4222 ergo
2891 4153 2983 4224 qui
3011 4152 3191 4208 studio
3218 4161 3441 4208 tenetur

1854 4245 2181 4308 venationis,
2214 4253 2502 4315 postquam
2534 4244 2769 4314 quaesiit,
2807 4243 3172 4314 iuvestigavit,
3209 4244 3436 4314 indaga-

1854 4338 1950 4400 vit,
1979 4350 2168 4397 canes,
2200 4333 2292 4404 qui
2325 4348 2490 4388 cursu
2525 4341 2999 4402 persequerentur,
3021 4331 3227 4396 emisit,
3255 4331 3436 4387 ferant

1853 4429 1999 4499 capit
2023 4447 2050 4494 ;.
2091 4427 2166 4480 ita
2208 4425 2375 4480 etiam
2415 4432 2641 4494 apparet
2671 4438 2860 4478 verum
2891 4422 3178 4478 dulcedine
3221 4423 3426 4494 quasi-

1853 4529 1992 4584 tum,
2012 4528 2066 4574 et
2080 4519 2271 4574 labore
2299 4527 2576 4587 paratum.
2612 4516 2860 4584 Quanam
2891 4531 3020 4587 ergo
3051 4516 3118 4571 de
3150 4531 3316 4573 causa
3349 4518 3436 4574 sic

1851 4622 1977 4668 tuos
2010 4609 2431 4667 commentarios
2471 4609 2576 4664 tibi
2622 4608 2879 4664 ordinare
2911 4609 3086 4664 visum
3124 4609 3245 4664 est?
3275 4607 3431 4676 Quo-

1857 4901 1876 4934 ι
1907 4881 2008 4936 Per
2032 4878 2393 4950 cognitionem
2438 4891 2626 4958 eorum
2652 4891 2776 4946 qua:
2801 4874 3032 4998 ﬁgurate
3057 4884 3116 4958 _et
3143 4891 3240 4946 per
3269 4877 3425 4958 invo-

1857 4953 2060 4998 lucrum
2095 4948 2497 4998 proferuntur.)
2536 4947 2653 4998 Vld.
2683 4961 2734 4998 ο.
2762 4947 2832 4998 55
2873 4988 2888 4998 .
2921 4957 3095 4998 tuault
3121 4945 3425 4998 Lomhms.

1849 4953 2060 5007 lucrum
2095 4945 2464 5019 proferuntur.
2473 4966 2497 5019 ε
2536 4945 2888 5019 Vid.p._5_57,
2921 4947 3095 5019 inquit
3121 4945 3425 5019 Lowthius.

1921 5020 2031 5094 (68)
2063 5016 2426 5094 Γλυκύτητι.
2460 5017 2676 5094 _Scribe,
2701 5016 2872 5086 γλύκυ
2895 5016 3228 5094 τιφαίνεται
3259 5016 3426 5087 ζητη-

1848 5087 1962 5146 θέν.
1982 5087 2095 5154 Hoc
2110 5097 2243 5154 est,¢
2263 5091 2338 5142 ita
2359 5089 2563 5142 veritas
2583 5089 2804 5141 demum
2827 5087 3012 5154 suavis
3033 5087 3246 5140 videtur
3270 5101 3420 5151 esse,

1849 5163 1897 5218 si
1926 5153 2276 5229 investigetur
2302 5170 2364 5224 et.
2377 5158 2560 5229 labore
2585 5166 2882 5229 paretur-Li
2913 5153 3046 5210 Nam
3069 5155 3424 5229 quemadmo-

1851 5232 1986 5287 dum
2037 5231 2094 5284 in
2126 5225 2251 5284 'ﬁne
2281 5229 2520 5297 septimi,
2548 5225 2623 5282 ita
2668 5227 2757 5297 hic
2804 5225 3058 5280 Clemens
3101 5226 3422 5297 methodum

1851 5301 2121 5357 occultam
2158 5299 2212 5352 in
2245 5295 2510 5354 his—libris
2540 5306 2596 5352 et
2620 5295 2908 5351 confusam
2932 5304 3186 5349 excusat:
3221 5296 3272 5347 in
3297 5299 3424 5363 qui-

1843 5372 1966 5437 bus,
2006 5372 2152 5426 sicut
2183 5378 2338 5424 notat
2378 5375 2671 5423 accuratus
2708 5381 2904 5437 censor
2926 5363 3182 5437 Photius,
3208 5365 3422 5437 σπορά-

1841 5441 1938 5514 δην
1953 5432 2027 5514 ’τε
2066 5441 2161 5493 καὶ
2210 5439 2403 5514 ὥσπερ
2432 5439 2532 5514 ούκ
2561 5439 2620 5491 ὲν
2644 5436 2809 5500 ’τάξει
2839 5433 2938 5505 τὴν
2967 5432 3077 5486 τῶν
3107 5432 3424 5504 κεφαλαίων

1841 5507 2145 5585 nepetam}!
2174 5511 2429 5585 ποιεῖται.
2445 5507 2736 5585 ΔΗειιι-ειιεσε..

1913 5572 2031 5707 ('69;
2050 5578 2548 5649 Ἑξορχήσασθαι.
2580 5572 2682 5631 δίεπ’
2693 5575 2947 5646 superius
2977 5572 3192 5640 Pwdaq.
3211 5573 3308 5628 lib.
3326 5589 3417 5654 ιιι,

1913 5669 1960 5707 ο.
2060 5669 2074 5706 :
2102 5652 2183 5704 Τά
2207 5651 2495 5707 ἀπόρῤτιτα
2527 5648 2606 5707 είς
2635 5645 2697 5698 τὺ
2729 5645 3008 5707 συμφανὲς
3039 5646 3416 5707 ἀπογυμνουν-

1841 5645 1960 5722 cap.
1997 5645 2031 5707 3
2060 5669 2074 5706 :
2102 5645 2606 5722 Td'éstoppnmflg
2635 5645 2697 5698 τὺ
2729 5645 3008 5722 συμφανὲς
3039 5646 3416 5722 ἀπογυμνοῦν-

1839 5715 1937 5807 ’Ξσὶξ
1957 5715 2475 5807 ἐξορκουμένοῗξίίῖι
2500 5716 2788 5807 Ψοέἷξηὲοξ
2815 5717 3023 5807 Ρὲιὲᾎὲν
3045 5715 3379 5807 ςέέἒςέεὲξὶᾑ
3396 5732 3416 5772 ³

1846 5785 1960 5846 Οὐκ
2002 5785 2365 5862 έξόρχῆσομαι
2399 5789 2468 5842 τά
2512 5785 3013 5859 μυστήριαέριισηι
3049 5788 3230 5842 locum
3263 5787 3417 5840 vide-

1845 5879 1942 5918 SIS.
