3960 6556
406 624 409 633 ι
492 585 686 643 scribit
734 586 787 641 in
838 586 978 640 libro
1031 586 1105 640 De
1154 603 1308 658 regno
1340 605 1361 643 :
1395 606 1414 638 ι
1456 586 1619 641 Multa
1658 604 1721 642 ac
1769 589 1915 641 varia
1971 589 2069 642 do-

499 378 598 435 751
1669 380 2057 435 CLEMENTIS
2096 381 2562 438 ALEXANDRINI
3642 378 3729 429 ’ῖἳὲ

496 494 805 564 opiniones.
850 493 1019 550 Recte
1074 495 1320 565 profecto
1371 511 1435 551 ac
1487 497 1669 551 divine
1711 482 2056 552 Anaxarchus

2170 514 2256 550 ναι
2278 515 2289 527 ⁸
2339 498 2531 569 σοφίης
2559 495 2667 566 γὰρ
2694 488 2846 558 οὗτος
2874 494 3015 565 ὄρος
3036 495 3150 546 ὅσοι
3179 492 3235 546 δὲ
3271 492 3364 545 καὶ
3393 489 3616 563 θύρῃσιν
3637 490 3727 551 (τι)

2176 590 2461 653 ἀείδουσιν,
2500 590 2532 660 ἢ
2557 588 2619 659 ἦν
2649 605 2723 657 πη
2762 584 3079 656 πεπνυμένα
3103 583 3372 647 ἀείδωσιν,
3396 583 3457 635 οὐ
3483 580 3728 651 τιθέμενοι

493 677 637 730 trina
665 677 901 730 multum
946 678 1165 747 quidem
1216 678 1392 748 juvat,
1420 679 1649 732 multum
1688 689 1870 732 autem
1923 679 2056 733 hedll

2177 682 2234 732 ὲν
2268 681 2446 753 σοφίῃ,
2478 678 2703 748 γνώμην
2744 675 2786 729 δ’
2827 675 3006 746 ἔχουσι
3054 674 3279 746 μωρίης.
3300 695 3316 725 ι
3341 674 3449 725 Καὶ
3478 672 3726 733 Ἡσίοὼς·

492 769 780 862 eum,.qui
828 784 948 823 eam
998 770 1259 839 possidet.
1310 769 1471 826 Juvat
1520 772 1735 842 quidem
1779 788 1925 836 eum,
1967 768 2057 841 qui
2107 773 2302 843 dignus
2361 785 2441 855 est
2479 792 2491 826 :
2527 772 2669 826 laedit
2700 785 2879 824 autem
2917 784 3062 831 eum,
3122 768 3215 836 qui
3254 767 3468 837 quidvis
3525 765 3664 826 dicit,
3689 775 3732 817 et

493 850 682 915 coram
741 862 996 916 universo
1038 864 1256 933 populo.
1313 863 1533 934 Oportet
1585 868 1766 918 autem
1805 864 1946 918 scire
1988 880 2301 919 mensuram
2333 850 2606 933 tcntporis.
2644 861 2743 916 llic
2789 872 2872 915 est
2899 870 3078 913 autem
3115 859 3238 913 linis
3298 858 3595 927 sapienti-aa.
3622 854 3733 921 Qui-

493 970 709 1022 cunque
745 958 1151 1010 autemcauuut
1208 972 1316 1026 prae
1374 956 1606 1019 foribus,
1666 957 1875 1009 etiamsi
1914 956 2041 1024 quid
2106 950 2377 1024 sapienter
2432 971 2494 1009 ae
2540 958 2707 1025 perite
2761 951 3084 1014 eeeinerint,
3132 966 3236 1004 non
3297 957 3614 1018 reputantur
3656 961 3732 999 sa‘

492 1046 722 1120 pientes,
774 1046 867 1100 sed
899 1048 1210 1116 opinionem
1242 1047 1475 1102 subeunt
1505 1047 1766 1101 stultitia’.
1794 1066 1810 1097 ι
1858 1045 1923 1099 Et
1961 1044 2231 1099 Hesiodus
2265 1066 2275 1099 :

637 1159 798 1233 124
853 1161 1151 1229 Musarum,
1190 1163 1412 1217 reddunt
1457 1163 1714 1216 hominem
1732 1178 1862 1304 [qluw
1898 1162 2066 1285 ηηὶιια

1798 1247 1960 1301 oquen
1987 1248 2066 1285 em

1798 1247 2067 1301 oquemem

638 1301 909 1368 Divinum,
940 1302 1187 1356 vocalem.

500 1421 559 1477 In
595 1423 776 1479 verbis
805 1424 951 1479 enim
979 1425 1260 1493 copiosum
1281 1424 1413 1479 dicit
1447 1443 1465 1474 ‹
1491 1424 1657 1477 utnlta
1682 1424 2013 1494 loquentem;
2042 1440 2061 1473 ι

495 1531 674 1570 acrem
703 1526 883 1570 autem
911 1532 977 1571 ac
1002 1517 1395 1581 vehementem,
1436 1537 1454 1567 ι
1496 1517 1769 1580 vocalem;
1804 1536 1821 1567 ι
1848 1525 1903 1570 et
1932 1535 1950 1567 ι
1984 1515 2067 1569 di-

488 1608 704 1673 vinum,
736 1627 753 1659 ι
793 1624 938 1673 eum,
974 1610 1179 1678 quiest
1219 1610 1446 1679 peritus,
1487 1618 1540 1663 et
1586 1608 1965 1678 philosophus,
2014 1615 2069 1661 et

492 1699 674 1755 scieus
703 1700 967 1755 veritatis.

2243 1160 2568 1224 Μουσάων,
2592 1162 2653 1214 αἵ
2691 1162 2740 1213 τ’
2765 1157 2952 1226 ἄνδρα
2986 1155 3481 1226 πολυφραδέοιοτα
3504 1153 3727 1208 τιθεῖσαι

2247 1298 2527 1359 Θέσπιον,
2562 1294 2864 1361 αὐδήεντα
2883 1311 2897 1323 ·

2175 1420 2403 1492 εὔπορον
2449 1419 2546 1491 μὲν
2592 1419 2702 1488 γὰρ
2748 1417 2806 1468 ὲν
2844 1414 3051 1482 λόγοις,
3100 1433 3118 1463 ‹
3154 1414 3243 1466 τδν
3288 1411 3724 1482 πολυφράδμονα»

2174 1514 2339 1583 λέγει·
2366 1511 2532 1565 δεινὸν
2555 1511 2631 1573 δὲ,
2658 1528 2675 1559 ι
2698 1508 3081 1578 τίΝὍὺδήεντα
3100 1505 3264 1576 (55)·›
3300 1505 3395 1557 καὶ
3422 1522 3441 1554 ι
3467 1503 3688 1567 θέσπιον,
3708 1522 3724 1553 t

2174 1607 2266 1659 τὸν
2295 1605 2578 1676 ἔμπειρον,
2611 1602 2703 1655 καὶ
2735 1600 3042 1672 φιλόσοφον,
3080 1598 3172 1651 καὶ
3208 1597 3304 1668 τῆς
3331 1594 3587 1666 ἀληθείας
3629 1599 3728 1648 ἐπε-

2187 1698 2448 1767 στήμονα.

1935 1838 2161 1895 CAPUT
2201 1837 2313 1892 νη.

544 1958 945 2031 Philosophiam
976 1961 1045 2014 ad
1075 1962 1306 2016 divinam
1334 1963 1575 2016 virtutem
1607 1963 1743 2015 viam
1778 1964 2002 2031 aperire,
2037 1979 2252 2033 eantque
2281 1978 2381 2013 non
2412 1954 2753 2029 pu'rticularis
2777 1957 3006 2027 alicujus
3033 1967 3219 2021 sectae,
3252 1954 3343 2010 sed
3379 1954 3686 2008 eclrcticam.

558 2077 795 2147 Apparet
818 2078 1021 2148 itaque,
1051 2080 1435 2148 praecedaneas
1473 2079 1593 2132 illas
1632 2078 1885 2134 liberales
1913 2077 2064 2134 ϐιω-

482 2181 681 2222 corum
703 2168 1042 2239 disciplinas,
1072 2185 1178 2223 una
1202 2184 1327 2223 cum
1356 2170 1473 2239 ipsa
1491 2169 1859 2241 philosophia,
1883 2169 2068 2223 venire

489 2261 749 2316 divinitus
808 2261 875 2315 ad
965 2261 1250 2328 homines,
1318 2276 1424 2315 non
1497 2261 1891 2331 principaliter,
1975 2261 2066 2316 sed

487 2350 948 2420 quemadmodum
980 2350 1181 2406 imbres
1205 2361 1499 2422 erumpunt
1527 2351 1580 2404 in
1607 2359 1807 2406 terram
1842 2352 2063 2409 bonam.

483 2450 541 2497 et
597 2441 653 2495 in
705 2442 912 2507 (intum,
959 2452 1014 2498 et
1072 2459 1239 2513 super
1290 2445 1506 2500 domos.
1572 2445 1837 2499 Similiter
1883 2454 2062 2499 autem

484 2534 761 2605 germinat
787 2547 839 2590 et
864 2535 1030 2590 herba
1066 2546 1119 2591 et
1149 2535 1508 2611 frumentum,
1546 2546 1597 2592 et
1628 2541 1874 2592 nascitur
1897 2537 2061 2591 etiam

489 2626 625 2681 ticus
657 2626 711 2680 in
738 2625 1111 2693 monimentis,
1132 2614 1198 2681 et
1234 2627 1279 2681 si
1319 2643 1426 2697 qua
1459 2636 1542 2682 est
1576 2628 1740 2682 arbor
1768 2628 2060 2696 impuden-

484 2718 614 2773 tior.
655 2718 719 2774 Et
751 2735 873 2790 quae
909 2728 1111 2775 temere
1146 2729 1468 2785 nascuntur,
1512 2720 1574 2783 in,
1610 2721 1791 2791 specie
1843 2721 2059 2790 quidem

405 2851 413 2858 .
484 2824 653 2880 supra
705 2825 791 2878 ea,
845 2826 969 2881 qua:
1019 2826 1146 2866 vera
1211 2819 1364 2875 sunt,
1427 2820 1734 2883 emergunt,
1799 2814 2059 2882 quoniam

484 2901 731 2956 eamdem
755 2902 953 2973 pluvia:
978 2902 1086 2957 vim
1118 2913 1519 2972 assequuntur;
1552 2904 1645 2959 sed
1675 2919 1781 2959 non
1814 2905 2058 2960 eamdem

484 2992 691 3048 habent
746 2994 1000 3064 gratiam,
1050 3011 1214 3064 quam
1274 3011 1358 3059 ea,
1412 3012 1531 3067 qua:
1581 2998 1634 3049 in
1691 2997 1809 3051 solo
1874 2998 2060 3068 pingui

484 3090 613 3139 nata
646 3094 794 3152 sunt,
823 3092 882 3140 ut
911 3101 1033 3156 qua:
1064 3087 1246 3142 statim
1279 3087 1547 3142 exsiccari
1577 3088 1658 3142 vel
1681 3088 1806 3143 velli
1828 3089 2056 3143 soleant.

482 3174 657 3231 Porro
690 3183 873 3231 autem
924 3175 1053 3232 huic
1094 3192 1311 3248 quoque
1346 3177 1467 3233 loco
1499 3188 1584 3234 est
1614 3179 1767 3234 utilis
1795 3179 2056 3252 parabola

490 3286 509 3319 ι
540 3268 802 3324 sementis
826 3280 876 3335 ι,
919 3262 940 3321 ι
980 3284 1145 3339 quam
1202 3268 1465 3326 Dominus
1512 3279 1596 3326 est
1650 3271 2054 3342 interpretatus.

2239 2075 2644 2146 Καταφαίνεται
2712 2074 2893 2127 τοίνυν
2951 2071 3276 2145 προπαιδεία
3334 2071 3368 2140 ἡ
3434 2064 3725 2137 Ἑλληνικὴ,

2172 2171 2269 2223 σὺν
2318 2169 2412 2223 καὶ
2455 2169 2592 2239 αὐτῇ
2658 2167 2946 2237 φιλοσοφία
2983 2165 3169 2219 θεόθεν
3230 2166 3385 2235 ἥκειν
3423 2163 3508 2224 είς
3550 2148 3759 2230 ἀνθρὼ-’

2170 2279 2303 2323 πους
2326 2302 2339 2325 ,
2391 2261 2450 2314 οῦ
2503 2259 2644 2313 κατὰ
2703 2257 3142 2330 προηγούμενον,
3190 2255 3302 2308 ἀλλ’
3348 2254 3408 2308 ὃν
3460 2253 3652 2324 τρόπον
3689 2251 3727 2301 οἱ

2169 2354 2313 2406 ὑετοὶ
2338 2354 2776 2424 καταρήγνυνται
2808 2354 2890 2413 εἰς
2913 2350 3010 2421 τὴν
3039 2350 3140 2420 γῆν
3169 2347 3264 2419 τὴν
3289 2345 3524 2417 ἀγαθὴν,
3555 2344 3639 2397 καὶ
3664 2343 3729 2404 είς

2164 2449 2262 2519 τὴν
2287 2449 2544 2519 κοπρίαν,
2570 2446 2663 2498 καὶ
2687 2446 2777 2498 ἐπὶ
2805 2443 2873 2496 τὰ
2894 2442 3137 2514 δώματα.
3166 2439 3463 2493 Βλαστάνει
3490 2437 3538 2489 δ’
3560 2434 3728 2505 dpoiw;

2165 2542 2258 2594 καὶ
2300 2540 2401 2593 πόα
2438 2540 2531 2592 καὶ
2567 2537 2769 2608 πυρός’
2815 2535 3007 2606 φύεταί
3052 2551 3110 2586 τε
3144 2534 3237 2586 καὶ
3274 2532 3367 2584 ἐπὶ
3396 2530 3510 2582 τῶν
3545 2526 3728 2602 μνημά-

2162 2651 2269 2686 των
2304 2632 2465 2702 συκῆ,
2496 2633 2588 2685 καὶ
2620 2630 2673 2683 εἴ
2699 2647 2750 2682 τι
2784 2629 2891 2681 τῶν
2924 2625 3320 2697 ἁναιδεστέρων
3356 2621 3621 2693 δένδρων⁸
3652 2618 3727 2669 καὶ

2162 2724 2230 2776 τὰ
2256 2724 2495 2794 φυόμενα
2524 2725 2581 2775 ἐν
2606 2721 2760 2792 τύπῳ
2791 2719 3091 2792 προκύπτει
3124 2719 3234 2771 τῶν
3262 2714 3479 2787 ἀληθῶν
3500 2731 3514 2743 ·
3544 2714 3622 2767 ὅτι
3646 2710 3726 2778 τῆς

2163 2814 2339 2885 αὐτῆς
2369 2815 2465 2868 τοῦ
2508 2812 2664 2867 ὑετοῦ
2704 2813 2978 2867 ἀπέλαυσε
3026 2811 3341 2881 δυνάμεως·
3399 2805 3516 2859 ἀλλ’
3552 2806 3608 2858 οὐ
3648 2803 3725 2874 τὴν

2162 2903 2330 2975 αὐτὴν
2362 2904 2563 2975 ἔσχηκε
2602 2902 2760 2974 χάριν
2806 2904 2919 2964 τοῖς
2961 2904 3017 2954 ὲν
3071 2900 3148 2972 τῷ
3183 2901 3326 2953 πίονι
3356 2900 3603 2968 φυεῖσιν,
3631 2897 3725 2965 ἤτοι

2164 2996 2518 3068 ξηρανθέντα,
2545 2994 2577 3065 ἦ
2607 2992 2986 3047 ἁποτιλθέντα.
3008 2995 3117 3047 Καὶ
3141 2993 3204 3064 δὴ
3245 2990 3527 3045 κάνταῦθα
3564 3004 3726 3060 χρησι-

2164 3090 2318 3162 μεύει
2380 3093 2413 3161 ἡ
2472 3109 2489 3140 ι
2523 3089 2617 3143 τοῦ
2667 3090 2869 3161 σπόρου
2912 3108 2929 3139 ι
2980 3084 3302 3159 παραϐολὴ,
3351 3084 3419 3155 ἢν
3475 3085 3507 3136 ό
3553 3080 3725 3152 Κύριος

2163 3184 2525 3255 ἡρμήνευσεν.
2560 3176 2657 3246 Εἷς
2683 3181 2790 3255 γὰρ
2812 3183 2840 3235 ὁ
2875 3180 2975 3251 τῆς
3009 3182 3067 3234 ὲν
3102 3176 3410 3249 ἀνθρώποις
3445 3176 3551 3244 γῆς
3578 3189 3725 3243 γεωρ-

2160 3270 2256 3341 γὸς
2277 3311 2291 3334 ,
2343 3273 2371 3324 ὀ
2415 3271 2618 3325 ἄνωθεν
2676 3269 2913 3342 σπείρων
2968 3270 3031 3321 ἐκ
3078 3264 3384 3337 καταϐολῆς
3437 3265 3639 3334 κόσμου
3671 3260 3726 3312 τὰ

486 3356 640 3414 Unus
671 3360 815 3414 enim
845 3369 931 3416 est
962 3362 1198 3430 agricola
1245 3370 1422 3425 terrae.
1454 3379 1577 3433 quae
1616 3374 1700 3419 est
1732 3364 1787 3418 in
1821 3364 2056 3420 homini-

2164 3362 2431 3434 θρεπτικὰ
2489 3362 2808 3434 σπέρματα,
2856 3362 2885 3413 ό
2936 3359 3026 3412 τὸν
3080 3358 3280 3429 Κύριον
3336 3354 3462 3410 καθ’
3522 3354 3724 3407 ἕκαστον

483 3447 609 3512 bus,
634 3450 726 3517 qui
762 3465 793 3504 a
823 3450 1097 3521 principio
1130 3451 1364 3506 seminat
1394 3467 1422 3505 a
1448 3453 1839 3510 constitutione
1873 3454 2059 3510 mundi

483 3541 718 3598 nutritia
746 3544 976 3608 semina,
1011 3543 1105 3612 qui
1142 3543 1247 3599 illis
1278 3558 1611 3614 unoquoque
1654 3554 1899 3616 tempore
1950 3545 2060 3602 Do-

483 3630 692 3685 minum
722 3629 909 3702 Logon
937 3633 1176 3702 impluit;
1207 3643 1452 3704 tempora
1487 3644 1668 3690 autem
1693 3645 1747 3691 et
1774 3637 1911 3702 loca,
1940 3653 2062 3707 quae

483 3732 863 3791 susceperunt,
894 3738 1129 3792 genuere
1162 3723 1543 3780 diﬂ‘erentiam.
1576 3725 1641 3780 Et
1668 3728 1874 3798 alioqui
1911 3729 2059 3799 agri-

481 3811 603 3869 cola
674 3828 782 3868 nou
830 3815 1005 3869 solum
1063 3814 1396 3871 frumentum
1436 3818 1573 3883 (etsi
1635 3818 1797 3887 hujus
1842 3836 2060 3890 quoque

482 3903 670 3975 plures
721 3906 831 3960 sint
885 3906 1259 3976 differentiae),
1314 3907 1410 3963 sed
1464 3909 1627 3963 etiam
1685 3909 1791 3964 alia
1849 3911 2058 3965 semina

484 3999 737 4065 seminat,
766 4005 823 4063 ὦ
854 4001 1143 4070 hordeum,
1178 4000 1352 4068 fabas,
1389 4002 1529 4073 pisa,
1572 4002 1736 4068 cicer,
1772 4010 1826 4059 et
1848 4005 2058 4059 semina

481 4105 604 4159 qua:
636 4092 783 4146 olera
812 4093 865 4147 in
911 4093 1086 4149 hortis
1116 4096 1444 4164 producunt,
1479 4105 1533 4150 et
1580 4095 1762 4152 ﬂores.
1803 4095 2056 4165 Ejusdem

480 4190 564 4236 est
608 4191 788 4236 autem
847 4185 1211 4251 agricultura,
1266 4195 1321 4241 et
1373 4187 1650 4256 plantandi
1703 4186 1961 4253 oliieium,
2005 4197 2059 4243 et

480 4274 741 4341 operandi
788 4258 1132 4347 quaecunque
1173 4278 1445 4347 pertinent
1489 4279 1554 4333 ad
1594 4279 1708 4348 ipsa
1762 4280 2055 4349 plantaria,

480 4364 689 4427 hortos.
720 4376 775 4422 et
801 4369 1066 4437 pomaria,
1097 4370 1230 4423 etin
1263 4386 1501 4437 summa,
1536 4371 1602 4425 ad
1634 4371 1816 4427 omnis
1842 4373 2058 4444 generis

479 4456 704 4513 arbores
749 4460 1129 4528 producendus
1168 4471 1221 4516 et
1270 4463 1513 4517 alendas.
1567 4462 1830 4518 Similiter
1875 4476 2054 4518 autem

480 4561 589 4600 non
636 4548 751 4603 sola
801 4566 891 4606 ars
938 4553 1336 4621 pascendarunt
1385 4554 1607 4616 ovium.
1644 4555 1737 4609 sed
1786 4564 1842 4609 et
1891 4556 2054 4610 boum

478 4652 860 4711 equorumque
892 4630 946 4696 et
985 4660 1182 4698 cauum
1221 4644 1542 4698 alendorum
1590 4654 1644 4699 et
1687 4646 2053 4701 curandarum

2165 3455 2354 3528 καιρὸν
2392 3455 2730 3527 ὲπομϐρίσας
2762 3455 2963 3523 Λόγονο
2996 3454 3046 3505 οἱ
3073 3451 3258 3523 καιροὶ
3290 3450 3347 3503 δὲ
3392 3450 3484 3502 καὶ
3516 3450 3564 3501 οἱ
3591 3446 3724 3499 τόποι

2162 3551 2211 3601 οἱ
2246 3548 2484 3601 δεκτικοὶ
2540 3546 2639 3610 τὰς
2683 3544 2950 3617 διαφορὰς
2997 3543 3312 3614 ἐγέννησαν.
3364 3540 3578 3604 ’Ἄλλως
3616 3536 3723 3591 sed

2163 3640 2405 3712 γεωργὸς
2435 3640 2495 3692 οὑ
2520 3638 2727 3708 πυροὺς
2752 3637 2932 3708 μόνον,
2957 3635 3154 3703 (καίτοι
3178 3636 3269 3688 xa‘t
3292 3632 3501 3686 τούτων
3534 3631 3721 3691 πλείους

2162 3732 2268 3785 εἰσὶ
2322 3731 2646 3801 διαφοραί·)
2679 3728 2966 3802 σπείρειδὲ
3019 3728 3110 3780 καὶ
3140 3726 3209 3778 τὰ
3250 3724 3383 3779 ἄλλα
3428 3725 3719 3795 σπέρματα,

2162 3823 2353 3896 κριθάς
2391 3840 2449 3875 τε
2509 3824 2600 3875 καὶ
2630 3823 2901 3892 κυάμους,
2938 3821 3029 3873 καὶ
3062 3820 3237 3875 πίσον.
3277 3817 3372 3870 καὶ
3405 3818 3614 3888 ἄρακα,
3644 3811 3723 3865 καὶ

2160 3913 2229 3967 τὰ
2258 3912 2609 3984 κηπευόμενα
2636 3951 2649 3973 ,
2710 3912 2803 3963 καὶ
2851 3910 2920 3965 τὰ
2964 3906 3253 3962 ἁνθευτικὰ
3297 3905 3604 3976 σπέρματα.
3629 3900 3720 3970 Τῆς

2161 4005 2330 4074 αὐτῆς
2386 4004 2440 4057 δὲ
2500 4002 2772 4075 γεωργίας
2832 4002 2927 4054 καὶ
2981 3999 3014 4067 ἡ
3070 3997 3392 4069 φυτουργία,
3446 3998 3541 4048 καὶ
3578 3991 3720 4063 ἐργά-

2161 4098 2351 4164 ζεσθαι
2385 4098 2485 4150 ὅσα
2529 4097 2607 4159 είς
2636 4095 2774 4148 αὑτά
2805 4111 2863 4145 τε
2904 4093 2973 4146 τὰ
3003 4091 3280 4163 φυτώρια,
3313 4089 3407 4142 καὶ
3453 4091 3535 4151 εἰς
3567 4100 3720 4156 παρα·

2158 4193 2388 4254 δείσους,
2432 4190 2525 4243 καί
2556 4188 2623 4240 τὰ
2672 4187 2869 4259 ὡραῖα,
2921 4186 3014 4238 καὶ
3042 4185 3177 4247 ὅλως
3207 4183 3479 4236 παντοίων
3513 4179 3719 4249 δένδρων

2161 4282 2321 4354 φύσιν
2376 4282 2467 4334 καὶ
2515 4280 2743 4351 τροφὴν.
2785 4276 3059 4340 Ὡσαύτως
3088 4276 3144 4328 δὲ
3185 4275 3282 4346 οὐχ
3353 4275 3386 4343 ἡ
3450 4266 3718 4342 ποιμενικὴ

2162 4377 2320 4449 μόνη.
2350 4374 2491 4428 ἀλλὰ
2532 4374 2628 4427 καὶ
2677 4376 2709 4443 ἡ
2750 4370 3075 4442 βουκολικῆς
3128 4368 3499 4439 ίπποτροφική
3545 4381 3599 4416 τε
3640 4359 3718 4414 καὶ

2160 4469 2560 4541 κυνοτροφικὴ,
2626 4467 2719 4521 καὶ
2780 4462 3240 4536 μελισσουργικὴ,
3294 4461 3482 4530 τέχναι
3533 4457 3715 4510 πᾶσαι⁸

2160 4561 2431 4617 συνελόντι
2455 4560 2501 4614 δ’
2522 4562 2717 4622 εἰπεῖν,
2756 4557 3126 4628 ἀγελοκομική
3161 4571 3220 4607 τε
3272 4554 3366 4606 καὶ
3393 4546 3716 4622 Campo;th

2158 4652 2401 4724 ἀλλήλων
2434 4653 2531 4725 μὲν
2559 4651 2637 4723 τῷ
2670 4649 2868 4722 μᾶλλον
2894 4649 2989 4701 καὶ
3025 4644 3190 4719 ἦττον
3215 4645 3555 4716 διαφέρουσι,
3594 4639 3716 4709 πλὴν

478 4745 641 4798 apum
669 4741 812 4788 artes
845 4749 1057 4800 omnes,
1081 4745 1152 4797 et,
1184 4746 1240 4791 ut
1274 4737 1593 4791 summatim
1617 4736 1820 4802 dicam,
1855 4754 1977 4807 qua:
2000 4739 2053 4793 in

2164 4746 2215 4797 αἱ
2248 4746 2416 4797 πᾶσαι
2463 4742 2764 4815 βιωφελεῖς.
2797 4740 3116 4809 Φιλοσοφίαν
3154 4738 3232 4801 δὲ,
3265 4739 3326 4790 οὐ
3362 4736 3460 4806 τὴν
3495 4732 3716 4802 Στωῑκὴν

476 4819 735 4874 curandis
758 4821 1009 4892 gregibus
1033 4824 1470 4894 animalibusque
1495 4827 1799 4881 nutriendis
1828 4843 2052 4882 versan-

475 4917 590 4975 tur,
629 4911 771 4966 inter
806 4929 865 4968 se
906 4915 1126 4984 quidem
1181 4918 1480 4971 secundmu
1538 4918 1712 4987 magis
1765 4928 1819 4972 et
1870 4920 2051 4974 minus

473 4999 755 5066 dim-runt,
779 5003 869 5057 sed
895 5015 1023 5059 sunt
1055 5020 1248 5060 omnes
1281 5007 1405 5060 vitm
1429 5008 1609 5062 utiles.
1641 5007 2048 5076 Philosophiam

472 5102 679 5157 autem,
704 5110 812 5148 non
841 5095 964 5150 dico
990 5096 1251 5163 Stoicam,
1286 5114 1385 5153 nec
1416 5099 1773 5162 Platonicam,
1804 5110 1897 5153 aut
1922 5100 2049 5169 Epi-

472 5200 721 5251 cuream,
764 5194 819 5239 et
864 5186 1292 5255 Aristotelieam,
1333 5191 1424 5244 sed
1472 5208 1812 5261 quaecunque
1853 5193 1921 5246 ab
1969 5192 2051 5246 his

472 5279 637 5333 sectis
668 5288 814 5334 recte
838 5279 1171 5344 dictasunt,
1216 5298 1337 5351 quze
1374 5283 1570 5337 docent
1614 5283 1885 5351 justitiam
1922 5300 2048 5338 eum

471 5370 559 5440 pia
621 5370 872 5437 scientia,
928 5372 1033 5427 hoc
1082 5364 1253 5428 toium
1311 5374 1592 5439 selectum,
1635 5376 1759 5429 dico
1812 5376 2049 5444 philoso-

2153 4834 2317 4903 λέγω,
2355 4834 2473 4887 οὐδὲ
2515 4834 2612 4905 τὴν
2655 4832 3028 4903 Πλατωνικὴν,
3051 4830 3083 4901 ἢ
3108 4831 3207 4900 τὴν
3245 4826 3610 4899 Ἐπικούρειόν
3644 4840 3713 4883 τε,

2154 4926 2249 4979 καὶ
2294 4925 2756 4996 ’Λριστοτελικήνο
2789 4922 2903 4978 ἀλλ’
2946 4924 3046 4976 ὅσα
3092 4920 3309 4992 εἴρηται
3357 4921 3487 4988 παρ’
3531 4915 3714 4985 ἑκάστῃ

2153 5017 2260 5070 τῶν
2309 5015 2575 5087 αἱρέσεων
2629 5015 2836 5068 τούτων
2912 5012 3092 5075 καλῶς
3117 5054 3131 5077 ,
3193 5009 3541 5080 δικαιοσύνην
3591 5003 3714 5076 μετὰ

2155 5103 2409 5165 εὐσεϐοῦς
2444 5105 2752 5174 ἐπιστήμης
2792 5103 3195 5161 ὲκδιδάσκοντα,
3238 5100 3396 5154 τοῦτο
3426 5101 3638 5170 σύμπαν
3660 5093 3714 5146 τὺ

2157 5194 2470 5248 ἐκλεκτικὸν
2515 5194 2625 5265 (66)
2664 5195 2983 5264 φιλοσοφίαν
3015 5192 3171 5263 φημί.
3231 5193 3372 5245 Ὅσα
3419 5190 3477 5244 δὲ
3526 5188 3712 5257 ἀνθρω-

2158 5289 2325 5342 πίνων
2354 5288 2629 5359 λογισμῶν
2670 5288 3066 5358 ἀποτεμόμενοι
3111 5282 3520 5355 παρεχάραξαν,
3558 5280 3709 5333 ταῦτα

2154 5377 2251 5430 οὖν
2288 5376 2353 5430 ἄν
2397 5392 2525 5428 ποτε
2557 5374 2673 5430 θεῖα
2719 5376 2923 5447 εἴποιμ’
2957 5376 3040 5429 ἄν.
3076 5374 3212 5445 Ἤδη
3241 5372 3297 5426 δὲ
3344 5374 3560 5427 κάκεῖνο
3599 5386 3712 5423 σκο-

550 5512 608 5569 ›Ξ‹
643 5504 704 5562 Ρ.
740 5506 845 5561 558
880 5505 989 5561 ΕΙ).
1030 5505 1327 5575 POTTER,
1359 5509 1466 5563 288
1500 5509 1606 5562 El).
1640 5508 1864 5565 PAlilS.
1936 5515 1963 5543 °
1994 5509 2183 5565 Matth.
2214 5528 2309 5564 xm
2331 5550 2346 5572 ,
2378 5510 2541 5565 Marc.
2581 5528 2653 5566 tv.

543 5620 858 5694 (ἰξιίγὍσοι
904 5623 973 5677 δὲ
1023 5626 1123 5679 καὶ
1163 5630 1218 5681 θ.
1274 5626 1515 5694 Epilome
1552 5642 1674 5690 ms.,
1703 5627 1817 5679 ὅσοι
1862 5625 1918 5679 δὲ
1953 5627 2045 5680 καὶ

472 5691 608 5815 ﬂeo?
638 5692 794 5762 ῥῆσιν
820 5693 1104 5749 ἀείδουσιν.
1134 5700 1232 5751 Ἂν
1373 5696 1697 5767 πεπνυμένα
1729 5696 2041 5749 ἁείὸωσιν...

527 5799 540 5813 .
570 5771 832 5818 δϊιιιυκῦ.

544 5852 658 5923 (55)
694 5856 897 5910 Δεινὸν
929 5857 996 5909 δὲ
1022 5858 1459 5925 torquerier-ta.
1484 5859 1804 5930 Respexisse
1833 5860 2045 5915 videtur

2156 5626 2372 5682 llomeri
2398 5628 2463 5682 de
2496 5627 2651 5681 (Iiree
2678 5626 2904 5692 dictant,
2934 5627 3124 5696 Odyss.
3152 5630 3198 5682 Κ
3221 5669 3235 5689 ,
3260 5643 3404 5683 vers.
3434 5628 3532 5682 156
3562 5645 3574 5680 :

2257 5720 2442 5789 Κίρκη
2476 5720 2875 5789 ἐϋπλόκαμος,
2904 5719 3068 5787 δεινὴ
3107 5719 3241 5785 θεὸς
3265 5718 3589 5786 αὐδήεσσα.

2257 5788 2407 5842 Circe
2432 5788 2790 5857 pulcltriconia
2814 5792 2953 5843 acria
2974 5792 3069 5843 dea
3103 5791 3317 5843 vocalis.

2225 5881 2335 5950 (δῦ)
2371 5879 2438 5935 Τὸ
2471 5881 2844 5937 ἐκλεκτικόν.
2878 5882 3074 5937 Probat
3116 5883 3204 5937 hic
3247 5882 3496 5937 Clemens
3525 5891 3697 5936 eorum
