3960 6546
493 375 598 431 755

1658 373 2049 431 CLEMENTIS
2084 371 2557 430 ALEXANDRINI
3632 376 3725 432 756

488 500 593 556 est,
646 489 699 543 in
752 502 920 559 quam
959 486 1106 543 beati
1152 500 1344 543 omnes
1393 486 1488 558 qui
1530 486 1826 555 intrarunt,
1862 464 1918 543 et
1963 488 2060 543 iter

2167 489 2505 561 Ἔπιστολῇ,«
2527 486 2670 541 κατὰ
2709 487 2854 556 λέξιν
2885 488 3040 560 φησὶ,
3090 489 3191 554 τὰς
3224 488 3490 562 διαφορὰς
3535 490 3726 548 tntae-

487 597 647 636 suum
681 581 1000 635 direxerunt
1041 578 1096 632 in
1144 579 1389 648 gnostica
1431 580 1739 636 sanctitate.
1779 578 1898 635 Jam
1927 579 2053 634 Cle-

486 687 641 726 mens
680 671 747 745 in
779 670 1019 736 Epistola
1058 671 1128 724 ad
1164 669 1488 736 Corinthios,
1531 670 1617 725 his
1642 669 1823 726 verbis
1855 668 2053 738 inquit,

482 776 763 834 exponens
792 763 1149 819 differentiam
1198 777 1412 828 eorum,
1454 763 1545 832 qui
1583 770 1712 816 sunt
1754 761 1964 832 probati
1999 760 2055 814 in

2165 595 2322 649 μενος
2351 578 2459 633 τῶν
2489 580 2628 633 κατὰ
2653 579 2751 651 τὴν
2792 579 3115 652 Ἐκκλησίαν
3142 580 3408 652 δοκίμωνο
3433 599 3455 632 ι
3479 582 3632 636 Ἧτω
3653 601 3725 649 τις

2161 669 2376 734 πιστός·
2408 668 2521 740 ῆτω
2548 670 2769 733 δυνατός
2793 688 2877 736 τις
2906 670 3106 740 γνῶσιν
3133 669 3370 735 ἐξειπεῖν
3390 689 3402 701 ·
3426 672 3547 742 ῆτω
3583 676 3727 742 σοφὸς

2162 763 2219 815 ἐν
2238 761 2506 832 διακρίσει
2528 761 2703 831 λόγων
2725 762 2836 833 (42)
2852 780 2865 793 ·
2898 764 3012 834 ἦτω
3030 762 3228 834 γοργὸς
3253 765 3309 815 ὲν
3341 762 3527 834 ἔργοις
3549 763 3674 833 με).
3706 786 3723 817 ι

483 850 727 910 Ecclesia
754 875 767 910 :
797 874 815 907 ι
857 854 939 910 Sit
971 840 1171 926 aliquis
1219 855 1413 919 ﬁdelis,
1444 858 1516 910 sit
1560 865 1752 925 potens
1792 855 1846 909 in
1885 854 2206 925 explicanda
2256 855 2584 927 cognitione,
2651 855 2723 912 sit
2780 857 3002 927 sapiens
3062 856 3118 911 in
3149 847 3483 912 discretione
3535 874 3727 912 scrmo~

486 968 642 1019 num,
670 952 741 1007 sit
766 952 1067 1024 stupendus
1093 953 1146 1006 in
1172 952 1452 1023 operibus.
1485 971 1504 1003 ι

1911 1019 2140 1075 CAPUT
2185 1015 2315 1072 VIII.

697 1119 878 1173 Artem
911 1118 1270 1189 sophisticam,
1308 1109 1545 1190 aliasque
1566 1135 1683 1189 qua:
1705 1119 1761 1173 in
1787 1118 1951 1183 verbis
1985 1127 2195 1171 tantum
2218 1122 2508 1175 versentur,
2544 1127 2645 1165 non
2673 1112 2886 1181 perinde
2912 1111 3069 1166 utiles
3095 1128 3207 1167 esse
3239 1112 3534 1166 habendas.

554 1231 659 1287 Ars
687 1241 866 1287 autem
899 1233 1219 1303 scphistica,
1249 1249 1411 1303 quam
1462 1234 1652 1289 sectati
1697 1242 1827 1289 sunt
1856 1232 2052 1298 Graeci,

487 1332 748 1394 tanquam
783 1340 896 1379 rem
940 1326 1255 1396 praeclaram
1294 1334 1347 1380 et
1384 1326 1566 1396 magni
1610 1324 1940 1390 faciendam,
1974 1333 2058 1380 est

486 1425 729 1486 potestas
775 1417 1149 1488 imaginativa,
1188 1417 1370 1472 verbis
1402 1416 1569 1472 falsas
1617 1418 1908 1487 opiniones
1935 1425 2059 1471 tan-

485 1523 650 1577 quam
680 1524 835 1563 veras
860 1509 1201 1579 iugenerans.
1224 1507 1437 1563 Praebet
1459 1510 1602 1563 enim
1628 1509 1695 1563 ad
1727 1508 2058 1579 persuaden-

483 1600 613 1654 dum
644 1601 862 1671 quidem
882 1610 1051 1656 artem
1077 1601 1318 1666 dicendi,
1350 1602 1415 1655 ad
1443 1602 1881 1656 contendendum
1904 1617 2056 1666 vero,

486 1692 729 1762 litigandi
778 1710 844 1750 ac
892 1693 1229 1749 decertandi.
1278 1692 1371 1748 liae
1416 1704 1598 1748 autem
1648 1702 1815 1757 artes,
1853 1693 1896 1748 si
1930 1710 2055 1749 cum

484 1785 828 1856 philosophia
860 1787 1167 1856 conjuncta:
1194 1803 1300 1842 non
1333 1786 1554 1852 fuerint,
1587 1786 1819 1841 cuilibet
1861 1786 2059 1840 exitia-

484 1875 563 1930 les
603 1886 784 1932 erunt.
833 1879 1032 1948 Aperte
1085 1879 1271 1948 itaque
1314 1877 1469 1933 Plato
1527 1898 1545 1930 ι
1584 1880 1783 1932 malam
1830 1885 2000 1932 artem
2035 1895 2053 1928 ι

485 1969 1146 2041 appellavitsopbisticam
1178 1991 1191 2026 :
1220 1980 1274 2025 et
1305 1987 1429 2025 eum
1458 1986 1691 2041 sequens
1720 1970 2059 2035 Aristoteles,

484 2075 604 2114 eam
637 2063 931 2131 quamdam
964 2063 1269 2131 decipiendi
1292 2072 1465 2117 artem
1493 2062 1830 2132 pronuntiat,
1861 2072 1918 2117 ut
1941 2077 2063 2131 qua:

484 2153 659 2200 totum
700 2149 979 2218 sapientiae
1014 2150 1249 2204 oﬂicium
1294 2150 1651 2220 probabiliter
1697 2151 1977 2220 surripiat,
2007 2159 2062 2205 et

484 2238 804 2307 profiteatur
841 2242 1185 2312 sapientiam,
1219 2242 1273 2296 in
1304 2258 1410 2312 qua
1444 2258 1551 2296 non
1586 2252 1670 2297 est
1695 2250 1932 2308 versata,
1962 2256 2063 2296 nec

485 2328 542 2383 in
597 2344 661 2383 ea
719 2333 958 2388 studium
1018 2334 1221 2403 posuit.
1279 2332 1349 2389 Ut
1394 2330 1584 2404 pau’cis
1636 2343 1819 2389 autem
1860 2335 2059 2400 dicam,

484 2422 955 2491 quemadmodum
1017 2427 1153 2482 artis
1191 2426 1413 2496 quidem
1469 2426 1684 2483 dicendi
1735 2427 2062 2498 principium

484 2522 571 2568 est
618 2513 672 2567 id
726 2515 869 2584 quod
917 2517 1220 2586 probabile,
1269 2534 1408 2589 opus
1454 2534 1604 2583 vero,
1650 2528 2055 2591 argumentum,

484 2612 539 2658 et
580 2602 724 2667 finis,
760 2608 1045 2675 persuasio
1079 2627 1092 2661 :
1122 2610 1195 2663 ita
1250 2610 1386 2665 artis
1431 2611 1698 2682 litigandi,
1733 2612 2059 2682 principium

484 2702 588 2760 est,
639 2694 716 2759 id,
756 2697 899 2766 quod
949 2711 1205 2769 apparet;
1252 2716 1389 2771 opus
1436 2718 1588 2766 vero,
1641 2704 1962 2759 contentio:
2010 2716 2064 2759 et

485 2785 632 2851 ﬁnis,
667 2788 914 2843 victoria.
946 2789 1149 2846 Eodem
1187 2794 1331 2846 enim
1375 2795 1540 2850 modo
1575 2795 1890 2865 sophisticae
1924 2811 2063 2864 quo-

485 2891 594 2945 que
616 2877 750 2933 artis
778 2880 1104 2950 principium
1142 2882 1362 2951 quidem
1397 2894 1481 2938 est
1512 2885 1586 2953 id,
1617 2885 1764 2956 quod
1803 2896 2058 2956 apparet;

2245 1228 2309 1282 'H
2341 1228 2397 1281 δὲ
2429 1227 2714 1298 σοφιστικὴ
2749 1226 2913 1298 τέχνη
2935 1268 2949 1293 ,
2987 1227 3055 1299 ἣν
3086 1226 3429 1298 ἐζηλώκασιν
3466 1226 3728 1297 Ἕλληνες,

2162 1322 2387 1393 δύναμίς
2418 1322 2533 1373 ἐστι
2577 1320 2936 1390 φανταστικὴ,
2975 1320 3063 1373 διὰ
3105 1319 3279 1388 λόγων
3313 1319 3485 1386 δοξῶν
3518 1321 3731 1390 ἐμποιη-

2161 1412 2287 1483 τικὴ
2334 1411 2544 1482 ψευδῶν
2588 1411 2663 1475 ὡς
2710 1410 2959 1481 ἀληθῶντ
3020 1410 3249 1483 παρέχει
3304 1411 3416 1483 γὰρ
3460 1412 3600 1483 πρὸς
3645 1411 3731 1482 μὲν

2165 1504 2335 1559 πειθὼ
2366 1504 2462 1576 τὴν
2498 1502 2822 1575 ῥητορικὴντ
2849 1502 2984 1574 πρὸς
3026 1503 3086 1556 τὸ
3133 1504 3501 1572 ἀγωνιστικὸν
3550 1503 3606 1557 δὲ
3647 1502 3733 1574 τὴν

2091 1650 2132 1703 Β
2163 1597 2463 1668 έριστικήν.
2495 1596 2561 1647 Αἱ
2597 1594 2776 1648 τοίνυν
2810 1594 3016 1665 τέχναι,
3046 1597 3094 1647 εί
3128 1596 3203 1665 μὴ
3253 1595 3392 1665 μετὰ
3431 1594 3732 1688 φιλοσοφίας

2160 1688 2446 1758 γένωνται,
2472 1684 2873 1759 βλαϐερώτεραι
2901 1686 3059 1739 παντί
3083 1703 3184 1739 που
3212 1682 3320 1740 εἶεν
3343 1671 3733 1758 ἄν.”Λντικρυς

2162 1780 2271 1851 γὰρ
2322 1775 2414 1832 οὖν
2455 1780 2483 1831 ὁ
2531 1778 2758 1831 Πλάτων
2813 1796 2830 1828 ι
2858 1778 3217 1848 κακοτεχνίαν
3257 1799 3275 1831 ι
3332 1782 3605 1851 προσεῖπε
3649 1778 3733 1850 τὴν

2164 1872 2478 1942 σοφιστικήν
2498 1887 2510 1899 ·
2544 1870 2572 1923 ὂ
2597 1887 2656 1922 τε
2693 1869 3069 1941 Ἀριστοτέλης
3101 1870 3213 1941 (44)
3235 1870 3506 1941 ἑπόμενος
3535 1871 3736 1924 κλεπτι-

2163 1964 2266 2033 κήν
2297 1979 2418 2014 τινα
2452 1959 2619 2032 αὐτὴν
2645 1960 3029 2030 ἀποφαίνεται,
3070 1961 3165 2015 ἅτε
3193 1962 3253 2015 τὸ
3274 1962 3396 2015 ὅλον
3425 1962 3531 2032 τῆς
3562 1962 3735 2032 σοφίας

2163 2056 2320 2128 ἔργον
2374 2053 2614 2117 πιθανῶς
2659 2054 3097 2126 ὑφαιρουμένην,
3139 2055 3232 2108 καὶ
3272 2054 3734 2125 έπαγγελλομένην

2166 2149 2375 2217 σοφίαν,
2419 2149 2484 2218 ἣν
2521 2148 2622 2201 οὐκ
2663 2146 3011 2220 ἐμελέτησεν.
3072 2148 3159 2200 Ἐν
3206 2147 3401 2220 βραχεῖ
3442 2147 3503 2201 δὲ
3556 2148 3733 2211 εἰπεῖν,

2165 2241 2412 2312 καῦάᾶτερ
2445 2240 2543 2311 τῆς
2573 2231 3038 2312 ῥητορικῆςάρχὴ
3071 2239 3169 2311 μὲν
3200 2239 3262 2292 τὸ
3293 2239 3552 2304 πιθανὸν,
3595 2239 3735 2321 ἔργον

2164 2335 2221 2388 δὲ
2246 2334 2306 2387 τὸ
2331 2334 2665 2405 ἐπιχείρημα
2690 2332 2824 2403 (45),
2855 2333 2950 2384 καὶ
2975 2330 3128 2395 τέλος
3166 2333 3199 2401 ἡ
3227 2331 3434 2384 πειθώ·
3484 2331 3628 2384 οὕτω
3653 2331 3734 2403 τῆς

2165 2427 2446 2498 ἐριστικῆς
2472 2427 2615 2498 ἀρχὴ
2645 2426 2744 2497 μὲν
2769 2425 2832 2479 τὸ
2856 2424 3015 2489 δόξαν
3032 2465 3046 2489 ,
3071 2423 3228 2496 ἔργον
3253 2425 3310 2478 δὲ
3335 2424 3399 2476 τὺ
3425 2423 3732 2495 ἀγώνισμα,

2166 2521 2260 2574 καὶ
2309 2519 2459 2583 τέλος
2515 2519 2725 2590 ἡνίκη.
2782 2518 2885 2571 Τὸν
2919 2517 3079 2571 αὐτὸν
3106 2516 3215 2589 γὰρ
3263 2517 3471 2588 τρόπον
3523 2517 3619 2570 καὶ
3652 2515 3734 2587 τῆς

2168 2611 2488 2682 σοφιστικῆς
2523 2609 2664 2681 ἀρχὴ
2698 2610 2795 2680 μὲν
2818 2609 2880 2662 τὸ
2901 2609 3245 2679 φαινόμενον,
3269 2608 3433 2680 ἔργον
3464 2608 3521 2662 δὲ
3544 2608 3731 2661 διττόνο

2165 2703 2225 2757 τὺ
2256 2704 2354 2775 μὲν
2393 2705 2459 2757 ὲκ
2494 2701 2811 2774 ῥητορικῆς,
2841 2700 3134 2767 διεξοδικὸν
3170 2701 3503 2771 φαινόμενον
3534 2701 3663 2769 (46),
3685 2699 3735 2753 τὺ

2165 2796 2220 2848 δὲ
2268 2796 2332 2848 ἐκ
2371 2793 2740 2863 διαλεκτικῆς,
2788 2793 3147 2864 ὲρωτητικόν·
3201 2793 3354 2857 τέλος
3403 2793 3461 2847 δὲ
3520 2793 3733 2861 αύτῆςή

2166 2885 2442 2956 ἔκπληξις.
2471 2886 2544 2937 ’Ἢ
2573 2903 2632 2937 τε
2662 2881 2730 2938 αὖ
2767 2883 3135 2957 θρυλλουμέντι
3173 2883 3316 2939 κατὰ
3346 2883 3453 2947 τὰς
3472 2881 3734 2955 διατριϐὰς

485 2980 624 3034 Opus
654 2984 784 3022 vero
819 2970 1037 3039 duplex,
1067 2989 1234 3028 unum
1260 2974 1479 3044 quidem
1502 2992 1568 3030 ex
1592 2977 1886 3043 rhetorica,
1912 2978 2057 3047 quod

2167 2977 2473 3048 διαλεκτικὴ
2523 2976 2823 3048 γύμνασμα
2884 2978 3172 3047 φιλοσόφου
3230 2977 3356 3047 περὶ
3407 2976 3472 3029 τὸ
3549 2975 3734 3040 ἔνδοξον

484 3068 744 3129 perpetua
794 3061 1039 3117 oratione
1072 3080 1184 3117 rem
1216 3068 1563 3137 persequitur
1593 3085 1607 3132 ;
1657 3068 1893 3122 alterum
1931 3084 2060 3123 vero

483 3162 551 3201 ex
584 3149 881 3221 dialectica,
919 3151 1300 3224 interrogans;
1330 3154 1450 3225 ejus
1480 3171 1611 3210 vero
1639 3156 1764 3211 linis
1787 3171 1869 3212 est
1893 3158 2063 3212 admi-

485 3239 649 3294 ratio.
683 3240 751 3295 Et
777 3258 899 3312 qua:
934 3260 1128 3300 rursus
1160 3246 1216 3299 in
1257 3247 1464 3302 scholis
1499 3249 1662 3320 vulgo
1687 3248 1927 3319 jactatur
1951 3249 2063 3304 dia-

486 3330 701 3397 lectica,
733 3344 814 3389 est
860 3336 1171 3407 philosophi
1216 3339 1535 3393 exercitatio
1586 3341 1640 3394 in
1687 3356 1776 3405 eo,
1798 3341 1946 3411 quod
1975 3349 2061 3396 est

485 3422 778 3491 opinabile,
839 3428 1245 3481 contradicendi
1296 3427 1573 3485 facultatis
1621 3432 1815 3500 gratia.
1874 3430 1928 3485 In
1977 3432 2063 3487 bis

486 3523 668 3569 autem
710 3533 979 3585 nusquam
1026 3532 1109 3574 est
1139 3522 1360 3575 veritas.
1407 3521 1596 3577 Merito
1630 3539 1759 3594 ergo
1808 3523 2062 3597 egregius

485 3606 781 3674 Apostolus
816 3624 1250 3678 supervacaneas
1283 3614 1402 3678 has,
1433 3630 1555 3683 qua:
1581 3616 1634 3668 in
1668 3616 1895 3669 vocibus
1933 3631 2065 3670 con-

488 3696 713 3764 sistunt,
745 3709 892 3753 artes
934 3700 1295 3771 vilipendens,
1332 3723 1350 3754 ι
1382 3705 1439 3758 Si
1472 3705 1597 3774 quis
1630 3720 1737 3759 non
1775 3706 2005 3768 accedit,
2039 3724 2057 3758 ι

490 3788 689 3859 inquit,
714 3809 733 3841 ι
758 3792 822 3845 ad
841 3807 1006 3846 sanos
1020 3800 1390 3861 sermones,>14
1411 3795 1656 3850 doctrina
1676 3804 1859 3851 autem
1878 3797 2061 3866 aliqua

486 3892 573 3936 est
595 3880 835 3948 inﬂatus,
851 3883 986 3937 nihil
1004 3884 1205 3952 sciens,
1228 3886 1322 3941 sed
1350 3887 1607 3942 laborans
1630 3889 1776 3944 circa
1807 3889 2065 3959 quaestio-

486 3989 586 4028 nes
620 3986 671 4030 et
717 3992 926 4047 pugnas
965 3977 1123 4049 125
1177 3979 1491 4047 verborum,
1522 3996 1589 4035 ex
1631 3983 1832 4052 quibus
1863 3982 1922 4036 Iit
1974 3983 2061 4050 lis,

492 4065 718 4133 invidia,
770 4069 1142 4134 maledictum,
1179 4072 1522 4141 suspiciones
1566 4074 1741 4136 malae,
1778 4082 2064 4128 concerta-

490 4156 667 4213 tiones
698 4159 979 4214 hominum
1003 4171 1185 4216 mente
1214 4171 1620 4232 corruptorum,
1651 4172 1705 4218 et
1723 4163 2061 4234 privatorum

488 4250 718 4306 veritate
743 4264 792 4305 α.
826 4270 844 4303 ι
886 4250 1051 4307 Vides
1090 4255 1374 4323 quomodo
1421 4254 1474 4308 in
1518 4269 1613 4309 eos
1663 4255 1911 4310 invectus
1966 4256 2059 4324 sit,

2161 3073 2468 3133 δείκνυται,
2522 3070 2865 3141 ἀντιλογικῆς
2910 3069 3097 3123 ἕνεκεν
3150 3068 3461 3139 δυνάμεως.
3500 3064 3734 3135 Οὑδαμοῧ

2160 3163 2205 3215 δ’
2226 3164 2284 3215 ὲν
2310 3160 2519 3224 τούτοις
2541 3162 2573 3231 ή
2596 3160 3087 3232 ἀλήθεια.Είκότως
3107 3158 3283 3212 τοίνυν
3308 3160 3336 3211 ὁ
3353 3160 3607 3226 γενναῖος

2163 3254 2365 3316 στολος,
2394 3250 2736 3321 ἐκφαυλίζων
2768 3250 2867 3314 τὰς
2894 3250 3152 3321 περιττὰς
3185 3249 3391 3312 ταύτας
3419 3249 3534 3302 τῶν
3557 3247 3735 3314 λέξεων

2161 3345 2375 3416 τέχνας,
2411 3363 2430 3395 ι
2456 3342 2523 3396 Εί
2544 3360 2628 3406 τις
2659 3342 2733 3415 μὴ
2763 3342 3123 3413 προσέρχεται
3157 3341 3466 3410 ὑγιαίνουσι
3496 3341 3686 3410 λόγοις,
3713 3358 3728 3388 ι

2165 3438 2316 3508 φησι,
2349 3456 2366 3487 ι
2398 3435 2715 3507 διδασκαλίᾳ
2749 3434 2806 3488 δέ
2837 3451 2943 3486 τινι
2968 3433 3295 3500 τετύφωται,
3333 3432 3734 3503 μηδὲν,ὲπιστά-

2167 3543 2356 3598 μενος,
2390 3525 2527 3579 ἀλλὰ
2555 3524 2726 3578 νοσῶν
2778 3525 2906 3595 περὶ
2951 3522 3206 3595 ζητήσεις
3238 3523 3335 3576 καὶ
3378 3522 3733 3593 λογομαχίας,

2163 3613 2330 3689 ὲξδῶν
2366 3619 2576 3687 γίνεται
2617 3617 2732 3687 ἔρις
2754 3657 2769 3680 ,
2833 3616 3058 3685 φθόνος,
3113 3612 3432 3685 βλασφημία
3456 3654 3472 3677 ,
3508 3614 3735 3667 ὑπόνοιαι

2165 3711 2417 3782 πονηραὶ,
2435 3708 2861 3780 διαπαρατριϐαὶ
2883 3707 2994 3776 (47)
3014 3706 3422 3777 διεφθαρμένων
3446 3702 3734 3776 ἀνθρώπου

2161 3801 2251 3856 τὸν
2277 3800 2422 3864 νοῦν,
2449 3802 2543 3854 καὶ
2583 3798 3040 3871 ἀπεστερημένων
3075 3798 3173 3868 τῆς
3216 3795 3500 3867 ἀληθείας.
3530 3816 3549 3849 ι
3590 3795 3734 3866 Ὁρᾷς

2162 3895 2309 3958 ὅπως
2337 3894 2472 3966 πρὸς
2504 3893 2700 3957 αὐτοὺς
2725 3892 3029 3963 κεκίνηται,
3059 3909 3078 3940 ι
3110 3890 3263 3943 νόσον
3289 3910 3307 3940 ι
3335 3888 3623 3960 ὀνομάζων
3647 3886 3734 3956 τὴν

2162 3984 2385 4056 λογικὴν
2429 3984 2622 4056 τέχνην
2668 3982 2870 4046 αὐτῶν,
2900 3982 2981 4051 ἐφ’
3093 3980 3472 4051 σεμνύνονται,
3510 3976 3593 4043 οἷς
3621 3979 3732 4048 φίλη

2161 4079 2194 4147 ἡ
2240 4075 2518 4155 στωμύλος
2563 4075 2698 4147 αὕτη
2738 4076 3101 4145 κακοτεχνία,
3147 4073 3256 4127 εἴτε
3306 4072 3572 4143 ’Έλληνες
3615 4066 3732 4130 εἷεν,

2163 4165 2273 4218 εἴτε
2302 4167 2394 4219 καὶ
2416 4165 2677 4238 βάρϐαροι
2704 4166 2973 4234 σοφισταί.
2998 4163 3300 4233 Παγκὰλως
3318 4158 3413 4216 οὖν
3438 4164 3469 4215 ὁ
3490 4159 3735 4234 τραγικὸς

2166 4258 2462 4329 Εὐριπίδης
2490 4261 2547 4311 ὲν
2579 4260 2700 4320 ταῖς
2750 4258 3102 4317 Φοινίσσαις
3152 4255 3332 4323 λέγει’

487 4345 718 4416 logicum
783 4361 973 4402 eorum
1025 4357 1199 4401 artem
1267 4365 1286 4398 ι
1337 4347 1588 4403 morbum
1641 4365 1659 4398 ι
1730 4347 2049 4417 appellans,
2091 4358 2512 4418 propterquam
2584 4365 2641 4403 se
2699 4348 2951 4414 efferunt,
2989 4347 3192 4417 quibus
3218 4345 3368 4401 cordi
3400 4356 3484 4401 est
3519 4347 3632 4402 haec
3656 4360 3736 4399 ars

489 4440 707 4508 garrula
755 4449 811 4495 et
851 4440 1119 4510 improba,
1172 4442 1286 4496 sive
1337 4442 1448 4497 sint
1494 4440 1690 4509 Graeci,
1739 4444 1853 4499 sive
1900 4444 2063 4498 etiam
2104 4443 2325 4498 barbari
2363 4445 2639 4515 sophista).
2710 4443 3084 4500 Pulcherrime
3152 4458 3283 4513 ergo
3334 4441 3468 4497 dicit
3512 4443 3737 4513 tragicus

490 4527 776 4599 Euripides
808 4532 863 4585 in
890 4532 1177 4587 Phwnissis
1203 4549 1221 4586 :

701 4625 893 4696 Iniqua
917 4644 1033 4681 vero
1058 4630 1252 4687 oratio.

709 4695 772 4749 In
803 4695 854 4750 se
877 4714 1038 4767 aegra,
1063 4701 1364 4767 pliaimacis
1393 4709 1502 4770 eget
1536 4700 1885 4771 sapientibus.

562 4819 621 4877 ᾗ
658 4812 721 4868 Ρ.
757 4814 862 4868 ’540
894 4814 1004 4871 ΕΙ).
1032 4814 1337 4884 POTTER,
1367 4818 1476 4873 290
1505 4817 1615 4874 EI).
1656 4818 1885 4873 PARIS.

559 4928 811 5005 (HL’EV
842 4927 1135 5005 διακρίσει
1156 4931 1379 5005 λόγων.
1425 4933 1514 4985 Ἐν
1549 4932 1732 5005 δικαία
1764 4933 1942 5005 κρίσει
1976 4932 2063 4985 λό-

526 5015 601 5052 ων
652 4998 904 5053 Clemens
952 4999 1109 5054 llum.
1156 4998 1349 5054 Verum
1403 5019 1527 5057 cum
1581 4998 1832 5058 Clen'ien's
1877 5014 2064 5057 noster

535 5082 689 5122 trom.
723 5085 800 5142 γι,
825 5085 945 5138 pag.
980 5070 1103 5133 647,
1129 5070 1396 5142 διακρίσει
1424 5075 1675 5136 retineat,
1708 5075 1795 5127 vix
1824 5072 2061 5126 dubitari

486 5149 689 5265 gntest,
712 5140 843 5207 quin
868 5156 930 5192 ea
955 5156 1077 5224 vera
1105 5140 1271 5194 lectio
1289 5142 1511 5209 sit.Qno
1541 5142 1670 5223 facit
1699 5145 1884 5222 etiam,
1916 5146 2062 5211 quod

521 5209 757 5265 ιακρίσει
783 5211 923 5265 ιιι)υά
962 5212 1024 5265 δ.
1053 5210 1278 5265 Paulum
1322 5224 1518 5265 exstet.
1554 5228 1712 5265 cuius
1736 5212 1908 5265 Eoist.
1944 5213 1963 5264 ι
1994 5211 2062 5265 ad

489 5209 757 5280 διακρίσει
783 5211 923 5278 apud
962 5211 1024 5266 S.
1053 5210 1278 5265 I‘aulum
1322 5224 1518 5278 exstet,
1554 5213 1712 5281 cujus
1736 5212 1908 5282 Epist.
1936 5209 1963 5264 1
1994 5211 2062 5265 ad

489 5282 740 5334 Corinth.
766 5297 862 5345 χιι,
888 5279 943 5343 8,
975 5284 1029 5345 υ,
1074 5283 1160 5341 ll),
1211 5298 1319 5350 pra:
1350 5284 1525 5338 oculis
1559 5283 1815 5337 habuisse
1855 5282 2066 5336 videtur

489 5353 763 5411 Clemens,
791 5352 919 5404 dum
953 5352 1066 5406 lucc
1090 5352 1372 5405 scriberet.
1846 5381 1851 5387 ι

560 5421 674 5491 (45)
708 5422 855 5491 "Hgio
881 5420 1090 5491 γοργὸς
1110 5421 1179 5473 ἐν
1204 5421 1415 5491 ἔργοις.
1440 5422 1590 5474 Ἤτω
1611 5422 1772 5489 ἁγνὸς
1798 5424 1854 5475 ἐν
1880 5419 2061 5491 ἔργοις

488 5492 739 5545 Clemens
766 5490 926 5544 Rom.
966 5490 1069 5546 Sed
1105 5505 1287 5545 noster
1319 5490 1516 5546 Strom.
1549 5507 1599 5544 vi
1634 5509 1647 5544 :
1678 5493 1830 5544 Ἥτω
1865 5490 2063 5560 γοργὸς

488 5562 546 5613 ἐν
590 5559 791 5631 ἔργοις,
818 5561 933 5631 ήτω
971 5562 1156 5630 ἁγνός.
1202 5565 1335 5627 Quae
1380 5561 1577 5623 lectio,
1627 5571 1684 5615 ut
1715 5559 1953 5631 plenior,
1984 5562 2065 5615 sic

492 5632 722 5683 I'm'lasse
752 5646 930 5685 verior
956 5641 1057 5685 est.

564 5700 616 5761 (εί
630 5702 675 5764 ι)
707 5701 769 5753 Ὅ
793 5718 855 5755 τε
898 5702 1107 5770 Ἀριστ.
1141 5701 1321 5757 Malim
1422 5718 1478 5753 τε
1530 5701 1728 5770 Ἀριστ.

566 5770 678 5838 (43)
713 5772 923 5842 Ἔργον
950 5770 1027 5842 ,δὲ
1055 5772 1120 5825 τὸ
1151 5772 1522 5841 ἐπιχείρημα.
1558 5790 1575 5821 ι
1613 5772 1762 5841 Opus
1787 5787 1913 5825 vero
1946 5771 2064 5840 epi—

2573 4626 2628 4679 Ὀ
2658 4626 2711 4679 δ’
2740 4625 2945 4691 ἄδικος
2972 4624 3082 4694 (48)
3117 4625 3318 4692 λόγος,

2243 4696 2457 4751 Νοσῶν
2478 4698 2549 4749 ἐν
2571 4695 2749 4762 αὐτῷ,
2775 4694 3098 4766 φαρμάκων
3127 4694 3309 4748 δεῖται
3335 4694 3567 4765 σοφῶν.

1966 4817 2033 4870 al
2072 4815 2215 4870 Tim.
2251 4830 2323 4876 vi,
2358 4814 2412 4877 ’5,
2444 4813 2498 4876 4,
2529 4813 2582 4867 5.

2168 4928 2442 4983 cherema.
2480 4946 2499 4978 ι
2526 4926 2680 4993 Quod
2712 4926 2778 4982 ad
2825 4927 3096 4981 rhetorem
3133 4926 3415 4994 quomodo
3455 4925 3733 4995 pertineat,

2166 4999 2319 5053 disce
2345 5013 2408 5051 ex
2441 4996 2611 5051 Fabio
2636 4997 2731 5052 lib.
2761 5012 2811 5055 v.
2835 5012 2956 5066 cap.
2982 4997 3069 5050 10.
3101 4999 3371 5051 (λοιιιιοτ.

2237 5066 2351 5138 (46)
2379 5068 2764 5136 Φαινόμενον.
2799 5065 2925 5138 Haec
2950 5082 3064 5138 vox
3096 5081 3126 5119 e
3158 5065 3488 5138 praecedenti
3530 5074 3735 5138 semen-

2167 5133 2255 5191 tiaé
2282 5133 2526 5192 membro
2558 5133 2849 5205 irrepsisse
2874 5137 3108 5191 videtur.
3143 5137 3276 5202 Quae
3304 5151 3420 5205 seq.
3447 5152 3514 5189 ex
3547 5136 3564 5190 I
3599 5133 3731 5187 Tim.

2168 5222 2253 5279 vr,
2274 5205 2362 5279 διὰ
2397 5209 2620 5279 μνήμης
2649 5206 2895 5279 recitavit
2916 5217 3137 5279 auctor.

2238 5276 2351 5345 (47)
2379 5273 2852 5348 Διαὲὲαρατριὸαι.
2886 5273 3338 5348 Παραδιατριϐαί,
3362 5273 3382 5325 1
3406 5273 3552 5348 Tim.
3583 5291 3655 5337 vr,
3683 5279 3735 5348 ut

2168 5342 2539 5419 signiﬁcentur
2563 5342 2860 5417 διατριϐαί,
2884 5342 3006 5417 (ιυώ
3026 5342 3179 5419 παρᾶ
3204 5362 3263 5398 τε
3290 5345 3383 5398 τὸν
3408 5346 3621 5417 καιρὸν,
3649 5342 3736 5397 καὶ

2169 5416 2318 5487 παρὰ
2342 5417 2403 5470 τὸ
2433 5416 2571 5487 δέον.
2610 5416 2871 5487 Summo.

2240 5483 2353 5557 (48)
2370 5488 2424 5540 '0
2436 5486 2487 5557 δέ
2502 5487 2592 5541 ἅδ.
2604 5486 2666 5541 lIi
2684 5503 2872 5542 versus
2886 5501 3117 5541 occurru
3128 5495 3185 5539 ut
3205 5486 3265 5557 in
3280 5485 3559 5555 Euripidis
3588 5483 3732 5557 ΡΙιαο

2169 5553 2298 5611 nisls.
2337 5553 2407 5611 'v.
2441 5556 2547 5610 474
2574 5565 2628 5612 et
2658 5557 2786 5621 475,
2824 5574 2853 5611 e
2875 5572 2985 5626 quo
3010 5573 3106 5625 pro
3129 5555 3278 5626 αύτῴ
3300 5553 3655 5610 scribendum
3685 5553 3733 5626 in

2169 5642 2335 5698 versu
2388 5629 2688 5698 posteriore
2718 5624 2947 5698 αὑτῷξι
2978 5624 3056 5681 se.
3093 5646 3112 5677 ι
3158 5624 3435 5698 Ιιιιιξιίθιιι
3470 5626 3648 5698 schol.
3679 5624 3733 5698 έν

2170 5696 2347 5768 ἑαυτῷ
2376 5693 2563 5761 κακῶς
2609 5697 2769 5768 ἔχων.
2815 5693 3015 5768 Eadem
3070 5696 3351 5768 correctio
3390 5695 3635 5749 iacienda
3685 5693 3734 5745 in

2174 5764 2504 5890 Tlieo‘t‘léisreti
2583 5764 2747 5824 serui.
2811 5769 2833 5821 ι
2882 5766 2959 5821 De
2993 5768 3246 5821 curandis
3310 5764 3482 5821 erc.
3533 5771 3733 5833 αῃεειη

2178 5852 2297 5890 una.
2434 5877 2447 5890 .

2177 5852 2297 5907 pag.
2324 5852 2447 5890 sic.
