3960 6514
512 286 612 343 739

1668 292 2065 352 CLEMENTIS
2102 290 2565 349 ALEXANDlllNl

3641 295 3730 348 7ιο

505 419 540 461 a
566 406 678 460 Deo
711 404 991 474 incitatus,
1012 408 1181 464 dicit:
1226 430 1245 463 ι
1276 409 1408 482 Ego,
1441 432 1459 465 ι
1498 414 1697 485 inquit,
1736 435 1754 465 ι
1782 432 1900 471 sum
1933 415 2062 484 ejus-

2194 433 2210 463 ι
2254 414 2339 475 Ὠς
2373 410 2483 480 ἐγὼ
2506 411 2616 481 (33)
2645 411 2903 474 τοιοῦτος,
2938 431 2953 462 ι
2978 414 3162 483 φησὶν,
3189 431 3207 463 ι
3232 414 3413 476 ὁποῖος
3432 412 3594 466 ούδενὶ
3609 415 3731 485 ἄλλῳ

508 498 677 564 modi,
707 507 766 552 ut
801 500 933 555 nulli
981 501 1073 555 alii
1121 502 1339 557 credam
1381 504 1485 558 nisi
1524 507 1745 572 rationi,
1797 522 1921 576 qua:
1951 506 2084 559 mihi

505 589 876 645 censideranti
916 592 1123 662 optima
1160 593 1279 648 visa
1319 593 1500 651 fuerit.
1536 617 1551 648 ι
1586 597 1692 652 Eos
1722 613 1852 669 ergo
1895 613 2079 667 repre-

509 680 717 745 hendit,
744 684 838 752 qui
886 685 1096 756 absque
1141 698 1320 743 mente
1348 698 1401 742 et
1435 691 1663 744 scientia
1699 691 1930 745 credunt
1965 690 2086 760 opi-

506 772 766 830 nionibus
802 796 814 830 :
848 786 1035 847 utpote
1070 781 1215 849 quod
1262 796 1370 833 non
1401 791 1665 850 oporteat,
1701 784 1889 838 relicta
1936 792 2085 837 recta

503 873 560 921 et
588 882 720 922 sana
760 867 992 936 ratione,
1016 869 1063 925 ei
1095 871 1337 935 credere.
1372 889 1495 948 que
1520 882 1601 928 est
1627 873 1749 929 falsi
1782 873 2079 943 particeps.

506 959 549 1013 A
580 961 810 1016 veritate
832 963 976 1016 enim
1018 964 1305 1020 aberrasse
1341 966 1544 1020 malum
1578 977 1661 1022 est
1694 985 1707 1020 :
1740 983 1863 1022 vera
1893 976 2076 1021 autem

504 1052 705 1118 dicere,
732 1062 785 1109 et
808 1071 870 1110 ea
902 1073 1025 1126 qua:
1046 1067 1173 1112 sunt
1200 1058 1437 1128 epinari,
1464 1060 1686 1114 bonum.
1714 1058 1880 1115 Bonis
1896 1068 2077 1114 autem

505 1144 657 1198 inviti
689 1148 909 1215 quidem
932 1151 1217 1217 privantur
1253 1152 1535 1217 homines;
1568 1151 2075 1221 privanturtamen,

500 1236 587 1292 vel
627 1238 1008 1307 circumventi,
1040 1244 1120 1296 vel
1155 1244 1444 1314 prchligiis
1477 1244 1709 1313 decepti,
1755 1243 1839 1298 vel
1880 1244 2075 1309 coacti,

500 1339 554 1384 et
588 1346 710 1385 cum
738 1349 844 1386 non
877 1334 1224 1389 crediderint.
1253 1337 1425 1407 Atque
1446 1337 1540 1406 qui
1572 1338 1803 1392 credidit
1832 1337 2074 1407 quidem,

497 1435 601 1479 sua
648 1435 840 1495 sponte
877 1427 1120 1497 capitur;
1171 1429 1601 1484 circumvenitur
1646 1438 1853 1496 autem,
1886 1430 1979 1499 qui
2020 1431 2073 1483 in

496 1522 826 1576 contrariam
869 1524 1284 1592 persuasionem
1332 1523 1660 1587 traducitur,
1693 1522 1896 1576 oblitus
1929 1520 2075 1590 quod

496 1614 602 1669 alia
634 1614 853 1683 quidem
882 1626 1118 1685 tempus,
1151 1616 1256 1671 alia
1299 1631 1430 1671 vero
1464 1616 1605 1670 ratio
1649 1613 1827 1669 aufert
1861 1615 2073 1683 impru-

493 1706 664 1760 denti.
697 1705 854 1776 Cogit
879 1717 1061 1761 autem
1089 1722 1234 1778 saepe
1264 1707 1441 1772 dolor,
1470 1714 1525 1761 et
1565 1722 1755 1777 angor,
1794 1715 1848 1760 et
1876 1721 2070 1760 rursus

2188 505 2219 577 ἢ
2253 504 2328 574 τῷ
2358 504 2499 574 λόγῳ
2527 502 2830 565 πείθεσθαι,
2858 503 2932 565 ὡς
2967 504 3031 557 ἄν
3061 522 3150 575 μοι
3198 504 3545 575 σκοπουμένῳ
3581 504 3727 574 βέλτι-

2189 617 2311 663 στος
2344 601 2605 670 φαίνοιτο.
2623 620 2639 651 δ
2663 599 2908 652 Αῑτιᾶται
2933 600 3063 668 γοῦν
3090 600 3217 664 τοὺς
3247 599 3375 653 ἄνευ
3402 599 3492 653 νοῦ
3517 600 3605 653 καὶ
3630 602 3733 653 επι-

2189 695 2400 764 στὴμης
2430 692 2608 758 δόξαις
2638 691 2993 755 πιστεύοντας
3012 709 3024 721 ·
3059 692 3135 756 ὡς
3181 692 3253 763 μὴ
3284 693 3574 764 προσῆκον,
3598 695 3732 763 ἀφιε-

2187 786 2381 857 μένους
2439 784 2533 837 τοῦ
2571 783 2732 856 ὀρθοῦ
2793 785 2887 838 καὶ
2960 785 3143 853 ὑγιοῦς
3178 785 3333 855 λόγου
3365 828 3379 850 ,
3446 785 3524 856 τῷ
3564 803 3733 839 κοινως

2183 878 2360 931 νοῦντι
2390 877 2481 931 τοῦ
2524 877 2754 947 ψεύδους
2784 877 3068 931 πιστεύειν.
3105 878 3177 930 Τὸ
3215 879 3313 948 μὲν
3352 878 3461 951 γὰρ
3499 879 3731 947 ἐψεῦσθαι

2180 968 2279 1038 τῆς
2330 966 2585 1039 ἀληθείας
2634 967 2802 1021 κακόν
2849 969 2998 1021 ἐστι·
3028 968 3089 1022 τὸ
3128 968 3184 1022 δὲ
3214 968 3515 1039 ἀληθεύειν,
3547 970 3633 1023 καὶ
3676 970 3733 1024 τὰ

2181 1058 2307 1111 ὄντα
2329 1058 2592 1125 δοξάζειν,
2627 1059 2849 1127 ἀγαθόν.
2877 1059 2997 1112 Τῶν
3027 1059 3083 1112 δὲ
3117 1058 3335 1127 ἀγαθῶν
3362 1060 3626 1134 ἀκουσίως
3650 1060 3735 1133 μὲν

2182 1150 2461 1223 στέρονται
2484 1151 2578 1206 ἄνθ
2589 1169 2758 1223 ρωποι
2779 1170 2791 1181 ο
2821 1152 3095 1223 στέρονται
3122 1152 3177 1205 δὲ
3197 1151 3415 1223 ὃμως,ῆ
3437 1152 3731 1221 κλαπέντες,

2180 1242 2211 1311 ἦ
2242 1243 2645 1314 γοητευθέντες,
2686 1241 2719 1313 ἢ
2750 1242 3079 1312 βιασθέντες,
3109 1243 3200 1295 καὶ
3244 1242 3317 1314 μὴ
3346 1242 3729 1307 πιστεύσαντες.

2191 1337 2246 1388 'U
2298 1336 2394 1406 μὲν
2436 1335 2500 1406 δὴ
2563 1334 2860 1399 πιστεύσας
2909 1334 3049 1388 ἑκὼν
3107 1334 3209 1405 ἤδη
3257 1334 3729 1405 παραναλίσκεταιο

2177 1426 2467 1479 κλέπτεται
2508 1426 2564 1479 δὲ
2612 1428 2640 1479 6
2674 1426 3076 1497 μεταπεισθεὶς,
3117 1427 3476 1497 ἐκλαθόμενος
3523 1427 3601 1479 ὅτι
3638 1425 3731 1479 τῶν

2180 1522 2277 1593 μὲν
2322 1522 2350 1573 6
2376 1520 2585 1592 χρόνος,
2612 1519 2720 1573 τῶν
2746 1521 2803 1573 δὲ
2842 1522 2870 1573 ό
2894 1519 3048 1589 λόγος
3070 1521 3452 1593 ἐξαιρούμενος
3480 1518 3727 1572 λανθάνει.

2176 1612 2427 1677 Βιάζεταί
2448 1630 2508 1665 τε
2536 1611 2793 1676 πολλάκις
2828 1612 2988 1683 ὀδύνη
3014 1630 3076 1665 τε
3111 1613 3206 1665 καὶ
3235 1611 3486 1682 ἀλγηδὼν
3520 1609 3731 1678 φιλονειο

2175 1704 2267 1757 κία
2296 1722 2354 1758 τε
2382 1700 2448 1757 αὖ
2486 1706 2580 1757 καὶ
2619 1703 2787 1775 θυμὸς
2815 1704 2952 1775 μετὰ
2990 1704 3053 1757 τὸ
3090 1703 3343 1768 δοξάσαι·
3376 1704 3473 1756 καὶ
3504 1702 3597 1755 ἐπὶ
3618 1703 3732 1754 πᾶσι

490 1767 806 1862 contentio:
816 1808 869 1853 et
899 1798 1000 1865 ira,
1024 1767 1318 1871 postquam
1367 1806 1622 1869 suscepta
1640 1767 1833 1853 “fuerit
1856 1795 2062 1867 Opinio.

2172 1794 2521 1865 γοητεύονται
2544 1796 2595 1847 oi.
2625 1767 2742 1865 ῆτοι
2770 1767 2859 1864 ὑςΐ
2897 1794 3091 1866 ἡδονῆς
3127 1794 3418 1865 κληθέντες
3445 1790 3559 1862 (59)
3589 1788 3733 1861 ἢὺπδ

489 1888 775 1944 Postremo
804 1898 989 1945 autem
1028 1890 1319 1962 praestigiis
1355 1890 1729 1961 decipiuntur,
1770 1887 1868 1958 qui
1905 1888 1990 1941 vel
2034 1902 2066 1941 a

487 1981 766 2053 voluptate
808 1991 938 2038 sunt
983 1982 1213 2052 inducti,
1250 1983 1333 2038 vel
1369 1983 1566 2038 timore
1595 1981 1892 2053 perterriti.
1927 1978 2069 2035 Sunt

2178 1886 2344 1955 φόϐου
2386 1888 2695 1952 δείσαντες·
2751 1890 2919 1944 πᾶσαι
2962 1889 3039 1951 δὲ,
3086 1888 3320 1942 ἑκούσιοι
3379 1887 3613 1959 τροπαί·
3651 1884 3734 1940 καὶ

2119 1974 2128 1984 ’
2176 1977 2380 2033 τούτων
2408 1978 2557 2033 οὐδὲν
2587 1979 2651 2033 ἄν
2692 1997 2818 2033 ποτε
2850 1982 3125 2052 ἐπιστήμη
3159 1980 3398 2034 ἐκλάϐοῖ..

485 2085 666 2130 autem
725 2077 808 2132 ha:
852 2078 1181 2133 mutationes
1237 2093 1429 2135 omnes
1478 2077 1821 2134 voluntariae.
1878 2075 2056 2147 Atque
2086 2073 2222 2129 nihil
2259 2074 2478 2145 quidem
2514 2076 2709 2131 horum
2743 2091 2982 2147 unquam
3010 2076 3279 2147 acceperit
3305 2075 3560 2131 scientia.

1934 2281 2164 2339 CAPUT
2217 2282 2279 2337 IX
2292 2322 2305 2335 .

934 2399 1195 2457 Scientias
1227 2403 1566 2458 humaniores
1592 2405 1660 2458 od
1680 2403 1987 2475 Scriptura:
2009 2412 2145 2459 recte
2175 2402 2547 2474 intelligendas
2575 2419 2686 2457 esse
2712 2404 2924 2458 omnino
2947 2405 3291 2459 necessarias.

557 2517 816 2576 Nonnulli
861 2533 1068 2591 autem,
1099 2525 1194 2595 qui
1232 2540 1293 2580 se
1330 2532 1525 2595 putant
1553 2540 1676 2581 esse
1721 2526 2062 2597 ingeniosos,

485 2625 587 2667 nec
609 2612 1011 2684 philosophiam
1035 2618 1304 2688 attingere
1328 2618 1538 2680 volunt,
1567 2633 1668 2673 nec
1696 2617 2062 2681 dialecticam,

486 2704 580 2760 sed
636 2720 742 2761 nec
792 2708 1310 2777 contemplationem
1353 2710 1563 2765 discere
1598 2712 1928 2774 naturalem,
1966 2710 2064 2766 sed

486 2794 662 2850 solam
709 2805 764 2850 et
807 2798 1010 2851 nudam
1057 2799 1215 2852 tidem
1263 2799 1585 2868 requirunt;
1638 2799 1865 2869 perinde
1906 2813 1972 2853 ac
2014 2798 2061 2852 si

484 2903 610 2943 cum
642 2888 847 2943 nullam
878 2888 1002 2945 vitis
1034 2906 1223 2946 curam
1260 2891 1551 2961 gesserint,
1588 2890 1756 2945 velint
1804 2890 1873 2945 ab
1902 2890 2060 2943 initio

482 2979 669 3034 statim
723 2980 913 3036 botros
970 2983 1236 3052 accipere.
1294 2980 1503 3036 Dicitur
1556 2993 1738 3038 autem
1787 2981 2061 3036 .Dominus

489 3089 508 3123 ι
546 3071 673 3127 vitis
707 3090 726 3124 ι
762 3072 1054 3144 allegorice
1081 3085 1131 3141 α,
1170 3090 1201 3128 a
1252 3089 1361 3144 quo
1395 3090 1518 3129 cum
1557 3091 1687 3130 cura
1726 3084 1779 3129 et
1810 3074 1924 3145 agri
1953 3073 2063 3129 cul-

2242 2525 2412 2577 Ἔνιοι
2460 2524 2551 2587 δὲ,
2601 2524 2820 2593 εὐφυεῖς
2862 2523 3098 2593 οἰόμενοι
3142 2519 3277 2577 εἶναι
3301 2564 3317 2589 ,
3364 2522 3583 2590 ἀξιοῦσι
3612 2524 3726 2595 μήτε

2168 2616 2483 2687 φιλοσοφίας
2521 2614 2806 2678 ἅπτεσθαι,
2838 2616 2974 2686 μήτε
3019 2614 3398 2684 διαλεκτικῆς,
3431 2615 3572 2669 ἀλλὰ
3615 2615 3727 2686 μηδὲ

2166 2707 2265 2778 τὴν
2314 2706 2546 2777 φυσικὴν
2595 2706 2830 2777 θεωρίαν
2882 2706 3269 2776 ἐκμανθάνειν·
3333 2706 3506 2777 μόνην
3557 2707 3613 2760 δὲ
3651 2705 3729 2758 καὶ

2165 2800 2326 2872 ψιλὴν
2378 2801 2475 2872 τὴν
2522 2802 2702 2854 πίστιν
2746 2801 3098 2854 ἀπαιτοῦσιν·
3156 2801 3348 2873 ῶσπερ
3391 2803 3442 2854 εί
3477 2802 3730 2874 μηδεμίαν

2166 2894 2349 2964 ἠξίουν
2380 2895 2693 2966 ἐπιμέλειαν
2738 2895 3094 2966 ποιησάμενοι
3137 2896 3236 2966 τῆς
3276 2895 3553 2966 ἀμπέλου,
3589 2894 3728 2956 εὐθὺς

2167 2985 2227 3052 ἐξ
2250 2986 2425 3058 ἀρχῆς
2444 2989 2569 3051 τοὺς
2598 2985 2827 3057 βότρυας
2863 2986 3179 3058 λαμϐάνειν.
3211 3007 3229 3037 ι
3262 2987 3545 3057 Ἀμπελος
3575 3008 3592 3038 ι
3624 2988 3674 3039 δὲ
3703 2986 3730 3037 6

2168 3076 2369 3148 Κύριος
2422 3077 2834 3149 ἀλληγορεῖται,
2880 3077 3006 3149 παρ’
3038 3071 3099 3133 οὗ
3129 3078 3244 3149 μετ’
3289 3077 3609 3148 ἐπιμελείας
3651 3077 3729 3129 καὶ

480 3175 627 3229 tura,
653 3184 777 3237 qua:
814 3168 874 3223 iit
928 3164 1229 3224 secundum:
1276 3168 1489 3244 Logon,
1525 3169 1738 3227 fructus
1771 3181 1855 3226 est
1883 3171 2062 3225 vinde-

2170 3169 2359 3239 τέχνης
2402 3170 2709 3240 γεωργικῆς
2743 3170 2840 3240 τῆς
2880 3170 3019 3221 κατά
3056 3168 3147 3222 τὸν
3186 3169 3359 3237 Λόγον
3402 3168 3496 3221 τὸν
3539 3166 3729 3238 καρπὸν

480 3259 758 3315 miandus.
797 3259 995 3316 Putare
1034 3272 1270 3333 oportet,
1301 3262 1507 3326 fodere,
1558 3263 1747 3334 ligare,
1776 3274 1829 3318 et
1855 3265 2062 3333 reliqua

482 3347 680 3404 facere.
704 3348 883 3417 Falce,
901 3361 962 3405 ut
991 3353 1189 3417 sentio,
1224 3359 1283 3416 vis
1304 3366 1357 3407 et
1392 3355 1595 3424 ligone,
1618 3363 1672 3407 et
1699 3354 1822 3408 aliis
1841 3353 2063 3408 rusticis

482 3440 862 3497 instrumentis
906 3444 972 3496 ad
1019 3443 1145 3498 vitis
1195 3461 1383 3499 curam
1440 3462 1580 3515 opus
1629 3454 1731 3509 est,
1786 3454 1845 3499 ut
1901 3446 2061 3500 nobis

484 3527 722 3584 fructum
754 3531 1020 3601 producat
1055 3534 1416 3589 esculentum.
1446 3535 1922 3603 Quemadmodum
1959 3550 2062 3589 au-

484 3631 591 3675 tem
622 3622 677 3676 in
702 3623 1162 3692 agricultura,,ita
1196 3628 1362 3680 etiam
1393 3629 1445 3681 in
1479 3628 1771 3693 medicina,
1798 3627 1886 3681 ille
1908 3627 2060 3682 utili-

484 3724 564 3765 ter
592 3713 803 3777 didicit,
833 3715 944 3805 qui
962 3717 1145 3795 varias
1188 3718 1370 3788 attigit
1411 3719 1752 3789 disciplinas,
1800 3730 1859 3774 ut
1888 3720 2063 3790 possit

481 3805 680 3860 melius
703 3806 882 3862 colere
909 3819 963 3862 et
995 3824 1192 3864 curare
1220 3828 1231 3863 :
1271 3811 1343 3865 ita
1380 3811 1470 3866 hic
1498 3812 1661 3866 etiam
1687 3828 1812 3867 eum
1846 3813 1985 3868 bene
2007 3822 2059 3867 et

481 3895 690 3951 utiliter
718 3899 996 3953 eruditum
1022 3900 1303 3965 existimo,
1340 3902 1434 3973 qui
1470 3904 1654 3957 omnia
1686 3902 1852 3958 refert
1875 3903 1941 3957 ad
1970 3920 2060 3958 ve—

480 3992 722 4055 ritatem,
754 3992 890 4045 adeo
939 4002 998 4046 ut
1045 4009 1112 4048 ex
1162 3996 1457 4063 geometria
1503 4004 1557 4049 et
1601 3996 1833 4061 musica,
1888 4004 1942 4049 et
1992 4011 2059 4050 ex

479 4082 834 4152 grammatica
875 4093 931 4137 et
967 4084 1081 4153 ipsa
1127 4084 1470 4155 philos0pliia
1504 4086 1766 4156 colligens
1794 4088 1938 4155 quod
1977 4096 2061 4141 est

478 4174 633 4240 utile,
670 4184 842 4228 tutam
877 4175 945 4229 ab
975 4176 1191 4231 insidiis
1224 4187 1407 4234 servet
1455 4180 1635 4233 fidem.
1674 4178 1846 4233 Porro
1877 4190 2056 4234 autem

478 4266 705 4330 athleta,
749 4275 806 4319 ut
854 4267 1006 4336 prius
1059 4268 1269 4323 dictum
1300 4280 1402 4335 est,
1437 4271 1823 4335 contemnitur,
1864 4273 1956 4341 qui
1999 4287 2058 4327 se

480 4372 587 4410 non
620 4356 772 4427 prius
801 4359 1061 4413 instruxit
1089 4360 1156 4414 ad
1192 4372 1486 4416 certamen.
1528 4361 1647 4417 Jam
1693 4380 1821 4418 vero
1859 4366 2058 4435 guber-

479 4454 729 4500 natorem
760 4464 980 4519 quoque
1015 4450 1306 4507 laudamus
1345 4455 1643 4508 multarum
1679 4472 1862 4510 rerum
1894 4472 2055 4525 expe-

2163 3259 2481 3331 τρυγητέον.
2510 3259 2816 3312 Κλαδεῦσαι
2843 3259 2943 3321 δεῖ,
2974 3259 3197 3328 σκάψαι,
3237 3259 3524 3329 ἀναδῆσαι,
3557 3258 3645 3311 καὶ
3670 3255 3728 3309 τά

2165 3351 2324 3405 λοιπά
2346 3353 2593 3423 ποιῆσαι·
2623 3351 2890 3421 δρεπάνου
2910 3369 2991 3415 τε,
3011 3348 3185 3422 οἶμαι,
3210 3352 3303 3405 καὶ
3329 3351 3625 3421 μακέλλης.
3649 3348 3730 3402 καὶ

2140 3446 2269 3498 τῶν
2295 3444 2467 3498 ἄλλων
2493 3445 2739 3515 ὀργάνων
2772 3445 2881 3497 τῶν
2911 3444 3229 3515 γεωργικῶν
3262 3444 3398 3515 πρὸς
3424 3444 3524 3514 τὴν
3553 3442 3730 3514 ἐπιμέ-

2163 3535 2310 3588 λειαν
2348 3535 2447 3605 τῆς
2490 3534 2733 3605 ἀμπέλου
2794 3536 2982 3606 χρεία·
3029 3536 3114 3588 ἵνα
3163 3538 3293 3606 ἡμῖν
3334 3536 3425 3588 τὸν
3485 3535 3729 3605 ἐδώδιμον

2163 3626 2372 3697 καρπὸν
2396 3627 2625 3697 ὲκφῄνῃ.
2671 3625 2937 3697 Καθάπερ
2968 3625 3022 3679 δὲ
3068 3628 3125 3678 ὲν
3154 3626 3431 3697 γεωργίᾳ,
3468 3626 3614 3678 οὕτω
3648 3624 3730 3678 καί

2163 3695 2518 3789 ὲννίατρικῇ,
2565 3695 2948 3789 χρηστομαθῆς
2992 3720 3219 3782 ἐκεῖνος,
3262 3721 3290 3771 6
3337 3695 3730 3789 ποικιλωτέρων

2165 3808 2497 3879 μαθημάτων
2542 3808 2818 3877 ἁψάμενος
2848 3848 2861 3870 ,
2900 3808 2976 3871 ὡς
3006 3808 3210 3878 βέλτιον
3252 3812 3523 3880 γεωργεῖν
3563 3826 3620 3861 τε
3650 3808 3730 3861 καὶ

2162 3901 2405 3967 ὑγιάζειν
2424 3898 2680 3952 δύνασθαι
2703 3916 2714 3927 ·
2746 3898 2888 3952 ούτω
2915 3899 3191 3953 κάνταῦθα
3218 3900 3580 3971 χρηστομαθῆ
3604 3916 3727 3969 ςρημι

2160 3992 2250 4044 τὸν
2282 3994 2457 4046 πάντα
2505 3993 2596 4043 ἐπὶ
2623 3991 2719 4062 τὴν
2762 3991 3017 4061 ἀλήθειαν
3062 3993 3400 4063 ἀναφέροντα
3421 4011 3433 4021 ’
3466 3993 3609 4047 ὥστε
3648 3991 3730 4043 καὶ

2162 4086 2269 4139 ἀπὸ
2293 4085 2658 4156 γεωμετρίας,
2700 4085 2793 4137 καὶ
2828 4084 3116 4156 μουσικῆς,
3149 4086 3242 4137 καὶ
3282 4085 3388 4137 ἀπὸ
3425 4100 3728 4156 γραμματι-

2143 4174 2281 4248 ’κῆς,
2308 4178 2402 4231 καί
2431 4175 2747 4245 φιλοσοφίας
2775 4176 2966 4245 αὐτῆς,
2997 4175 3328 4246 δρεπόμενον
3361 4174 3423 4226 τὸ
3450 4177 3725 4246 χρήσιμον,

2159 4269 2605 4323 ἀνεπιϐούλευτον
2634 4269 2925 4338 φυλάσσειν
2949 4268 3050 4338 τὴν
3094 4270 3293 4321 πίστιν.
3328 4269 3643 4339 Παρορᾶται
3677 4265 3729 4318 δὲ

2158 4360 2251 4412 καὶ
2275 4361 2303 4412 6
2337 4356 2595 4428 ἀθλητὴς,
2624 4358 2699 4421 ὡς
2729 4359 3079 4429 προείρηται·
3114 4357 3227 4412 ἀλλ’
3251 4359 3331 4422 εἰς
3360 4360 3460 4430 τὴν
3490 4358 3728 4424 σύνταξιν

2161 4450 2598 4521 συμϐαλλόμενος
2653 4447 2786 4518 (60).
2835 4449 3041 4502 Αὐτίκα
3107 4449 3202 4502 καὶ
3258 4447 3604 4521 κυϐερνήτην
3647 4447 3729 4500 τὸν

478 4535 675 4591 rientia
704 4537 1057 4607 instructum,
1085 4542 1179 4611 qui
1212 4544 1373 4599 urbes
1399 4545 1696 4599 multorum
1728 4546 1859 4631 vidit
1878 4522 2055 4601 homi-

2170 4544 2485 4613 πολύπειρον
2530 4540 2877 4611 ἐπαινοῦμεν,
2927 4541 2985 4604 ὃς
3030 4540 3235 4593 πολλῶν
3281 4539 3395 4609 (61)
3434 4539 3730 4612 ἀνθρώπων

552 4682 611 4740 >14
674 4676 736 4732 P.
786 4680 891 4733 542
957 4681 1066 4736 ΕΙ).
1116 4682 1430 4750 POTTEH,
1481 4684 1590 4739 292
1662 4684 1773 4740 ΕΙ).
1824 4684 2048 4740 PARIS.

2178 4683 2337 4738 Joan.
2372 4698 2460 4739 XV.
2494 4682 2545 4734 L

475 4814 776 4869 derandum
808 4831 915 4870 non
946 4827 1048 4872 est.
1073 4818 1203 4885 Quae
1231 4836 1465 4889 namque
1498 4822 1648 4877 novit
1677 4823 1785 4886 ille,
1816 4838 1916 4877 nos
1941 4838 2049 4876 non

474 4900 840 4962 esercemus‘;
874 4903 995 4955 qua:
1024 4905 1163 4962 vero
1206 4905 1305 4945 nos
1349 4893 1575 4955 scimus,
1616 4894 1804 4962 procul
1838 4895 2055 4948 suntal)

476 4956 624 5010 illius
646 4956 945 5012 alfectibus.
974 4978 991 5007 ι
1014 4958 1287 5014 (Iouem.
1305 4993 1372 5001 —
1392 4962 1532 5017 idem
1552 4956 1797 5018 Lowtliio
1818 4964 2052 5018 videtur.

689 5028 852 5103 etiam
885 5031 1058 5103 possit
1091 5030 1331 5103 ἐκείνους
1365 5032 1571 5102 ἥὸειαν,
1609 5034 1690 5088 vel
1712 5033 1909 5103 ἦδοιεν.

548 5096 662 5166 (58)
706 5096 961 5173 Ὠςᾼέπέὰ
994 5097 1120 5173 [iace
1159 5102 1212 5154 in
1250 5096 1491 5158 Platonis
1536 5096 1771 5166 Critone,
1806 5120 1925 5173 pag.
1961 5104 2051 5170 '54,

475 5167 556 5244 de
581 5184 641 5244 se
682 5169 969 5244 profitetur
1009 5169 1261 5244 §ocrate§
1299 5192 1311 5226 :
1353 5173 1439 5244 ’ῼς
1478 5173 1589 5241 ἐγὼ
1630 5176 1691 5227 ού
1732 5167 1901 5244 μόνον
1934 5167 2051 5236 νῦν,

638 5236 734 5316 καὶ
765 5240 852 5316 ἀεὶ
884 5240 1156 5316 τοιοῦτος,
1203 5236 1313 5316 oio;
1339 5242 1448 5316 τῶν
1491 5236 1639 5315 ἐμῶν
1662 5236 1863 5316 μηδενὶ
1909 5244 2054 5316 ἄλλῳ

473 5308 757 5363 πείθεσθαι
780 5309 920 5433 Ech
941 5310 1101 5382 λόγῳ,
1130 5313 1189 5377 ὃς
1219 5313 1291 5394 ἄν.
1311 5330 1398 5384 μοι
1420 5308 1750 5397 λογιζομένῳ
1782 5308 2053 5384 βέλτιστος

474 5380 754 5433 φαίνηται.
834 5384 988 5433 adem
1036 5386 1200 5433 verba
1250 5400 1330 5433 sic
1378 5397 1621 5433 remi:th
1652 5384 2048 5433 Theodoretns-

474 5380 754 5451 φαίνηται.
788 5380 988 5435 Eadem
1036 5380 1200 5437 verba
1250 5380 1330 5438 sic
1378 5380 1621 5438 recitavit
1652 5380 2049 5450 Tlieoiloretus,

473 5459 535 5503 ut
563 5451 612 5504 ei
661 5451 858 5519 partim
892 5466 1017 5506 cum
1066 5453 1375 5519 Clemente,
1427 5457 1621 5519 partim
1653 5471 1777 5508 cum
1828 5455 2054 5509 Platone

472 5522 1002 5593 conveniret,_serm.
1038 5522 1061 5577 1
1091 5522 1166 5577 De
1192 5534 1364 5577 curat.
1393 5522 1562 5579 Gneo.
1595 5525 1794 5593 a/fect.,
1826 5542 1881 5593 p.
1909 5526 2049 5579 477:

594 5590 917 5666 cunctatum
962 5594 1059 5666 ita}
1104 5594 1402 5666 Σωκράτης
1432 5594 1509 5666 τῷ
1553 5589 1788 5666 Κρίτωνι
1829 5589 2049 5666 ξλεγενς

599 5661 707 5727 ἐγὼ
732 5662 791 5713 οὐ
824 5663 981 5729 μόνον
1000 5663 1113 5728 νῦν,
1138 5659 1274 5718 ἀλλὰ
1300 5659 1395 5718 καὶ
1418 5659 1505 5717 ἀεὶ
1526 5659 1781 5729 τοιοῦτος,
1808 5660 1917 5728 οἷος
1932 5659 2051 5719 ’τῶν

471 5727 1029 5823 ξέξέἷθὲ,.τέἱθξενῖοὲξλίθ
1075 5735 1354 5823 πείοεετθαι
1394 5735 1427 5803 ἢ
1467 5727 2049 5823 τῷλάγφπὲξμνλιρι

472 5789 802 5872 λογιζομένῳ
840 5789 1112 5873 βέλτιὲτος
1152 5789 1427 5875 φαίνοιτο·’
1450 5825 1468 5857 ι
1505 5789 1588 5860 An
1627 5789 1736 5861 non
1771 5789 1895 5862 talia
1931 5789 2053 5862 (δι-ἰ-

2161 4824 2276 4879 toni
2312 4823 2567 4877 Socrates
2597 4821 2843 4877 dicebat?
2873 4820 2985 4891 Ego
3016 4830 3195 4874 autem
3224 4835 3334 4873 non
3373 4819 3541 4874 modo
3567 4833 3727 4875 nunc.

2160 4894 2254 4949 sed
2286 4909 2499 4961 semper
2530 4894 2658 4948 talis
2686 4910 2808 4948 esse
2855 4893 3132 4962 percupio,
3163 4892 3255 4962 qui
3298 4891 3433 4944 nulli
3460 4903 3727 4962 rmenrum

2160 4965 2334 5033 magis
2383 4964 2682 5032 parendum
2738 4961 2879 5027 esse,
2929 4978 3092 5030 quam
3126 4961 3343 5033 rationi
3385 4961 3726 5033 existimem.

2158 5030 2282 5105 qua}
2315 5030 2617 5089 consulenti
2661 5034 2793 5087 mihi
2834 5034 3036 5105 optima
3088 5032 3355 5105 videatur.
3407 5050 3425 5075 ι
3464 5030 3637 5105 Porro
3665 5044 3726 5081 ex

2158 5100 2388 5174 utroque
2435 5105 2578 5173 apud
2630 5100 2965 5159 Clementem
3004 5102 3063 5165 ὃς
3099 5102 3166 5155 ἀν
3211 5119 3269 5171 μ.
3312 5117 3411 5171 pro
3447 5101 3525 5164 Cu;
3562 5100 3630 5153 ἄν
3671 5117 3726 5168 μ.

2158 5176 2595 5231 substitttendnm
2627 5176 2857 5228 videtur.
3764 5194 3772 5209 ο

2229 5247 2340 5317 (59)
2371 5245 2721 5317 κληθέντες.
2762 5243 2952 5317 Verius
2982 5243 3326 5317 κηληθέντες.
3359 5240 3626 5317 S_vt.nrns.

2230 5309 2341 5386 (60)
2384 5309 2688 5381 nume
2716 5314 2828 5383 τὴν
2865 5309 3330 5386 σύγῃξοίυμϐαλ.
3370 5311 3562 5386 Forte,
3592 5314 3623 5363 6
3656 5309 3726 5379 μὴ

2156 5370 2299 5458 ἄλλῳ
2325 5370 2405 5449 εἰς
2431 5387 2529 5456 τὴν
2558 5370 3285 5458 σύνταξιν-συμϐαλλόμενος,
3302 5402 3320 5432 ι
3349 5383 3442 5450 qui
3459 5370 3578 5458 non
3603 5370 3725 5435 cum

2158 5454 2281 5511 alio
2314 5454 2683 5525 con‘ipomtur.
2736 5475 2753 5506 ι
2791 5454 3053 5509 llervetus
3091 5454 3285 5525 genuit.
3320 5472 3337 5501 ι
3379 5454 3473 5522 qui
3518 5468 3577 5505 se
3619 5464 3725 5504 non

2160 5529 2309 5597 prius
2338 5529 2403 5580 ad
2431 5519 2709 5580 certamen
2732 5526 3068 5597 i_nslruxit.__r
3101 5519 3365 5597 vaunc.

2234 5598 2346 5667 (61)
2385 5600 2699 5667 Ὂςπολλ.
2732 5594 2971 5663 Respicit
3002 5594 3216 5648 Homeri
3250 5595 3443 5662 Odyss.
3473 5595 3518 5644 A
3538 5630 3551 5653 ,
3581 5603 3721 5643 vers.

2160 5669 2213 5731 5,
2245 5665 2338 5720 ubi
2369 5667 2435 5720 de
2464 5665 2655 5731 Ulysse
2684 5667 2851 5720 dicit:

2158 5736 2412 5791 Πολλῶν
2438 5737 2489 5789 δ’
2515 5731 2838 5804 ἀνθρώπων
2861 5734 2988 5789 ἴδεν
3009 5734 3214 5796 ἄστεα,
3245 5732 3345 5785 καὶ
3373 5732 3521 5804 νόον
3550 5731 3720 5801 ἔγνω.

2162 5808 2453 5862 Multorum
2483 5802 2647 5862 mores
2678 5807 2943 5860 hominum
2967 5806 3056 5876 qui
3086 5806 3234 5863 vidit.
3259 5815 3307 5858 et
3338 5802 3510 5858 urbes.
