3960 6512
188 340 279 395 7H

1488 337 1913 429 STROMATDM
1954 342 2081 398 LIB.
2121 342 2161 399 Ι.

3324 350 3430 406 749.

185 456 322 513 εἶδεν
343 459 545 512 ἀστεα·
574 460 667 512 καὶ
699 457 878 530 ίατρὸν
920 457 1009 511 τὸν
1055 460 1113 511 ἐν
1158 458 1325 530 πείρᾳ
1359 458 1568 512 πολλῶν
1593 477 1732 528 γεγε-

1854 477 2020 529 ηιιιη;
2054 472 2108 518 et
2152 465 2447 529 medicum,
2479 467 2572 535 qui
2622 467 2791 520 multa
2838 479 2921 523 εει
2968 478 3225 537 expertus
3274 509 3288 532 ,
3320 486 3428 539 qua

182 554 417 622 νημένον
434 568 449 581 ο
542 567 686 614 τινες
713 551 916 605 καὶτὸν
946 552 1265 622 ὲμπειρικδν
1294 551 1751 605 ἀναπλάττουσιν.

194 646 251 698 Ὀ
279 643 336 697 δὲ
360 644 496 715 πρὸς
529 643 620 697 τὸν
648 643 761 713 βίον
806 643 1090 713 ἀναφέρων
1116 643 1319 696 ἕκαστα
1362 644 1453 697 τὸν
1479 643 1657 715 ὀρθὸν,
1692 646 1756 699 ἐκ

179 752 238 788 τε
261 736 372 789 τῶν
405 735 729 808 Ἑλληνικῶν
755 736 847 790 καὶ
870 734 979 788 τῶν
1010 735 1359 808 βαρϐαρικῶν
1386 735 1757 806 ὑποδείγματα

181 827 444 899 κομίζων,
474 828 796 900 πολύπειρος
839 822 992 892 οὑτος
1039 829 1137 897 τῆς
1183 828 1435 900 ἀληθείας
1489 829 1752 901 ίχνευτὴς,

180 922 274 974 καὶ
295 920 371 990 τῷ
402 920 512 973 ὄντι
538 918 837 991 πολύμητις
857 919 989 986 (62),
1013 919 1166 992 δίκην
1192 920 1292 989 τῆς
1320 919 1548 990 βασάνου
1572 920 1717 975 λίθου
1738 938 1753 953 ⁸

180 1013 302 1084 (ἠδ’
346 1013 455 1085 (65)
502 1015 617 1067 ἐστὶ
665 1013 853 1084 Λυδὴ),
900 1014 1195 1085 διακρίνειν
1244 1014 1648 1085 πεπιστευμένη
1694 1014 1756 1068 τὸ

176 1105 332 1159 νόθον
387 1105 493 1160 ἀπὸ
548 1105 641 1159 τοῦ
700 1105 980 1174 ίθαγενοῦς
1057 1107 1312 1178 χρυσίου·
1401 1106 1496 1159 καὶ
1570 1107 1754 1170 ἱκανὸς

176 1197 253 1249 ὢν
292 1194 545 1269 χωρίζειν
582 1198 609 1251 ό
650 1195 923 1269 πολύϊδρις
961 1195 1117 1268 ⁴ἡμῶν
1160 1198 1253 1250 καὶ
1303 1197 1600 1266 γνωστικδς
1668 1214 1754 1249 σο-

177 1289 432 1361 φιστικὴν
456 1290 552 1360 μὲν
578 1289 887 1359 φιλοσόφου,
908 1290 1261 1362 κομμωτικὴν
1278 1290 1335 1343 δὲ
1356 1290 1749 1361 γυμναστικῆς,

175 1384 270 1437 καὶ
303 1383 621 1453 όψοποιικὴν
651 1382 914 1455 ἰατρικῆς,
947 1383 1041 1436 καὶ
1070 1384 1363 1456 ῥητορικὴν
1385 1383 1748 1455 διαλεκτικῆς,

174 1478 270 1530 καὶ
319 1476 456 1548 μετά
486 1476 584 1539 τὰς
629 1476 737 1547 (64)
790 1476 954 1543 ἄλλας
1002 1477 1103 1547 τῆς
1152 1477 1291 1532 κατὰ
1333 1478 1431 1549 τὴν
1478 1476 1751 1549 βάρϐαρον

172 1568 493 1637 φιλοσοφίαν
520 1570 777 1640 αἱρέσεις,
798 1568 967 1639 αὑτῆς
993 1570 1092 1641 τῆς
1114 1567 1388 1640 ἀληθείας.
1417 1568 1540 1632 Πῶς
1568 1569 1625 1623 δὲ
1649 1569 1750 1622 οὑκ

169 1660 469 1728 ἀναγκαῖον
487 1677 553 1713 πε
562 1661 613 1731 ρ).
628 1660 829 1731 νοητῶν
847 1660 1235 1731 φιλοσοφοῦντα
1249 1660 1520 1713 διαλαϐεῖν
1535 1660 1624 1713 τὸν
1640 1662 1750 1713 ἐπι-

169 1750 440 1804 ποθοῦντα
462 1751 561 1820 τῆς
591 1751 684 1805 τοῦ
708 1751 841 1805 Θεοῦ
877 1753 1155 1824 δυνάμεως
1188 1751 1433 1806 ὲπίϐολον
1461 1750 1743 1822 γενέσθαι;

1857 552 2066 606 ratione
2129 553 2388 624 ellingunt
2437 556 2659 625 quidam
2713 556 2875 609 etiam
2927 557 3271 626 empiricum.
3321 559 3426 625 Qui

1857 653 2037 698 autem
2092 646 2306 717 singula
2362 646 2528 702 refert
2575 649 2640 702 ad
2696 659 2897 703 rectam
2949 651 3134 717 vitam,
3181 653 3429 722 exempla

1856 735 2088 791 all‘erens
2115 752 2181 791 ex
2214 736 2416 794 Graecis
2452 748 2507 793 et
2548 755 2614 794 ex
2657 740 2924 807 barbaris,
2958 742 3005 797 is
3034 743 3188 797 valde
3221 746 3428 814 peritus

1857 830 2101 896 veritatis
2153 831 2528 900 investigator,
2583 842 2637 886 et
2699 834 2853 886 multi
2914 849 3100 889 revera
3166 837 3425 904 consilii,

1857 908 2032 973 instar
2060 913 2269 989 lapidis
2296 921 2492 976 indicis
2532 922 2604 993 (is
2637 932 2719 977 est
2764 934 2943 978 autem
2987 917 3221 996 Lydius)
3249 928 3428 981 credi-

1855 1018 1944 1064 tur
1969 1026 2128 1081 posse
2168 1012 2481 1068 discernere
2510 1029 2705 1068 aurum
2758 1016 3125 1070 adulterinum
3165 1033 3193 1071 a
3231 1020 3421 1088 probo,

1852 1110 1908 1155 et
1932 1112 2090 1173 aptus
2114 1118 2235 1159 esse
2258 1105 2324 1158 ad
2352 1106 2718 1175 separandum
2756 1107 2825 1171 is,
2864 1108 2956 1176 qui
2980 1123 3044 1162 ex
3075 1109 3232 1166 nobis
3263 1111 3428 1169 habet

1854 1193 2081 1248 multam
2139 1210 2319 1250 rerum
2362 1197 2753 1266 experientiam
2799 1207 2851 1253 et
2878 1198 3160 1270 gnosticus
3192 1210 3295 1269 est,
3332 1218 3425 1258 so-

1852 1286 2137 1354 phisticam
2173 1287 2390 1356 quidem
2422 1302 2451 1342 a
2485 1287 2846 1359 philosophia,
2883 1290 3211 1345 ornatricem
3242 1303 3422 1350 autem

1855 1391 1885 1430 a
1917 1379 2276 1447 gymnastica,
2317 1387 2370 1433 et
2414 1379 2735 1434 eulinariam
2774 1396 2804 1434 a
2856 1382 3148 1446 medicina,
3179 1393 3231 1439 et
3266 1386 3428 1458 126

1852 1467 2064 1523 dicendi
2092 1479 2261 1525 artem
2287 1486 2317 1524 a
2340 1470 2645 1536 dialectica,
2674 1473 2971 1542 quinetiam
3000 1475 3135 1531 alias
3159 1476 3418 1543 haareses,

1851 1575 1973 1629 qua:
1997 1571 2125 1615 sunt
2164 1561 2217 1615 in
2255 1562 2483 1619 barbara
2531 1564 2895 1635 philosophia,
2934 1566 3003 1621 ab
3031 1567 3145 1638 ipsa
3174 1569 3418 1625 veritate.

1850 1652 2138 1719 Quomodo
2187 1665 2366 1730 autem
2403 1671 2512 1710 non
2562 1672 2785 1712 necesse
2827 1668 2929 1721 est,
2967 1669 3028 1713 ut
3069 1661 3135 1715 de
3170 1662 3257 1727 iis,
3300 1679 3424 1732 qum

1854 1743 2209 1814 intelligentia
2265 1745 2659 1815 percipiuntur,
2713 1755 2907 1802 tractet
2948 1748 3419 1820 pltilosOphando,

168 1841 298 1906 Πῶς
333 1842 389 1895 δὲ
408 1843 528 1913 οὑχ).
555 1843 648 1896 καὶ
677 1820 1306 1916 διαιρεῖσθαι-χρήσιμον
1336 1844 1435 1908 τάς
1475 1820 1534 1897 τε
1569 1843 1732 1914 ἀμφι-

1849 1837 1941 1905 qui
1965 1834 2059 1891 Dei
2089 1837 2217 1891 velit
2250 1839 2544 1907 potentiam
2576 1837 2881 1910 attingere?
2908 1839 3204 1907 Quomodo
3238 1853 3418 1899 autem

168 1931 361 1996 ϐόλους
387 1933 569 2002 φωνάς
589 1973 603 1998 ,
634 1934 733 1997 τάς
758 1951 815 1987 τε
845 1933 1151 2006 ὁμωνύμως
1193 1933 1568 2006 ἐκφερομένας
1603 1933 1743 1988 κατά

163 2022 267 2087 τὰς
296 2013 603 2095 Διαθήκας;
650 2025 786 2097 Παρ’
816 2024 1142 2098 ἀμφιϐολίαν
1170 2023 1282 2096 (65)
1325 2024 1436 2096 γὰρ
1470 2024 1499 2076 ὁ
1540 2022 1742 2096 Κύριος

162 2114 258 2167 τὸν
287 2114 531 2169 διάϐολον
559 2115 697 2170 κατά
722 2116 810 2170 τὸν
842 2114 936 2170 τοῦ
972 2115 1278 2188 πειρασμοῦ
1314 2117 1590 2186 σοφίζεται
1618 2116 1744 2188 χρό-

164 2224 290 2262 νονο
331 2206 423 2261 καὶ
454 2208 553 2262 οὑκ
585 2207 665 2261 ἔτι
699 2208 873 2278 ἔγωγε
899 2208 1132 2263 ἐνταῦθα
1172 2206 1399 2279 συνορῶ,
1427 2208 1575 2270 ὅπως
1611 2206 1742 2261 ποτὲ

166 2298 193 2350 5
213 2298 317 2367 τῆς
356 2297 669 2367 φιλοσοφίας
703 2299 813 2369 (66)
846 2299 938 2352 καὶ
971 2299 1069 2370 τῆς
1101 2296 1444 2371 διαλεκτικῆς
1491 2298 1738 2370 εὑρετὴς,

162 2386 239 2453 ῶς
280 2406 426 2454 τινες
464 2390 921 2462 ὑπολαμϐάνουσι,
961 2391 1288 2463 παράγεται,
1319 2390 1397 2461 τῷ
1424 2390 1543 2444 κατ’
1574 2390 1741 2461 ἀμφι-

162 2480 351 2534 ϐολίαν
381 2479 738 2552 ἀπατώμενος
780 2485 984 2552 τρόπῳ.
1010 2482 1073 2535 El
1099 2481 1155 2534 δέ
1181 2483 1230 2534 οἱ
1258 2480 1529 2553 προφῆται
1569 2482 1662 2533 καὶ
1688 2483 1738 2533 οἱ

161 2572 454 2627 ἀπόστολοι
477 2574 537 2625 οὑ
577 2573 675 2637 τὰς
699 2572 891 2644 τέχνας
931 2572 1262 2643 ἐγνώκεσαν,
1287 2568 1354 2626 δι’
1389 2566 1464 2627 ὧν
1494 2572 1562 2626 τά
1600 2572 1739 2626 κατά

162 2665 486 2734 φιλοσοφίαν
518 2666 837 2736 ἐμφαίνεται
863 2664 1257 2736 γυμνάσματαο
1304 2664 1420 2718 ἀλλ’
1458 2666 1485 2719 ὁ
1524 2663 1645 2727 νοῦς
1675 2682 1737 2733 γε

158 2754 256 2808 τοῦ
306 2755 645 2827 προφητικοῦ
703 2758 794 2810 καὶ
848 2757 942 2809 τοῦ
988 2756 1366 2811 διδασκαλικοῦ
1431 2757 1739 2829 πνεύματος

159 2846 657 2917 ἑπικεκρυμμένως
680 2846 1027 2919 λαλούμενος.
1050 2846 1139 2901 διά
1165 2847 1227 2900 τὸ
1255 2847 1569 2919 μὴπάντων
1602 2844 1737 2902 εἶναι

157 2938 257 3009 τὴν
300 2941 547 2992 συνεῖσαν
578 2939 766 3010 ἀκοὴν,
796 2940 895 3003 τὰς
921 2938 1195 3010 ἐντὶχνους
1229 2941 1449 2993 ἀπαιτεῖ
1476 2940 1610 3011 πρὸς
1640 2958 1737 2993 σα-

158 3034 393 3104 φήνειαν
422 3032 788 3096 διδασκαλίας.
834 3031 1113 3101 Ἀσφαλῶς
1154 3031 1264 3104 γὰρ
1303 3032 1612 3100 ἐγνώκεσαν
1645 3032 1734 3085 τὸν

156 3123 286 3177 νοῦν
316 3124 541 3177 ἐκείνων
578 3125 627 3175 οἱ
657 3123 928 3195 προφῆται
966 3123 1058 3176 καὶ
1088 3125 1134 3176 οἱ
1167 3122 1261 3176 τοῦ
1296 3123 1599 3194 πνεύματος
1630 3141 1735 3195 μα-

156 3214 353 3284 θηταίσ
383 3215 446 3266 ἐκ
476 3214 584 3285 γάρ
609 3215 864 3278 πίστεως,
900 3215 994 3267 καὶ
1037 3214 1112 3277 ὡς
1137 3214 1234 3285 οὑχ
1272 3208 1380 3267 οἶόν
1416 3232 1472 3268 τε
1514 3214 1731 3287 ῥᾳδίως,

154 3305 231 3369 ὠς
258 3306 324 3359 τὸ
366 3306 590 3377 Πνεῦμα
616 3307 727 3375 (67)
754 3306 973 3377 εἴρηκεν
991 3324 1003 3337 ’
1036 3306 1154 3360 ἀλλ’
1177 3308 1276 3379 οὑχ
1303 3307 1474 3372 οὑτως
1517 3307 1735 3375 ἐκδέξα-

156 3399 284 3452 σθαι
310 3397 422 3467 (68)
463 3399 536 3470 μὴ
570 3398 973 3470 μεμαθηκότας.
1023 3419 1042 3451 ι
1066 3399 1175 3464 Τάς
1214 3400 1270 3453 δὲ
1311 3400 1527 3465 ἐντολάς
1568 3401 1678 3472 (69)
1708 3422 1726 3455 ι

154 3491 348 3560 φησὶν,
374 3508 392 3538 ι
420 3489 731 3559 ἀπογράψαι
759 3489 975 3553 δισσῶς,
1008 3488 1276 3561 βουλήσει,
1306 3492 1398 3545 καὶ
1418 3489 1615 3559 γνώσει
1638 3490 1731 3544 τοῦ

150 3581 550 3651 ἀποκρίνασθαι
598 3580 785 3648 λόγους
844 3580 1097 3650 ἀληθείας
1122 3584 1233 3646 τοῖς
1278 3572 1732 3653 προϐαλλομένοις

153 3690 297 3726 σοι.»
330 3673 427 3734 Τίς
452 3668 544 3725 οὖν
581 3674 613 3743 ἡ
647 3672 844 3740 γνῶσις
870 3672 961 3724 τοῦ
988 3673 1402 3744 ἀποκρίνασθαι,
1435 3674 1468 3744 ἦ
1511 3675 1594 3739 τίς
1639 3675 1733 3728 καὶ

148 3763 244 3816 τοῦ
275 3765 522 3833 ἐρωτᾷν;
549 3762 647 3834 Εἴη
680 3762 725 3815 δ’
755 3762 819 3814 ἂν
847 3761 983 3834 αὑτη
1020 3763 1353 3835 διαλεκτική.
1384 3764 1447 3816 Τί
1490 3763 1569 3827 δ’;
1611 3766 1731 3837 οὑχ).

149 3857 245 3908 καὶ
270 3855 337 3907 τὸ
368 3854 546 3921 λέγειν
575 3853 731 3924 ἔργον
756 3855 889 3913 ἐστὶ,
916 3856 1007 3908 καί
1033 3855 1092 3907 τὸ
1137 3856 1310 3908 ποιεῖν
1336 3857 1399 3908 ὲκ
1430 3854 1523 3908 τοῦ
1555 3855 1728 3923 Λόγου

146 3949 405 4015 γίνεται;
436 3947 497 3999 El
530 3946 637 4019 γὰρ
682 3948 754 4017 μὴ
797 3948 951 4017 Λόγῳ
973 3947 1084 4014 (70)
1114 3946 1445 4018 πράττοιμεν
1466 3988 1480 4009 ,
1522 3947 1728 4015 ἀλόγως

148 4044 407 4111 ποιοῖμεν
445 4040 529 4093 ἀν.
562 4040 635 4093 Τὸ
676 4040 888 4108 λογικὸν
931 4039 988 4093 δὲ
1039 4039 1198 4111 ἔργον
1242 4039 1380 4093 κατά
1412 4040 1543 4093 Θεὸν
1579 4041 1729 4093 ἐκτε-

145 4128 359 4187 λεῖταῐ·
408 4151 425 4182 ι
465 4134 575 4186 Καὶ
608 4133 759 4185 οὐδὲν
809 4133 977 4203 χωρὶς
1022 4130 1187 4184 αὐτοῦ
1241 4132 1521 4200 ἐγένετον’
1572 4134 1724 4203 φησὶν

144 4226 240 4280 τοῦ
326 4225 498 4292 Λόγου
569 4224 661 4278 τοῦ
726 4224 880 4277 Θεοῦ.

136 4321 302 4391 Λὸγω
351 4321 463 4392 (71)
506 4319 681 4372 πάντα
727 4320 1030 4385 ἕπρασσενς
1079 4316 1369 4388 ἐργάζεται
1433 4320 1490 4373 δὲ
1522 4319 1614 4371 καὶ
1658 4319 1728 4371 τά

142 4412 350 4481 κτήνη,
381 4408 710 4479 ἐλαυνόμενα
745 4408 1105 4479 ἀναγκάζοντι
1140 4408 1217 4480 τῷ
1249 4409 1397 4479 φόϐῳ
1417 4426 1429 4438 ·
1462 4409 1582 4480 οὑχ).
1611 4410 1723 4480 (72)

216 4528 281 4588 ᾖ(
318 4521 380 4575 Ρ.
415 4523 520 4576 545
567 4522 673 4575 El).
720 4521 1015 4585 POTTER,
1053 4521 1295 4577 292-295
1344 4521 1450 4575 ΕΙ).
1488 4521 1715 4585 PARlS.

969 4224 1039 4276 Ἣ
1107 4225 1226 4295 οὑχ).
1284 4228 1376 4278 καὶ
1443 4228 1470 4278 ό
1528 4224 1759 4298 Κύριοςί

1844 1943 1953 1982 non
1983 1936 2066 1984 est
2090 1930 2252 1985 etiam
2285 1932 2440 1998 utile,
2476 1931 2715 1988 dividere
2744 1948 2927 1999 voces,
2960 1951 3081 2005 quae
3106 1943 3232 1990 sunt
3266 1937 3421 1991 anci-

1843 2020 2003 2089 pites,
2041 2032 2095 2077 et
2120 2038 2241 2093 quae
2275 2024 2327 2077 in
2362 2022 2727 2081 Testamentis
2762 2025 3061 2082 ell‘eruntur
3099 2028 3422 2099 aequitoce?

1844 2110 1921 2167 Ex
1960 2114 2291 2185 amphibolia
2323 2119 2468 2170 enim
2495 2115 2758 2172 Dominus
2790 2118 3066 2187 sapienter
3101 2121 3271 2176 eludit
3297 2121 3418 2177 dia-

1842 2204 2025 2263 bolum
2058 2208 2114 2264 in
2160 2218 2401 2280 tempore
2437 2209 2774 2266 tentationis.
2823 2209 2935 2266 Nec
2977 2227 3079 2283 ego
3112 2212 3201 2270 hic
3229 2213 3421 2285 utique

1842 2297 2019 2366 video,
2050 2316 2288 2371 quonam
2324 2304 2486 2357 modo
2527 2303 2888 2374 philosophiae
2911 2314 2965 2359 et
2993 2304 3292 2361 dialecticae
3327 2307 3416 2361 in-

1840 2398 2053 2454 ventor,
2085 2399 2144 2445 ut
2179 2392 2403 2462 quidam
2441 2394 2778 2456 existimant,
2830 2392 3109 2449 inducitur
3155 2395 3420 2466 deceptus

1844 2483 2001 2546 tropo
2030 2478 2397 2548 amphiboliae.
2425 2480 2577 2549 Quod
2602 2482 2645 2537 si
2669 2481 2945 2552 propheta:
2972 2492 3022 2538 et
3047 2486 3277 2554 apostoli
3304 2502 3413 2541 non

1841 2565 2044 2623 fuerint
2068 2570 2342 2639 ejusmodi
2377 2574 2587 2629 artibus
2619 2573 2894 2639 instructi,
2936 2576 3136 2645 quibus
3166 2578 3415 2648 philoso-

1840 2654 1983 2725 phiae
2017 2661 2435 2717 exercitationes
2471 2665 2838 2719 ostenduntur
2866 2680 2879 2719 :
2915 2675 2970 2719 at
3003 2682 3157 2722 mens
3182 2669 3415 2739 prophe-

1840 2748 1932 2802 tici
1956 2757 2009 2802 et
2045 2753 2395 2823 pra‘ceptoris
2420 2752 2657 2824 Spiritus
2702 2759 2916 2812 occulte
2941 2760 3241 2826 enuntiata,
3288 2777 3416 2831 pro-

1842 2849 2028 2910 pterea
2066 2844 2213 2911 quod
2245 2861 2352 2899 non
2382 2846 2491 2901 sint
2541 2863 2703 2903 aures
2733 2850 2981 2904 omnium
3030 2837 3412 2923 intelligentes,

1840 2934 1957 2987 sine
1978 2935 2292 3005 cognitione
2323 2939 2523 2992 artium
2570 2939 2713 2994 haud
2738 2940 2896 2996 facile
2923 2943 3180 3011 explicari
3212 2954 3410 3014 potest.

1842 3021 2043 3079 Secure
2064 3026 2207 3080 enim
2236 3038 2502 3083 noverunt
2540 3029 2760 3085 illorum
2799 3048 3020 3087 sensum
3057 3034 3331 3103 propheta:
3360 3046 3414 3089 et

1842 3113 2079 3185 Spiritus
2116 3120 2391 3188 discipuli.
2434 3119 2510 3175 Ex
2542 3123 2646 3176 [ide
2683 3124 2826 3177 enim
2866 3139 2989 3179 eum
3024 3136 3410 3195 perceperunt,

1840 3219 1914 3274 et,
1960 3211 2061 3281 qui
2102 3213 2294 3267 modus
2336 3214 2547 3269 ueteris
2589 3214 2732 3269 haud
2785 3214 2961 3271 facilis
3016 3216 3201 3283 fuerit,
3250 3229 3411 3288 prout

1837 3302 2018 3357 innuit
2056 3302 2325 3373 Spiritus;
2360 3306 2452 3359 sed
2488 3321 2594 3359 non
2635 3314 2744 3360 tam
2792 3305 2953 3362 facile
2978 3311 3258 3379 percipere
3287 3326 3411 3379 pos-

1836 3405 1964 3469 sunt
2010 3394 2067 3461 ii,
2103 3397 2196 3464 qui
2235 3410 2341 3449 non
2386 3397 2717 3452 didicerunt.
2785 3418 2803 3449 ι
2832 3397 3105 3469 Praecepta
3143 3410 3346 3467 autem,
3386 3420 3406 3454 ι

1835 3463 2033 3557 inquit,
2070 3506 2088 3539 ι
2122 3463 2303 3543 scr-ibe
2329 3489 2654 3560 dupliciter:
2686 3505 2881 3561 nempe
2909 3463 3212 3559 voluntate,
3238 3502 3292 3549 et
3313 3463 3410 3549 eo-

1834 3580 2075 3651 gnitione
2110 3583 2474 3651 respondendi
2527 3588 2585 3645 >14
2637 3584 2801 3637 verba
2830 3584 3075 3641 veritatis
3097 3586 3165 3640 iis
3192 3586 3284 3656 qui
3312 3585 3410 3642 tibi

1840 3683 2155 3742 proponunt
2181 3685 2262 3728 τι.»
2293 3672 2551 3739 Qumnam
2594 3684 2677 3729 est
2711 3686 2891 3729 autem
2917 3677 3303 3746 reSpondendi,
3327 3679 3411 3732 vcl

1832 3779 1954 3833 qme
1996 3765 2160 3819 etiam
2219 3767 2585 3836 interrogandi
2640 3767 2908 3821 scientia?
2961 3766 3145 3821 Fuerit
3188 3768 3407 3837 quidem

1835 3856 1946 3911 haec
1967 3857 2269 3911 dialectica.
2305 3856 2443 3923 Quid
2479 3859 2652 3912 vero?
2683 3876 2750 3911 an
2779 3876 2886 3911 non
2918 3859 2969 3912 in
2994 3859 3221 3914 dicendo
3243 3861 3407 3914 etiam

1831 3947 2364 4003 lahorandumcst?
2412 3960 2465 4004 ct
2513 3951 2691 4004 facere
2729 3960 2812 4005 est
2862 3966 2925 4004 ex
2959 3951 3147 4020 Lego?
3196 3951 3251 4004 δι
3296 3966 3407 4006 non

1830 4042 1975 4093 enim
2013 4040 2184 4112 Lego,
2240 4058 2335 4096 seu
2384 4044 2615 4104 ratione,
2660 4058 2910 4112 agamus,
2948 4046 3083 4096 citra
3137 4043 3406 4095 rationem

1830 4130 2142 4187 fecerimus.
2175 4130 2325 4201 Opus
2356 4145 2535 4188 autem
2584 4135 2849 4187 rationale
2899 4149 2964 4186 ex
3012 4131 3120 4185 Deo
3153 4132 3401 4187 cﬂicilur.

1835 4244 1853 4275 ι
1884 4223 1949 4276 Et
1978 4225 2110 4277 nihil
2150 4225 2269 4280 sine
2298 4226 2416 4294 ipso
2460 4224 2665 4280 factum
2716 4235 2797 4280 est
2826 4226 2875 4289 δ,
2919 4244 2936 4275 ι
2977 4226 3153 4294 inquit
3187 4243 3201 4279 :
3236 4224 3403 4295 Lugo,

1830 4313 2075 4381 inquam,
2112 4312 2245 4367 Deo.
2281 4315 2363 4367 An
2402 4331 2511 4369 non
2550 4317 2713 4369 etiam
2758 4315 3023 4370 Dominus
3051 4317 3236 4370 omnia
3278 4316 3406 4371 fecit

1829 4399 2016 4471 Logo?
2038 4402 2343 4471 Operantur
2368 4414 2551 4460 autem
2577 4406 2741 4459 etiam
2768 4405 3016 4474 iumenta
3035 4415 3154 4459 acta
3181 4419 3405 4477 cogente

1830 4526 1856 4554 ι
1882 4512 2140 4570 Proverb.
2172 4533 2305 4580 xxu,
2333 4516 2424 4583 20,
2460 4517 2549 4571 21.
2624 4516 2654 4556 δ
2688 4515 2913 4580 Joan.‘t,
2950 4517 3001 4569 3.

235 4634 336 4696 62)
366 4633 721 4713 Πολύμηεις.
754 4633 1061 4704 Πολύμητις
1106 4632 1391 4696 Ὀδυσσεύς
1430 4633 1632 4702 ubique
1668 4634 1720 4687 in
1757 4699 1797 4715 ἢ
1832 4634 2072 4715 divulgat.
2098 4635 2157 4715 τὸ
2190 4634 2389 4715 πλάτος
2414 4633 2759 4715 τῆςνκαρδίας
2784 4650 2900 4715 σου.
2938 4634 3184 4715 ᾼιδάσκω
3213 4631 3308 4689 οὖν
3344 4652 3403 4715 σε

141 4703 393 4776 04mm
423 4706 683 4776 accurrit,-

211 4772 339 4846 (65)
371 4772 512 4830 Ἡδ’.
554 4773 733 4829 Dirise
767 4789 986 4843 quoque
1025 4773 1187 4828 scribi
1217 4781 1393 4843 potest
1421 4775 1452 4843 ἡ
1489 4773 1555 4826 δ’.
1586 4772 1721 4829 SvL-

136 4860 309 4901 DURG-

207 4915 335 4985 (64)
361 4912 471 4968 Kal
496 4914 646 4985 μετὰ
672 4932 723 4968 τ.
756 4913 1036 4985 Καὶματὸ
1061 4930 1111 4985 τ.
1140 4915 1400 4985 mendose
1424 4913 1722 4985 editaFlor.

135 4983 427 5041 Forte'xal.
454 4983 557 5055 μὴν
586 4985 808 5050 καὶτὰς
844 4983 1005 5055 ἄλλας
1038 4983 1136 5047 τὰς
1165 4984 1305 5036 κατά
1332 4984 1430 5055 τὴν
1472 4983 1522 5053 β.
1559 4984 1632 5037 lo.

233 5057 335 5124 65)
374 5053 778 5125 Ἀμφιϐολίαν.
805 5053 964 5111 Conf.
990 5054 1177 5108 Matth.
1207 5070 1279 5119 Iv,
1313 5055 1366 5109 4.

233 5059 335 5124 65)
374 5059 778 5125 Ἀμφιϐολίαν.
805 5059 964 5111 Conf.
990 5059 1177 5108 Matth.
1207 5070 1279 5119 Iv,
1313 5059 1366 5109 4.

206 5059 334 5209 gilii)
372 5125 560 5209 ,τῆς
585 5130 729 5209 φιλ.
762 5124 874 5181 Hoc
922 5127 1194 5209 adversus.
1232 5139 1325 5179 eos
1349 5123 1593 5209 dictum.
1616 5126 1716 5209 ‘qui

132 5194 507 5265 philoSophiae
550 5194 888 5267 aliarumque
937 5197 1135 5249 artium
1182 5195 1549 5248 inventionem
1597 5194 1717 5249 dia-

129 5267 263 5322 bolo
296 5269 626 5322 tribuerunt.

206 5338 331 5405 (67)
375 5338 468 5403 Ὡς
496 5337 559 5390 τὸ
592 5341 696 5391 llr.
733 5335 936 5390 Sensus
983 5351 1089 5389 non
1140 5332 1540 5405 constat,_nisi
1593 5346 1717 5387 ante

132 5401 253 5463 haec
310 5401 472 5462 verba
521 5409 986 5475 subintelligamus
1049 5419 1236 5459 vocem
1287 5401 1599 5472 ἐγνώκεσαν
1650 5419 1715 5457 ex

127 5479 411 5532 sententia
441 5479 739 5544 superiore.
775 5476 999 5531 Lowru.

202 5549 328 5617 (68)
365 5542 524 5602 Ἀλλ⁶
549 5550 660 5615 οὐχ
685 5548 869 5617 οὕτως
898 5547 986 5599 ἐκ.
1019 5542 1709 5617 Suhintelligendumﬁcti.

204 5612 327 5685 (69)
363 5617 481 5683 Τὰς
501 5617 568 5671 δὲ
588 5612 712 5672 siit.
743 5616 865 5670 llzre
914 5617 1176 5670 hactenus
1206 5612 1396 5684 parum
1438 5612 1709 5685 intellecta

125 5684 311 5743 fuisse
347 5689 599 5741 videnlur
631 5708 642 5742 :
676 5689 767 5742 sed
806 5686 984 5741 facilia
1007 5695 1166 5741 erunt
1192 5684 1488 5738 advertenti
1520 5692 1711 5735 aucto-

126 5774 246 5811 rem
280 5760 551 5827 respicere
584 5758 839 5811 Pruverl).
864 5774 996 5827 xxii,
1028 5756 1117 5812 9.0.
1139 5756 1217 5827 ει
1239 5774 1250 5807 :
1279 5756 1387 5827 Καὶ
1409 5755 1472 5805 σὺ
1493 5752 1548 5827 δὲ
1568 5752 1705 5827 ἀπό-

122 5830 343 5901 γραψαι
376 5824 515 5884 αὑτά
551 5828 757 5899 σεαυτῴ
782 5826 1047 5899 τρισσῶς,
1082 5828 1161 5889 είς
1198 5825 1391 5895 βουλὴν
1434 5824 1527 5876 καὶ
1564 5824 1707 5891 γνῶ-

1756 4699 1799 4753 D
1828 4703 2008 4775 ἀληθῆ
2057 4704 2213 4774 λόγον
2280 4707 2371 4758 καὶ
2424 4699 2627 4773 γνῶσιν
2670 4704 2878 4775 ἀγαθὴν
2943 4704 3273 4769 ὑπακούειν,
3308 4706 3403 4760 τοῦ

1828 4773 2225 4848 ,ἀποκρίνασθαί
2262 4792 2319 4828 σε
2377 4776 2564 4848 λόγους
2601 4773 2854 4848 ἀληθείας
2887 4778 2998 4848 τοῖς
3032 4776 3405 4848 προϐαλλομέ-

1833 4861 1942 4907 νοις
1978 4844 2078 4898 σοι.
2104 4846 2283 4912 Quare
2319 4844 2759 4900 substituelnlum
2796 4844 3112 4915 ἀπόγραψαι
3150 4844 3399 4915 imperat.

1830 4929 1929 4982 pro
1965 4915 2279 4988 ἀπογράψαι
2328 4916 2549 4988 ίίιιίίιιίιη
2584 4918 2738 4988 tum].
2790 4924 2841 4988 ct
2878 4917 2977 4988 hoc
3009 4915 3180 4988 Διιιυάι)
3211 4915 3402 4968 distin-

1867 4985 2137 5051 nendum}
2166 4987 2276 5049 ἰ’ἀς
2319 4987 2375 5039 δὲ
2421 4985 2658 5049 ἐντολὰς,
2686 4986 2869 5055 φησὶν,
2914 4985 3265 5055 ἀπόγραφαι,
3293 4996 3397 5039 etc.
3500 5031 3514 5041 .

1867 4998 2099 5051 nendum
2126 5007 2137 5040 :
2166 4998 2276 5049 ἰἀς
2319 4998 2375 5039 οε
2421 4998 2658 5049 εντοιας,
2686 5009 2688 5025 ι

1829 4998 1981 5118 δηθά
2009 5055 2200 5110 Latine
2232 5073 2551 5125 expressum
2585 5066 2688 5109 est.

1902 5126 2013 5197 (70)
2046 5129 2230 5195 Λόγῳ.
2258 5122 2317 5197 lu
2353 5127 2457 5188 his,
2494 5142 2613 5197 quae
2642 5132 2979 5197 sequuntur,
3010 5122 3145 5197 ludit
3174 5122 3227 5175 iu
3270 5138 3404 5176 voce

1824 5194 2019 5264 Λόγου,
2053 5194 2172 5265 quae
2209 5216 2226 5247 ι
2260 5196 2466 5264 Lugou,
2504 5194 2521 5246 ι
2569 5196 2659 5249 Dei
2697 5196 2885 5261 lilium,
2917 5212 2935 5243 ι
2972 5194 3263 5256 rationem,
3297 5211 3315 5242 ι
3349 5205 3403 5245 et

1829 5288 1847 5321 ι
1885 5282 2192 5325 sermonem
2230 5286 2246 5317 ι
2281 5266 2571 5335 significat.

1897 5338 2010 5409 (71)
2045 5339 2229 5405 Λόγῳ.
2268 5330 2358 5409 Ps:
2387 5352 2539 5389 xxxii
2571 5377 2584 5400 ,
2614 5333 2646 5387 6
2677 5353 2689 5388 :
2715 5332 2805 5403 Τῷ
2829 5332 2973 5403 λόγῳ
2993 5330 3090 5385 τοῦ
3122 5330 3329 5402 Κυρίου
3351 5331 3400 5382 οί

1820 5411 1878 5462 οὑ
1889 5405 2040 5482 pavo‘.
2073 5405 2498 5482 ἐστερεώθησαν.

1892 5469 2006 5549 (72)
2045 5469 2213 5545 Οίνχίξ
2251 5469 2385 5549 "re
2406 5478 2569 5549 etiam
2600 5475 2716 5528 sine
2753 5471 3188 5549 interrogatione
3216 5469 3399 5540 expli-

1818 5545 1929 5602 cari
1968 5545 2197 5617 poSsunt
2240 5565 2251 5599 :
2292 5568 2307 5597 ι
2348 5545 2412 5598 Ει
2442 5546 2688 5613 jumenta
2722 5545 2943 5617 quidem
2980 5551 3123 5617 metu
3146 5550 3397 5617 coacta,

1818 5612 2096 5679 laborant;
2131 5612 2477 5686 nequaquam
2512 5629 2640 5686 vero
2684 5615 2774 5682 qui
2807 5612 3099 5686 orthodoai
3127 5612 3234 5666 dici
3286 5627 3400 5686 me:

1818 5696 2077 5750 ruerunt,
2126 5688 2179 5741 in
2220 5682 2363 5742 bona
2398 5701 2558 5755 Opera
2595 5685 2877 5745 feruntur,
2921 5682 3232 5738 nescientes
3265 5682 3397 5753 quid

1810 5758 2033 5815 faciant.
2070 5779 2087 5809 ι
