3960 6520
504 293 606 349 743

1674 288 2065 348 CLEMENTIS
2105 285 2576 344 ALEXANDRINI

3651 286 3711 342 Ἴ
3722 287 3750 343 ι

500 417 669 461 metu.
712 406 851 462 Num
897 407 1060 462 etiam
1109 407 1204 478 qui
1250 412 1522 461 vocantur
1584 405 1902 472 orthodoxi,
1938 405 2075 459 bona

2180 399 2237 453 δὲ
2282 400 2375 453 καὶ
2417 398 2465 451 οἱ
2505 395 2892 470 ὁρθοδοξασταὶ
2931 394 3256 467 καλούμενοι
3295 393 3476 465 ἔργοις
3515 393 3751 465 προσφέ-

500 514 663 570 opera
696 500 1108 572 aggrediuntur,
1141 498 1451 554 nescientes
1493 513 1616 568 quae
1654 496 1903 553 faciunt?

2187 510 2367 566 ρονται
2395 490 2602 555 καλοῖς,
2633 490 2733 543 οὐκ
2759 489 2960 553 εἰδότες
2978 488 3014 542 ἃ.
3045 486 3323 546 ποιοῦσινζ

1957 651 2187 712 CAPUT
2223 653 2264 706 Χ
2276 693 2290 709 .

1154 775 1408 879 Majo‘rem
1433 776 1557 830 bene
1589 776 1841 845 faciendi,
1870 765 2047 847 quam.
2074 770 2199 827 ben’e
2246 772 2482 833 dicendi,
2527 786 2709 824 curam
2741 786 2851 824 esse
2875 767 3186 823 habendam.

569 893 864 965 Propterea
896 905 1026 961 ergo
1056 888 1340 955 Servatur,
1372 904 1495 944 cum
1518 904 1713 960 panem
1745 889 2074 959 accepisset,

499 982 738 1052 primum
788 980 1009 1035 locutus
1042 987 1146 1046 est,
1176 987 1230 1033 et
1262 978 1373 1049 egit
1412 977 1645 1048 gratias;
1691 977 1907 1045 deinde,
1951 994 2077 1033 cum

500 1089 692 1144 panem
712 1072 980 1143 fregisset,
1004 1071 1279 1140 apposuit,
1303 1079 1361 1125 ut
1383 1071 1735 1126 comedamus
1755 1087 1821 1126 ex
1846 1071 2076 1137 ratione,

500 1174 553 1220 et
582 1179 707 1219 eum
744 1162 1055 1232 Seripturas
1095 1162 1499 1231 agnoverimus,
1524 1161 1690 1215 vitam
1724 1162 2076 1216 instituamus

500 1270 597 1325 per
631 1253 1014 1309 obedientiam.
1060 1251 1532 1318 Quemadmodum
1586 1260 1769 1307 autem
1809 1253 1902 1322 qui
1933 1251 2074 1306 mala

502 1355 730 1401 utuntur
777 1344 1043 1407 oratione,
1101 1343 1237 1397 nihil
1271 1342 1527 1399 diﬂ‘erunt
1565 1343 1633 1397 ab
1675 1342 1743 1399 iis
1786 1344 1879 1413 qui
1932 1344 2075 1398 malo

501 1436 646 1492 facto
674 1430 902 1491 utuntur
932 1434 1229 1504 (calumnia
1260 1433 1406 1488 enim
1440 1443 1523 1488 est
1572 1434 1818 1488 ministra
1870 1433 2070 1505 gladii,

499 1537 555 1583 et
586 1527 741 1582 all'ert
781 1525 1025 1581 dolorem
1058 1523 1409 1578 maledictum
1431 1563 1446 1588 ,
1481 1538 1547 1577 ex
1593 1523 1794 1593 quibus
1842 1533 1923 1579 est
1955 1524 2076 1578 vine

497 1620 751 1675 eversio:
790 1620 905 1674 haec
962 1625 1141 1671 autem
1211 1614 1415 1670 fuerint
1458 1630 1621 1685 opera
1662 1616 1922 1686 improba:
1952 1632 2076 1670 ora-

500 1712 723 1782 tionis);
753 1710 827 1764 ita
857 1709 1020 1764 etiam
1055 1709 1148 1778 qui
1185 1708 1324 1763 bona
1360 1716 1589 1761 utuntur
1617 1708 1884 1774 oratione,
1908 1723 2076 1781 prope

498 1813 766 1860 accedunt
796 1803 862 1857 ad
895 1816 991 1857 eos
1025 1801 1120 1872 qui
1172 1801 1333 1856 bonis
1366 1798 1524 1855 factis
1570 1811 1817 1855 utuntur.
1848 1799 2077 1856 Reereat

498 1898 681 1967 itaque
723 1895 962 1949 animam
1014 1895 1225 1957 oratio,
1259 1904 1313 1949 et
1339 1895 1587 1948 hortatur
1613 1894 1679 1949 ad
1713 1895 2073 1963 bpnestatem.

497 1990 696 2042 Beatus
722 1996 803 2041 est
839 1995 1044 2051 autem,
1075 1986 1169 2056 qui
1199 1995 1430 2055 utraque
1464 2002 1628 2040 manu
1662 1986 1858 2040 utitur.
1888 1983 2077 2056 Neque

496 2096 626 2148 ergo
659 2080 753 2150 qui
796 2080 931 2134 bene
962 2086 1140 2148 potest
1188 2076 1390 2144 facere,
1437 2088 1519 2133 est
1560 2079 1867 2133 maledictis
1896 2078 2077 2134 inces-

498 2174 699 2228 sendus
724 2172 792 2226 ab
818 2187 883 2227 eo
913 2171 1007 2241 qui
1040 2172 1174 2225 bene
1229 2179 1407 2240 potest
1440 2170 1649 2235 dicere,
1676 2186 1853 2240 neque
1877 2179 1961 2224 est
1995 2168 2075 2223 vi-

504 2265 839 2334 tuperandus
864 2265 955 2333 qui
973 2264 1110 2317 bene
1135 2272 1308 2332 potest
1332 2262 1532 2326 dicere,
1553 2261 1621 2316 ab
1643 2276 1709 2316 eo
1746 2262 1841 2332 qui
1859 2262 1989 2316 bene
2006 2259 2077 2348 fa-

500 2372 627 2412 cere
645 2365 844 2426 potest.
864 2355 1050 2410 Faciat
1075 2364 1255 2409 autem
1290 2354 1589 2424 uterqueid
1619 2354 1687 2408 ad
1710 2353 1853 2425 quod
1882 2363 2074 2408 natura

498 2459 584 2505 est
609 2460 788 2519 aptus.
829 2448 983 2515 Quod
1032 2459 1211 2504 autem
1250 2447 1386 2502 alter
1415 2445 1617 2501 factum
1667 2446 1940 2511 ostendit,
1972 2446 2077 2499 hoc

499 2542 637 2595 alter
673 2540 934 2610 loquitur,
960 2538 1330 2593 beneﬁcentia:
1356 2536 1523 2592 veluti
1553 2536 1694 2590 viam
1723 2552 2038 2607 prteparans
2057 2576 2072 2601 ,

509 2640 564 2687 et
592 2631 868 2687 deducens
892 2630 1199 2695 auditores,
1231 2638 1291 2684 ut
1313 2630 1447 2685 bene
1468 2639 1781 2699 operentur.
1805 2627 1902 2684 Est
1928 2628 2074 2683 enim

498 2725 663 2778 etiam
709 2723 966 2778 salutaris
1026 2722 1204 2776 oratio
1225 2763 1240 2786 ,
1270 2722 1413 2777 sicut
1441 2736 1580 2791 Opus
1607 2722 1864 2776 salutare.
1897 2719 2076 2790 Atque

498 2818 705 2889 iustitia
737 2818 956 2888 quidem
988 2826 1133 2872 certe
1166 2831 1274 2870 non
1297 2815 1551 2871 emisistit
1574 2814 1780 2884 absque
1805 2812 2072 2868 oratione.

446 2974 453 2981 _
499 2908 968 2978 Quemadmodum
993 2916 1174 2962 autem
1207 2906 1471 2961 beneﬁcio
1503 2904 1637 2970 allici
1669 2919 1829 2959 nemo
1860 2912 2072 2975 potest,

499 3003 546 3059 si
577 3016 740 3058 nemo
764 3002 902 3057 bene
926 2999 1092 3055 faciat
1116 3018 1131 3065 ;
1160 3000 1233 3053 ita
1266 2999 1475 3053 tollitur
1504 2998 1810 3054 obedientia
1834 3006 1889 3052 et
1920 2996 2073 3065 lides,

2250 885 2348 939 Διά
2404 884 2561 938 τοῦτο
2611 880 2705 938 οὖν
2747 884 2776 937 ό
2822 885 3046 955 Σωτὴρ,
3084 882 3245 955 ἄρτον
3285 882 3467 938 λαϐὼν
3494 919 3510 944 ,
3544 885 3751 954 πρῶτον

2178 974 2439 1046 ἐλάλησεν
2478 974 2570 1027 καὶ
2614 972 3010 1046 εὐχαρίστησεν
3035 990 3049 1003 ο
3099 968 3217 1026 εἶτα
3251 973 3459 1038 κλάσας
3479 974 3569 1028 τὸν
3600 978 3753 1047 ἄρτον

2177 1066 2482 1139 προέθηκεν
2525 1066 2657 1138 (75),
2695 1067 2783 1119 ἵνα
2832 1064 2896 1136 δὴ
2930 1064 3192 1135 φάγωμεν
3222 1064 3492 1134 λογικῶς,
3527 1069 3626 1121 καὶ
3665 1069 3754 1132 τάς

2177 1157 2398 1228 Γραφὰς
2449 1156 2797 1225 ἐπιγνόντες,
2833 1142 3285 1227 πολιτευσώμεθα
3330 1157 3471 1210 καθ’
3492 1159 3749 1229 ὑπακοήν.

2177 1249 2442 1320 Καθάπερ
2500 1248 2557 1302 δὲ
2611 1251 2658 1302 oi
2714 1248 2857 1319 λόγῳ
2881 1247 3152 1320 χρώμενοι
3182 1249 3405 1320 πονηρῷ
3427 1289 3443 1313 ,
3467 1250 3622 1302 οὐδὲν
3658 1250 3754 1303 τῶν

2181 1342 2326 1414 ἔργῳ
2358 1342 2655 1414 χρωμένων
2701 1342 2924 1413 πονηρῷ
2973 1341 3341 1415 διαφέρουσιν·
3392 1346 3426 1415 ἡ
3494 1346 3606 1414 γάρ
3646 1344 3753 1398 δισ-

2181 1434 2309 1506 6ολὴ
2335 1433 2520 1503 ξίφους
2549 1433 2941 1500 διάκονος,’καὶ
2973 1433 3149 1505 λύπην
3182 1438 3400 1506 ἐμποιεῖ
3422 1435 3754 1507 βλασφημία·

2181 1525 2239 1593 ἐξ
2273 1519 2346 1579 ὧν
2379 1527 2435 1579 αἱ
2480 1524 2573 1578 τοῦ
2603 1524 2717 1595 βίου
2746 1526 3048 1597 ἀνατροπαί
3071 1544 3083 1556 ·
3130 1525 3266 1598 ἔργα
3284 1527 3375 1580 τοῦ
3408 1528 3654 1600 πονηροῦ
3684 1528 3757 1581 λό-

2181 1634 2279 1686 γου
2299 1612 2411 1670 εἶεν
2442 1616 2507 1670 ἂν
2526 1614 2701 1670 ταῦτα
2720 1633 2733 1647 ·
2762 1616 2903 1670 οὕτω
2921 1620 3014 1671 καὶ
3032 1620 3079 1671 oi
3097 1617 3245 1690 λόγῳ
3261 1619 3455 1691 ἀγαθῷ
3490 1622 3759 1694 κεχρημέ-

2109 1750 2152 1809 B
2182 1727 2263 1763 νοι
2297 1709 2676 1779 συνεγγίζουσι
2716 1713 2828 1774 τοῖς
2865 1710 2931 1765 τὰ
2964 1711 3105 1766 καλὰ
3150 1712 3256 1765 τῶν
3287 1712 3465 1786 ἔργων
3492 1714 3759 1767 ἐπιτελοῦ-

2180 1821 2283 1857 σιν.
2320 1804 2643 1858 Ἀνακτᾶται
2673 1804 2802 1874 γοῦν
2840 1805 2933 1858 καὶ
2962 1806 2990 1857 ὁ
3014 1804 3170 1874 λόγος
3191 1806 3289 1877 τὴν
3320 1807 3523 1878 ψυχὴν,
3553 1808 3651 1860 καὶ
3675 1809 3759 1861 ἐπὶ

2177 1893 2583 1962 καλοκάγαθίαν
2616 1897 2917 1968 προτρέπει
2938 1914 2949 1925 ·
2986 1898 3255 1969 μακάριος
3293 1898 3349 1951 δὲ
3381 1903 3410 1952 ὀ
3442 1899 3754 1970 περιδέξιος.

2176 1983 2299 2037 οΰτ’
2316 1980 2406 2038 οὖν
2421 1985 2631 2058 βλασφη
2641 1987 2879 2057 μητέοςὸ
2895 1988 3239 2058 εὐποιητικὸς
3252 1990 3388 2061 πρὸς
3400 1990 3496 2042 τοῦ
3510 1987 3572 2043 εὖ
3590 1990 3757 2059 λέγειν

2174 2077 2494 2148 δυναμένου,
2513 2078 2632 2132 οὐδὲ
2652 2080 2757 2151 μὴν
2774 2080 3064 2143 κακιστέος
3082 2082 3109 2132 ὁ
3133 2075 3241 2144 οἷός
3256 2099 3313 2134 τε
3330 2078 3390 2135 εὖ
3408 2082 3615 2150 λέγειν,
3634 2084 3756 2155 πρὶς

2174 2169 2269 2222 τοῦ
2290 2166 2346 2223 εὖ
2378 2173 2550 2223 ποιεῖν
2568 2171 2898 2243 ἐπιτηδείουο
2926 2173 3062 2244 πρὸς
3090 2167 3204 2241 est;
3232 2174 3338 2245 (74)
3376 2176 3647 2246 ἑκάτερος
3669 2177 3758 2229 πέ-

2176 2277 2367 2329 φυκεν,
2397 2261 2781 2333 ἐνεργούντων.
2829 2264 2887 2316 '0
2943 2263 2988 2315 δ’
3034 2260 3126 2316 οὖν
3164 2264 3224 2317 τὸ
3266 2265 3428 2339 ἔργον
3476 2267 3754 2331 δείκνυσι,

2175 2351 2333 2405 τοῦτο
2368 2353 2553 2425 ἕτερος
2598 2353 2780 2417 λαλεῖ,
2822 2350 2932 2408 οἷον
2980 2357 3280 2427 ἑτοιμάζων
3314 2360 3380 2428 τῇ
3425 2358 3650 2431 εὐποιία
3672 2360 3759 2431 τὴν

2173 2443 2291 2497 ὁδὸν
2312 2484 2326 2506 ,
2356 2445 2448 2497 καὶ
2489 2446 2580 2498 ἐπὶ
2614 2444 2712 2517 τὴν
2736 2447 3054 2518 εὐεργεσίαν
3096 2447 3242 2516 ἄγων
3280 2450 3408 2513 τοὺς
3440 2449 3756 2515 ἀκούοντας.

2179 2535 2334 2589 Ἔστι
2384 2536 2491 2608 γὰρ
2530 2537 2621 2591 καὶ
2685 2539 2947 2610 σωτήριος
2981 2539 3154 2608 λόγος,
3186 2541 3263 2603 ὡς
3312 2543 3408 2594 καὶ
3465 2541 3631 2614 ἔργον
3667 2561 3760 2596 σω·

2176 2627 2381 2699 τήριον.
2437 2628 2498 2681 Ἡ
2529 2627 2847 2700 δικαιοσύνη
2903 2630 2953 2699 γ’
2988 2627 3079 2684 οὖν
3127 2632 3188 2684 ού
3224 2634 3392 2703 χωρὶς
3434 2633 3600 2702 λόγου
3650 2653 3759 2688 συν-

2180 2717 2411 2772 ίσταται.
2484 2720 2572 2783 Ὠς
2642 2719 2697 2773 δὲ
2769 2720 2829 2773 τὸ
2898 2716 2956 2774 εὖ
3044 2723 3274 2793 πάσχειν
3348 2730 3756 2797 περιαιρεῖται,

2177 2807 2272 2864 ἐὰν
2325 2810 2385 2863 τὸ
2445 2805 2503 2863 εὖ
2578 2814 2749 2864 ποιεῖν
2825 2811 3161 2883 ἀφελοῦμενο
3208 2814 3381 2878 οὕτως
3448 2819 3481 2887 ἡ
3547 2816 3760 2888 ὑπακοὴ

2177 2902 2274 2956 καὶ
2294 2902 2472 2966 πίστις
2492 2904 2793 2974 ἀναιρεῖται
2823 2905 2959 2975 μήτε
2991 2905 3088 2975 τῆς
3114 2906 3353 2978 ἐντολῆς,
3386 2910 3523 2980 μήτε
3545 2909 3647 2961 τοῦ
3672 2910 3759 2980 τὴν

2180 2994 2401 3065 ἐντολὴν
2419 2995 2807 3066 σαφηνιοῦντος
2825 3014 2887 3049 συ
2897 3014 3013 3068 μπα
3024 2998 3158 3068 ραλα
3166 2999 3337 3068 μϐανο
3342 3001 3539 3069 μένων.
3554 3004 3607 3054 Ν
3615 3005 3698 3055 υνὶ
3710 3003 3763 3056 δὲ

500 3096 607 3152 nisi
634 3103 750 3149 tum
795 3102 1121 3164 praceptum
1146 3132 1160 3158 ,
1192 3102 1306 3144 tum
1346 3090 1509 3145 etiam
1539 3090 1632 3159 qui
1658 3098 1743 3144 est
1772 3089 1953 3158 ipsum
1978 3104 2075 3143 ex-

2183 3086 2426 3157 ἀλλήλων
2451 3087 2610 3140 ἕνεκα
2627 3087 2989 3161 εὐποροῦμεν,
3019 3090 3111 3141 καὶ
3127 3090 3298 3159 λόγων
3314 3090 3409 3145 καὶ
3426 3089 3633 3162 ἔργων.
3661 3097 3760 3165 Τὴν

500 3188 835 3257 plicaturus,
862 3185 1029 3241 simul
1075 3190 1453 3239 assumantur.
1498 3179 1655 3235 Nune
1695 3189 1877 3235 autem
1905 3180 2079 3234 altero

501 3280 730 3335 alterius
763 3278 958 3347 gratia,
991 3284 1046 3330 et
1073 3274 1256 3330 verbis
1287 3283 1341 3329 et
1371 3272 1549 3340 factis,
1584 3273 1945 3329 abundamus.
1976 3272 2078 3327 Ars

502 3384 685 3426 autem
742 3369 1084 3425 contentiosa
1117 3377 1170 3421 et
1209 3365 1506 3435 sephistiea
1537 3372 1622 3418 est
1662 3365 1878 3433 penitus
1916 3379 2078 3433 repu-

500 3460 700 3514 dianda
721 3501 735 3522 ,
769 3456 1211 3529 quandoquidem
1246 3456 1379 3524 ipsae
1409 3455 1781 3531 sophistarum
1812 3453 2102 3509 dictiones'

503 3566 613 3604 non
644 3550 821 3604 solum
870 3547 1170 3601 multorum
1209 3544 1401 3599 oculos
1443 3544 1864 3614 praestringunt,
1893 3552 1947 3597 et
1982 3558 2077 3597 eos

502 3642 791 3705 seducunt,
824 3640 919 3695 sed
950 3652 1343 3708 nonnunquam
1376 3636 1541 3691 etiam
1595 3637 1704 3691 vim
1749 3635 2073 3699 alierentes,

502 3736 792 3791 Cadmeam
814 3739 872 3797 >14
897 3732 1136 3788 referunt
1165 3731 1472 3789 victoriam.
1500 3729 1595 3786 Est
1634 3732 1778 3785 enim
1806 3731 1967 3802 longe
1986 3748 2078 3787 ve-

504 3828 759 3884 rissimus
784 3827 871 3881 ille
899 3825 1142 3895 psalmus
1167 3840 1180 3877 :
1213 3843 1231 3876 (
1260 3823 1451 3882 Justus
1474 3826 1619 3880 vivet
1647 3826 1700 3879 in
1732 3826 1914 3889 linem,
1934 3840 2078 3896 quo-

504 3922 650 3975 niam
687 3934 791 3974 non
825 3918 1025 3974 videbit
1054 3918 1353 3984 interitum,
1387 3915 1609 3988 quando
1634 3916 2075 3986 viderltsapien-

505 4029 585 4068 tes
623 4011 920 4067 morientes
942 4022 989 4063 α.
1041 4029 1059 4061 ι
1111 4009 1392 4076 Quosnam
1455 4017 1637 4063 autem
1673 4008 1805 4064 dicit
1860 4008 2078 4077 sapien-

506 4115 622 4171 tes,
683 4103 812 4158 audi
867 4118 929 4157 ex
980 4100 1108 4156 Jesu
1136 4100 1413 4171 Sapientia
1447 4119 1460 4155 :
1502 4119 1520 4152 ι
1546 4098 1665 4154 Νοη
1692 4109 1776 4155 est
1811 4099 2075 4170 sapientia

504 4195 871 4268 improbitatis
904 4194 1130 4249 scicntia
1161 4194 1210 4247 δ.
1246 4211 1266 4245 ι
1298 4191 1430 4246 Eam
1481 4201 1661 4247 autem
1711 4192 1844 4247 dicit
1865 4231 1881 4252 ,
1911 4206 2075 4262 quam

501 4290 882 4360 excogitat-unt
932 4294 1078 4339 artes
1104 4325 1118 4349 ,
1152 4299 1275 4354 quin
1303 4284 1358 4338 in
1411 4280 1642 4338 dicendo
1674 4291 1729 4337 et
1755 4282 2075 4337 disserendo

502 4389 809 4437 versantur.
836 4397 854 4430 ι
878 4378 1100 4443 Quzeres
1143 4391 1273 4446 ergo
1305 4375 1446 4445 apud
1488 4375 1663 4429 malos
1708 4373 2029 4443 sapientiam
2056 4412 2071 4437 ,

2179 3178 2237 3231 δὲ
2268 3180 2545 3252 ἐριστικήν
2583 3196 2643 3232 τε
2679 3180 2771 3233 καὶ
2814 3184 3130 3253 σοφιστικὴν
3168 3183 3365 3253 τέχνην
3397 3188 3761 3257 παραιτητέον

2180 3269 2457 3334 παντελῶς
2475 3287 2487 3300 ·
2519 3272 2640 3324 ἐπεὶ
2665 3270 2757 3324 καὶ
2792 3273 2846 3324 αἱ
2888 3271 3061 3338 λέξεις
3087 3274 3248 3326 αὑταὶ
3273 3274 3381 3327 τῶν
3419 3279 3689 3343 σοφιστῶν
3704 3278 3759 3330 οὐ

2183 3361 2340 3432 μόνον
2373 3362 2717 3431 γοητεύουσι,
2754 3363 3043 3417 κλέπτουσι
3070 3365 3181 3437 (75)
3208 3367 3334 3430 τοὺς
3358 3368 3593 3433 πολλοὺς
3610 3409 3624 3431 ,
3653 3369 3762 3439 βια-

2180 3453 2404 3524 ζόμεναι
2428 3453 2471 3506 δ’
2505 3453 2616 3506 ἔσθ’
2648 3455 2758 3518 ὅτε,
2781 3455 3065 3527 Καδμείαν
3094 3458 3249 3528 νίκην
3282 3459 3389 3531 (76)
3419 3460 3763 3531 ἀπηνέγκαν-

2178 3562 2256 3597 το.
2291 3546 2499 3609 Παιντὸς
2539 3545 2649 3617 γὰρ
2707 3545 2906 3617 μᾶλλον
2947 3546 3156 3618 ἀληθὴς
3187 3552 3216 3603 ό
3244 3549 3462 3620 ψαλμκ
3514 3553 3756 3614 ἐκεῖνος’

2184 3655 2202 3687 ι
2251 3636 2308 3690 Ὀ
2339 3636 2543 3701 δίκαιος
2576 3637 2685 3708 (77)
2718 3637 2940 3711 ζήσεται
2986 3644 3065 3706 είς
3113 3642 3261 3706 τέλος
3282 3683 3297 3705 ,
3320 3642 3404 3695 ὅτι
3439 3644 3547 3696 οὐκ
3573 3645 3758 3713 ὃῷεται

2177 3728 2527 3803 καταφθορὰν
2549 3771 2562 3792 ,
2598 3730 2674 3784 ὅτ’
2702 3731 2768 3785 ἂν
2793 3732 2873 3805 ἴδῃ
2911 3735 3105 3803 σοφοὺς
3126 3734 3591 3808 ἀποθνήσκοντας.
3628 3756 3647 3787 ι
3677 3738 3762 3789 Τί-

2177 3835 2275 3885 νας
2293 3821 2357 3893 δὴ
2389 3826 2586 3890 σοφοὺς
2614 3821 2760 3891 λέγει
2787 3839 2801 3888 ;
2833 3825 3066 3878 ἄκουσον
3105 3827 3169 3878 ἐκ
3194 3826 3293 3896 τῆς
3322 3827 3518 3895 sociat;
3549 3828 3723 3897 Ἰησοῦ
3742 3845 3756 3858 ’

2184 3937 2202 3967 ι
2229 3918 2342 3970 Οὐκ
2379 3916 2493 3969 ἔστι
2538 3916 2698 3986 σοφία
2749 3917 3013 3999 πονηρίας
3058 3920 3353 3989 ἐπιστήμη.
3388 3938 3406 3968 ι
3438 3919 3666 3990 Ταύτην
3700 3919 3761 3990 δὴ

2177 4008 2345 4076 λέγει,
2375 4007 2442 4079 ἣν
2474 4008 2771 4078 ἐπενόησαν
2793 4008 2979 4078 τέχναι
3007 4007 3252 4061 λεκτικαί
3283 4026 3343 4061 τε
3367 4011 3462 4062 καὶ
3498 4009 3761 4062 διαλεκτι-

2178 4101 2291 4153 καί.
2346 4119 2364 4151 ι
2396 4101 2660 4171 Ζητήσεις
2695 4096 2787 4153 οὖν
2835 4100 3024 4169 σοφίαν
3073 4101 3223 4171 παρὰ
3266 4104 3483 4165 κακοῖς,
3519 4103 3616 4154 καὶ
3665 4102 3761 4171 οὐχ

2180 4193 2452 4263 εὑρήσεις.
2490 4211 2508 4241 ι
2539 4191 2659 4245 Κᾶν
2700 4191 2844 4263 πύθῃ
2881 4193 3042 4247 πάλιν
3071 4194 3230 4246 ποίαν
3264 4191 3494 4263 ταύτην,
3527 4213 3546 4243 ι
3581 4194 3760 4263 Στόμα

2176 4285 2406 4349 δικαίου,
2444 4285 2645 4354 »φήσει
2687 4301 2789 4348 σοι,
2828 4304 2844 4334 ι
2889 4283 3318 4354 ἁποστάξει(78)
3353 4284 3578 4353 σοφίαν·
3623 4305 3643 4335 ι
3677 4302 3763 4338 σο-

2178 4378 2275 4446 φία
2335 4376 2391 4428 δὲ
2438 4375 2745 4447 ὁμωνύμως
2778 4379 2846 4446 τῇ
2879 4375 3106 4447 ἀληθείᾳ
3148 4377 3180 4447 ἡ
3218 4375 3507 4447 σοςιστικὴ
3547 4374 3761 4444 λέγεται

503 4459 692 4529 ριήοη
728 4471 970 4526 invenies
993 4482 1041 4523 υ.
1067 4488 1085 4521 ι
1119 4467 1186 4521 Et
1215 4468 1258 4522 si
1301 4484 1495 4523 rursus
1524 4482 1703 4536 roges,
1735 4480 1988 4534 quaenam
2012 4480 2075 4519 ea

2180 4466 2363 4537 τέχνη.
2399 4466 2554 4535 Ἐμοὶ
2579 4465 2635 4518 δὲ
2659 4464 2903 4529 εἰκότως,
2931 4459 3102 4536 οἶμαι,
3132 4465 3442 4538 πρόκειται,
3480 4467 3633 4536 βιοῦν
3665 4468 3761 4538 μὲν

503 4566 628 4621 est?
659 4583 676 4616 ι
714 4561 788 4618 Os
808 4562 964 4632 justi,
999 4580 1016 4612 ι
1053 4560 1261 4629 inquiet
1313 4560 1439 4626 tibi,
1473 4578 1492 4611 ‹
1525 4558 1809 4613 distillabit
1854 4556 2068 4626 sapien-

2177 4559 2317 4614 κατὰ
2344 4558 2437 4611 τὸν
2462 4558 2651 4626 Λόγον,
2690 4557 2783 4609 καὶ
2806 4559 2945 4637 νοεῖν
2975 4558 3043 4610 τὰ
3070 4557 3443 4628 σημαινόμενα
3462 4574 3475 4588 ·
3526 4558 3761 4627 εὐγλωτο

581 4703 638 4762 pls
675 4696 737 4751 Ρ.
768 4695 872 4749 344
909 4694 1018 4748 ED.
1048 4693 1345 4760 POTTER,
1373 4694 1607 4749 $93894
1635 4693 1745 4748 ΕΙ).
1774 4691 1998 4749 PARIS.

2180 4697 2288 4753 ’sal.
2314 4711 2501 4761 antu,
2523 4693 2612 4761 li),
2641 4694 2731 4749 ll.
2770 4693 2797 4733 δ
2824 4694 2991 4751 Eccli.
3019 4713 3134 4763 nx,
3170 4696 3263 4753 22.
3291 4708 3315 4736 ο
3350 4697 3511 4753 Prov.
3550 4717 3665 4765 xw,
3705 4699 3757 4755 6.

577 4811 692 4883 (73)
722 4808 977 4883 Kldqac
996 4808 1123 4883 _tdr
1159 4807 1350 4883 ἄρτοι-Λ
1374 4807 1744 4883 προέθηκενη
1768 4827 1786 4860 ι
1819 4808 2021 4864 Panem
2049 4829 2068 4862 ι

509 4879 694 4953 igitur,
724 4895 847 4936 cum
878 4880 1146 4953 fregisset,
1184 4880 1450 4953 edendum
1488 4879 1796 4949 proposuit,
1832 4897 1940 4934 non
1959 4887 2077 4934 tan-

510 4948 621 5009 tum
647 4952 765 5020 ejus
797 4949 1246 5020 speciem._Coul'.
1277 4948 1465 5003 Matth.
1490 4948 1655 5014 ’xxvt,
1691 4952 1782 5009 ‘26.
1808 4959 1913 5004 etc.

578 5012 693 5094 (745
745 5012 902 5088 Πρῦς
925 5019 1003 5094 δὲ
1174 5018 1333 5074 Forte
1372 5021 1573 5076 rectius
1605 5012 1740 5092 πρὸς
1764 5021 1821 5074 δὲ
1853 5022 1917 5084 ὅ,
1953 5037 1972 5071 ι
2011 5020 2080 5075 ad

504 5088 648 5166 quod
671 5088 880 5166 autem.
914 5110 936 5166 ι
971 5088 1234 5166 SvLBunc.

575 5162 687 5235 (75)
714 5162 1107 5228 Γοητεύουσι,
1155 5159 1510 5214 κλέπτουσι.
1529 5159 1893 5235 Ιξοητεύουσαι
1910 5158 2081 5235 κλέπ-

506 5231 1171 5289 τουσιέοηιῐηοιιιιιιοιιηιι
1208 5240 1427 5285 secutus
1459 5232 1676 5299 scripsi,
1722 5232 1812 5285 sed
1859 5231 2080 5284 mallem

507 5303 794 5375 reliquisse
834 5302 980 5375 vulg.
1018 5301 1305 5375 lectionem
1355 5300 1703 5375 γοητεύοντι,
1739 5300 2074 5375 κλέπτουσι)

505 5372 641 5444 quia
681 5381 807 5444 post
826 5372 993 5444 “intra
1018 5372 1527 5444 similenrcopulm
1577 5372 1810 5441 ellipsim
1842 5373 2076 5427 animad-

506 5442 639 5516 verti
660 5442 771 5516 .’p_._
791 5442 917 5516 l'._’>3,
937 5442 1070 5516 _l53,
1095 5443 1219 5516 l_8~i,
1248 5442 1372 5497 l85.
1394 5442 1656 5516 §v1_.nune.

575 5512 1023 5640 (762'Ka6pslar
1073 5512 1270 5583 νίκην.
1333 5532 1352 5565 ι
1386 5513 1680 5569 Cadmeam
1727 5512 2012 5567 victoriam
2051 5531 2070 5564 ι

579 5589 661 5640 uel
687 5595 801 5640 ant.
832 5602 954 5640 una:
982 5584 1173 5640 victori
1218 5584 1439 5640 perinde
1474 5599 1540 5637 ac
1580 5583 1721 5637 victo
1776 5584 2070 5640 Dertrciem

505 5583 801 5656 appellant,
832 5583 954 5654 qua:
982 5584 1173 5656 victori
1217 5584 1439 5654 perinde
1474 5599 1540 5656 ac
1580 5583 1721 5656 vieto
1776 5584 2072 5653 pertreiem

506 5653 679 5719 ωιτη.
709 5673 739 5711 a
770 5653 959 5711 Cadmi
980 5653 1288 5729 terrigenis,
1306 5670 1445 5729 quos
1468 5653 1781 5729 fabulantur
1801 5668 1920 5707 sese
1951 5669 2071 5729 mu-

506 5740 602 5783 tuo
627 5733 696 5789 ad
748 5742 918 5781 unum
947 5719 1142 5782 omnes
1171 5719 1461 5781 occidisse.
1497 5724 1602 5777 Alii
1654 5725 1855 5781 dictam
1885 5719 2071 5772 existi-

2180 4820 2385 4865 manta
2418 4810 2664 4875 victoria,
2716 4826 2822 4880 qua
2855 4809 3092 4865 Thebani
3121 4855 3134 4878 ,
3168 4814 3393 4867 Cadmei
3434 4816 3648 4871 scilicet
3679 4816 3758 4871 ci-

2182 4897 2298 4943 ves,
2327 4881 2577 4942 Adrasto,
2600 4880 2926 4948 Argivorum
2958 4898 3100 4952 rege,
3125 4887 3356 4944 devicto,
3396 4886 3541 4939 haud
3577 4888 3760 4941 minus

2184 4952 2285 5019 ipsi
2320 4952 2578 5021 damnum
2639 4953 2883 5021 perpessi
2945 4963 3092 5007 sunt.
3144 4953 3476 5018 Pausanias,
3509 4955 3758 5021 Βωοιίε..

2183 5037 2306 5105 pag.
2478 5022 2621 5102 'edit.
2661 5019 2870 5105 llanov.
2912 5023 3141 5105 εὲΩςτὺ
3177 5024 3398 5105 σύμπαν
3436 5027 3675 5105 στράτευ

2185 5089 2322 5160 πλὴν
2339 5089 2626 5169 ᾋδράστου
2641 5090 2928 5169 φθαρῆναι.
2950 5093 3195 5169 Ἐγένετο
3216 5089 3270 5169 δὲ
3284 5098 3379 5169 καίἷ
3396 5089 3580 5169 αὐτοῖς
3590 5099 3653 5151 τὸ
3668 5089 3762 5169 {pf

2184 5178 2279 5230 γον
2311 5160 2417 5231 ούκν
2441 5161 2569 5213 ἄνευ
2604 5160 2789 5214 κακῶν
2811 5160 2818 5162 ⁷
2843 5163 3094 5231 μεγάλων
3114 5181 3127 5193 ’
3166 5166 3260 5218 καὶ
3285 5166 3380 5219 ἀπ’
3418 5168 3654 5231 ἐκείνου,
3691 5160 3759 5222 τά

2186 5232 2283 5308 συν
2309 5229 2513 5308 ὀλέθριοι»
2543 5231 2654 5308 τῶν
2672 5229 3079 5308 κρατησάντων,
3116 5235 3397 5306 Καδμείαν
3424 5229 3760 5308 ὀνομάζουσι

2185 5301 2362 5370 νίκην.
2406 5282 3760 5370 .’τοιδένιετιιτιθιέυεξεί-εειῑιέῖλςῑῑῑλᾱῖςιξιῖῐίῐ

2185 5382 2361 5440 cepto,
2392 5381 2473 5425 est
2513 5374 2578 5425 ad
2614 5372 3036 5427 internecionem
3069 5390 3263 5430 caesus.
3306 5377 3413 5431 Sed
3435 5394 3499 5431 ea
3539 5378 3757 5433 Theba-

2184 5442 2272 5496 nis
2300 5443 2523 5517 victuria
2570 5457 2765 5512 magna
2795 5445 2958 5517 stetit
2987 5444 3161 5499 clade.
3199 5446 3277 5499 Ex
3310 5462 3377 5500 eo
3403 5460 3754 5517 usurpatum,

2183 5520 2242 5566 ut
2269 5514 2314 5586 si
2343 5528 2449 5586 qua
2477 5516 2709 5567 victores
2757 5515 3026 5582 pernicies
3058 5518 3351 5586 opprimat,
3390 5514 3629 5573 Cadniea
3686 5522 3757 5574 ti-

2179 5583 2351 5636 etoria
2376 5584 2607 5637 dicatur.
2640 5600 2659 5633 ι

2504 5652 2752 5734 δίκαιρς.
2863 5655 3141 5734 Clemente
3184 5657 3463 5734 additum.

2247 5723 2367 5792 (78X
2398 5723 2764 5786 Ἀποστιὶξει.
2799 5725 3144 5790 Ἀποστάζει,
3184 5726 3445 5783 Proverb.
