3960 6558
233 383 338 440 ’ΝΘ

1488 377 1925 439 STROMATUM
1951 383 2078 437 LIB.
2122 387 2162 438 ι.

3371 391 3476 446 730

224 499 643 564 τὲκθειάζουσαν,
675 497 767 552 καὶ
795 497 844 552 εί
871 497 934 568 δή
967 515 1050 561 τις
1077 495 1210 566 ἄλλη
1240 496 1309 550 τὰ
1339 501 1578 568 στοιχεῖα
1606 500 1813 554 ἐκτετί-

1925 510 2154 572 ptatem;
2188 513 2240 559 et
2269 505 2315 558 si
2342 519 2447 574 qua
2484 502 2588 557 alia
2616 503 3008 558 honoreaﬂccit
3038 505 3324 570 elementa,
3359 524 3480 577 quae

238 607 402 663 μηκε,
436 588 510 660 μὴ
539 590 883 659 ἓπιστήσασα
909 588 1009 658 τὴν
1037 586 1323 658 ποιητικὴν
1362 586 1541 640 αἰτίαν
1582 588 1809 652 τούτοις,

239 684 375 756 μηδὲ
447 681 756 753 ὲφαντάσθη
811 681 902 734 τὸν
954 679 1311 751 Δημιουργόν.
1380 677 1538 733 Ἀλλὰ
1592 679 1686 732 καὶ
1763 682 1812 734 oi

235 774 484 837 Στωϊκοὶ,
540 766 614 826 ὧν
663 773 756 826 καὶ
803 771 981 825 αὐτῶν
1029 771 1326 842 μέμνηται,
1368 771 1526 842 σῶμα
1560 772 1690 825 ὅντα
1725 773 1812 826 τὸν

234 866 369 919 Θεὸν
396 865 506 936 (98)
534 865 620 918 διὰ
647 865 744 935 τῆς
771 862 1102 934 ἁτιμοτάτης
1130 861 1263 933 ὕλης
1301 864 1685 936 πεφοιτηκέναι
1724 864 1811 917 λέ-

235 974 426 1026 γουσιν
453 957 512 1010 οὐ
551 956 748 1019 καλῶς.
785 975 804 1006 ί
841 955 1148 1026 Παράδοσιν
1185 954 1242 1007 δὲ
1286 954 1630 1026 ἀνθρωπίνην
1667 975 1684 1008 ι
1717 956 1812 1027 τὴν

235 1051 460 1123 λογικὴν
487 1050 776 1122 τερθρείαν
835 1050 1003 1118 λέγει.
1053 1050 1148 1104 Διὸ
1198 1050 1424 1104 κάκεῖνα
1475 1050 1810 1105 ἐπιστέλλει·

241 1164 262 1195 ι
297 1144 409 1208 Τὰς
436 1143 705 1213 νεωτέρας
732 1143 840 1214 (99)
870 1143 1124 1214 ζητήσεις
1151 1141 1378 1212 φεύγετε
1399 1159 1412 1172 ’
1452 1161 1470 1192 ι
1523 1140 1820 1212 μειρακιώ-

235 1237 349 1301 δεις
379 1237 490 1308 γὰρ
517 1238 573 1290 αί
601 1235 846 1289 τοιαῦται
875 1235 1216 1304 φιλονεικίαι,
1253 1253 1271 1285 ι
1317 1233 1509 1306 Ἀρετὴ
1545 1235 1602 1287 δὲ
1640 1235 1698 1287 οὐ
1729 1252 1815 1304 φι-

236 1330 625 1402 λομειράκιον,
669 1349 688 1380 ι
741 1331 768 1381 ὁ
797 1329 1082 1399 φιλόσοφος
1126 1327 1272 1396 λέγει
1320 1327 1571 1380 Πλάτων·
1623 1327 1716 1381 καὶ
1755 1328 1816 1380 τὸ

239 1417 531 1489 ἀγώνισμα
553 1417 731 1489 ἡμῶν,
758 1418 898 1472 κατὰ
922 1418 1011 1472 τὺν
1040 1418 1316 1470 Λεοντῖνον
1348 1417 1598 1488 Γοργίαν,
1623 1418 1814 1471 διττῶν

237 1511 298 1563 δὲ
325 1510 532 1584 ἀρετῶν
558 1511 748 1574 δεῖται,
777 1511 980 1581 τόλμης
997 1509 1090 1563 καὶ
1120 1508 1312 1579 σοφίας
1332 1526 1346 1539 ·
1373 1510 1577 1580 τόλμης
1609 1511 1727 1580 μὲν,
1757 1511 1816 1564 τὸ

239 1603 486 1658 κίνδυνον
507 1605 816 1674 ὑπομεῖναι,
836 1603 1027 1672 σοφίας
1046 1602 1122 1664 δὲ,
1153 1601 1214 1655 τὸ
1242 1602 1468 1672 αἴνιγμα
1493 1603 1713 1670 γνῶναι.
1755 1604 1815 1657 '0

238 1697 350 1766 γάρ
376 1713 457 1748 τοι
482 1695 672 1764 Λόγος,
703 1695 954 1766 καθάπερ
980 1694 1040 1748 τὸ
1065 1695 1324 1766 κήρυγμα
1361 1694 1422 1748 τὸ
1467 1695 1811 1766 Ὀλυμπιάσι,

239 1785 401 1839 καλεῖ
429 1784 528 1855 μὲν
551 1785 641 1838 τὸν
672 1783 1013 1854 βουλόμενον,
1045 1787 1298 1852 στεφανοῖ
1313 1783 1369 1836 δὲ
1385 1783 1472 1837 τὸν
1497 1784 1810 1855 δυνάμενον·

1915 593 1983 648 iis
2011 610 2116 648 non
2145 596 2369 665 praeﬁcit
2388 610 2609 650 causam
2641 593 2958 648 eﬂicientem
2979 637 2993 660 ,
3029 611 3130 650 nec
3171 597 3479 666 apprehen-

1913 687 1992 741 dit
2038 685 2317 756 Opiticem.
2373 686 2514 753 Quin
2573 686 2734 739 etiam
2790 684 2955 740 Stoici
2984 700 3032 749 ιι,
3098 702 3332 756 quorum
3367 688 3484 758 ipse

1914 793 2133 848 quoque
2156 777 2432 840 meminit,
2487 793 2590 831 non
2617 787 2765 831 recte
2810 778 2996 832 dicunt
3029 775 3218 844 Deum,
3255 795 3379 834 cum
3411 781 3484 835 sit

1915 885 2133 939 corpus,
2173 869 2492 922 vilissimam
2524 869 2831 937 pervasisse
2883 869 3186 922 materiam.
3227 888 3246 920 ι
3291 869 3483 924 Tradi-

1914 963 2114 1016 tionem
2136 963 2698 1016 iautemthumanam
2760 980 2777 1012 ι
2836 971 2996 1014 vocat
3049 961 3280 1030 logicum
3316 963 3488 1016 subti-

1914 1053 2138 1108 litatem.
2161 1052 2526 1118 Quamobrem
2551 1051 2642 1105 illa
2668 1067 2884 1120 quoque
2914 1050 3130 1104 scribit:
3167 1070 3185 1101 ‹
3210 1049 3486 1106 Juveniles

1915 1143 2084 1215 fugite
2121 1143 2530 1214 quaestiones”:
2567 1162 2585 1195 ι
2638 1152 2768 1197 sunt
2809 1143 2953 1196 enim
3008 1143 3246 1212 pueriles
3293 1142 3486 1211 hujus-

1916 1238 2060 1292 modi
2112 1237 2510 1292 contentiones.
2567 1255 2585 1287 ‹
2639 1235 2822 1288 Virtus
2876 1244 3058 1290 autem
3117 1251 3225 1289 non
3274 1242 3486 1289 tenetur

1915 1345 2100 1384 amore
2123 1329 2407 1399 iuvenum,
2436 1349 2456 1382 ι
2491 1328 2838 1399 inquitPlato
2868 1328 3342 1397 phil050phus;‘et
3367 1343 3488 1382 cer-

1916 1433 2095 1476 tamen
2125 1427 2397 1482 nostrum,
2432 1431 2491 1474 ut
2519 1421 2634 1474 vult
2662 1419 2894 1489 Gorgias
2920 1417 3241 1484 Leontinus,
3272 1419 3487 1472 duabus

1915 1525 2054 1580 Opus
2079 1511 2244 1566 habet
2276 1511 2587 1576 virtutibus,
2621 1510 2848 1564 audacia
2880 1519 2934 1564 et
2972 1510 3275 1578 sapientia:
3318 1509 3488 1562 auda-

1915 1603 1997 1656 cia
2020 1603 2258 1671 qiiidem,
2297 1611 2355 1656 ut
2401 1601 2557 1656 adeat
2583 1601 2917 1670 periculum;
2975 1599 3242 1669 sapientia
3280 1608 3486 1658 autem.

1918 1703 1978 1746 ut
2005 1694 2278 1748 discernat
2304 1694 2554 1763 aenigma.
2601 1691 2780 1762 Logos
2816 1691 2994 1755 enim,
3028 1688 3487 1756 quemadmodum

1918 1785 1972 1838 in
2021 1783 2267 1857 Olympia
2316 1786 2672 1854 praeconium,
2711 1792 2867 1837 vocat
2922 1782 3142 1851 quidem
3193 1795 3338 1845 eum,
3394 1780 3485 1848 qui

239 1877 497 1947 ἀκίνητον
529 1877 646 1948 μὲν,
676 1877 757 1929 ὅτι
782 1876 917 1942 πρδς
947 1876 1022 1947 (l)
1052 1875 1328 1946 ἀλήθειαν,
1355 1877 1446 1929 καὶ
1473 1875 1550 1946 τῷ
1575 1875 1688 1932 ὄντι
1715 1879 1815 1947 ἀρ-

1925 1879 2070 1941 vult,
2107 1880 2200 1933 sed
2245 1887 2476 1933 coronat
2507 1893 2666 1942 eum,
2708 1875 2801 1938 qui
2837 1883 3016 1943 potest
3058 1888 3179 1928 esse
3215 1873 3486 1927 invictus:

238 1970 338 2037 γὸν
365 1971 424 2022 οὐ
455 1967 702 2039 βούλεται
731 1964 868 2020 εἶναι
892 1967 979 2019 τὸν
995 1967 1357 2021 πιστεύσαντα
1384 1969 1412 2020 ὁ
1437 1967 1627 2036 Λόγος.
1661 1987 1679 2018 ‹
1709 1971 1814 2037 Ζη-

236 2061 411 2123 τεῖτε,
463 2059 592 2131 γὰρ,
645 2059 738 2110 καὶ
785 2059 1085 2129 sophus-.185
1119 2076 1138 2109 ι
1179 2056 1358 2125 λέγει·
1422 2056 1558 2110 ἀλλὰ
1595 2057 1692 2128 τὴν
1719 2058 1815 2127 ζή-

236 2166 398 2220 τησιν
426 2150 506 2212 είς
533 2147 748 2220 εὕρεσιν
765 2147 1094 2218 περαιοί(2),
1113 2146 1211 2217 τὴν
1235 2144 1427 2216 καινὴν
1456 2145 1531 2215 (5)
1559 2145 1817 2211 ἐξελάσας

237 2241 532 2312 φλυαρίαν,
560 2240 822 2312 ὲγκρίνων
846 2238 902 2291 δὲ
921 2238 1016 2309 τὴν
1039 2237 1338 2309 όχυροῦσαν
1359 2237 1458 2307 τὴν
1481 2236 1659 2289 πίστιν
1686 2239 1816 2307 ἡμῖν

238 2336 498 2407 θεωρίαν.
537 2354 555 2385 ‹
591 2333 762 2387 Τοῦτο
783 2334 840 2386 δὲ
865 2333 1027 2400 λέγω,
1055 2333 1140 2384 ἵνα
1181 2331 1252 2402 μή
1286 2347 1369 2393 τις
1398 2331 1540 2401 ὑμᾶς
1582 2329 1818 2400 παραλο-

237 2428 460 2501 γίζηται
507 2429 564 2480 έν
619 2425 988 2494 πιθανολογίᾳ,
1030 2442 1048 2474 ι
1089 2423 1252 2494 φησιν
1281 2421 1658 2485 ό’Λπόστολος’
1704 2423 1818 2475 δια-

238 2523 452 2594 κρίνειν
478 2519 720 2591 δηλονότι
744 2517 810 2571 τὰ
838 2517 929 2570 ὑπ’
958 2515 1140 2570 αὐτῶν
1169 2514 1244 2587 (4)
1260 2514 1527 2584 λεγόμενα
1568 2513 1816 2585 μεμαθη-

237 2616 386 2676 κόσι,
404 2613 498 2666 καὶ
523 2613 764 2682 ἁπαντᾷν
784 2610 920 2682 πρὸς
934 2609 1004 2662 τὰ
1017 2605 1388 2678 ἐπιφερόμενα
1397 2604 1814 2675 δεδιδαγμένοις.

241 2724 265 2756 ο
287 2706 380 2767 Ὠς
401 2701 493 2757 οὖν
519 2702 855 2775 παρελάϐετε
895 2698 1101 2770 Ἰησοῦν
1128 2698 1363 2770 Χριστὸν
1385 2696 1460 2768 (5)
1478 2696 1567 2749 τὸν
1594 2696 1816 2767 Κύριον,

237 2799 301 2848 ἐν
329 2795 479 2866 αὐτῷ
507 2795 875 2866 περιπατεῖτε,
893 2789 1248 2863 ἐρριζωμένοι
1264 2790 1358 2843 καὶ
1373 2787 1723 2859 ὲποικοδομού
1732 2805 1821 2858 με-

237 2906 326 2943 νοι
345 2891 402 2942 ὲν
420 2887 589 2958 αὐτῷ,
609 2887 704 2940 καὶ
729 2884 946 2957 βεϐαιου
956 2901 1107 2956 μενοι
1123 2884 1181 2936 ὲν
1204 2885 1271 2954 τῇ
1291 2883 1492 2935 πίστει.
1507 2899 1526 2934 ι
1562 2881 1740 2934 Πειθω
1763 2881 1820 2935 δὲ

236 2984 273 3052 ἡ
308 2979 598 3050 βεδαίωσις
624 2978 722 3049 τῆς
747 2977 999 3040 πίστεως.
1019 2995 1038 3027 ‹
1062 2975 1293 3029 Βλέπετε
1325 2975 1396 3046 μή
1411 2991 1496 3037 τις
1512 2974 1657 3045 ὑμᾶς
1669 2974 1820 3028 ἔσται

236 3076 266 3124 ὁ
297 3069 628 3140 συλαγωγῶν
654 3090 672 3121 ι
712 3068 818 3122 ἀπὸ
856 3069 958 3138 τῆς
993 3067 1226 3130 πίστεως
1257 3067 1357 3136 τῆς
1379 3067 1458 3130 είς
1472 3065 1561 3120 τὸν
1587 3067 1821 3138 Χριστὸν

243 3186 261 3216 ε
289 3165 381 3219 διὰ
399 3164 500 3234 τῆς
523 3162 834 3234 φιλοσοφίας
856 3162 950 3214 καὶ
976 3160 1139 3231 κενῆς
1163 3158 1396 3227 ἀπάτης,
1419 3179 1437 3210 ι
1454 3159 1551 3230 τῆς
1569 3159 1822 3232 ἀναιρού-

1921 1971 2175 2040 quoniam
2209 1985 2393 2025 revera
2424 1969 2601 2038 Logos
2629 1983 2738 2022 non
2762 1967 2875 2020 vult
2909 1967 3144 2021 otiosum
3176 1980 3298 2020 esse
3343 1980 3485 2018 .eum

1921 2064 2012 2131 qui
2048 2061 2297 2116 credidit.
2342 2073 2362 2106 ι
2406 2059 2642 2125 ριιωιοίιθ
2678 2079 2694 2108 ι
2720 2059 2900 2121 cnim,
2948 2057 3158 2126 inquit,
3202 2075 3219 2106 ι
3255 2065 3309 2109 et
3337 2054 3489 2108 inve»

1923 2154 2167 2207 nielisc:
2208 2170 2227 2203 ι
2271 2151 2366 2206 sed
2397 2149 2808 2220 inquisitionem
2857 2147 3113 2201 terminat
3157 2147 3490 2208 inventione,

1922 2253 2167 2300 recentes
2201 2258 2372 2312 nugas
2399 2241 2795 2303 exterminans,
2821 2238 3127 2308 approbans
3151 2246 3328 2292 autem
3361 2251 3462 2289 con
3481 2264 3493 2273 -

1923 2341 2348 2410 templationem.
2380 2352 2503 2407 qua:
2535 2345 2780 2390 nostram
2807 2333 2965 2388 ﬁdem
2996 2331 3301 2386 confirmat.
3332 2347 3352 2379 ‹
3382 2326 3495 2381 Hoc

1923 2445 2103 2487 autem
2149 2433 2295 2497 dico,
2336 2446 2402 2484 ne
2434 2431 2558 2502 quis
2605 2444 2703 2482 vos
2745 2427 2984 2496 decipiat
3012 2425 3064 2479 in
3119 2421 3498 2494 probabilitate

1924 2524 2194 2578 sermonis
2221 2526 2271 2586 ά,
2306 2541 2326 2574 ι
2368 2523 2445 2576 ait
2477 2520 2801 2591 Apostolus;
2833 2527 2891 2575 ut
2915 2518 3031 2588 qui,
3058 2533 3180 2587 quae
3211 2515 3279 2570 ab
3307 2515 3387 2569 eis
3414 2513 3498 2568 di-

1925 2623 2146 2679 cuntur,
2183 2613 2497 2667 discernere
2527 2610 2736 2665 scilicet
2775 2609 3078 2664 didiceritis
3098 2648 3112 2672 ,
3143 2615 3197 2661 et
3245 2606 3344 2671 iis,
3376 2619 3499 2675 qua:

1925 2707 2283 2775 objiciuntur,
2315 2719 2608 2760 occurrere
2638 2704 2785 2759 docti
2820 2701 2962 2758 sitis.
2999 2719 3018 2752 ι
3054 2699 3210 2754 Sicut
3245 2712 3374 2769 ergo
3408 2713 3500 2752 ac-

1925 2799 2147 2869 cepistis
2165 2795 2351 2853 Jesum
2379 2797 2661 2852 Christum
2694 2793 3012 2858 Dominum,
3043 2792 3097 2846 in
3129 2807 3193 2846 eo
3225 2789 3502 2845 ambulate

1926 2891 2155 2946 radicali
2206 2898 2260 2944 et
2296 2888 2711 2959 superaedilicati
2759 2889 2813 2942 in
2847 2887 2987 2957 ipso,
3013 2895 3066 2940 et
3109 2884 3414 2940 conﬁrmati
3443 2885 3498 2936 in

1927 2982 2032 3036 ﬁde
2067 2991 2114 3034 ο.
2158 3000 2176 3034 ι
2212 2981 2307 3037 Est
2371 2979 2903 3051 autcm'persuasio,
2956 2977 3078 3031 ﬁdei
3132 2977 3496 3031 conﬁrmatio.

1932 3091 1952 3124 ι
1994 3071 2183 3128 Videte
2232 3088 2297 3128 ne
2336 3073 2462 3143 quis
2517 3072 2588 3126 sit
2623 3072 2716 3142 qui
2761 3086 2858 3124 vos
2896 3070 3132 3124 abducat
3172 3087 3190 3119 ι
3237 3083 3268 3120 a
3313 3067 3414 3121 [ide
3445 3067 3500 3119 in

1926 3167 2205 3223 Christum
2244 3186 2262 3220 ι
2300 3182 2394 3236 per
2427 3165 2828 3236 philosophiam
2867 3173 2921 3217 et
2963 3164 3179 3216 inanem
3226 3161 3503 3229 deceptio-

239 3273 346 3326 σης
361 3256 460 3326 τὴν
481 3254 766 3325 Πρόνοιαν,
789 3271 808 3304 ι
832 3249 972 3305 κατὰ
996 3251 1292 3322 παράδοσιν
1321 3250 1429 3303 τῶν
1449 3249 1750 3322 ἀνθρώπων
1769 3268 1782 3281 ·
1797 3270 1816 3302 ι

1928 3277 2076 3328 nem,
2117 3283 2136 3312 ι
2170 3261 2457 3332 quietollit
2487 3259 2905 3330 providentiam,
2937 3275 2955 3308 ι
2986 3255 3286 3311 secundum
3331 3255 3504 3308 tradi-

235 3352 273 3420 ἡ
309 3349 422 3420 γὰρ
467 3347 608 3401 κατὰ
642 3346 740 3417 τὴν
770 3345 920 3400 θείαν
967 3343 1262 3414 παράδοσιν
1311 3341 1596 3412 φιλοσοφία
1645 3345 1824 3414 ἵστησι

234 3442 342 3511 τὴν
375 3440 630 3510 πρόνοιαν
655 3437 748 3490 καὶ
786 3435 1018 3506 βεϐαιοῖο
1059 3430 1127 3507 ἧς
1154 3432 1534 3505 ἀναιρεθείσης
1553 3473 1566 3496 ,
1597 3432 1762 3504 μῦθος
1789 3437 1823 3505 ἡ

237 3533 376 3604 περὶ
389 3533 479 3585 τὸν
496 3531 722 3600 Σωτῆρα
737 3527 1014 3598 οἰκονομία
1053 3526 1316 3596 φαίνεταν
1349 3545 1366 3576 ι
1414 3525 1553 3579 κατὰ
1584 3525 1652 3578 τὰ
1686 3543 1828 3578 στοι-

237 3626 368 3693 χεῖα
386 3621 478 3674 τοῦ
505 3621 732 3690 κόσμου,
769 3619 862 3671 καὶ
893 3619 954 3671 οὐ
989 3616 1130 3671 κατὰ
1163 3616 1424 3689 Χριστὸν,
1462 3637 1480 3668 ι
1512 3617 1826 3688 φερομένων

236 3711 425 3786 ἡμῶν.
472 3713 536 3764 Ἡ
563 3710 670 3782 γὰρ
693 3708 982 3772 ἀκόλουθος
1015 3706 1234 3778 Χριστῷ
1265 3707 1576 3760 διδασκαλία
1609 3707 1702 3760 καὶ
1735 3708 1827 3761 τὸν

163 3845 166 3850 .
236 3801 587 3873 Δημιουργὸν
628 3798 928 3862 ὲκθειάζει,
968 3798 1062 3850 καὶ
1093 3796 1189 3864 τὴν
1225 3797 1477 3867 πρόνοιαν
1526 3797 1686 3868 μέχρι
1718 3797 1828 3850 τῶν

238 3891 390 3946 κατὰ
422 3891 590 3962 μέρος
621 3888 765 3957 ἄγει,
799 3887 894 3940 κα)⁸
925 3886 1164 3957 τρεπτὴν
1197 3888 1292 3938 καὶ
1323 3887 1558 3959 γενητὴν
1590 3883 1698 3940 οἶδε
1729 3887 1826 3958 τὴν

235 3985 356 4038 τῶν
403 3982 680 4052 στοιχείων
728 3980 918 4049 φύσιν·
957 3980 1052 4032 καὶ
1086 3977 1458 4032 πολιτεύεσθαι
1489 3982 1569 4043 είς
1600 3980 1828 4050 δύναμιν

238 4072 638 4146 ἑξομοιωτικὴν
685 4071 763 4143 τῷ
811 4070 928 4141 Θεῷ
967 4069 1227 4133 διδάσκει,
1264 4071 1358 4122 καὶ
1390 4070 1487 4141 τὴν
1518 4071 1828 4141 οἰκονομίαν

237 4169 321 4232 ὡς
384 4166 739 4238 ἡγεμονικὸν,
789 4164 889 4234 τῆς
941 4163 1160 4232 ἀπάσης
1215 4161 1498 4233 προΐεσθαι
1550 4162 1816 4228 παιδείας.

237 4262 496 4330 Στοιχεῖα
525 4257 582 4311 δὲ
616 4258 849 4321 σέϐουσι,
883 4257 1135 4327 Διογένης
1169 4255 1246 4328 (6)
1283 4256 1380 4327 μὲν
1413 4255 1501 4309 τὸν
1525 4256 1680 4330 ἀέρα,
1717 4257 1823 4312 Θά-

321 4406 384 4463 ›Ῑ‹
416 4399 476 4453 Ρ.
508 4400 613 4453 547
641 4398 746 4452 ΕΙ).
789 4397 1086 4453 PUTTER.

242 4483 269 4511 ο
308 4472 472 4537 lhid.,
498 4471 553 4534 6,
590 4469 640 4522 7.
722 4469 738 4507 ί
773 4469 934 4535 lbid.,
971 4469 1024 4523 8.

1192 4411 1216 4438 ι
1257 4399 1376 4454 Act.
1413 4415 1531 4464 xm,
1575 4400 1656 4455 l8.

1105 4471 1130 4509 ³
1156 4467 1289 4523 Ibid.
1317 4471 1371 4525 8.

1760 4401 1789 4440 ι’
1828 4400 1873 4455 II
1921 4400 2064 4459 Tim.
2099 4421 2172 4469 ll,
2214 4405 2314 4476 22.,
2341 4406 2432 4460 25.
2464 4471 2470 4478 ι
2545 4417 2568 4444 ο
2600 4404 2790 4458 Matth.
2830 4419 2934 4467 vn,
2983 4404 3037 4458 Ἰ.

1925 3355 2128 3409 tionem
2158 3354 2442 3408 hominum
2482 3352 2528 3406 τ.
2574 3372 2590 3403 ι
2630 3349 2762 3418 Quae
2783 3359 2867 3404 est
2891 3350 3034 3404 enim
3063 3347 3360 3403 secundum
3387 3353 3502 3401 tra-

1925 3446 2184 3501 ditionem
2215 3444 2458 3498 divinam
2483 3442 2854 3513 philosophia,
2887 3434 3173 3494 eoiistituit
3219 3448 3272 3493 et
3301 3437 3504 3494 contir-

1926 3547 2039 3593 mat
2089 3539 2484 3608 providentiam
2519 3553 2532 3588 :
2571 3552 2678 3605 qua
2716 3536 2928 3591 sublata
2973 3534 3186 3588 videtur
3227 3539 3286 3596 »ᾖ
3321 3531 3504 3587 fabula

1929 3630 2232 3685 Servatoris
2256 3631 2584 3692 oeconomia,
2603 3644 2726 3684 cum
2746 3644 2843 3682 nos
2867 3645 2884 3679 ι
2914 3627 3212 3681 secundum
3235 3627 3504 3680 elementa

1929 3722 2096 3791 hujus
2127 3722 2340 3784 mundi,
2368 3732 2420 3776 et
2455 3737 2564 3775 non
2614 3719 2914 3775 secundum
2945 3718 3228 3772 Christum
3266 3719 3322 3768 ει
3357 3717 3503 3771 fera-

1935 3828 2080 3867 mur.
2133 3813 2265 3880 Qua:
2300 3823 2384 3868 est
2407 3812 2551 3867 enim
2584 3811 2803 3866 Christo
2833 3817 3200 3864 consentanea
3231 3807 3503 3872 doctrina,

1927 3913 1979 3957 et
2010 3903 2260 3974 opiﬁcem
2295 3902 2462 3957 Deum
2487 3917 2610 3957 esse
2640 3901 2856 3964 asserit,
2884 3908 2937 3953 et
2961 3899 3180 3955 deducit
3210 3893 3504 3967 providen-

1929 3995 2060 4048 tiam
2109 4010 2283 4064 usque
2323 3994 2390 4049 ad
2443 3992 2777 4063 singularia,
2810 4000 2862 4045 et
2900 3989 3060 4043 talem
3111 3989 3503 4044 elementorum

1931 4084 2080 4138 novit
2107 4100 2229 4139 esse
2257 4093 2532 4147 naturam,
2560 4091 2620 4137 ut
2645 4083 2699 4136 in
2731 4097 2850 4137 eam
2878 4081 3037 4136 cadat
3062 4090 3218 4134 ortus
3242 4089 3296 4134 et
3325 4090 3506 4134 muta-

1927 4176 2040 4242 tio;
2071 4190 2242 4244 eaque
2280 4175 2438 4229 docet
2467 4174 2532 4228 ad
2565 4174 2615 4227 id
2649 4173 2832 4242 dirigi,
2866 4183 2924 4225 ut
2954 4171 3064 4223 vim
3106 4170 3502 4224 assimilantem

1926 4263 2038 4320 Deo
2066 4266 2397 4332 habeamus;
2435 4264 2663 4334 ejusque
2701 4263 3166 4332 diSpensationem
3212 4263 3361 4316 omni
3400 4263 3504 4315 do-

3143 4402 3170 4442 d
3207 4403 3322 4458 Col.
3356 4421 3418 4468 ιι,
3449 4406 3504 4459 4.

316 4603 642 4688 (ﬁll-£13114;
665 4605 1032 4688 5179'f557.9.
1061 4604 1314 4688 Clemens
1359 4607 1414 4688 ijt
1456 4605 1722 4688 fratrept.
1765 4624 1819 4676 p.

1927 4608 2221 4688 δυνάμενον
2248 4608 2504 4688 ᾲνίκητον
2543 4607 2726 4678 μένειν
2748 4647 2775 4688 ,_
2811 4606 3268 4688 quemadmodum
3313 4601 3509 4688 legisse

235 4674 473 4749 4£_et|it.
509 4675 682 4749 Paris.
705 4692 718 4726 :
740 4674 1015 4749 ΔΟὐδὲμμὴν
1042 4677 1166 4749 τοὺς
1195 4676 1301 4749 ἀπὸ
1333 4677 1430 4746 τῆς
1455 4678 1623 4740 Στοᾶς
1647 4674 1823 4749 παρε-

234 4747 553 4830 λῷςφμαιζ
565 4745 653 4830 διὰ
682 4746 860 4830 πάῃς
888 4744 1020 4814 ὕλης
1038 4786 1051 4809 ,
1076 4745 1176 4830 καὶ
1220 4745 1306 4799 διὰ
1330 4744 1428 4830 τῇς
1471 4744 1822 4830 ἀτιμοτάτης,

234 4819 304 4873 τὸ
345 4817 500 4888 Θεῖον
524 4816 732 4888 διήκειν
753 4816 1030 4888 λέγοντας,
1047 4816 1096 4868 οἳ
1114 4816 1826 4888 καταισχύνουσινάτεχνῶς

235 4889 348 4961 τὴν
378 4886 717 4956 φιλοσοφίαν.
782 4907 800 4937 ι
839 4886 962 4961 Sed
993 4902 1094 4961 nec
1139 4887 1368 4961 Stoicos
1393 4886 1823 4961 praateriiiittatn,

233 4955 340 5028 qui
371 4955 1002 5028 emnemtquantumvis
1020 4955 1180 5010 vilem
1225 4955 1614 5028 etrabjectam,
1652 4968 1824 5012 mate-

234 5026 389 5083 riam
409 5028 600 5082 dicunt
622 5026 790 5081 Deum
811 5027 1124 5096 pervadere,
1141 5028 1232 5096 qui
1256 5027 1410 5095 plane
1426 5027 1822 5096 philosophiam

231 5099 605 5152 dedecorant.
642 5115 663 5149 ι
693 5095 823 5151 Item
855 5095 1054 5152 Strom.
1082 5112 1134 5161 ν,
1159 5112 1280 5166 pag.
1301 5095 1536 5158 59l,’ubi
1561 5095 1705 5152 conf.
1730 5100 1826 5153 ad-

231 5177 457 5223 notata.
1090 5169 1096 5176 '

316 5238 434 5307 (99)
473 5236 587 5302 Τὰς
619 5253 786 5291 νεωτ.
812 5235 1010 5291 Nullibi
1029 5247 1212 5307 monet
1243 5236 1538 5304 Apostolus
1568 5237 1667 5298 τὰς
1689 5253 1823 5291 νεω-

229 5305 424 5382 τέρας
443 5307 699 5382 ζητήσεις
738 5308 978 5382 φεύγειν.
1029 5305 1224 5382 νοιυιιι
1256 5307 1822 5382 _'_I‘i_tnothco__scribit,

226 5374 343 5444 τάξ
365 5374 786 5449 μωρᾶς’...ζητή
798 5374 906 5441 σείς
935 5374 1457 5449 παραιτεῖνδίςΐὶιιι.
1478 5392 1536 5437 ιι,
1554 5377 1642 5449 ἓξ,
1663 5379 1826 5443 etei;

228 5446 583 5520 νεωτερικὰς
628 5446 922 5518 ἐπιθυμίας
940 5446 1197 5520 φεύγειν,
1230 5447 1267 5498 ll
1304 5446 1445 5500 Tim.
1485 5463 1543 5520 ιι,
1571 5447 1662 5502 22.
1693 5449 1826 5512 Quae

224 5517 534 5581 Clemens,
571 5533 600 5572 e
635 5517 898 5573 memeria
933 5518 990 5572 S.
1036 5517 1346 5586 Scripturas
1390 5519 1648 5583 recitatis,
1679 5533 1828 5573 Coin-

225 5591 542 5644 niiscuisse
577 5589 809 5642 videtur.

313 5663 399 5729 (1)
433 5658 729 5729 Σντεερανοῖ
745 5657 812 5711 δὲ
838 5661 943 5712 τὸν
965 5657 1332 5729 υνάμενον·
1368 5657 1657 5723 ἀκίνητον
1687 5657 1822 5726 μὲν,

222 5732 331 5785 ὅτι
369 5745 434 5782 π.
475 5728 738 5800 Hei-vetus
764 5730 891 5800 legit
915 5728 1198 5800 avixqtov'
1237 5732 1466 5782 fortasse
1484 5728 1826 5800 γει-ιιιεηὰκί-

222 5817 406 5882 vnter;
433 5800 617 5870 μέντοι
643 5799 778 5882 πρὸς
801 5797 915 5882 diu,
933 5817 955 5850 ί
975 5797 1267 5882 “immotqu
1291 5808 1656 5882 tametmnete.
1677 5797 1822 5882 Guil.

223 5867 519 5928 cantet-us
551 5884 648 5939 pro
680 5867 761 5923 ὃτι
800 5870 927 5941 legit
972 5869 1071 5923 ἔτι.
1123 5867 1387 5924 Summe.
1419 5901 1447 5908 —
1518 5868 1710 5924 Scribe
1739 5871 1824 5924 τὸν

1929 4677 2194 4734 Herv‘etus
2225 4677 2436 4733 videtur
2459 4697 2472 4732 :
2495 4677 2601 4730 nun
2633 4678 2777 4746 quod
2806 4677 2983 4746 placet
3011 4677 3320 4747 Sylburgio.
3343 4677 3510 4731 Hall-

1927 4765 2062 4804 ειυς.
2088 4779 2160 4789 —-
2187 4748 2421 4811 Mallem,
2458 4749 2550 4801 τὸν
2577 4747 2874 4819 δυνάμενον
2912 4747 3166 4819 ἀκίνητον
3196 4747 3378 4818 μένειν
3407 4747 3437 4800 ὅ
3455 4761 3510 4799 τι

1928 4820 2065 4892 πρὸς
2108 4820 2220 4885 ἁλ.,
2257 4838 2274 4868 ι
2307 4821 2400 4889 qui
2430 4820 2573 4872 valet
2606 4818 3212 4892 immotuspersislere.
3241 4824 3510 4892 quantum

1928 4887 1996 4945 ad
2031 4887 2575 4958 veritatem—spectat.
2610 4907 2628 4940 ι
2677 4887 2920 4958 Respicit
2953 4889 3098 4941 enim
3147 4887 3509 4958 ptigiles,_qui

1935 4979 1951 5010 ι
1989 4960 2202 5014 immoti
2236 4979 2254 5011 ι
2286 4954 2728 5015 adversariorum
2759 4954 2902 5012 ictus
2953 4954 3318 5012 sustinebant.
3363 4954 3509 5008 ’Δνί-

1928 5047 2094 5101 κητον
2125 5029 2378 5101 frigidius
2399 5039 2502 5101 est.

1930 5168 1967 5224 S
1987 5094 2076 5170 ’(2)
2111 5094 2368 5168 Περαιοῖ.
2404 5100 2460 5154 Si
2495 5099 2620 5170 quis
2649 5099 2878 5170 περατοῖ
2907 5098 3078 5161 malit,
3113 5112 3212 5166 per
3242 5110 3330 5150 me
3359 5094 3505 5148 licet.

1972 5187 2196 5224 vLeuac.

1972 5187 2196 5226 YLBURG.

2001 5243 2077 5312 (5)
2109 5240 2355 5305 Καινήν.
2383 5240 2592 5311 Καινήν
2611 5240 2861 5312 agnoscit
2876 5237 3039 5312 etiam
3064 5234 3280 5312 Ilervcli
3307 5233 3509 5312 versio,

1933 5330 1950 5362 ι
1990 5305 2510 5393 ιίρὺεηῑιιιιιδιιιιείδ;
2539 5305 2673 5364 ἰδείί
2703 5309 2849 5362 haud
2877 5309 2993 5361 scio
3015 5323 3082 5360 an
3111 5305 3291 5359 verius
3316 5306 3506 5374 κενήν,

1937 5401 1954 5432 ‹
1995 5384 2232 5436 inanem.
2263 5401 2280 5432 ι
2320 5381 2394 5434 In.

2001 5455 2078 5518 (4)
2115 5453 2232 5504 Τπ“
2263 5450 2480 5505 αὐτῶν.
2513 5448 2653 5516 Lege
2686 5449 2777 5500 ὑπ’
2794 5444 3180 5518 αὐτοῦ,γίηιιιιὶι
3202 5443 3507 5518 Lomhius.

1927 5591 1945 5644 ι
2000 5512 2076 5592 (5)
2115 5521 2349 5590 Ἰησοῦν
2377 5512 2655 5588 Χριστόιθ,
2689 5519 2790 5572 ’[ὺν
2818 5517 3051 5588 Χριστὸν
3081 5512 3306 5585 Ἰησοῦν
3334 5555 3348 5581 ,
3402 5512 3508 5567 Co-

1949 5609 2060 5644 uss.

1949 5609 2076 5731 υἷῗξ)
2114 5661 2415 5733 Διογένης.
2454 5657 2945 5733 Με.11.Διομένης.
2985 5654 3324 5733 Saeuam:
3348 5651 3511 5733 Catil".

1927 5725 2067 5856 quae
2099 5725 2547 5803 superius—dicta
2601 5739 2730 5786 sunt
2761 5725 3054 5786 'Protreut.
3104 5742 3228 5798 pag.
3257 5725 3331 5780 49.
3374 5725 3511 5781 edit.

1973 5820 2104 5857 aris.
