3960 6518
895 275 943 290 η

448 331 552 388 751
1575 347 1974 404 CLEMENTts
2013 349 2485 412 ALEXANDBIN!
3608 351 3712 408 752

421 447 658 513 "ett-inae,
689 453 748 500 ut
780 442 1131 515 principium,
1175 441 1433 511 praemitti
1478 442 1701 498 debere.
1751 441 2027 496 Elementa

2147 449 2232 514 ’.ης
2261 443 2317 497 δὲ
2352 445 2411 497 τὸ
2438 442 2600 514 ὕδωρ·
2633 441 2894 505 Ἵππασος
2915 441 2970 495 δὲ
3003 443 3062 496 τὸ
3090 443 3220 514 πῦρ·
3257 447 3350 499 καὶ
3381 447 3430 499 οἰ
3465 445 3561 510 τὰς
3593 447 3712 500 ἀτό-

448 551 630 598 autetu
654 540 862 604 colunt,
891 535 1158 606 Diogenes
1181 536 1399 605 quidem
1433 551 1648 603 aerem;
1675 535 1718 589 Τ
1734 536 1882 592 hales
1906 553 2032 592 vero

2147 554 2276 608 μους
2321 537 2494 609 ἀρχὰς
2544 533 2950 610 ὑποτιθέμενοι,
3001 536 3316 607 φιλοσοφίας
3362 539 3532 610 ὗνομα
3582 539 3712 594 ὕπο-

427 648 684 703 aquam;
742 627 1013 700 Hippasus
1062 642 1192 682 vero
1233 629 1456 696 ignem;
1509 640 1564 682 et
1611 629 1708 697 qui
1765 629 2034 699 principia

2147 605 2427 699 δυόμενος*
2469 627 2617 682 ἄθεοί
2666 605 2808 692 τινες
2846 605 3222 700 ἆνθρωπίσκοι
3279 632 3374 683 καὶ
3421 605 3710 701 φιλήδονοι.

425 724 477 778 t'a
507 725 660 779 ciunt
708 730 922 776 atomos
950 761 964 783 ,
998 717 1372 788 philosophia:
1421 734 1620 773 nomen
1667 729 1992 790 arrogantes
2017 762 2031 784 ,

439 817 602 887 impii
629 813 855 886 quidam
888 810 1209 866 homunculi
1239 819 1293 865 et
1338 810 1601 880 voluptati
1630 811 1816 865 dediti.
1839 830 1867 862 1
1897 809 2021 864 Pro-

432 919 636 978 pterea
671 921 792 970 oro,
819 905 1091 976 inquit,ut
1128 902 1346 957 dilectio
1377 913 1555 957 vestra
1580 904 1759 958 adhuc
1781 903 1953 973 magis
1983 910 2038 956 et

450 1001 626 1072 magis
649 997 887 1054 abunde:
913 997 966 1050 in
993 994 1270 1065 agnitione
1294 1002 1347 1048 et
1370 993 1519 1049 omni
1548 1010 1736 1060 sensu,
1755 995 1820 1048 ad
1842 995 1947 1048 hoc
1977 1001 2038 1048 ut

443 1107 552 1148 vos
601 1090 842 1160 probetis
881 1103 1004 1159 qum
1042 1099 1170 1144 sunt
1211 1087 1421 1158 potiora
1461 1098 1508 1140 α.
1545 1105 1563 1137 ι
1596 1085 1731 1141 Nam
1771 1105 1790 1136 ‹
1819 1084 2038 1156 quando

431 1197 693 1246 eramus,
741 1179 920 1250 inquit
969 1177 1290 1248 Apostolus,
1343 1176 1576 1246 parvuli,
1615 1176 1717 1231 sub
1755 1176 2037 1232 elementis

439 1274 618 1344 hujus
652 1271 838 1326 mundi
874 1285 1094 1326 eramus
1128 1269 1448 1324 servientes.
1501 1267 1772 1324 Parvulus
1815 1276 1996 1322 autem
2018 1309 2033 1332 ,

436 1366 668 1422 etiamsi
698 1365 766 1421 sit
791 1365 986 1430 haeres,
1033 1362 1168 1418 nihil
1206 1361 1386 1417 diﬂ‘ert
1428 1377 1458 1416 a
1499 1377 1658 1417 servo
1695 1376 1868 1431 usque
1899 1376 2037 1431 prae-

451 1459 667 1513 tinitum
695 1467 908 1526 tempus
941 1455 1111 1526 patris
1127 1455 1174 1508 δ.
1205 1473 1223 1506 ι
1252 1452 1470 1508 Parvuli
1521 1468 1651 1524 ergo
1695 1459 1824 1508 sunt
1871 1452 2036 1506 etiam

452 1549 784 1621 philosophi,
808 1549 914 1604 nisi
947 1564 977 1602 a
1004 1546 1228 1603 Christo
1250 1548 1352 1602 viri
1385 1547 1539 1602 ﬁant.
1573 1546 1629 1600 Si
1659 1546 1807 1601 enim
1828 1563 1858 1598 -ι
1892 1546 2037 1600 lilius

453 1643 663 1698 ancillae
692 1657 798 1696 non
831 1640 1049 1695 futurus
1083 1640 1154 1694 sit
1189 1640 1367 1695 haeres
1413 1655 1539 1694 cum
1581 1640 1695 1693 tilio
1728 1639 1912 1693 liberae
1931 1648 1985 1704 ο,
2010 1655 2029 1689 ο

444 1743 511 1792 at
543 1742 628 1790 est
665 1734 885 1804 quidem
926 1742 1073 1788 certe
1115 1747 1300 1788 semen
1349 1731 1602 1797 Abrahae,
1647 1730 1794 1801 quod
1827 1745 1934 1785 non
1967 1744 2035 1783 ex

2142 737 2160 770 ι
2190 718 2289 772 Διὰ
2318 719 2475 772 τοῦτο
2518 718 2911 790 προσεύχομαι,
2940 722 3127 790 φησιν,
3153 721 3240 773 ἵνα
3271 722 3304 791 ἡ
3335 721 3528 793 ἀγάπη
3563 721 3715 792 ὑμῶν

2137 811 2216 864 ἔτι
2259 811 2458 882 μᾶλλον
2497 809 2592 864 καὶ
2639 807 2839 880 μᾶλλον
2874 810 3174 885 περισσεύῃ
3206 813 3264 865 ὲν
3296 811 3592 881 ἐπιγνώσει
3623 814 3716 867 καὶ

2137 904 2286 975 πάσῃ
2335 902 2618 974 αἰσθήσει,
2649 905 2729 966 εἱς
2771 903 2833 956 τὸ
2870 903 3183 975 δοκιμάζειν
3233 904 3378 976 ὑμᾶς
3424 903 3496 958 τὰ
3535 905 3718 975 διαφέ-

2132 1013 2320 1070 ροντα.
2362 1016 2379 1048 ι
2441 996 2595 1049 Ἐπεὶ
2645 1015 2661 1046 ι
2693 997 2780 1050 ὅτε
2824 991 2966 1068 ἦμεν
3001 999 3218 1069 νήπιοι,
3269 999 3436 1069 φησὶν
3481 1001 3510 1052 6
3557 1000 3718 1063 αὐτὸς

2151 1088 2497 1152 Ἀπόστολος,
2532 1087 2637 1141 ὑπὸ
2679 1088 2747 1142 τὰ
2791 1091 3031 1160 στοιχεῖα
3071 1087 3168 1141 τοῦ
3210 1089 3415 1161 κόσμου
3456 1085 3603 1162 ἦμεν
3635 1091 3718 1144 δε-

2136 1183 2489 1255 δουλωμένοι.
2530 1183 2589 1236 '0
2631 1183 2687 1236 δὲ
2721 1183 2934 1254 νήπιος,
2966 1182 3069 1236 κᾶν
3103 1183 3436 1254 κληρονόμος
3470 1178 3526 1255 ᾖ,
3570 1184 3718 1237 οὐδὲν

2129 1275 2322 1330 δούλου
2352 1275 2626 1347 διαφέρει,
2661 1274 2789 1346 ἄχρι
2823 1273 2920 1345 τῆς
2954 1273 3294 1346 προθεσμίας
3317 1274 3410 1328 τοῦ
3445 1275 3675 1346 πατρὸς.
3697 1295 3714 1325 ι

2137 1366 2338 1438 Νήπιοι
2369 1361 2461 1418 οὖν
2495 1365 2591 1419 καὶ
2623 1366 2670 1417 οἰ
2703 1363 3008 1433 φιλόσοφοι,
3041 1363 3142 1417 ἐὰν
3190 1363 3267 1435 μὴ
3308 1363 3414 1417 ὑπὸ
3454 1363 3546 1417 τοῦ
3586 1365 3718 1434 Χρι-

2138 1457 2264 1512 στοῦ
2315 1455 2755 1528 ἀπανδρωθῶσιν.
2809 1455 2872 1509 Εἰ
2913 1456 3022 1528 γὰρ
3075 1475 3092 1507 ι
3131 1456 3193 1510 ού
3255 1455 3659 1527 κληρονομήσει
3694 1457 3720 1508 6

2137 1548 2250 1612 υἱὸς
2285 1549 2383 1620 τῆς
2417 1547 2706 1617 παιδίσκης
2742 1547 2878 1618 μετὰ
2908 1547 3002 1601 τοῦ
3035 1546 3153 1602 υἱοῦ
3196 1547 3296 1619 τῆς
3345 1546 3663 1619 ἐλευθέρας,
3699 1567 3716 1598 ι

2137 1639 2275 1693 ἀλλά
2320 1633 2484 1708 γὀὗν
2537 1638 2759 1710 σπέρμα
2794 1638 2871 1707 (7)
2917 1639 3063 1693 ἐστὶν
3122 1638 3393 1710 Ἀϐραὰμ,
3427 1638 3490 1691 τὸ
3538 1639 3620 1710 μὴ
3667 1639 3722 1703 ἐξ

2139 1731 2470 1800 ἐπαγγελίας
2522 1731 2582 1784 τὸ
2631 1730 2759 1784 ίδιον
2809 1729 3030 1802 εἰληφὸς
3081 1731 3311 1803 δωρεάν.
3351 1751 3370 1782 ι
3393 1731 3633 1784 Τελείων
3667 1732 3719 1784 δέ

451 1829 816 1899 promissione
845 1827 1052 1882 donum
1088 1825 1332 1894 suscepit
1354 1825 1655 1895 proprium.
1685 1823 1846 1894 128
1867 1842 1884 1874 ι
1906 1821 2037 1877 Per-

2147 1824 2285 1875 ἐστιν
2316 1824 2350 1893 ή
2390 1819 2585 1892 στερεὰ
2615 1815 2809 1892 τροφὴ,
2833 1819 2943 1873 τῶν
2965 1819 3052 1874 διὰ
3083 1820 3180 1892 τὴν
3217 1820 3328 1885 ἕξιν
3360 1821 3429 1874 τὰ
3463 1819 3723 1891 αἰσθητή-

453 1920 719 1977 lectorum
755 1928 941 1974 autem
977 1927 1061 1972 est
1091 1917 1304 1972 solidus
1347 1916 1535 1983 cibus,
1567 1915 1660 1984 qui
1692 1922 1912 1984 propter
1938 1915 2034 1967 ha-

454 2013 626 2068 bitum
669 2012 874 2067 habent
918 2024 1114 2064 sensus
1163 2007 1498 2063 exercitatos
1545 2007 1614 2062 ad
1647 2007 2034 2062 discretionem

453 2106 586 2160 boui
615 2114 669 2159 et
698 2103 848 2158 mali.
902 2101 1165 2170 Quisquis
1213 2101 1360 2155 enim
1407 2109 1491 2154 est
1535 2098 1693 2154 lactis
1741 2099 2034 2170 particeps,

446 2214 566 2254 non
633 2206 718 2252 est
766 2195 976 2266 peritus
1021 2191 1291 2248 sermonis
1342 2189 1589 2262 iustitiae,
1637 2204 1760 2244 cum
1797 2187 1869 2242 sit
1913 2201 2038 2256 par-

450 2291 616 2346 vulus
641 2288 694 2354 ἀ,
717 2309 735 2340 ι
764 2296 820 2342 et
849 2285 1093 2341 nondum
1127 2283 1264 2340 sciat
1291 2283 1538 2348 verbum,
1565 2296 1660 2352 per
1681 2280 1827 2351 quod
1857 2277 2038 2334 credi-

447 2381 538 2437 adit
568 2389 622 2437 et
649 2389 927 2450 operatur,
957 2392 1055 2432 nec
1079 2375 1254 2446 possit
1276 2375 1331 2430 in
1355 2375 1474 2444 ipso
1496 2373 1720 2427 reddere
1746 2372 2036 2426 rationem.

463 2495 484 2526 ι
505 2472 700 2529 Omnia
714 2480 894 2526 autem
921 2469 1165 2540 probate,
1183 2466 1361 2536 inquit
1379 2463 1690 2536 Apostolus,
1709 2461 1919 2531 etquod
1940 2460 2040 2516 bo-

457 2583 589 2622 num
609 2573 695 2623 est
717 2571 897 2620 tenete
928 2579 951 2607 ε
992 2580 1012 2615 ι
1039 2558 1390 2631 Spiritalibus
1419 2557 1474 2612 id
1495 2556 1704 2622 dicens,
1733 2554 1826 2625 qui
1855 2553 2041 2609 omnia

456 2676 580 2731 quae
594 2659 853 2714 dicuntur
866 2670 935 2711 ex
952 2655 1196 2718 veritate,
1212 2650 1534 2722 dijudicant,
1549 2658 1732 2705 utrum
1758 2647 2043 2703 videantur

458 2768 527 2808 an
563 2751 675 2807 sint
701 2765 849 2804 vera.
887 2765 906 2799 ι
937 2745 1351 2802 lnconfutabilis
1384 2751 1567 2798 autem
1597 2749 1826 2812 vagatur
1867 2740 2039 2796 disci-

458 2845 636 2916 plina,
653 2848 708 2898 et
752 2841 922 2913 plagae
948 2847 1003 2895 et
1033 2835 1483 2909 reprehensiones
1518 2834 1650 2888 dant
1699 2831 2042 2902 disciplinam

358 2977 363 2981 -
457 2936 760 3008 sapientiae,
787 2955 805 2988 ι
839 2931 1286 3004 reprehensiones
1325 2928 1554 2993 scilicet,
1580 2940 1704 2994 quae
1745 2934 1875 2981 sunt
1917 2939 2042 2980 cum

461 3027 773 3083 dilectione.
811 3043 828 3078 ι
851 3023 960 3080 Cor
977 3022 1124 3078 enim
1153 3029 1360 3077 rectum
1392 3017 1632 3088 exquirit
1657 3016 2043 3086 cognitionem.

457 3118 730 3187 Quoniam
752 3116 847 3187 qui
869 3113 1064 3186 quaerit
1083 3112 1274 3178 Deum,
1293 3110 1660 3182 cognitionem
1685 3106 1893 3162 invenit
1917 3121 2042 3162 cum

456 3211 692 3281 iustitia.
731 3209 834 3278 Qui
866 3209 1038 3280 ipsam
1077 3215 1255 3262 autem
1296 3213 1444 3260 recte
1472 3203 1825 3274 quaesierunt,
1853 3215 2043 3270 pacem

459 3305 783 3359 invenerunt
805 3299 984 3355 ¹.›-‹
1011 3298 1078 3353 Ει
1101 3311 1430 3368 cognoscam
1462 3310 1572 3349 non
1599 3307 1914 3350 sermonem
1950 3307 2046 3347 eo-

460 3412 584 3452 rum
629 3395 722 3466 qui
757 3393 928 3448 inﬂati
961 3400 1109 3457 sunt,
1138 3390 1232 3446 sed
1272 3389 1526 3444 virtutem
1557 3408 1568 3442 :
1603 3405 1621 3439 ›
1653 3402 1770 3452 eos,
1799 3385 1893 3455 qui
1919 3393 2048 3440 sunt

462 3488 718 3558 Opinione
757 3486 1055 3555 sapientes,
1078 3492 1133 3536 et
1175 3497 1235 3538 se
1268 3481 1487 3550 quidem
1523 3493 1646 3534 esse
1689 3483 1905 3548 putant,
1935 3491 2045 3529 non

463 3588 646 3635 autem
661 3587 787 3633 sunt
799 3577 1093 3646 sapientes,
1104 3571 1653 3644 reprehendens,haec
1663 3570 1854 3626 scribit
1872 3587 1916 3624 ει
1930 3565 2045 3622 Non

462 3669 608 3723 enim
626 3676 710 3723 est
731 3667 784 3720 in
809 3679 1062 3722 sermone
1087 3678 1311 3734 regnum
1338 3661 1432 3716 Dei
1449 3664 1493 3715 8.
1515 3680 1534 3713 ι
1557 3659 1696 3726 Νοιι,
1726 3661 1968 3729 inquam,
1993 3655 2046 3711 in

463 3760 659 3831 eo,qui
682 3773 790 3814 non
811 3766 894 3814 est
907 3771 1090 3822 verus,
1110 3755 1204 3810 sed
1227 3753 1483 3824 opinione
1511 3757 1569 3815 ›Ῑ‹
1603 3758 1813 3805 tantum
1847 3748 2043 3819 proba-

462 3853 612 3908 bilis.
651 3869 670 3904 ι
700 3849 758 3905 lu
791 3849 996 3904 virtute
1020 3867 1039 3899 ι
1074 3855 1260 3902 autem
1293 3846 1451 3911 dixit,
1480 3859 1575 3899 seu
1608 3841 1884 3914 potentia;
1925 3839 2042 3896 sola

462 3944 610 3999 enim
639 3952 722 3998 est
760 3950 952 4012 potens
985 3940 1206 3994 veritas.
1240 3935 1306 3992 Et
1326 3951 1518 3993 rursus
1545 3954 1560 3990 :
1589 3953 1607 3986 ι
1641 3932 1699 3989 Si
1727 3933 1851 4004 quis
1889 3939 2045 4002 putat

464 4051 525 4091 se
553 4049 717 4091 nosse
756 4030 990 4102 aliquid,
1020 4029 1265 4084 nondum
1303 4028 1456 4082 novit
1495 4028 1638 4082 sicut
1684 4038 1846 4079 nosse
1883 4037 2046 4093 opor-

463 4135 561 4182 tet.
582 4145 602 4178 »
634 4123 927 4196 Nunquam
970 4131 1056 4178 est
1096 4120 1244 4176 enim
1281 4119 1483 4174 veritas
1526 4117 1735 4188 opinio.
1767 4113 1874 4170 Sed
1901 4132 1920 4166 ι
1947 4129 2043 4168 co-

465 4219 726 4291 gnitionis
793 4217 1016 4288 quidem
1063 4214 1251 4284 opinio
1305 4212 1499 4267 inﬂati
1553 4219 1609 4266 et
1663 4209 1808 4265 fastu
1850 4207 2045 4278 replet,

471 4331 492 4365 ι
519 4311 760 4367 eharitas
804 4319 986 4364 autem
1038 4307 1291 4372 aediﬁcat,
1320 4324 1339 4358 ι
1372 4320 1494 4375 quae
1525 4318 1632 4357 non
1681 4302 1737 4355 in
1788 4300 2047 4370 opinione

468 4409 738 4467 versatur,
764 4399 858 4454 sed
887 4395 1132 4454 veritate.
1168 4395 1342 4463 Unde,
1368 4413 1386 4446 ι
1409 4395 1454 4450 si
1485 4395 1610 4464 quis
1641 4392 1839 4463 diligit,
1867 4390 1916 4445 is
1946 4403 2046 4444 co-

467 4491 652 4562 gnitus
681 4499 766 4546 est
788 4491 840 4556 ιι,
862 4509 880 4542 ι
915 4489 1112 4558 inquit.

547 4588 607 4646 >Ι<
646 4583 706 4638 P.
743 4580 991 4636 348130.
1021 4579 1320 4648 POTTER,
1357 4581 1458 4634 297
1496 4580 1608 4635 ΕΙ).
1643 4575 1866 4648 ΡΑιιι-δ.

2141 1928 2230 1982 ρια
2261 1910 2686 1982 γεγυμνασμένα
2721 1910 2956 1981 ἐχόντων
2983 1912 3118 1984 πρὸς
3149 1911 3422 1985 διάκρισιν
3458 1911 3634 1966 καλοῦ
3668 1930 3722 1964 τε

2137 2005 2232 2056 κα)⁸
2287 2001 2479 2056 κακοῦ.
2521 2003 2636 2066 Πᾶς
2675 2001 2784 2073 γὰρ
2823 2004 2852 2056 6
2885 2002 3130 2074 μετέχων
3177 2003 3449 2070 γάλακτος
3497 2003 3723 2075 ἄπειρος

2137 2096 2296 2166 λόγου
2329 2097 2692 2168 δικαιοσύνης,
2721 2101 2912 2167 νήπιος
2935 2097 3031 2162 ὢν,
3060 2117 3078 2149 ι
3121 2098 3215 2151 καὶ
3251 2098 3477 2169 μηδέπω
3511 2100 3726 2151 ἐπιστα-

2141 2205 2301 2259 μενος
2334 2189 2424 2243 τὸν
2453 2188 2629 2258 λόγον,
2660 2188 2779 2242 καθ’
2800 2189 2858 2242 ὃν
2891 2191 3224 2244 πεπίστευκε
3254 2191 3332 2261 (8)
3367 2192 3461 2245 καὶ
3489 2193 3722 2262 ἐνεργεῖ,

2142 2285 2278 2356 μήτε
2341 2284 2631 2339 ἀποδοῦναι
2689 2282 2983 2354 δυνάμενος
3033 2283 3132 2356 τὴν
3187 2284 3366 2338 αἰτίαν
3432 2287 3491 2337 ὲν
3554 2284 3721 2354 αὐτῷ.

2147 2395 2166 2429 ι
2198 2377 2382 2432 Πάντα
2422 2375 2479 2429 δὲ
2521 2375 2839 2446 δοκιμάζετε
2860 2416 2875 2440 ,
2909 2377 2938 2430 6
2989 2375 3311 2438 Ἀπόστολός
3345 2392 3501 2446 φησι,
3533 2376 3635 2429 καὶ
3669 2376 3725 2428 τὸ
3807 2367 3812 2376 ’

2141 2469 2304 2524 καλὸν
2358 2466 2636 2536 κατέχετε·
2672 2485 2690 2517 ι
2749 2468 2864 2530 τοῖς
2921 2467 3313 2536 πνευματικοῖς
3366 2463 3541 2533 λέγων
3560 2506 3580 2530 ,
3618 2469 3724 2528 τοῖς

2142 2559 2491 2630 ἀνακρίνουσι
2524 2559 2701 2612 πάντα
2729 2557 2871 2612 κατὰ
2903 2557 3160 2629 ἀλήθειαν
3184 2557 3474 2628 λεγόμενα,
3498 2557 3725 2628 πότερον

2141 2655 2306 2717 δοκεῖ,
2329 2652 2362 2723 ἢ
2396 2651 2565 2715 οὕτως
2587 2651 2664 2721 (9)
2685 2649 2868 2721 ἔχεται
2894 2649 2993 2720 τῆς
3018 2648 3329 2719 ἀληθείας.ι
3359 2649 3591 2703 Παιδεία
3619 2651 3724 2722 (10)

2143 2746 2198 2800 δὲ
2243 2743 2628 2811 ἀνεξέλεγκτος
2685 2742 2987 2796 πλανᾶται·
3032 2741 3130 2794 καὶ
3176 2741 3234 2794 αἰ
3284 2741 3493 2813 πληγαὶ
3542 2745 3646 2796 καὶ
3681 2745 3726 2796 οί

2144 2840 2351 2911 Ελεγχοι
2400 2839 2603 2894 διδόασι
2656 2838 2900 2894 παιδείαν
2955 2837 3163 2907 σοφίας·
3193 2857 3210 2889 ι
3248 2838 3298 2890 οἱ
3341 2839 3462 2909 μετ’
3503 2841 3726 2910 ἀγάπης

2143 2934 2380 3005 δηλονότι
2443 2933 2672 3003 ἔλεγχοι.
2745 2931 3001 3003 «super;
3064 2931 3172 3001 (11)
3234 2928 3346 3000 γὰρ
3393 2931 3581 2987 εὐθεῖα
3643 2937 3728 2988 ὲκ-

2146 3027 2300 3100 ζητεῖ
2329 3025 2554 3095 γνῶσιν·
2587 3027 2668 3079 ὅτι
2699 3027 2727 3079 6
2755 3023 2931 3095 ζητῶν
2972 3023 3065 3077 τὸν
3101 3023 3233 3078 Θεὸν
3266 3027 3492 3098 εὑρήσει
3525 3026 3729 3094 γνῶσιν

2150 3120 2288 3192 μετὰ
2332 3118 2708 3191 δικαιοσύνης·
2743 3120 2792 3173 οἰ
2836 3117 2893 3172 δὲ
2931 3117 3106 3190 ὀρθῶς
3154 3117 3491 3192 ζητήσαντες
3534 3121 3725 3189 αὐτὴν,

2147 3212 2370 3282 εἰρήνην
2409 3203 2586 3282 εὖρον.
2625 3209 2736 3263 Καὶ
2774 3207 3088 3281 γνώσομαι,
3127 3207 3322 3282 φησιν,
3350 3213 3412 3266 οὐ
3445 3211 3539 3265 τὸν
3572 3213 3728 3282 λόγον

2145 3301 2254 3356 τῶν
2283 3301 2727 3373 πεφυσιωμένων,
2756 3300 2891 3355 ἀλλὰ
2936 3301 3035 3372 τὴν
3075 3301 3324 3372 δύναμιν·
3354 3323 3373 3356 ι
3412 3305 3537 3368 τοὺς
3569 3304 3731 3376 δοκή-

2149 3407 2232 3444 σει
2265 3392 2480 3461 σοφοὺς,
2504 3391 2599 3443 καὶ
2619 3389 2898 3460 οἰομένους
2923 3383 3084 3451 εἶναι,
3107 3391 3208 3443 ούκ
3239 3389 3400 3454 ὄντας
3417 3391 3474 3444 δὲ
3509 3393 3729 3461 σοφοὺς,

2148 3479 2522 3554 ὲπιῤῥαπίζων
2572 3479 2797 3551 γράφει·
2840 3499 2860 3532 ι
2899 3481 2974 3534 Οὐ
3007 3481 3116 3552 γὰρ
3148 3483 3206 3534 ὲν
3238 3481 3384 3549 λόγῳ
3415 3481 3448 3552 ἡ
3485 3481 3731 3552 βασιλεία

2147 3569 2242 3623 τοῦ
2287 3569 2441 3623 Θεοῦ·
2471 3588 2490 3620 ι
2529 3571 2589 3622 ού
2640 3568 2720 3641 τῷ
2760 3569 2836 3642 μὴ
2887 3571 3097 3642 ἀληθεῖ,
3135 3571 3270 3626 ἀλλὰ
3316 3573 3732 3644 καθ’ύπόληᾲιν

2153 3657 2381 3731 πιθανῷ·
2425 3677 2443 3710 ι
2467 3661 2526 3712 ὲν
2549 3658 2818 3729 δυνάμει»
2848 3660 2923 3725 δὲ,
2949 3656 3088 3712 εἰπε·
3129 3660 3265 3730 μόνη
3299 3660 3408 3734 γὰρ
3439 3663 3474 3730 ή
3503 3660 3731 3732 ἀλήθεια

2145 3750 2365 3823 δυνατή.
2401 3749 2510 3804 Καὶ
2532 3749 2712 3804 πάλιν·
2755 3769 2773 3801 ι
2804 3735 2873 3804 Εἴ
2891 3768 2975 3815 τις
3010 3752 3120 3825 (12)
3154 3753 3302 3806 δοκεί
3333 3753 3638 3821 ἐγνωκέναι
3658 3770 3729 3817 τι,

2147 3842 2300 3897 οὔπω
2345 3842 2487 3912 ἔγνω
2530 3841 2666 3897 καθὸ
2704 3843 2786 3898 δεῖ
2815 3843 3036 3912 γνῶναι·
3077 3865 3095 3897 ι
3127 3846 3186 3899 οὑ
3221 3845 3329 3917 γάρ
3362 3862 3495 3899 ποτε
3529 3847 3562 3917 ή
3599 3847 3730 3918 ἁλή-

2149 3933 2269 3988 θεια
2311 3933 2505 4004 οἴησις·
2533 3933 2647 3988 ἀλλ’
2671 3937 2705 4007 ἡ
2726 3935 2826 4007 μὲν
2857 3951 2877 3985 ι
2911 3935 3179 4007 ὑπόληψις
3210 3937 3308 4007 τῆς
3340 3935 3599 4005 γνώσεως
3632 3955 3731 4006 (pu-

2150 4029 2258 4080 σιοϊ
2297 4045 2316 4080 ι
2373 4027 2468 4080 καὶ
2507 4025 2679 4096 τύφου
2741 4027 3143 4101 ὲμπίμπλησιν·
3188 4049 3206 4081 ι
3247 4029 3521 4101 οἰκοδομεῖ
3580 4031 3641 4084 δὲ
3698 4032 3732 4100 ἡ

2144 4118 2467 4192 afﬁrm,th
2493 4119 2619 4190 περὶ
2639 4119 2740 4190 τὴν
2771 4119 2967 4192 οἴησιν,
2991 4119 3124 4174 ἀλλὰ
3159 4119 3289 4192 περὶ
3332 4119 3429 4192 τὴν
3470 4120 3735 4193 ἀλήθειαν

2145 4209 2611 4284 ἀναστρεφομένη.
2679 4209 2874 4276 Ὅθεν,
2939 4229 2958 4264 ι
3010 4211 3077 4265 Εἰ
3132 4229 3216 4276 τις
3286 4214 3510 4283 ἀγαπᾷ.
3573 4206 3732 4276 οὗτος

2147 4305 2434 4374 ἔγνωσται,
2478 4323 2496 4356 ι
2535 4303 2704 4372 λέγει.

1943 4573 2039 4627 ⁸Ρ

2179 4591 2217 4641 ι,
2245 4575 2298 4638 9,
2335 4575 2421 4629 10.
2498 4575 2528 4615 ι’
2551 4575 2668 4630 Gal.
2703 4591 2776 4642 tv,
2804 4575 2857 4641 3,
2886 4577 2938 4642 1,
2977 4577 3031 4631 2.
3110 4588 3133 4617 ε
3169 4575 3304 4632 Gen.
3331 4591 3443 4638 ut,
3475 4575 3579 4636 10;
3614 4575 3734 4628 Gal.

471 4644 672 4715 iv,—30.
746 4651 773 4691 ά
809 4651 972 4706 Hebr.
996 4668 1052 4718 v,
1080 4652 1168 4716 14.
1193 4653 1281 4707 13.
1309 4644 1317 4648 ⁷
1362 4661 1386 4690 ο
1407 4649 1430 4704 l
1453 4649 1644 4704 Thess.
1673 4664 1726 4712 v,
1753 4645 1843 4700 21.
1925 4644 1944 4685 ί
1974 4644 2039 4699 Pr

2170 4662 2258 4713 xv,
2285 4646 2372 4700 M.
2460 4648 2486 4686 ⁸
2514 4647 2530 4699 1
2561 4647 2688 4701 Cor.
2716 4662 2790 4713 tv,
2825 4647 2913 4712 19,
2943 4648 3031 4702 20.
3109 4644 3134 4684 δ
3167 4647 3182 4700 l
3209 4647 3334 4702 Cor.
3368 4661 3490 4710 vm,
3517 4645 3570 4708 1,
3595 4645 3655 4709 2,
3683 4645 3736 4699 3.

543 4749 638 4821 (Ἰ)
667 4748 840 4804 Ἀλλά
862 4745 1050 4821 fodi-
1087 4765 1202 4821 σπἑ
1242 4749 1366 4804 Haec
1395 4749 1476 4805 sic
1503 4749 1763 4820 distingui
1789 4759 1843 4805 et
1873 4751 2046 4821 expli-

469 4815 583 4873 cari
604 4815 810 4892 debent
840 4815 1236 4892 :_"Alld_yf_p~5v
1269 4822 1488 4892 σπέρμα
1511 4815 1962 4892 ΔἐσιτείνἿΑϐρατὶιιὶ.
1985 4821 2044 4874 τὸ

471 4837 583 4873 can
610 4837 810 4874 cenent
840 4841 850 4873 :
895 4837 1050 4874 ’ΛΑΛα
1068 4837 1118 4889 γ’
1145 4837 1236 4874 ουν
1269 4837 1407 4892 σπερ
1455 4839 1488 4874 α
1529 4837 1676 4873 εστιν
1717 4837 1805 4872 Ἀυ
1846 4837 1962 4891 ααμ
1985 4837 2041 4874 το

471 4892 548 4962 μὴ
570 4889 629 4963 ἐξ
653 4888 1078 4960 ὲπαγγελίας,τὸ
1103 4889 1231 4963 ἴδιον
1259 4839 1478 4962 εἰληφὲς
1503 4889 1728 4963 δωρεάν.
1755 4910 1776 4963 ι
1797 4837 1866 4963 ,ξι
1891 4907 2041 4954 vero,

467 4961 615 5028 quod
661 4975 770 5014 non
811 4970 928 5031 erat
959 4976 1026 5014 ex
1057 4962 1351 5031 promisso,
1382 4971 1466 5031 est
1492 4961 1958 5031 semenAbrahae,
1985 4971 2040 5016 et

465 5031 750 5112 proprium
804 5029 1009 5112 donum
1057 5029 1342 5112 accepit...»
1398 5029 1635 5112 Scilicet
1665 5030 2036 5112 Christianam

466 5101 776 5172 doctrinam
817 5101 1004 5156 lsaaco
1037 5102 1151 5166 dat,
1186 5101 1427 5172 legitimo
1475 5102 1770 5156 Abrahami
1817 5103 1949 5164 tilio,
1986 5112 2040 5156 et

464 5186 536 5251 es
563 5169 748 5251 divina
791 5172 1156 5251 promissione
1198 5169 1356 5251 nato;
1387 5181 1609 5251 caeteras
1641 5182 1822 5251 autem
1869 5173 2038 5251 disci-

464 5241 642 5308 plinas
673 5239 887 5296 lsmaeli
931 5241 1124 5312 Agaris
1165 5243 1374 5297 ancillae
1421 5243 1555 5306 tilio,
1581 5253 1676 5298 aut
1719 5243 1844 5299 ﬁliis
1892 5241 2039 5298 Che~

466 5311 744 5383 tura‘.,qui
787 5312 910 5368 licet
941 5311 1042 5366 nec
1067 5327 1098 5366 e
1129 5312 1384 5383 legitimis
1417 5314 1652 5383 nuptiis,
1679 5327 1778 5368 nec
1806 5327 1873 5367 ex
1923 5313 2040 5383 sine

465 5380 860 5454 gulari'aliquo
895 5380 1382 5454 promisso'geniti
1430 5380 1671 5454 inerant,
1699 5393 1879 5438 tamen
1923 5382 2036 5437 veri

465 5398 642 5450 gmart
675 5398 860 5506 aIIFUO
892 5398 1168 5506 promisso
1216 5398 1382 5454 gemu
1435 5398 1671 5450 tueranl,
1699 5398 1879 5438 tamen
1923 5398 2036 5437 veri

461 5451 696 5507 Abrahae
766 5452 844 5534 ilii
891 5461 1142 5534 uerunt,
1173 5461 1224 5508 et
1265 5453 1466 5534 singuli
1514 5454 1719 5534 donaha
1751 5463 1906 5524 patre
1935 5467 2038 5508 suo

466 5531 815 5595 acceperunt,
847 5531 906 5577 ut
932 5524 1194 5595 scriptum
1220 5532 1304 5595 est
1339 5523 1474 5595 Gen.
1505 5540 1638 5595 xxv,
1667 5523 1721 5595 θ.

535 5590 1061 5664 (8)-ῌῌερτισζτευκεξ
1097 5593 1390 5664 liespicere
1426 5594 1642 5664 videtur
1674 5592 1916 5664 IVTbess.
1936 5661 1948 5664 _
1971 5607 2034 5664 ιι,

465 5659 574 5736 ts:
597 5659 913 5736 "Edégcnge
944 5664 1005 5736 οὐ
1051 5659 1226 5736 λόγυνέ
1265 5662 1590 5736 ανθρώπων,
1635 5663 1770 5717 ἀλλὰ
1816 5661 2037 5736 (καθώς

463 5731 872 5816 ἔστινγὰληθῷς)
903 5733 1059 5805 λόγον
1089 5731 1246 5800 Θεοῦ,
1278 5734 1338 5798 ὂς
1368 5731 1463 5789 καὶ
1495 5737 1790 5807 ἐνεργεῖται
1819 5731 1876 5788 ἐν
1907 5734 2036 5804 ὑμῖν

463 5815 577 5864 τοις
606 5815 966 5858 πιστεύουσιν.

2223 4751 2301 4820 (9)
2345 4749 2562 4815 Οὕτως.
2598 4747 2822 4824 Rectius
2863 4765 2989 4805 cum
3022 4748 3168 4805 Guil.
3198 4748 3436 4806 Cantero
3485 4751 3734 4824 legemus

2151 4819 2339 4885 ὅντως,
2381 4835 2628 4874 «revera.
2651 4839 2670 4870 ι
2709 4819 2972 4876 Sanunc.

2224 4892 2336 4961 (10)
2363 4889 2626 4943 Παιδεία.
2653 4888 2872 4962 Rectius
2899 4890 3114 4962 παιδείᾳ
3139 4889 3307 4962 dativ.
3333 4904 3448 4962 cas.
3468 4891 3615 4961 quod
3645 4891 3735 4946 hic

2143 4973 2197 5020 et
2221 4958 2469 5031 superius
2496 4975 2618 5030 pag.
2651 4960 2757 5015 287
2781 4960 3067 5032 Sylburgiu
3090 4958 3311 5032 placuit.
3347 4958 3560 5017 Sensus
3578 4964 3729 5014 enim

2144 5043 2230 5089 est
2254 5051 2266 5086 :
2294 5049 2311 5082 ι
2334 5029 2439 5097 Qui
2466 5045 2572 5084 non
2604 5031 2895 5097 corripitur
2923 5032 3230 5097 disciplina,
3254 5039 3504 5097 vagatur.
3533 5051 3551 5083 ι
3575 5029 3729 5085 Tunc

2144 5046 2230 5089 est
2254 5051 2266 5086 :
2294 5049 2311 5082 ι
2334 5046 2439 5097 unt
2466 5046 2572 5084 non
2604 5046 2895 5100 corripitur
2923 5046 3230 5100 dlSCIpllna,
3254 5046 3504 5100 vagatur.
3533 5051 3551 5083 ι
3577 5046 3606 5084 ίι
3625 5047 3733 5085 unc

2147 5112 2291 5186 recte
2319 5100 2604 5186 sequitur:
2635 5119 2653 5152 ι
2689 5099 3162 5171 Reprehensiones
3203 5102 3338 5156 dant
3376 5102 3731 5172 disciplinam

2147 5181 2600 5312 saftlfiuifdg’aza.
2643 5239 2854 5312 Καρδία
2885 5239 3020 5312 ὀρθὴ
3052 5241 3206 5312 ζητεῖ
3234 5239 3518 5311 αἴσθησιν,
3549 5239 3733 5308 inquit

2137 5309 2418 5376 Salomon,
2467 5309 2629 5365 Prov.
2652 5309 2756 5380 ixv,
2794 5310 2881 5365 14.
2922 5309 3165 5376 Eorum,
3199 5326 3322 5379 quae
3371 5309 3728 5380 Sequuntur,

2135 5399 2333 5438 sensus
2375 5382 2620 5453 occurrit
2650 5379 2815 5453 Prov.
2851 5396 2910 5444 ιι,
2941 5382 3174 5452 aliisque
3198 5381 3336 5436 locis
3361 5399 3376 5436 :
3398 5379 3518 5453 ipsa
3560 5383 3730 5436 verba

2136 5453 2344 5508 frustra
2377 5453 2431 5506 in
2463 5450 2521 5506 S.
2557 5451 2712 5505 libris
2743 5461 3076 5520 quaerentur.

2206 5524 2320 5595 (12)
2365 5521 2442 5577 ΕΖ
2465 5521 2684 5595 τιςηῌῖ
2706 5519 2792 5595 τις
2820 5521 2968 5595 δοκεῖ(
2991 5521 3193 5595 εἰδέναι
3215 5539 3306 5595 τι,
3330 5519 3544 5595 οὐδέπω
3570 5519 3727 5595 οὐδὲν

2145 5590 2353 5663 ἔγνωκε
2383 5591 2566 5663 καθὼς
2586 5591 2667 5663 δεῖ
2691 5590 2912 5659 γνῶναι,
2940 5590 3105 5663 lQor.
3135 5609 3253 5658 vm,
3280 5593 3315 5645 ‘2
3337 5632 3350 5646 .
3379 5591 3728 5663 Οἵδαμενᾼὸτι

2147 5659 2346 5727 πᾶντες
2371 5662 2574 5734 γνῶσιν
2603 5661 2816 5732 ἔχομεν·
2845 5665 2877 5734 ή
2917 5659 3118 5731 γνῶσις
3148 5665 3348 5732 φυσιοῖ,
3381 5663 3416 5733 ή
3447 5661 3505 5716 δὲ
3519 5659 3729 5730 ’ἀγάπη

2145 5735 2437 5806 οἰκοδομεῖ.
2468 5733 2602 5789 Ibid.
2633 5748 2670 5786 ι.
