3970 6522
463 319 570 375 799

1538 334 1543 339 '
1603 313 1992 371 CLEMENTIS
2026 312 2489 368 ALEXANDRINI

3582 312 3680 367 800

464 442 678 501 cimus,
714 435 867 491 nullo
914 436 1078 491 modo
1136 447 1258 490 esse
1308 447 1567 499 causam;
1621 433 1677 486 in
1721 432 1776 487 id
1836 440 2017 486 autem

2139 430 2269 493 tﬁov,
2289 429 2423 484 ἀλλά
2435 427 2739 502 προτρέπον
2752 425 2883 498 (16),
2899 428 2948 480 εί
2972 426 3065 480 καὶ
3078 426 3152 499 μὴ
3171 426 3522 499 προέτρεπεν.
3547 425 3681 480 Οὔτε

339 596 347 602 ,
464 527 610 597 quod
642 526 929 595 prohibet,
977 540 1198 580 causam
1255 524 1577 595 culpamque
1631 521 1887 577 conferri.
1923 521 2028 588 Qui

464 618 610 673 enim
640 617 831 689 clypeo
854 616 1110 687 protegit,
1140 615 1211 679 ei,
1243 616 1336 685 qui
1366 613 1686 685 protegitur,
1720 628 1885 668 causa
1922 620 2027 677 est,

464 723 535 763 ne
563 708 863 773 saucietur,
897 707 1192 777 prohibens
1217 706 1393 775 ipsum
1429 704 1688 761 sauciari.
1716 703 1783 758 Et
1816 702 2029 758 Socrati

464 793 792 852 daemonium
829 812 996 852 causa
1028 804 1167 862 erat,
1212 810 1319 849 non
1353 795 1646 864 prohibens
1668 834 1683 858 ,
1706 793 1801 848 sed
1829 793 2032 847 adhor-

465 895 614 954 tans,
645 889 748 945 etsi
802 903 913 943 non
962 889 1361 943 adhortaretur.
1405 884 1509 941 Sed
1545 901 1643 941 nec
1673 885 1883 951 laudes,
1929 898 2031 938 nec

465 979 918 1050 vituperationes,
963 994 1062 1035 nec
1114 976 1373 1043 honores,
1430 992 1531 1032 nec
1573 976 1836 1047 supplicia
1881 975 2027 1045 justa

466 1082 614 1140 sunt,
671 1072 720 1129 si
748 1073 928 1127 anima
981 1087 1090 1126 non
1120 1070 1315 1125 habeat
1346 1070 1576 1124 liberam
1609 1076 1929 1139 potestatem
1975 1075 2032 1124 et

468 1161 751 1234 appetendi
774 1172 828 1216 et
855 1160 1185 1225 abstinendi,
1219 1158 1313 1214 sed
1358 1159 1430 1214 sit
1477 1159 1674 1213 vitium
1721 1158 2031 1213 involunta-

466 1257 635 1310 rium.
669 1252 822 1309 Unde
866 1252 959 1323 qui
988 1250 1266 1321 prohibuit
1303 1249 1520 1319 quidem
1547 1289 1562 1313 ,
1595 1263 1762 1303 causa
1788 1258 1901 1315 est;
1936 1250 2030 1318 qui

469 1357 651 1404 autem
680 1362 790 1402 non
834 1343 1114 1417 prohibuit
1154 1353 1318 1413 atque
1360 1343 1626 1412 impediit,
1661 1341 1888 1396 liberam
1913 1342 2032 1396 ani-

470 1454 575 1495 ma:
603 1438 923 1494 electionem
976 1436 1122 1506 juste
1172 1435 1380 1504 judicat
1410 1452 1423 1488 :
1456 1441 1516 1488 ut
1538 1434 1621 1488 vel
1656 1432 1889 1486 maxime
1909 1431 2032 1503 qui-

468 1529 615 1593 dem,
640 1526 784 1583 Deus
812 1527 970 1583 nobis
1003 1542 1113 1582 non
1145 1527 1217 1581 sit
1242 1541 1409 1581 causa
1446 1524 1585 1579 vitii.
1633 1522 1901 1590 Quoniam
1936 1538 2032 1577 au-

468 1631 576 1675 tem
608 1620 778 1675 libera
828 1618 1024 1675 electio
1049 1627 1104 1674 et
1143 1618 1402 1688 appetitio
1438 1624 1659 1687 peccata
1690 1616 1922 1685 primum
1949 1614 2033 1669 in-

468 1712 650 1778 choat,
687 1710 823 1767 falsa
858 1720 1039 1766 autem
1072 1724 1463 1780 nonnunquam
1488 1707 1799 1762 dominatur
1822 1705 2027 1775 opinio,

2129 524 2185 577 δὲ
2202 525 2250 575 οἱ
2266 522 2495 585 ἔπαινοι,
2516 519 2640 574 οὔτε
2658 519 2893 590 οίψόγοι,
2907 517 3087 572 οῠθάί
3108 520 3290 590 τιμαὶ,
3317 517 3430 571 οὗθ’
3449 520 3504 572 αἱ
3526 517 3682 572 κολε-

2131 632 2241 681 σεις
2263 616 2486 680 δίκαιαι,
2521 615 2593 687 μὴ
2621 614 2722 685 τῆς
2741 614 2918 685 ψυχῆς
2946 612 3174 685 ἐχούσης
3208 612 3307 684 τὴν
3326 612 3572 677 ἐξουσίαν
3588 613 3683 684 τῆς

2129 710 2307 780 ὁρμῆς
2328 710 2421 763 καὶ
2439 708 2712 780 ἀφορμῆς,
2738 706 2850 761 ἀλλ’
2870 706 3125 760 ἀκουσίου
3150 705 3248 775 τῆς
3275 703 3467 767 κακίας
3495 700 3680 773 οὔσης.

2132 800 2291 854 Ὅθεν
2310 803 2339 854 6
2370 800 2467 872 μὲν
2520 798 2765 862 κωλύσας
2791 796 2989 861 αίτιοςο
3021 799 3050 850 6
3090 795 3148 849 δὲ
3186 796 3259 867 μὴ
3290 794 3541 859 κωλύσας
3585 794 3683 865 τὴν

2129 894 2337 966 αἵρεσιν
2362 895 2460 966 τῆς
2488 893 2665 963 ψυχῆς
2697 890 2869 963 κρίνει
2889 888 3112 953 δικαίως
3135 904 3150 914 δ
3175 887 3243 942 ἶν’
3275 888 3359 941 ὅτι
3399 886 3634 957 μάλιστα
3655 888 3685 938 6

2129 986 2257 1051 Θεὸς
2288 986 2383 1057 μὲν
2418 987 2549 1057 ἡμῖν
2585 984 2783 1048 κακίας
2817 982 3078 1046 ἀναίτιος.
3121 981 3274 1035 Ἐπεὶ
3295 980 3352 1033 δὲ
3372 978 3477 1034 τῶν
3506 980 3687 1051 ἀμαρ-

2127 1092 2193 1147 τη
2203 1077 2383 1147 μάτων
2400 1075 2710 1147 προαίρεσις
2721 1074 2812 1127 καὶ
2825 1072 2969 1144 ὁρμὴ
2982 1072 3263 1145 κατάρχει,
3275 1071 3684 1143 διημαρτημένη

2128 1170 2185 1222 δὲ
2200 1168 2461 1241 ὑπόληψις
2477 1167 2585 1221 ἔσθ’
2600 1168 2687 1221 ὅτε
2710 1170 2916 1237 κρατεῖ,
2934 1161 3002 1238 ἧς
3015 1166 3233 1234 ἀγνοίας
3247 1167 3338 1219 καὶ
3353 1165 3596 1236 ἀμαθίας
3609 1165 3692 1219 οὗ·

2132 1259 2607 1332 σηςὸλιγωροῦμεν
2632 1259 2949 1329 ἀποστῆναι,
2972 1259 3196 1322 εἰκότως
3219 1260 3273 1311 αἱ
3289 1256 3559 1321 κολάσεις.
3582 1258 3689 1311 Καὶ

2130 1348 2237 1421 γὰρ
2268 1349 2327 1402 τὸ
2350 1348 2631 1421 πυρέττειν
2662 1348 2940 1414 ἀκούσιον,
2968 1348 3080 1402 ἀλλ’
3109 1349 3237 1402 ὅταν
3258 1348 3325 1402 δι’
3374 1350 3567 1402 ἑαυτόν
3610 1366 3688 1412 τις

2130 1439 2225 1492 καὶ
2246 1437 2311 1492 δι’
2342 1437 2609 1509 ἀκρασίαν
2640 1438 2904 1511 πυρέττῃ,
2940 1437 3239 1509 αἰτιώμεθα
3268 1439 3468 1493 τοῦτον.
3517 1426 3613 1503 Ὠς
3634 1439 3689 1492 δὶ

2131 1530 2225 1582 καὶ
2251 1529 2349 1600 τῆς
2375 1530 2571 1593 κακίας
2606 1529 2857 1582 ἀκουσίου
2881 1528 3072 1601 οὕσης·
3103 1531 3164 1583 οὐ
3210 1529 3320 1601 γάρ
3344 1530 3582 1601 αίρεϊταί
3611 1546 3689 1593 τις

2131 1620 2318 1684 κακὸν,
2440 1620 2608 1674 κακόν
2631 1637 2644 1650 ·
2669 1622 2735 1692 τῇ
2762 1620 2819 1673 δὲ
2845 1622 2970 1691 περὶ
3008 1619 3156 1690 αὐτῷ
3189 1620 3298 1691 (17)
3330 1620 3481 1691 ἡδονῇ
3534 1637 3692 1674 συνα-

2133 1712 2458 1784 παγόμενος,
2504 1710 2705 1780 ἀγαθὸν
2753 1710 3033 1766 ὑπολαϐὼν
3052 1752 3067 1776 ,
3095 1710 3295 1782 ληπτὸν
3327 1712 3560 1783 ἡγεῖται.
3594 1705 3691 1764 ὀν

468 1820 500 1859 a
522 1820 650 1876 qua,
677 1820 801 1859 cum
838 1803 1144 1875 ignorantia
1178 1810 1232 1857 et
1255 1800 1522 1870 imperitia
1553 1800 1643 1865 sit,
1669 1798 1916 1854 recedere
1935 1812 2031 1851 ne-

2139 1802 2297 1868 οὓτως
2320 1803 2568 1875 ἐχόντων,
2592 1802 2655 1856 τὸ
2679 1802 3107 1857 ἀπαλλάττεσθαι
3124 1803 3219 1874 τῆς
3244 1819 3301 1855 τε
3328 1802 3573 1872 ἀγνοίας,
3597 1802 3692 1872 τῆς

471 1899 724 1970 gligimus
748 1940 763 1967 ,
804 1898 929 1969 jure
971 1897 1293 1967 iuiliguntur
1315 1895 1601 1965 supplicia.
1634 1894 1857 1949 Febrire
1885 1893 2030 1949 enim

468 1999 556 2045 est
582 1990 1031 2053 involuntarium,
1066 1990 1161 2043 sed
1191 2004 1315 2044 cum
1344 1986 1467 2056 quis
1502 2002 1596 2055 per
1640 2000 1699 2041 se
1736 1994 1790 2040 et
1816 1994 2033 2056 propter

468 2098 626 2138 suam
684 2081 1159 2152 intemperantiam
1211 2078 1473 2144 febrierit,
1508 2093 1633 2132 eum
1678 2076 2032 2146 reprehendi-

467 2189 614 2230 mus.
643 2171 842 2243 Utpote
880 2188 1005 2228 cum
1053 2169 1481 2227 involuntarium
1531 2168 1645 2238 jam
1686 2169 1758 2223 sit
1781 2168 2029 2223 malum:

468 2278 630 2318 nemo
659 2264 804 2317 enim
852 2263 1055 2317 malum
1103 2263 1286 2333 eligit,
1327 2272 1596 2335 quatenus
1647 2260 1890 2323 malum,
1936 2259 2031 2313 sed

468 2351 736 2408 abductus
784 2353 853 2409 ah
879 2368 966 2418 ea,
1003 2368 1124 2422 qum
1172 2352 1316 2408 inest
1360 2353 1413 2408 in
1448 2353 1599 2423 ipso,
1643 2351 1939 2420 voluptate,
1975 2348 2030 2403 id

468 2444 678 2500 bonum
724 2451 878 2501 ratus
900 2488 916 2513 ,
953 2444 1357 2515 suscipiendum
1408 2444 1700 2500 existimat.
1735 2442 1869 2510 Quae
1904 2456 2029 2498 cum

468 2534 545 2589 ita
572 2551 631 2591 se
655 2535 911 2604 habeant,
934 2545 987 2592 et
1020 2535 1240 2590 liberari
1263 2535 1332 2591 ab
1357 2534 1719 2604 ignoratione,
1746 2543 1799 2589 et
1827 2549 1857 2588 a
1887 2533 2030 2587 mala

467 2634 525 2681 et
549 2626 851 2682 delectabili
893 2626 1189 2693 electione,
1223 2635 1429 2692 etante
1465 2626 1650 2682 omnia
1701 2640 1808 2681 non
1837 2640 2030 2680 assen-

468 2715 561 2771 tiri
599 2715 885 2773 fallacibus
914 2717 1020 2774 illis
1044 2718 1348 2789 phantasiis
1373 2726 1427 2773 et
1456 2718 1591 2773 visis
1617 2757 1632 2781 ,
1667 2716 1833 2771 situm
1862 2723 1946 2771 est
1974 2716 2029 2770 in

469 2818 654 2864 nostra
708 2817 995 2879 potestate.
1037 2827 1057 2862 ‹
1092 2809 1255 2865 Latro
1293 2829 1313 2863 ι
1351 2818 1532 2865 autem
1567 2817 1622 2865 et
1660 2827 1679 2861 ι
1717 2808 1806 2865 fur
1841 2826 1860 2861 ι
1895 2808 2032 2863 dici—

469 2905 561 2951 tur
580 2896 851 2962 diabolus,
881 2898 974 2970 qui
1016 2898 1295 2969 prophetis
1322 2897 1823 2969 pseudoprophetas
1854 2896 2031 2951 admi-

469 2987 632 3055 seuit,
663 2996 920 3058 tanquam
955 2987 1231 3045 frumento
1272 2989 1509 3047 zizania.
1539 3007 1558 3040 ι
1593 2988 1793 3043 Omnes
1819 3006 1838 3040 ι
1867 3002 2030 3058 ergo,

473 3099 496 3132 ι
523 3080 615 3151 qui
667 3078 889 3136 fuerunt
914 3090 1038 3136 ante
1068 3081 1384 3146 Dominum,
1417 3080 1569 3138 fures
1592 3089 1647 3136 et
1668 3080 1907 3135 latrones
1930 3078 2022 3133 ιι»

469 3188 578 3228 non
606 3173 856 3229 absolute
900 3183 1083 3228 autem
1133 3188 1326 3230 omnes
1372 3174 1646 3240 homines,
1694 3172 1788 3228 sed
1840 3152 2099 3227 omnesc

467 3264 974 3335 pseudoproplietaz,
1031 3272 1085 3319 et
1117 3280 1329 3326 omnes.
1378 3265 1473 3335 qui
1522 3279 1632 3319 non
1689 3264 1907 3333 proprie
1961 3263 2031 3317 ab

468 3356 589 3426 ipso
614 3355 767 3411 missi
802 3362 950 3409 sunt.
985 3353 1308 3409 Habuerunt
1332 3364 1513 3409 autem
1544 3353 2031 3423 pseudoprophetze

469 3462 689 3517 quoque
716 3447 921 3502 furtum
948 3488 963 3513 ,
990 3446 1136 3516 quod
1195 3446 1472 3517 prophetae
1518 3445 1829 3500 dicerentur
1858 3461 1873 3497 :
1905 3459 2030 3498 cum

469 3543 747 3613 prophetae
773 3541 990 3613 quidem
1020 3550 1223 3608 essent,
1249 3539 1346 3596 sed
1375 3539 1515 3609 ejus,
1539 3539 1632 3609 qui
1662 3547 1747 3594 est
1772 3538 2027 3593 mendax.

470 3632 611 3688 Dicit
631 3633 773 3687 enim
802 3632 1068 3687 Dominus
1099 3650 1113 3686 :
1156 3651 1175 3684 ι
1207 3630 1318 3689 Vos
1343 3647 1406 3687 ex
1428 3638 1583 3702 patre
1610 3640 1789 3687 vestro
1814 3632 2032 3688 diabolo

469 3726 693 3790 εειίε.›1‹
728 3734 782 3781 et
806 3725 1068 3781 desideria
1102 3725 1271 3795 patris
1298 3726 1462 3781 vestri
1498 3725 1661 3779 vultis
1709 3724 1907 3781 facere.
1939 3724 2033 3779 Ille

471 3816 742 3873 homicida
773 3825 890 3872 erat
938 3816 1007 3872 ab
1039 3816 1217 3882 initio,
1252 3825 1307 3872 et
1364 3816 1418 3871 in
1451 3816 1676 3871 veritate
1715 3831 1822 3870 non
1865 3816 2030 3880 stetit,

469 3910 730 3980 quoniam
764 3924 873 3965 non
905 3917 989 3966 est
1020 3910 1074 3965 in
1108 3910 1226 3981 ipso
1261 3909 1480 3965 veritas.
1514 3907 1649 3963 Cum
1677 3908 1891 3964 loeutus
1914 3908 2030 3963 fue-

471 4002 545 4055 rit
570 3999 789 4067 falsum,
822 4014 889 4056 ex
922 4000 1156 4072 propriis
1213 3999 1477 4070 loquitur,
1512 3998 1767 4069 quoniam
1803 3998 2031 4052 mendax

468 4103 575 4160 est,
615 4102 669 4149 et
696 4101 847 4164 pater
884 4092 1005 4164 ejus
1034 4093 1083 4147 δ.
1123 4111 1143 4145 ι
1181 4091 1238 4147 In
1264 4092 1417 4147 falsis
1446 4100 1626 4145 autem
1656 4105 1784 4145 vera
1817 4104 2033 4160 quoque

469 4185 651 4257 aliqua
688 4185 941 4242 dicebant
965 4183 1464 4256 pseudOprOpbetaa.
1502 4181 1568 4237 Et
1614 4182 1651 4237 ii
1694 4196 1881 4241 revera
1909 4195 2034 4251 pro-

2132 1914 2193 1950 τε
2222 1896 2483 1969 αἱρέσεως
2520 1895 2620 1966 τῆς
2664 1894 2874 1966 φαύλης
2911 1895 3003 1949 καὶ
3062 1894 3386 1968 ἐπιτερποῦς
3410 1935 3426 1958 ,
3455 1894 3554 1947 καὶ
3591 1894 3693 1965 πρὸ

2132 1990 2334 2045 τούτων
2360 1989 2418 2043 τὸ
2454 1990 2528 2061 μὴ
2578 1989 3060 2058 συγκατατίθεσθαι
3085 1993 3205 2054 ταῖς
3235 1989 3539 2062 ἀπατηλαίς
3560 1989 3695 2042 ὲκεί-

2132 2100 2252 2147 ναις
2276 2081 2612 2152 φαντασίαις,
2637 2082 2920 2135 ἀπόκειται
2945 2082 3028 2151 ἐφ’
3055 2084 3203 2154 ἡμῖν.
3236 2101 3255 2133 ι
3278 2081 3489 2156 Ana-ri};
3517 2082 3582 2135 δὲ
3605 2082 3694 2135 καὶ

2131 2173 2366 2245 κλέπτης
2391 2192 2409 2225 ι
2441 2175 2470 2227 6
2493 2171 2735 2236 διάϐολος
2778 2171 3013 2243 λέγεται,
3052 2173 3491 2246 ψευδοπροφήτας
3527 2175 3696 2243 ἐγκα-

2132 2264 2359 2337 ταμίξας
2394 2266 2505 2328 τοῖς
2534 2265 2859 2336 προφήταις,
2885 2264 3136 2337 καθάπερ
3154 2264 3231 2336 τῷ
3256 2263 3410 2336 πυρῷ
3438 2265 3508 2318 τά
3543 2263 3695 2329 ζιζά-

2130 2373 2253 2413 νια’
2290 2375 2310 2408 ι
2348 2355 2555 2419 Πάντες
2599 2353 2693 2409 οὖν
2732 2356 2780 2409 oi
2824 2356 2929 2428 πρὸ
2969 2356 3172 2427 Κυρίου
3204 2355 3427 2410 κλέπται
3469 2356 3572 2409 καὶ
3606 2355 3697 2428 λῃ-

2133 2446 2285 2500 σταί’
2322 2465 2341 2498 ι
2385 2446 2483 2516 οὐχ
2530 2444 2717 2521 ἀπλῶς
2762 2445 2963 2510 πάντες
2994 2445 3298 2518 ἄνθρωποι,
3330 2446 3528 2508 πάντες
3554 2445 3615 2499 δὲ
3648 2447 3695 2517 οἱ

2128 2534 2583 2606 ψευδοπροφῆται,
2639 2536 2734 2588 καὶ
2782 2534 2982 2599 πάντες
3027 2536 3075 2588 οί
3117 2532 3190 2605 μὴ
3224 2533 3422 2606 κυρίως
3453 2534 3551 2588 ὑπ’
3597 2534 3695 2588 αὐ·

2128 2625 2222 2681 τοῦ
2280 2624 2689 2689 ἀποσταλέντες.
2741 2620 2901 2697 Εἶχον
2962 2625 3020 2680 δὲ
3072 2625 3166 2679 καὶ
3208 2626 3259 2678 oi
3312 2624 3698 2699 ψευδοπροφῆ-

2129 2732 2218 2768 ται
2269 2715 2331 2769 τὸ
2378 2715 2600 2788 κλέμμα
2653 2715 2716 2769 τὸ
2770 2716 2940 2787 ὄνομα
3006 2716 3065 2769 τὸ
3126 2716 3492 2788 προφητικὸν,
3564 2733 3700 2789 προ-

2131 2806 2297 2877 φῆται
2362 2806 2554 2872 ὀντες,
2614 2806 2749 2860 ἀλλά
2815 2805 2912 2860 τοῦ
2962 2805 3215 2876 ψεύστου.
3270 2808 3432 2875 Λέγει
3491 2804 3615 2879 γὰρ
3670 2807 3701 2860 6

2132 2898 2381 2970 Κύριος-ι
2404 2899 2592 2970 Ὑμεῖς
2608 2899 2673 2951 ὲκ
2700 2897 2793 2951 τοῦ
2811 2897 3014 2969 πατρὸς
3035 2898 3313 2969 Opim/(l8)
3329 2898 3419 2951 τοῦ
3442 2898 3699 2952 διαϐόλου

2130 2994 2272 3059 ὲστὲ,
2306 2993 2400 3047 καὶ
2448 2993 2545 3057 τάς
2598 2992 2891 3063 ἐπιθυμίας
2922 2992 3014 3045 τοῦ
3062 2993 3266 3063 πατρὸς
3311 2988 3463 3063 ὑμῶν
3509 2993 3701 3045 θέλετε

2132 3088 2321 3139 ποιεῖν.
2362 3086 2595 3148 Ἐκεῖνος
2629 3083 3066 3156 ἀνθρωποκτόνος
3095 3080 3163 3155 ἦν
3187 3083 3281 3138 ἀπ’
3302 3084 3490 3154 ἀρχῆς,
3516 3085 3621 3137 καὶ
3648 3087 3704 3137 ἐν

2133 3180 2196 3248 τῇ
2233 3176 2455 3248 ἀληθείᾳ
2500 3177 2597 3246 οὐχ
2647 3175 2897 3246 ἔστηκεν,
2932 3175 3013 3228 ὅτι
3062 3175 3161 3228 οὐκ
3195 3174 3336 3228 ἔστιν
3378 3174 3618 3247 ἀλήθεια
3648 3178 3705 3229 ὲν

2135 3267 2299 3339 αὐτῷ.
2338 3267 2449 3321 Ὅτ’
2472 3265 2536 3320 ἂν
2582 3265 2713 3337 λαλῇ
2748 3266 2807 3319 τὸ
2836 3265 3046 3335 ψεῦδος,
3088 3267 3152 3318 ὲκ
3196 3263 3303 3317 τῶν
3338 3264 3480 3318 ἰδίων
3519 3264 3701 3319 λαλεῖ·

2134 3359 2213 3412 ὅτι
2243 3357 2479 3427 ψεύστης
2516 3356 2661 3420 ἐστὶ,
2710 3356 2805 3409 καὶ
2833 3358 2861 3409 6
2887 3357 3066 3427 πατὴρ
3104 3354 3285 3409 αὐτοῦ.
3312 3373 3330 3405 ι
3379 3355 3466 3406 Ἐν
3494 3354 3559 3408 δὲ
3592 3358 3706 3420 τοῖς

2132 3448 2348 3519 ψεύδεσι
2379 3447 2474 3501 καὶ
2492 3446 2665 3517 ἀληθῆ
2689 3445 2797 3519 (l9)
2816 3464 2935 3501 τινα
2965 3446 3146 3515 ἔλεγον
3168 3447 3215 3499 οί
3238 3445 3704 3517 ψευδοπροφῆται.

2134 3539 2244 3593 Καὶ
2274 3536 2350 3608 τῷ
2394 3537 2506 3591 ὄντι
2555 3532 2696 3592 οὗτοι
2733 3539 2790 3590 ἐν
2829 3555 2848 3588 ι
2874 3538 3125 3591 ἐκστάσει
3155 3557 3174 3588 ι
3211 3539 3605 3612 προεφήτευου,
3634 3540 3709 3603 ὡς

2137 3631 2201 3685 ἂν
2243 3650 2260 3682 ι
2290 3631 2590 3685 ἀποστάτου
2619 3650 2637 3682 ι
2666 3630 2918 3684 διάκονοι.
2945 3631 3107 3700 Λέγει
3138 3631 3195 3685 δὲ
3241 3629 3335 3685 καὶ
3364 3632 3391 3684 ὁ
3411 3630 3657 3702 Ποιμήν,
3679 3634 3710 3686 ὁ

2137 3722 2361 3792 ἄγγελος
2405 3723 2503 3793 τῆς
2547 3722 2834 3793 μετανοίας
2878 3722 3023 3792 (20),
3074 3721 3151 3792 τῷ
3211 3722 3385 3794 Ἑρμᾷ
3431 3722 3566 3793 περὶ
3612 3721 3711 3776 eo")

2135 3809 2594 3884 ψευδοπροφήτουο
2659 3829 2678 3860 ι
2730 3810 2862 3864 Τινά
2925 3810 3034 3882 (21)
3094 3809 3203 3882 γὰρ
3266 3811 3486 3881 ῥήματα
3518 3810 3709 3882 ἀληθῆ

2136 3903 2301 3959 λαλεῖ*
2333 3905 2361 3957 6
2393 3902 2499 3973 γὰρ
2531 3902 2769 3967 διάϐολος
2798 3902 2958 3956 αὐτὸν
2996 3902 3192 3974 πληροῖ
3221 3902 3295 3973 τῷ
3316 3900 3506 3956 ἑαυτοῦ
3540 3903 3711 3957 πνεύ-

2139 4014 2290 4068 ματι,
2321 3995 2375 4048 εί
2400 4011 2520 4049 τινα
2547 3994 2831 4067 δυνήσεται
2866 3995 3025 4067 ῥῆξαι
3056 3995 3164 4048 τῶν
3195 3994 3431 4049 δικαίων.
3458 4013 3478 4047 ι
3512 3996 3711 4050 Πάντα

2141 4084 2240 4154 μὲν
2278 4081 2370 4139 οὖν
2400 4086 2759 4156 οἰκονομεῖται
2790 4085 2993 4140 ἄνωθεν
3017 4086 3095 4150 είς
3126 4084 3306 4151 καλὸν,
3344 4105 3364 4137 ι
3390 4086 3479 4139 ἴνα
3501 4103 3712 4157 γνωρι-

2140 4176 2239 4250 σθῇ
2290 4177 2375 4233 διά
2418 4168 2515 4249 τῆς
2557 4178 2877 4251 Ἐκκλησίας
2916 4178 2950 4249 ή
2992 4178 3367 4243 πολυποίκιλος
3404 4179 3571 4250 σοφία
3610 4169 3719 4235 τοιῖ

541 4324 599 4382 ω
628 4316 690 4373 Ρ.
713 4316 818 4372 569
848 4316 960 4371 ED.
985 4315 1278 4384 POTTEB,
1301 4316 1407 4372 512
1434 4315 1543 4371 eo.
1570 4300 1853 4385 estus:
1923 4326 1949 4354 ι
1973 4312 2032 4368 ,ιο

2164 4328 2219 4380 x,
2247 4314 2300 4369 8.
2378 4312 2407 4353 ιι
2438 4311 2596 4368 Joan.
2625 4329 2746 4382 vtu,
2770 4313 2859 4368 μ.

538 4454 649 4527 (16)
672 4458 755 4511 Οὐ
759 4458 819 4526 χι
830 4457 915 4527 μὴ
939 4457 1192 4522 κωλῦον,
1207 4457 1369 4527 ἀλλὰ
1387 4455 1735 4527 προτρέπον.
1753 4454 2030 4527 Lovvthius

2139 4468 2187 4527 ρ.
2222 4451 2355 4527 554.
2376 4451 2591 4527 Similia
2605 4453 2767 4527 _apud
2803 4451 3080 4509 Platonem
3106 4462 3398 4509 occurrunt
3429 4451 3486 4507 in
3513 4450 3711 4508 Socra-

471 4520 1149 4598 scril)endu'nt'admonuit,
1174 4520 1293 4598 οὐχὶ
1318 4526 1390 4597 μὴ
1413 4520 1739 4598 προτρέπον,
1772 4523 1903 4598 ἀλλά
1933 4540 2034 4575 κω-

471 4593 615 4646 λῦον·
650 4604 703 4648 et
731 4594 953 4651 delenda
991 4593 1292 4664 sequentia,
1320 4593 1389 4650 ⁷εί’
1418 4593 1513 4649 καὶ
1554 4593 1633 4665 ’μὴ
1677 4612 1718 4647 π
1755 4594 1842 4646 οὲτ
1881 4608 2029 4645 επεν.

471 4662 659 4717 Ouoad
691 4678 819 4717 vero
847 4666 947 4717 hoc
975 4675 1336 4717 postremum.
1359 4665 1409 4717 ei
1440 4664 1691 4717 assentiri
1722 4611 1878 4717 ﬁant?
1901 4677 2029 4717 nos-

471 4662 671 4734 Quoad‘
691 4678 819 4717 vero
847 4666 947 4720 hoc
975 4662 1336 4734 pos—tremum,
1359 4665 1409 4719 ei
1440 4662 1691 4734 assentiri
1722 4662 1865 4717 haud
1901 4677 2032 4730 pos-

472 4748 614 4787 sum.
642 4731 847 4788 Seusus
868 4731 1011 4788 enim
1029 4744 1131 4799 est,
1163 4754 1181 4786 ι
1215 4736 1549 4790 υωωοηὶιιιῐι
1579 4733 1785 4787 Socrati
1809 4746 2031 4787 causam

470 4803 661 4871 agendi
696 4802 885 4867 fuisse,
918 4818 1027 4857 non
1058 4820 1180 4858 eum
1226 4804 1511 4863 hortando.
1550 4803 1643 4858 sed
1677 4802 2032 4872 prohibendo,

470 4873 634 4926 etiam
650 4880 925 4939 tum,cum
966 4889 1074 4927 non
1114 4874 1443 4929 hortaretur.
1480 4892 1498 4924 ›
1521 4873 1648 4927 \‘ult
1674 4874 1815 4927 enim
1844 4883 2035 4927 auctor

470 4943 757 4997 ostendere
780 4957 890 4997 non
916 4946 1089 4998 solum
1120 4959 1267 5004 eum,
1302 4944 1396 5013 qui
1419 4945 1699 5010 hortatur;
1737 4943 1833 4998 sed
1870 4942 2034 4997 etiam

470 5027 617 5079 eum,
674 5014 768 5083 qui
815 5013 1113 5083 prohibet,
1147 5014 1360 5069 etiamsi
1415 5014 1857 5083 non_hortetur,
1908 5026 2036 5083 vere

470 5080 705 5137 causam
725 5080 867 5139 esse.
894 5082 1065 5137 Porro
1096 5082 1347 5138 Socrates
1378 5083 1518 5153 apud
1546 5081 1821 5138 Platonem
1848 5080 2033 5153 refert,

471 5153 821 5218 dagmonium,
842 5152 987 5223 quod
1012 5154 1113 5223 sibi
1137 5152 1447 5217 assistebat,
1473 5153 1761 5223 prohibere
1788 5152 2033 5223 solitum,

472 5236 583 5294 non
604 5238 733 5278 vero
754 5220 983 5294 hortari,
1017 5222 1213 5294 Theag.
1244 5239 1365 5293 pag.
1396 5220 1503 5294 957';
1539 5223 1693 5294 Ἔστι
1722 5222 1829 5293 γάρ
1846 5220 2039 5294 τιθείς.

474 5290 640 5365 μοίρᾳ
670 5289 1222 5365 παρεπόμενον-ἐμοὶ,
1244 5289 1341 5365 ἐκ
1362 5293 1546 5356 παιδὸς
1589 5289 2036 5365 ἀρξάμενονΑδαιὲ

476 5360 673 5435 μόνιον·
708 5360 862 5435 Ἔστι
884 5360 942 5417 δὲ
971 5360 1129 5435 τοῦτο
1150 5363 1322 5435 φωνὴ,
1349 5364 1529 5434 ἢὸταν
1550 5360 1802 5435 γένηται,
1829 5360 1913 5414 ἀεί
1949 5377 2038 5435 μοι

475 5431 726 5505 σημαίνει
753 5432 887 5505 ὃᾼάν
921 5433 1111 5505 μέλλω
1147 5430 1429 5505 πράττειν,
1472 5430 1659 5505 τούτου
1682 5430 2033 5505 λάποτροπήνο

475 5501 767 5573 προτρέπει
793 5502 851 5557 δὲ
882 5501 1155 5559 οὖδίποτε.
1195 5501 1215 5556 ἱ
1242 5503 1407 5557 Adest
1443 5502 1575 5573 mihi
1602 5503 1781 5556 divina
1803 5501 2036 5571 quadam

478 5572 625 5643 sorte
650 5573 974 5629 daemonium
1000 5573 1297 5643 quoddam,
1320 5589 1349 5627 a
1381 5572 1608 5642 puerilia
1634 5579 1993 5643 mesecutum
2021 5587 2034 5622 :

483 5633 589 5715 hoc
613 5652 790 5715 autem
817 5658 919 5697 vox
938 5633 1034 5715 est
1074 5633 1345 5713 quaedam,
1382 5633 1515 5715 ἠοω
1555 5655 1679 5715 cum
1716 5640 1795 5704 lit,
1826 5653 2038 5715 semper

478 5708 597 5781 eius
620 5709 719 5772 rei.
745 5727 908 5781 quam
931 5708 1177 5767 facturus
1206 5727 1352 5781 sum.
1381 5708 2032 5781 dissuasionem__iunuit,

478 5771 727 5834 hortatur
748 5771 874 5835 vero
893 5790 1189 5854 nunquam.
1216 5800 1233 5833 ι
1256 5780 1387 5849 Quae
1404 5779 1540 5835 infra
1559 5779 1749 5835 recitat
1763 5777 2033 5839 Clemens.

2135 4523 2202 4577 tis
2234 4523 2437 4590 apolog.
2474 4538 2528 4591 p.
2561 4522 2649 4576 50.

2207 4591 2485 4665 (17)’ῌερί
2519 4592 2695 4665 abegi.
2735 4591 2910 4648 Etiam
2948 4591 3258 4649 accusativo
3298 4606 3430 4648 casu
3460 4593 3566 4665 legi
3610 4610 3711 4665 po-

2136 4670 2241 4718 test
2262 4661 2389 4732 περὶ
2422 4662 2569 4732 αὐτό.
2608 4661 2873 4732 SanunG.

2210 4729 2345 4869 (lBg‘
2369 4729 2569 4799 Ύμῶν.
2607 4734 2772 4787 Abest
2795 4749 2824 4787 a
2851 4731 3009 4786 Joan.

2210 4801 2297 4869 (l9
2364 4801 2595 4868 Ἀληθῆ.
2630 4802 2783 4868 Quod
2829 4801 2949 4856 falsi
2980 4817 3009 4869 ι]

2208 4801 2319 4871 (l9)
2364 4801 2595 4868 Ἀληθῆ.
2630 4802 2783 4868 Quod
2829 4801 2949 4856 falsi
2980 4801 3255 4871 propheta:
3284 4816 3413 4856 vera
3436 4802 3702 4871 quaedam

2138 4869 2289 4925 falsis
2314 4871 2656 4936 miscuerint,
2688 4879 2946 4925 notarunt
2974 4869 3137 4941 etiam
3162 4873 3401 4941 scriptor
3426 4869 3706 4941 Recogm’t.

2138 4943 2234 4996 lib.
2261 4956 2345 5011 ιν,
2368 4942 2535 5011 921,
2566 4941 2656 5008 2‘2,
2684 4952 2738 4996 et
2767 4942 2864 4998 lib.
2892 4957 3011 5002 vm.
3036 4958 3088 4996 c.
3113 4940 3202 5005 60,
3231 4940 3708 5011 pseudo-Ambro-

2137 5013 2254 5082 sius
2274 5010 2353 5082 ad
2377 5008 2400 5061 Ι
2429 5010 2622 5082 Thess.
2644 5028 2698 5077 v,
2726 5012 2903 5082 Ἡλεί
2936 5008 3609 5082 pseudo-Chrysostornns
3637 5012 3711 5066 ad

2137 5080 2326 5135 Matth.
2358 5096 2471 5145 vn,
2501 5080 2590 5135 2|.
2624 5081 2783 5138 (Ioni.
2818 5080 3177 5138 Maimonides
3219 5080 3302 5135 De
3333 5081 3710 5150 fundamentis

2137 5151 2288 5221 legis,
2318 5164 2438 5219 cap.
2466 5150 2554 5214 l0,
2584 5167 2641 5205 n.
2672 5153 2722 5205 5.

2209 5219 2321 5288 (20)
2364 5221 2638 5292 Ἄγγελος
2664 5220 2775 5292 τῆς
2957 5220 3029 5276 De
3052 5219 3159 5292 hoc
3189 5221 3380 5292 angelo
3406 5221 3551 5278 conf.
3586 5237 3715 5292 qua:

2141 5290 2422 5364 adnotavit
2436 5289 2744 5364 'Cotelerius
2776 5289 2844 5346 ad
2873 5290 3085 5347 Hermae
3113 5289 3396 5349 Pastflib.
3410 5308 3473 5359 ιι,
3500 5308 3551 5351 c.
3574 5289 3631 5359 1,
3649 5307 3709 5364 p.

2140 5359 2210 5414 85
2234 5360 2362 5413 edit.
2396 5359 2694 5416 Amstelod.

2213 5428 2323 5498 (2|)
2375 5428 2535 5485 Τινὰ.
2580 5428 2708 5485 Haec
2734 5428 2928 5485 Latine
2974 5439 3192 5486 exstant
3235 5429 3380 5500 apud
3419 5429 3707 5494 Hel-main,

2141 5497 2353 5571 Pastor.
2388 5500 2481 5554 lib.
2517 5516 2575 5571 ιι,
2616 5500 2802 5571 mand.
2836 5501 2937 5571 )0,
2968 5516 3020 5571 p.
3054 5502 3119 5558 97
3143 5520 3157 5555 :
3184 5520 3202 5554 ι
3226 5497 3487 5567 Quaedam
3517 5511 3706 5557 autem

2140 5568 2302 5624 verba
2350 5584 2474 5640 vera
2518 5570 2781 5640 loquitur.
2829 5568 3090 5625 Diabolus
3122 5571 3311 5640 implet
3338 5586 3464 5640 eum
3511 5572 3711 5640 spiritu

2142 5653 2263 5713 sino,
2293 5650 2348 5694 ut
2372 5639 2843 5713 dejiciat_aliquem
2872 5656 2937 5694 ex
2961 5641 3148 5713 justis.
3173 5639 3324 5713 {Ubi
3355 5639 3713 5713 {ﬂictuque}!

2142 5706 2488 5780 Het'vetoest
2535 5728 2553 5762 ι
2584 5706 2898 5779 frangere,»
2951 5706 3145 5765 melius
3186 5706 3490 5780 explicatur
3522 5706 3547 5761 Vc
3571 5706 3715 5779 deji-

2142 5793 2282 5834 cere.
2309 5798 2327 5831 ι
2380 5777 2477 5835 Est
2525 5780 2677 5835 enim
2712 5777 2944 5838 verbum
2990 5781 3207 5837 athletis
3246 5777 3309 5835 ac
3350 5777 3716 5835 bellatoribus
