3970 6526
218 416 320 475 801

1493 401 1925 461 STROMATUM
1969 404 2100 459 LIB.
2145 403 2183 458 Ι.

3371 402 3476 457 eos

218 537 379 612 Θεοῦ,
414 534 557 591 κατά
605 532 906 607 πρόγνωσιν
940 529 1050 602 (22)
1084 526 1191 582 τῶν
1227 525 1467 591 αίώνων,
1500 526 1568 598 ἢν
1605 526 1793 597 ἐποίη-

1922 525 2192 581 ιιιθιιιὶιιιιιι
2224 525 2278 579 in
2312 543 2331 576 ι
2371 524 2597 588 exstasi,
2632 542 2650 575 ι
2690 534 2750 578 ιιι
2780 540 2801 575 ι
2846 532 3125 594 apostatae,
3167 540 3185 572 ι
3221 518 3364 589 ejus,
3391 517 3478 572 in-

220 647 315 683 σεν
339 610 406 682 ἐν
436 625 671 699 Χριστῷ·
699 645 718 677 ι
755 623 834 695 τῷ
864 620 983 693 Θεῷ
1019 619 1077 674 δὲ
1121 618 1271 675 οὐδὲν
1302 616 1632 682 ἀντίκειται,
1674 616 1793 671 οὐδὲ

1922 633 2083 689 luam,
2119 617 2215 688 qui
2243 616 2534 684 defecerat,
2575 616 2836 672 ministri.
2876 615 3019 671 Dicit
3047 624 3229 670 autem
3281 610 3480 668 Pastor

220 717 555 775 ἐναντιοῦταί
584 734 638 771 τι
669 715 839 787 αὐτῷ,
869 712 1060 786 Κυρίῳ
1091 711 1184 767 καὶ
1229 710 1627 782 παντοκράτορι
1659 709 1792 764 δντι.

235 812 397 867 Ἀλλά
421 811 516 865 καὶ
538 812 593 865 αί
624 808 731 863 τῶν
757 805 1246 876 ἀποστατησάντων
1268 801 1382 874 (25)
1415 801 1599 873 βουλαί
1619 819 1678 855 τε
1702 802 1797 856 καὶ

222 904 512 974 ἐνέργειαι,
560 900 785 973 μερικαὶ
831 893 1017 963 οὖσαι,
1051 896 1290 965 γίνονται
1339 892 1437 965 μὲν
1484 893 1549 946 ἐκ
1582 891 1799 961 φαύλης

223 994 537 1059 διαθέσεως,
571 992 821 1064 καθάπερ
851 991 946 1046 καὶ
975 990 1035 1044 ai.
1060 989 1206 1042 νόσοι
1241 988 1296 1041 αἱ
1336 985 1664 1057 σωματικαί·
1700 1000 1798 1038 κυ-

226 1088 526 1161 ϐερνῶνται
568 1088 627 1142 δὲ
674 1084 779 1140 ὑπὸ
818 1084 916 1156 τῆς
962 1080 1185 1137 καθόλου
1230 1078 1485 1151 προνοίας
1516 1078 1608 1130 ἐπὶ
1651 1076 1801 1140 τέλος

226 1180 479 1250 ὑγιεινὸν,
513 1178 617 1233 κᾶν
661 1173 935 1238 νοσοποιὸς
1070 1172 1104 1242 ἡ
1150 1169 1317 1224 αἰτία.
1363 1168 1635 1237 Μέγιστον
1671 1164 1802 1236 γοῦν

225 1273 331 1346 τῆς
362 1272 511 1337 θείας
539 1268 815 1342 προνοίας,
843 1266 904 1321 τὸ
940 1265 1015 1338 μὴ
1045 1266 1204 1319 ἐᾶσαι
1236 1261 1333 1334 τὴν
1363 1260 1424 1326 ἐξ
1453 1259 1803 1321 ἀποστάσεως

229 1365 478 1420 ἑκουσίου
513 1364 739 1432 φυείσαν
771 1358 968 1414 κακίαν
999 1357 1270 1429 ἄχρηστον
1304 1353 1402 1408 καὶ
1426 1350 1677 1422 ἀνωφελῆ
1707 1350 1803 1421 μέ-

230 1473 365 1520 νειν,
393 1453 527 1528 μηδὲ
552 1453 657 1524 μὴν
682 1449 823 1505 κατά
846 1449 1022 1503 πάντα
1050 1445 1318 1518 βλαϐερὰν
1340 1443 1508 1515 αὐτὴν
1531 1441 1802 1512 γενέσθαι·

227 1550 332 1621 τῆς
385 1547 494 1618 γάρ
540 1544 690 1610 θείας
717 1543 940 1613 σοφίας,
987 1541 1082 1597 καὶ
1126 1539 1347 1611 ἀρετῆς,
1390 1537 1485 1590 καὶ
1528 1535 1809 1606 δυνάμεως

230 1638 395 1711 ἔργον
430 1635 576 1689 ἐστὶν
606 1635 667 1689 οὐ
708 1634 868 1705 μόνον
895 1632 958 1685 τὸ
987 1629 1334 1700 ἀγαθοποιείν
1369 1625 1554 1697 (φύσις
1585 1625 1713 1697 γὰρ,
1735 1624 1812 1689 ὡς

230 1732 430 1795 είπεῖν,
459 1726 598 1799 αῦτη
630 1726 723 1780 τοῦ
752 1724 910 1789 Θεοῦ,
942 1722 1017 1787 ὼς
1049 1720 1143 1775 τοῦ
1178 1721 1349 1792 πυρὸς
1379 1719 1440 1773 τὸ
1464 1714 1808 1790 θερμαίνειν,

232 1822 330 1879 καὶ
354 1819 447 1875 τοῦ
479 1818 655 1890 φωτὸς
687 1817 749 1871 τὸ
788 1814 1087 1887 φωτίζειν)·
1112 1812 1259 1867 ἀλλά
1300 1813 1520 1866 κάκεῖνο
1554 1808 1809 1881 μάλιστα,

1895 725 2135 783 quoque,
2163 709 2389 780 angelus
2443 707 2810 780 poenitentia,
2861 707 2931 761 ad
3001 704 3352 770 Hermetem,
3411 701 3482 757 de

1896 802 2372 874 pseudOpropheta
2411 818 2429 857 :
2471 819 2490 854 ι
2528 800 2788 868 Quaedam
2816 798 2963 854 enim
3004 797 3171 853 verba
3204 810 3333 851 vera
3394 794 3483 848 di-

1898 894 1973 950 cit
2024 912 2038 948 :
2094 893 2346 949 diabolus
2394 892 2539 946 enim
2592 905 2718 946 eum
2760 887 2950 957 implet
3002 899 3105 940 suo
3174 883 3397 953 spiritu,
3434 879 3483 935 εἰ

1899 1002 2062 1057 quem
2120 984 2296 1057 possit
2325 999 2391 1040 ex
2417 983 2582 1054 justis
2615 976 2890 1049 frangere.
2929 999 2949 1032 ι
2982 977 3175 1034 Omnia
3207 988 3338 1044 ergo
3370 986 3485 1027 coe-

1901 1080 2030 1135 litus
2064 1078 2118 1133 in
2152 1079 2359 1133 bonum
2421 1076 2832 1145 dispensantur,
2876 1090 2896 1125 ι
2936 1082 2996 1125 ιιι
3041 1083 3136 1139 per
3184 1064 3485 1120 Ecclesiam

1904 1171 2211 1227 innotescat
2244 1168 2522 1238 multiplex
2559 1181 2625 1221 ac
2657 1165 2810 1219 varia
2849 1162 2943 1217 Dei
2968 1159 3256 1231 sapientia,
3292 1164 3486 1211 secun-

1903 1267 2033 1322 dum
2063 1263 2388 1320 saeculorum
2415 1257 2837 1330 praescientiam,
2868 1268 3032 1324 quam
3078 1251 3207 1307 fecit
3240 1250 3295 1305 in
3329 1249 3487 1304 Chri—

1906 1365 1993 1414 sto
2044 1366 2092 1407 ιι.
2140 1372 2160 1407 ›
2228 1352 2340 1407 Deo
2405 1360 2586 1405 autem
2646 1348 2784 1402 nihil
2844 1347 3187 1407 adversatur,
3247 1357 3349 1396 nec
3406 1351 3489 1396 est

1905 1449 2205 1521 quidquam
2262 1444 2311 1500 ei
2366 1440 2725 1504 contrarium,
2760 1447 2823 1493 ut
2867 1437 2962 1508 qui
3003 1436 3075 1491 sit
3135 1433 3405 1488 Dominus
3435 1440 3490 1486 et

1908 1541 2275 1611 omnipotens.
2347 1534 2659 1603 Quinetiam
2729 1546 2943 1595 eorum,
2998 1529 3092 1597 qui
3153 1526 3491 1587 defecerunt,

1910 1633 2138 1693 consilia
2170 1640 2224 1687 et
2256 1629 2621 1700 operationes,
2646 1640 2772 1680 cum
2793 1631 2999 1693 partem
3027 1621 3203 1677 solum
3231 1618 3491 1679 alliciant.

1912 1729 2051 1785 ﬁunt
2082 1724 2302 1796 quidem
2334 1720 2576 1777 eX‘mala
2606 1716 2911 1781 aﬂ'eclione,
2952 1714 3097 1769 sicut
3150 1709 3327 1775 morbi
3365 1722 3493 1764 cor-

1912 1819 2099 1892 poris;
2138 1817 2207 1872 ab
2240 1810 2534 1871 universali
2570 1819 2750 1865 autem
2802 1806 3143 1877 providentia
3182 1802 3496 1871 diriguntur

232 1878 296 1968 τδ
325 1913 414 1968 διὰ
443 1878 767 1967 κάκῶνντῶν
801 1878 1195 1978 ἐπινοηθέντων
1224 1904 1358 1976 πρός
1388 1878 1570 1966 τινων,
1605 1901 1807 1972 ἀγαθόν

1922 1878 1980 1964 ad
2032 1878 2197 1962 tinem
2237 1903 2534 1965 salubrem,
2589 1898 2808 1954 etiamsi
2845 1910 3009 1952 causa
3046 1894 3118 1950 sit
3171 1890 3346 1947 morbi
3380 1888 3496 1945 etii-

231 2022 289 2060 τι
322 2006 417 2059 καὶ
440 2002 673 2076 χρηστὸν
710 2000 862 2064 τέλος
888 1996 1173 2053 ἀποτελεῖν
1191 2036 1205 2060 ,
1243 1995 1338 2048 καὶ
1370 1992 1657 2064 ὠφελίμως
1699 1993 1810 2055 τοῖς

231 2094 718 2165 δοκοῦσι’φαύλοις
768 2091 1022 2165 χρῆσθαι,
1057 2087 1308 2159 καθάπερ
1355 2089 1449 2139 καὶ
1492 2084 1569 2155 τῷ
1599 2087 1664 2137 ἐκ
1696 2101 1814 2136 πει-

238 2185 450 2260 ρασμοῦ
480 2182 777 2258 μαρτυρίῳ.
810 2183 994 2236 Ἔστιν
1019 2175 1111 2233 οῦν
1141 2180 1243 2233 κάν
1277 2175 1563 2247 φιλοσοφία
1596 2177 1660 2246 τῇ
1685 2174 1816 2228 κλα-

236 2280 427 2353 πείσῃ,
450 2277 699 2349 καθάπερ
731 2275 835 2329 ὑπὸ
860 2271 1217 2347 Προμηθέως,
1246 2270 1358 2341 πῦρ
1382 2268 1559 2338 ὀλίγον
1591 2267 1671 2330 είς
1702 2264 1817 2335 φῶς

237 2371 541 2443 ἐπιτήδειον
572 2369 857 2442 χρησίμως
890 2354 1328 2436 ζωπυρούμενον,
1361 2360 1505 2431 ἴχνος
1538 2377 1591 2413 τι
1626 2359 1818 2428 σοφίας

236 2464 336 2519 καὶ
368 2463 580 2533 κίνησις
613 2460 763 2531 παρά
793 2458 951 2513 Θεοῦ.
986 2455 1171 2510 Ταῦτα
1201 2453 1310 2525 (24)
1340 2453 1382 2506 δ’
1400 2452 1465 2506 ἂν
1499 2446 1610 2505 εἶεν
1648 2470 1667 2502 ι
1695 2450 1819 2505 κλέ-

238 2573 375 2611 πται
400 2556 495 2610 καὶ
514 2553 707 2629 λῃσταὶ
729 2572 748 2605 ι
777 2555 825 2607 οἱ
858 2552 988 2623 παρ’
1014 2550 1238 2621 Ἕλλησι
1273 2546 1573 2617 φιλόσοφοι,
1595 2545 1689 2598 καί⁵
1714 2543 1820 2616 πρὸ

237 2648 343 2720 τῆς
366 2646 457 2701 τοῦ
483 2646 685 2718 Κυρίου
713 2644 1014 2716 παρουσίας
1038 2641 1186 2713 παρά
1215 2639 1323 2693 τῶν
1359 2636 1663 2709 Ἑϐραϊκῶν
1685 2653 1819 2708 προ-

241 2740 429 2813 φητῶν
456 2740 594 2812 μέρη
620 2738 718 2810 τῆς
738 2735 990 2809 ἀληθείας
1010 2733 1070 2787 οὐ
1095 2733 1215 2786 κατ’
1233 2731 1527 2799 ἐπίγνωσιν
1549 2728 1821 2792 λαϐόντες,

241 2831 357 2887 ἀλλ’
381 2830 456 2895 ὡς
506 2829 614 2882 ἴδια
659 2826 1108 2898 σφετερισάμενοι
1147 2820 1425 2891 δόγματαο
1476 2817 1571 2870 καὶ
1613 2814 1684 2868 τὰ
1726 2815 1823 2886 μὲν

240 2921 750 2995 παραχαράξαντες,
778 2919 845 2973 τὰ
882 2917 937 2971 δὲ
977 2914 1082 2970 ὑπὸ
1120 2910 1440 2986 περιεργίας
1469 2906 1696 2980 ἀμαθῶς
1733 2922 1825 2958 σο-

242 3017 555 3087 φισὰμενοι,
593 3012 663 3067 τὰ
721 3011 779 3065 δὲ
846 3012 941 3064 καὶ
994 3005 1328 3078 ἐξευρόντες·
1387 3002 1519 3063 ἴσως
1560 2999 1670 3070 γάρ
1730 2997 1826 3051 καὶ

249 3106 513 3177 «πνεῦμα
555 3102 858 3174 αἰσθήσεως
903 3099 1014 3170 (25)
1042 3118 1060 3149 ι
1110 3097 1428 3167 ἐσχήκασιν.
1495 3088 1825 3162 Ὠμολόγησε

1912 2003 2085 2059 ciens.
2120 1998 2217 2054 Est
2266 1998 2452 2066 itaque
2515 1990 2818 2046 maximum
2874 1988 3072 2042 divinae
3144 1981 3497 2055 providentia:

1915 2089 2075 2165 opus,
2115 2089 2262 2162 quod
2308 2101 2419 2142 non
2456 2084 2623 2151 sinat,
2678 2090 2741 2138 ut
2769 2080 2989 2144 vitium,
3017 2076 3163 2149 quod
3207 2091 3275 2131 ex
3306 2073 3499 2128 volun-

1915 2187 2056 2245 taria
2094 2182 2399 2240 defectione
2442 2186 2623 2233 ortum
2670 2183 2776 2240 est,
2831 2169 3234 2227 inconducihile
3281 2171 3502 2222 maneat

1916 2289 1972 2337 et
1994 2278 2204 2343 inutile,
2236 2273 2329 2330 sed
2353 2286 2454 2327 nec
2476 2270 2549 2325 sit
2578 2268 2783 2337 ubique
2804 2273 2859 2320 et
2884 2265 2939 2319 in
2968 2262 3224 2320 omnibus
3246 2259 3498 2314 noxium.

1920 2372 2125 2427 Divina:
2156 2367 2302 2424 enim
2339 2361 2640 2433 sapientiae,
2669 2370 2723 2415 et
2751 2356 2992 2422 virtutis,
3042 2364 3096 2412 et
3133 2352 3389 2425 potentiae
3419 2359 3505 2405 est

1920 2464 2179 2525 cilicium,
2215 2472 2324 2513 non
2354 2455 2533 2511 solum
2568 2449 2891 2507 benefacere
2928 2449 3067 2518 (haec
3099 2455 3185 2501 est
3232 2446 3401 2509 enim,
3442 2450 3507 2498 ut

1923 2560 1999 2614 ita
2028 2558 2229 2618 dicam,
2261 2550 2355 2605 Dei
2392 2556 2610 2611 natura,
2648 2553 2710 2598 ut
2739 2542 2881 2614 ignis
2927 2538 3249 2603 calefacere,
3283 2546 3338 2593 et
3368 2538 3506 2593 locis

1923 2644 2278 2709 illuminare),
2307 2637 2401 2693 sed
2431 2636 2820 2703 illud-quoque
2867 2633 3127 2694 maxime,
3156 2635 3217 2681 ut
3251 2627 3324 2693 id,
3358 2627 3504 2697 quod

1924 2756 2019 2812 per
2051 2730 2232 2793 malos'
2252 2732 2465 2801 aliquos
2491 2726 2857 2797 excogitatum
2888 2732 2995 2787 est.
3039 2722 3107 2777 ad
3156 2722 3360 2776 bonum
3409 2718 3511 2775 ali-

1924 2810 2087 2903 quem
2117 2829 2280 2883 tinem
2334 2830 2389 2877 et
2437 2819 2626 2875 utilem
2675 2816 2929 2881 deducat,
2984 2825 3039 2869 et
3091 2811 3378 2869 commode
3418 2810 3507 2877 iis,

1926 2938 2048 2994 quae
2075 2920 2325 2975 videntur
2353 2912 2518 2977 mala,
2547 2915 2753 2973 utatur,
2802 2907 2955 2962 sicut
2980 2919 3073 2968 eo,
3100 2904 3255 2973 μαι
3295 2917 3375 2956 ει,
3392 2910 3512 2957 ten.

1925 2991 2131 3073 latione
2181 3008 2469 3082 processit,
2525 3000 2861 3059 testimonio.
2915 2996 3013 3052 Est
3069 3010 3202 3066 ergo
3254 2994 3418 3048 etiam
3454 2991 3512 3046 in
3566 3012 3571 3015 -

1928 3097 2293 3174 philosophia.
2338 3109 2461 3165 quae
2498 3091 2646 3146 furto
2682 3095 2955 3157 surrepta,
2991 3085 3158 3140 veluti
3199 3100 3232 3138 a
3282 3081 3513 3138 Prome—-

240 3198 304 3254 δὲ
353 3174 450 3252 καί
491 3178 969 3268 Ἀριστοτέληξτῇ
1021 3190 1246 3261 Γραφῇ,
1292 3182 1588 3255 κλεπτικὴν
1636 3181 1816 3250 σοφίας

1930 3195 2078 3257 theo,
2109 3199 2370 3259 tanquam
2402 3180 2800 3254 aliquantulum
2848 3178 3011 3249 ignis,
3064 3175 3382 3247 generando,
3422 3174 3512 3230 lu”

243 3290 346 3362 τὴν
388 3264 702 3360 σοφιστικὴν
752 3284 956 3349 εἰπὼν,
1006 3283 1082 3347 ὡς
1127 3277 1607 3354 προεμηνύσαμεν.
1673 3274 1734 3330 '0
1776 3272 1816 3326 δί

1936 3285 2092 3347 mini,
2125 3282 2183 3339 si
2207 3277 2503 3337 commode.
2524 3272 2813 3333 excitetur,
2866 3277 3078 3339 aptum,
3129 3274 3188 3321 et
3223 3264 3512 3335 vestigium

258 3381 599 3446 ’Διτόστολος
631 3400 649 3433 ι
679 3382 747 3434 Ἃ
786 3380 880 3433 καὶ
922 3375 1212 3446 λαλοῦμεν,
1245 3371 1416 3440 λέγει,
1447 3370 1547 3423 οὐκ
1586 3370 1644 3422 ἐν
1682 3366 1828 3421 διδα-

244 3479 400 3541 κτοῖς
444 3473 791 3547 ἀνθρωπίνης
834 3469 1025 3539 σοφίας
1062 3468 1275 3534 λόγοις,
1330 3462 1443 3518 ἀλλ’
1467 3463 1525 3515 ἐν
1561 3458 1830 3520 διδακτοῖς

1925 3377 2148 3450 aliquod
2201 3369 2502 3442 sapientiae,
2558 3374 2613 3420 et
2659 3362 2903 3418 motion
2956 3358 3069 3414 Deo
3104 3365 3246 3413 orta.
3301 3354 3358 3409 lu
3410 3355 3516 3410 hoc

1925 3448 2105 3527 autem
2159 3485 2178 3518 ι
2233 3462 2475 3519 latrones
2530 3470 2585 3514 et
2643 3454 2796 3511 fures
2854 3471 2875 3506 ι
2928 3450 3134 3507 fuerint
3198 3448 3513 3505 Graecorum

246 3567 578 3640 πνεύματος.
609 3586 628 3619 ›
668 3565 792 3619 Ἐπὶ
824 3564 920 3635 μὲν
946 3560 1055 3633 γὰρ
1079 3558 1187 3613 τῶν
1210 3554 1520 3629 προφητῶν·
1556 3571 1575 3604 ι
1601 3552 1816 3613 Πάντες,

1926 3562 2260 3638 philosophi.
2310 3557 2457 3629 quod
2507 3569 2633 3611 cum
2688 3560 2814 3607 ante
2872 3548 3088 3605 Domini
3140 3548 3432 3603 adventum
3484 3562 3516 3601 a

249 3639 439 3734 φησὶν,
471 3662 535 3716 ἐκ
564 3658 656 3714 τοῦ
690 3655 1052 3730 πληρώματος
1089 3649 1256 3706 αὐτοῦ
1278 3648 1566 3719 ἐλάϐομεν·
1594 3664 1612 3696 ι
1643 3643 1816 3714 δηλον-

1928 3655 2208 3728 prophetis
2240 3648 2398 3722 135
2443 3644 2685 3733 Hebraeis
2732 3641 2999 3717 quasdam
3050 3648 3234 3710 partes
3264 3639 3514 3695 veritatis

247 3730 337 3812 ότι
385 3753 481 3809 τοῦ
528 3750 784 3824 Χριστοῦ.
833 3749 993 3802 ’Ὥστε
1036 3745 1096 3800 οὐ
1150 3744 1378 3797 κλέπται
1428 3741 1478 3794 οἱ
1535 3737 1811 3809 προφῆται

1933 3745 2291 3817 sumpserint,
2328 3741 2380 3795 id
2436 3730 2664 3794 minime
2689 3741 3070 3805 agnoscentes,
3118 3731 3220 3786 sibi
3255 3739 3516 3800 tanquam

256 3869 278 3903 ι
301 3849 417 3903 Καὶ
438 3850 472 3920 ή
506 3820 693 3918 διδαχὴ
718 3847 753 3918 ιι
787 3842 893 3915 ἐμὴ
912 3840 1053 3911 (εδ),
1087 3839 1187 3891 οὐκ
1220 3835 1367 3889 εστιν
1397 3832 1526 3905 ἐμὴ,
1560 3833 1589 3884 ι
1626 3831 1816 3900 Κύριος

1937 3841 2155 3914 propria
2185 3837 2440 3905 dogmata
2476 3830 2862 3891 attribuerunt,
2891 3832 2947 3880 et
2974 3823 3081 3879 alia
3112 3821 3333 3892 quidem
3359 3820 3485 3874 adnl
3504 3849 3520 3863 ο

249 3941 437 4009 λέγει,
461 3913 599 3992 ἀλλά
627 3913 722 3989 τοῦ
741 3913 1071 4004 πέμψαντός
1101 3944 1168 4000 με
1202 3921 1434 3996 Πατρός·
1458 3941 1476 3973 ι
1514 3921 1607 3973 ἐπὶ
1636 3919 1693 3972 δὲ
1724 3918 1816 3972 τῶι

1936 3913 2205 3996 terarunt,
2232 3926 2339 3981 alia
2366 3934 2569 3988 autem,
2600 3930 3007 3989 supervacanea
3028 3916 3263 3985 quadam
3291 3913 3521 3981 diligen-

252 4006 617 4093 κλεπτόντων,
657 4047 675 4079 ι
710 4027 769 4080 Ὀ
791 4025 848 4078 δὲ
878 4024 970 4093 ἀφ’
993 4019 1206 4084 ἑαυτοῦ,
1233 4017 1385 4090 φησὶ,
1421 4012 1599 4068 λαλῶν
1627 4011 1725 4081 τὴν
1752 4010 1816 4064 δό

1936 4027 2011 4081 tia
2044 4023 2315 4093 imperite,
2348 4033 2442 4073 ac;
2463 4013 2831 4084 sophistarum
2888 4012 3042 4062 m’ore
3095 4006 3519 4075 interpolat-unt,

256 4122 355 4189 ξαν
418 4123 517 4194 τὴν
563 4120 699 4173 ἰδίαν
769 4114 941 4186 ζητεῖ.
965 4134 984 4165 ι
1046 4108 1288 4165 Τοιοῦτοι
1341 4106 1399 4159 δὲ
1450 4105 1499 4157 οἱ
1551 4101 1816 4172 ’Έλληνες

1940 4117 2043 4172 alia
2074 4123 2253 4168 autem
2292 4112 2456 4165 etiam
2503 4108 2862 4167 invenerunt;
2901 4113 3003 4155 nec
3051 4098 3195 4154 enim
3249 4111 3378 4152 vero
3421 4095 3520 4149 ab~

261 4187 645 4284 ιφίλαυτοικαὶ
667 4206 940 4273 ἀλαζόνες.
968 4225 987 4258 ι
1027 4201 1233 4272 Σοφοὺς
1264 4198 1321 4252 δὲ
1364 4194 1559 4257 αὐτοὺς
1600 4192 1816 4261 λέγουσι

1940 4207 2118 4265 simile
2163 4213 2267 4269 est,
2295 4216 2391 4257 eos
2418 4213 2645 4255 «sensus
2680 4194 2929 4266 spiritum
2962 4192 3023 4243 δ»
3064 4187 3525 4250 habuisse-JF.“-

255 4278 526 4380 ﬂl‘pacpﬁ,
557 4305 619 4358 οὐ
650 4302 775 4366 τοὺς
796 4299 965 4362 ὅντως
988 4296 1183 4367 σοφοὺς
1208 4288 1502 4352 διαϐάλλει,
1537 4284 1673 4341 ἀλλά
1708 4284 1816 4345 τοὺς

1940 4298 2173 4356 sentitur
2218 4302 2399 4349 autem
2454 4290 2752 4359 Scripturae
2782 4298 2999 4355 quoque
3042 4278 3383 4343 Aristoteles,
3426 4279 3521 4347 qui

254 4370 456 4473 ὼκῆσέ
462 4416 478 4452 ι
494 4370 719 4467 σοφούς.

1942 4390 2100 4458 dixit,
2140 4384 2494 4454 sophisticam
2523 4395 2645 4436 esse
2676 4376 2851 4433 furem
2883 4373 3185 4446 sapientiae,
3220 4370 3364 4426 sicut
3396 4376 3526 4425 ante

258 4511 624 4570 ostendimus.
678 4503 970 4577 Apostolus
1040 4506 1222 4554 autem
1276 4514 1291 4549 :
1352 4512 1371 4545 ι
1439 4489 1572 4557 Quae
1603 4487 1767 4543 etiam
1822 4483 2128 4554 loquimur,
2194 4476 2423 4548 inquit,
2466 4488 2575 4529 non
2619 4472 2674 4526 in
2720 4468 2895 4525 doctis
2946 4467 3200 4520 humana:
3246 4460 3526 4532 sapientia!

258 4603 467 4672 verbis,
498 4601 590 4658 sed
620 4601 676 4655 in
703 4555 950 4654 droctrina
1003 4589 1227 4662 spiritus
1258 4595 1307 4641 ε.
1346 4603 1366 4635 ι
1427 4555 1506 4638 De
1561 4577 1839 4651 prophetis
1894 4576 2041 4632 enim
2079 4593 2093 4631 :
2135 4592 2155 4627 ι
2197 4570 2421 4634 Omnes,
2453 4564 2651 4635 inquit,
2697 4561 2765 4617 de
2813 4557 3146 4631 plenitudine
3207 4555 3328 4626 ejus
3367 4570 3526 4611 accc-

259 4649 533 4769 pimus,d,
570 4715 589 4749 ι
629 4690 828 4749 Christi
888 4686 1114 4743 scilicet.
1173 4678 1355 4746 Quare
1393 4691 1501 4732 non
1534 4649 1663 4731 sunt
1691 4671 1840 4727 fures
1876 4670 2172 4742 prophetae.
2243 4685 2262 4720 ι
2300 4663 2368 4719 Ει
2396 4659 2644 4718 doctrina
2686 4671 2827 4722 mea,
2880 4668 2989 4708 non
3025 4662 3109 4706 est
3145 4664 3292 4715 mea,
3350 4649 3530 4717 inqui,

2276 4764 2300 4769 ⁸
2355 4765 2366 4769 ·
2802 4754 2813 4767 ⁸
3013 4750 3059 4769 εμ
3082 4748 3188 4769 --ιὲι
3261 4744 3502 4769 1---.ει..-

267 4744 552 4858 Dominus,
582 4789 677 4845 sed
705 4786 845 4858 ejus,
895 4783 988 4854 qui
1017 4779 1169 4837 misit
1199 4794 1307 4844 me,
1351 4774 1551 4831 Patris.
1593 4792 1612 4826 ι
1670 4770 1736 4826 Ει
1776 4770 1844 4827 de
1909 4769 2161 4825 furibus:
2201 4786 2220 4820 ι
2265 4764 2371 4833 Qui
2393 4771 2575 4818 autem
2617 4772 2685 4813 ex
2740 4754 2943 4825 seipse,
3013 4748 3213 4820 inquit,
3261 4744 3526 4816 loquitur,

264 4884 495 4951 gloriam
541 4881 815 4953 propriam
862 4877 1060 4949 quaerit
1105 4885 1150 4928 ο.
1195 4891 1214 4925 ι
1267 4870 1430 4927 Tales
1493 4878 1673 4925 autem
1728 4873 1859 4922 sunt
1894 4862 2090 4928 Graeci,
2132 4881 2151 4914 ι
2194 4860 2404 4930 seipsos
2456 4863 2720 4915 amantes,
2766 4847 2895 4911 elati
2935 4845 2981 4899 ί.
3037 4863 3057 4897 ι
3114 4841 3395 4910 Sapientes
3429 4851 3532 4890 au-

265 4986 377 5032 tem
411 4990 508 5032 eos
537 4935 726 5030 dicens
783 4935 1088 5041 Scriptura,
1138 4981 1247 5023 non
1308 4960 1654 5037 reprehendit
1681 4974 1778 5017 eos
1814 4960 1911 5030 qui
1958 4965 2087 5015 sunt
2120 4970 2245 5011 vere
2296 4950 2598 5021 sapientes;
2628 4946 2722 5002 sed
2760 4958 2855 4999 eos
2883 4939 2977 5012 qui
3002 4937 3108 4994 sibi
3138 4935 3415 4989 videntur.

332 5223 482 5290 ω).
534 5222 638 5278 s70
659 5221 767 5277 El).
823 5215 1117 5279 Porus.
1161 5214 1267 5290 s15
1316 5211 1425 5267 ED.
1478 5207 1704 5290 tantus,

269 5314 334 5361 ιι,
372 5296 460 5351 15.
545 5291 760 5349 dJoan.
815 5310 852 5359 ι,
900 5292 987 5345 16.

268 5409 656 5469 notissimum,
698 5405 850 5476 apud;
887 5419 1026 5474 quos
1077 5400 1234 5476 ῥῆξαι
1277 5404 1362 5476 est
1391 5392 1844 5476 faraﬁaleivuut

267 5462 768 5551 esp—.nllesychius‘.
830 5462 959 5530 Inde
1014 5462 1251 5543 epitheta
1314 5464 1590 5539 ρηξίφρων
1615 5502 1629 5527 ,
1673 5462 1843 5535 ῥηξή-

268 5566 410 5613 νωρ,
438 5557 543 5604 CIC.

343 5566 854 5753 ζέἳῖιῗὶρότνωσιν.
895 5612 1178 5685 Πρόθεσιν,
1198 5608 1399 5679 Ephes.

367 5690 441 5744 23
512 5684 1090 5753 Ἀποστατησὰντων.
1126 5680 1193 5738 ll.
1232 5695 1358 5753 ms.,
1394 5700 1399 5729 ι

367 5672 463 5753 ἐῶ
494 5672 1090 5753 Ἆπὸστατησὰιλτων.
1126 5672 1193 5738 ll.
1232 5672 1358 5753 ms,
1394 5672 1837 5753 ἀποικησάντων·

270 5742 582 5819 δαὶ-νάιοι·
606 5760 748 5828 vulg.
779 5742 969 5823 lectio;
997 5755 1080 5810 vel
1105 5754 1267 5807 etiam
1304 5742 1541 5812 brevius,
1573 5742 1843 5799 ἀποστάν-

270 5848 407 5887 των.
434 5826 695 5885 homo.

350 5882 466 5968 (λὶιῇ
486 5882 728 5956 "rdiis.
764 5896 820 5954 Si
854 5912 979 5952 vera
1008 5903 1093 5952 est
1132 5892 1398 5964 scriptura
1418 5929 1434 5957 ,
1466 5882 1842 5946 subaudieuda

1815 5222 1841 5249 ι
1896 5208 2096 5277 Ephes.
2147 5197 2396 5277 lll,_lD.
2447 5196 2534 5249 11.
2612 5193 2644 5231 ιι
2688 5186 2859 5243 Exod.
2911 5197 3107 5246 xxvm,
3146 5180 3200 5233 5.
3281 5186 3306 5215 ε
3340 5175 3359 5228 ι
3395 5152 3526 5229 cor.

1094 5269 1119 5326 δ
1162 5269 1325 5341 Ῐοιιιι.
1377 5297 1479 5348 vn,
1515 5280 1607 5346 16,
1661 5278 1750 5335 18.
1834 5279 1856 5319 ί
1891 5269 2111 5334 11’Τίιιι.
2160 5288 2243 5337 ιιι,
2277 5269 2332 5322 2.

1958 5385 2277 5462 praepositio
2291 5381 2433 5462 κατὰ
2451 5372 2792 5462 ειιιηεξιιιὶιίῆ
2812 5367 2907 5462 Ivel
2932 5362 3119 5448 legend
3128 5376 3216 5462 un:
3235 5358 3425 5462 ταύῖῃ.
3450 5358 3527 5462 ιη.

2027 5429 2793 5528 ῖὲὲΐῆτῖεῖιέῑίὶῖᾱιᾰρήσεωςὶ
2808 5429 3102 5528 assere
3119 5429 3527 5528 recense:-

1950 5499 2146 5590 “liii
2170 5499 2610 5590 3'.'i1’€&(¥oi_,~_‘
2638 5499 2819 5590 σοφοῖς
2861 5499 3099 5590 διανοίᾳ,
3114 5501 3216 5590 οῦς
3260 5499 3533 5590 ἐνέπλησα

1951 5571 2521 5655 πῦεῦιιαναὶ’σίῆίσεως.
2553 5571 2725 5639 (10an
2739 5571 2862 5651 quae
2883 5571 3137 5645 superius
3163 5571 3303 5626 dixit
3331 5583 3529 5626 aucwr

1987 5711 2002 5725 .
2037 5661 2139 5723 9'81
2170 5666 2303 5720 edit.
2340 5661 2514 5715 Paris.

1947 5686 2002 5741 ι).
2037 5686 2139 5723 ἰδι
2170 5686 2303 5720 etut.
2341 5686 2514 5715 rarts.

2022 5739 2134 5807 (εδ)
2180 5737 2243 5807 τε
2272 5733 2388 5807 διδ.
2402 5732 2450 5807 ,ὴ
2472 5726 2615 5807 έιὲήι
2639 5722 2813 5807 νυιεο.
2836 5709 3531 5807 ἓί.¹³-,1ίὶὲιινὶξ.ἓὶεΐὲξξξτ

1948 5813 1982 5880 ὴ
2012 5781 2708 5880 ἐμηδιῖαῇἧῖᾌὶίῖἰέὰεω
2744 5781 2911 5847 abest
2955 5786 3123 5844 etiam
3162 5781 3528 5856 appositivum

1951 5873 2173 5934 πατρός.
2214 5873 2474 5930 διιείσης.
