3970 6558
511 377 615 433 8θὸ

1638 375 1981 435 CLEMENTI
1994 375 2031 431 S
2064 375 2532 433 ALEXANDle

1850 492 2078 549 CAPUT
2112 493 2300 550 XVIII.

1096 610 1341 666 Illustrat
1380 609 1513 665 illud
1550 610 1750 664 dictum
1788 611 2076 672 Apostoli:
2119 629 2138 662 ι
2176 611 2404 673 Perdant
2443 612 2757 681 sapientiam
2788 613 3105 682 sapientum.
3146 633 3164 666 ι
3220 656 3227 665 .

579 723 654 780 De
676 725 764 780 his
790 733 973 781 autem
1004 723 1137 780 dicit
1166 744 1180 779 :
1211 743 1229 777 ι
1261 723 1489 780 Perdam
1518 723 1838 793 sapientiam
1867 725 2080 792 sapien-

2256 726 2364 779 Καὶ
2398 725 2525 797 περὶ
2556 725 2758 779 τούτων
2792 725 2904 799 (27)
2936 727 3121 798 φησὶν,
3160 746 3180 780 ι
3204 726 3410 783 Ἀπολῶ
3436 729 3544 800 τὴν
3571 728 3759 798 σοφίαν

507 826 625 873 tum
652 857 669 883 ,
708 825 764 873 et
811 818 1154 888 prudentiam
1188 818 1519 887 prudentum
1574 815 1826 870 aboleho.
1865 834 1883 867 I
1924 813 2088 869 Infert

512 908 694 979 itaque
718 906 1010 979 Apostolus
1043 928 1057 964 :
1095 928 1114 962 ι
1150 908 1254 964 Ubi
1291 908 1542 978 sapiens?
1589 907 1683 961 ubi
1730 909 1946 963 scriba?
1993 910 2085 963 ubi

510 999 804 1069 inquisitor
858 1001 1025 1070 hujus
1095 984 1336 1057 saeculi?
1388 1018 1407 1051 ι
1478 1000 1734 1054 nimirum
1789 1015 1820 1054 a
1866 1000 2085 1067 scribis,

510 1090 675 1160 hujus
713 1092 896 1147 saeculi
924 1091 1298 1163 inquisitores,
1328 1091 1688 1162 philosophos
1716 1107 1784 1147 ex
1807 1094 2084 1164 gentibus,

506 1180 867 1253 distinguens.
929 1201 949 1236 ι
1014 1180 1209 1239 Nonne
1253 1184 1475 1239 stultam
1532 1183 1663 1239 fecit
1702 1184 1845 1240 Deus
1891 1186 2081 1240 mundi

507 1272 833 1342 sapientiam
860 1274 929 1329 II?
963 1292 984 1328 ›
1016 1274 1160 1346 quod
1193 1275 1418 1346 perinde
1446 1285 1551 1343 est,
1590 1291 1656 1331 ac
1709 1276 1931 1331 stultam
1984 1292 2077 1333 os-

505 1364 700 1432 tendit,
744 1374 935 1421 etnon
979 1382 1189 1430 veram,
1220 1375 1282 1422 ut
1327 1366 1403 1422 illi
1438 1382 1559 1423 eam
1613 1382 1735 1423 esse
1791 1370 2074 1438 putabant.

505 1455 647 1513 Etsi
681 1473 839 1529 roges
868 1474 1091 1515 causam
1141 1474 1241 1515 cur
1279 1460 1381 1515 sibi
1413 1459 1728 1515 viderentur
1770 1460 2072 1530 sapientes:

512 1566 533 1601 σ
574 1558 795 1620 propter
822 1550 1119 1607 caecitatem
1170 1551 1351 1608 cordis
1394 1552 1637 1624 ipsorum
1662 1554 1716 1621 δ,
1752 1571 1772 1606 ι
1822 1553 2031 1624 inquiet
2061 1572 2075 1609 :

511 1659 532 1695 ι
561 1641 828 1708 Quoniam
874 1643 929 1697 in
963 1643 1231 1712 sapientia
1258 1642 1375 1709 Dei,
1414 1660 1434 1697 ι
1484 1658 1549 1699 ea
1592 1657 1806 1713 nempe,
1839 1659 1962 1714 quae
1982 1659 2078 1714 per

2186 815 2292 868 τῶν
2322 814 2517 885 σοφῶν,
2551 815 2646 868 κα)⁵
2671 815 2769 886 τὴν
2792 813 3003 869 σύνεσιν
3034 817 3140 872 τῶν
3169 819 3405 873 συνετῶν
3434 818 3711 890 ἀθετήσω,
3734 839 3754 872 ι

2200 904 2476 975 Ἐπιφέρει
2518 903 2648 971 γοῦν
2704 905 2733 956 ὁ
2791 904 3125 971 Ἀπόστολος·
3186 926 3205 959 ι
3242 908 3351 961 Ποῦ
3406 908 3603 979 σοφός
3657 910 3755 964 ποῦ

2186 993 2573 1065 γραμματεύς;
2628 994 2730 1048 ποῦ
2778 996 3081 1070 συζητητὴς
3120 998 3214 1052 τοῦ
3258 1000 3452 1064 αἰῶνος
3483 1000 3753 1065 τούτων

2187 1084 2323 1158 πρὸς
2351 1085 2748 1157 ἀντιδιαστολὴν
2781 1086 2891 1142 τῶν
2922 1091 3312 1162 γραμματέων,
3342 1092 3473 1156 τοὺς
3497 1090 3596 1145 τοῦ
3631 1093 3759 1146 αἰῶ-

2187 1191 2276 1240 νος
2311 1175 2498 1230 τούτου
2531 1175 2795 1247 ζητητὰς,
2822 1177 2951 1242 τοὺς
2979 1178 3036 1246 ἐξ
3068 1178 3235 1236 ἐθνῶν
3280 1178 3630 1250 φιλοσόφους,
3664 1180 3756 1235 τά-

2187 1266 2303 1335 ξας.
2338 1287 2357 1320 ι
2381 1268 2516 1340 Οὐχὶ
2565 1269 2848 1342 ἐμώρανεν
2893 1273 2922 1325 ὁ
2958 1272 3091 1337 θεὸς
3118 1272 3216 1346 τὴν
3258 1272 3452 1342 σοφίαν
3490 1273 3592 1326 τοῦ
3633 1275 3757 1328 κόσ-

2189 1377 2289 1432 μου
2322 1360 2465 1433 (28);
2491 1380 2510 1413 ι
2539 1362 2735 1432 ἐπίσης
2765 1362 2861 1434 τῷ,
2886 1363 3074 1436 μωρὰν
3098 1364 3282 1430 ἔδειξε,
3309 1366 3404 1419 καλ⁸
3430 1366 3534 1420 οὐκ
3557 1364 3751 1438 ἀληθῆ.

2181 1453 2257 1517 ὡς
2280 1453 2463 1525 ᾤοντο.
2508 1453 2626 1508 Κᾶν
2660 1454 2803 1527 πύθη
2832 1456 2932 1528 τὴν
2974 1457 3152 1511 αίτίαν
3180 1458 3278 1529 τῆς
3308 1457 3632 1528 δοξοσοφίας
3659 1460 3751 1512 αύ-

2180 1543 2308 1611 τῶν,
2347 1564 2366 1597 ι
2398 1543 2486 1599 διὰ
2514 1544 2611 1617 τὴν
2643 1545 2894 1619 πώρωσιν
2925 1548 3023 1619 τῆς
3068 1546 3292 1621 καρδίας
3332 1549 3538 1613 αὐτῶν,
3566 1569 3585 1601 ι
3620 1551 3746 1621 ἐρεῖ·

3690 1642 3714 1656 ο

3695 1670 3717 1696 ⁸.

2188 1656 2206 1689 ι
2235 1637 2452 1691 ἐπειδὰν
2479 1640 2537 1692 ἐν
2567 1641 2631 1711 τῇ
2678 1641 2839 1712 σοφίᾳ.
2880 1642 2974 1695 τοῦ
3015 1642 3170 1706 Θεοῦ,
3197 1662 3217 1695 ι
3251 1643 3499 1714 τουτέστι
3528 1643 3622 1696 διὰ
3647 1642 3751 1697 τιῖν

506 1734 797 1811 prophetas
843 1740 929 1788 est
972 1733 1316 1798 annuntiata,
1352 1749 1372 1785 ι
1405 1747 1513 1787 non
1556 1734 1809 1803 cognovit
1845 1736 2080 1789 mundus

2186 1727 2473 1799 προφητῶν
2486 1729 2917 1804 κατηγγελμένῃ,
2937 1751 2957 1782 ι
2976 1734 3074 1786 ούκ
3100 1733 3238 1803 ἔγνω
3262 1735 3290 1786 ὁ
3316 1735 3521 1804 κόσμος
3540 1734 3633 1787 διὰ
3660 1736 3750 1804 τῆς

504 1838 602 1895 per
634 1824 985 1894 sapientiam,
1020 1843 1040 1877 ι
1092 1840 1214 1895 qme
1261 1825 1471 1880 scilicet
1510 1824 1750 1894 loquitur
1809 1840 1904 1894 per
1961 1839 2088 1895 pro-

502 1914 716 1984 phetas,
763 1935 781 1968 ι
818 1917 1018 1986 ipsum,
1058 1935 1077 1969 ι
1110 1917 1318 1972 scilicet
1360 1916 1548 1982 Deum,
1583 1934 1602 1968 ι
1634 1915 1738 1986 ipsi
1768 1915 1878 1971 Deo
1905 1918 2084 1971 visum

502 2013 587 2059 est
614 2019 713 2074 per
740 2007 1180 2075 praedicationem
1203 2006 1465 2073 stultitiae,
1501 2024 1520 2058 ι
1553 2022 1674 2077 qua:
1725 2005 1928 2063 Graecis
1977 2008 2085 2062 sci-

503 2096 631 2152 licet
658 2098 872 2152 videtur
899 2113 1022 2154 esse
1051 2098 1300 2165 stultitia,
1358 2117 1378 2150 ι
1417 2098 1599 2154 salvos
1650 2097 1827 2154 facere
1859 2098 2085 2153 creden-

503 2200 586 2243 tes
620 2207 635 2246 :
668 2188 936 2255 Quoniam
964 2187 1159 2256 Judaei,
1190 2190 1390 2260 inquit,
1432 2191 1587 2260 signa
1635 2198 1824 2260 petunt
1857 2209 1875 2241 ι
1910 2190 1977 2244 ad
2010 2190 2087 2255 ti-

504 2281 651 2347 dem,
675 2299 694 2333 ι
731 2280 907 2337 Graeci
950 2293 1130 2338 autem
1162 2290 1415 2353 quaerunt
1442 2282 1765 2352 sapientiam
1795 2300 1809 2336 :
1848 2299 1866 2333 ι
1896 2298 2087 2352 nempe

504 2374 802 2437 orationes,
832 2390 954 2445 quae
970 2383 1235 2429 vocantur
1264 2373 1685 2443 ἀναγκαστικαί,
1716 2374 1821 2429 hoc
1854 2381 1958 2439 est,
1993 2389 2087 2428 ne-

504 2466 747 2521 cessario
782 2467 1228 2535 ’concludentes,
1286 2477 1341 2522 et
1396 2467 1533 2522 alios
1591 2466 1799 2521 scilicet
1863 2466 2085 2538 syllogi-

465 2612 471 2623 ,
505 2574 678 2615 smos.
713 2578 734 2613 ι
774 2558 884 2616 Nos
925 2571 1104 2615 autem
1156 2560 1521 2631 prmdicamus
1575 2557 1760 2614 Jesum
1805 2558 2084 2613 Christum

503 2648 850 2716 cruciﬁxum,
880 2648 1082 2705 Iudaeis
1106 2650 1326 2719 quidem
1356 2648 1706 2715 scandalum;
1738 2666 1758 2702 ι
1785 2648 1930 2719 quod
1959 2663 2081 2719 cum

505 2742 684 2797 sciant
708 2742 1074 2814 prophetiam,
1117 2758 1227 2797 non
1257 2741 1486 2797 credant
1517 2741 1735 2796 eventui
1776 2760 1790 2794 :
1827 2760 1845 2792 ι
1879 2708 2082 2805 Graecis

505 2843 687 2890 autem
740 2835 1029 2891 stultitiam
1059 2853 1116 2903 i;
1153 2834 1389 2890 fabulam
1419 2834 1563 2890 enim
1598 2848 1718 2889 esse
1740 2833 2079 2899 existimant,

504 2927 601 2997 qui
652 2928 758 2984 sibi
802 2930 1053 2984 videntur
1104 2928 1397 2998 sapientes,
1444 2926 1591 2997 quod
1653 2942 1749 2996 per
1802 2916 2080 2983 hominem

2191 1817 2400 1887 σοφίας,
2414 1836 2432 1868 ι
2448 1818 2546 1889 τῆς
2558 1818 2645 1871 διὰ
2656 1819 2763 1872 τῶν
2775 1823 3065 1892 προφητῶν
3080 1821 3359 1894 λαλούσης,
3371 1843 3391 1874 ‹
3402 1825 3569 1877 αὐτὸν
3589 1823 3713 1894 (29),
3727 1845 3743 1875 ι

2187 1910 2424 1982 δηλονότι
2466 1911 2556 1965 τὸν
2584 1912 2733 1966 Θεόνο
2767 1930 2787 1963 ι
2814 1913 3100 1985 εὐδόκησεν
3130 1910 3280 1980 οὗτος
3310 1915 3422 1987 (50)
3455 1918 3485 1969 ὁ
3513 1917 3650 1980 Θεὸς
3671 1917 3752 1970 διά

2186 2002 2278 2057 τοῦ
2305 2003 2654 2075 κηρύγματος
2678 2004 2776 2075 τῆς
2810 2004 3070 2076 μωρίας,ι
3087 2008 3184 2078 τῆς
3202 2007 3464 2078 δοκούσης
3501 2009 3750 2077 Ἕλλησιν

2187 2092 2323 2149 εἶναι
2354 2096 2582 2168 μωρίας,
2617 2115 2635 2148 ι
2661 2096 2831 2150 σῶσαι
2863 2099 2991 2162 τοὺς
3020 2100 3387 2165 πιστεύονταςο
3413 2101 3608 2173 ἐπειδὴ
3630 2102 3753 2154 Ἰου-

2185 2186 2341 2251 δαῖοι,
2359 2188 2509 2257 φησὶ,
2538 2191 2733 2258 σημεῖα
2747 2187 2954 2241 αἰτοῦσι
2976 2208 2994 2239 ι
3011 2190 3147 2260 πρὸς
3179 2190 3374 2244 πίστιν·
3399 2192 3754 2285 «Ἕλληνεςᾶ

2188 2277 2374 2347 σοφίαν
2416 2277 2666 2349 ζητοῦσι,
2694 2297 2713 2330 ι
2764 2280 2889 2343 τοὺς
2935 2281 3359 2351 ἀναγκαστικοὺς
3392 2277 3756 2355 καλουμένους

2186 2368 2406 2438 λόγους,
2464 2370 2558 2423 καὶ
2609 2370 2734 2435 τοὺς
2785 2371 2975 2436 ἄλλους
3039 2373 3427 2447 συλλογισμοὺς
3492 2376 3750 2448 δηλονότι.

2191 2476 2211 2510 ι
2256 2460 2443 2535 Ἡμεῖς
2466 2460 2521 2512 δὲ
2555 2462 2902 2533 κηρύσσομεν
2934 2464 3138 2535 Ἰησοῦν
3168 2466 3276 2538 (51)
3300 2467 3541 2538 Χριστὸν
3568 2469 3753 2521 ἐσταυ-

2189 2550 2447 2623 ρωμένον-ο
2497 2551 2768 2617 Ἰουδαίοις
2798 2554 2895 2624 μὲν
2926 2554 3235 2621 σκάνδαλον,
3274 2575 3293 2609 ι
3318 2557 3409 2611 διὰ
3434 2559 3530 2624 τὸ,
3560 2559 3756 2622 εἰδότας

2185 2644 2281 2716 τὴν
2305 2645 2657 2717 προφητείαν,
2695 2646 2767 2718 μὴ
2800 2647 3073 2703 πιστεύειν
3110 2653 3176 2722 τῇ
3212 2651 3456 2717 ἐκϐάσει,
3492 2670 3511 2703 ι
3540 2656 3755 2726 Ἕλλησι

2183 2737 2239 2790 δὲ
2276 2738 2499 2810 μωρίαν·
2533 2758 2551 2790 ι
2586 2739 2825 2809 μυθῶδες
2870 2741 2977 2813 γὰρ
3017 2742 3272 2813 ἡγοῦνται
3302 2745 3351 2795 οἱ
3385 2744 3752 2817 δοκησίπφοι,

2182 2828 2271 2882 διά
2300 2844 2359 2881 τε
2386 2827 2671 2901 ἀνθρώπου
2706 2829 2832 2882 Υίὸν
2863 2829 2997 2884 Θεοῦ
3031 2831 3229 2896 λαλεῖν,
3259 2833 3373 2885 υἱόν
3396 2851 3459 2886 τε
3495 2836 3646 2905 ἔχειν
3673 2836 3757 2889 τὸν

2172 2914 2317 2973 ¹Θεὸν
2336 2960 2351 2984 ,
2387 2921 2478 2974 καὶ
2508 2919 2572 2992 δὴ
2604 2921 2697 2974 καὶ
2730 2921 3050 2976 πεπονθέναι
3090 2923 3308 2978 τοῦτον·
3344 2924 3471 2977 ὅθεν
3504 2929 3752 2999 αὐτοὺςή

504 3017 679 3076 Filius
711 3018 801 3074 Dei
842 3020 1115 3091 loquatur,
1142 3028 1196 3075 et
1227 3018 1368 3075 Deus
1416 3018 1613 3073 haheat
1665 3017 1859 3083 tilium,
1891 3025 1946 3071 et
1992 3016 2080 3071 ille

2186 3008 2451 3081 πρόληψις
2494 3011 2592 3080 τῆς
2634 3011 2861 3082 οίήσεως
2898 3012 3177 3065 ἀναπείθει
3224 3015 3499 3067 ἀπιστεῖν.
3549 3018 3619 3068 'H
3662 3018 3755 3086 γὰρ

504 3112 803 3183 sitpassns
850 3129 867 3168 :
916 3129 1027 3184 quo
1076 3113 1156 3178 ﬁt,
1209 3123 1270 3168 ut
1320 3112 1489 3168 nimia
1534 3112 1620 3167 sui
1675 3112 2075 3167 existimatione

2186 3102 2449 3172 παρουσία
2483 3100 2577 3155 τοῦ
2609 3102 2857 3174 Σωτῆρος
2885 3105 2946 3157 οὐ
2982 3105 3197 3176 μωροὺς
3222 3106 3446 3178 ἐποίησε
3483 3110 3584 3161 καὶ
3612 3109 3759 3179 σκλτ;⁴

502 3206 888 3276 praeoccupati,
920 3206 1139 3261 credere
1190 3206 1383 3260 nolint.
1434 3203 1740 3258 Servatoris
1785 3205 1931 3258 enim
1987 3204 2076 3258 ad-

486 3305 721 3363 ‘ventus,
758 3312 862 3351 non
911 3295 1106 3351 stultos
1155 3295 1299 3362 fecit,
1345 3304 1399 3350 et
1431 3295 1598 3350 duros
1646 3295 1828 3360 corde,
1875 3304 1927 3350 et
1958 3295 2077 3349 inti-

504 3380 672 3449 deles;
706 3382 800 3437 sed
853 3383 1172 3452 prudentes,
1208 3392 1262 3438 et
1312 3393 1469 3453 aptos
1494 3384 1696 3454 quibus
1744 3386 2076 3454 persuadea—

507 3481 619 3537 tur,
655 3481 709 3528 et
736 3482 993 3544 praeterea
1045 3474 1250 3529 ﬁdeles.
1283 3474 1506 3542 Verum,
1541 3475 1635 3545 qui
1666 3490 1857 3544 parere
1890 3477 2078 3531 nolue-

505 3573 654 3631 runt,
687 3565 757 3620 ab
793 3580 1004 3631 eorum,
1035 3566 1130 3636 qui
1174 3566 1516 3631 obediernnt,
1547 3568 1852 3637 voluntaria
1901 3569 2080 3624 adhae-

505 3658 658 3713 sione
680 3644 1028 3723 discedendo,
1057 3658 1261 3713 ostensi
1312 3667 1437 3713 sunt
1470 3658 1859 3727 imprudentes,
1891 3669 1945 3715 et
1992 3660 2079 3714 in-

504 3748 714 3814 ﬁdeles,
766 3757 821 3803 et
854 3748 1024 3803 stulti.
1060 3766 1080 3800 ι
1122 3749 1258 3817 Ipsis
1306 3756 1485 3803 autem
1522 3750 1751 3815 vocatis,
1776 3748 1976 3805 Iudaeis
2026 3759 2082 3804 et

504 3844 731 3910 ϐιηθεὶς,
748 3844 998 3899 Christus
1018 3849 1164 3906 est>I<
1176 3842 1266 3898 Dei
1298 3843 1492 3905 virtus,
1512 3852 1560 3897 et
1586 3841 1681 3897 Dei
1706 3841 1968 3911 sapientia
1995 3853 2035 3891 ο.
2056 3862 2073 3892 ι

502 3934 645 3991 Num
678 3950 809 4011 ergo
836 3935 1025 4005 .(quod
1064 3943 1148 3991 est
1187 3935 1351 3990 etiam
1393 3935 1609 4003 melius)
1658 3935 2080 3989 existimandum

502 4033 588 4082 est
643 4041 766 4082 esse
804 4027 1115 4096 negativum
1172 4026 1324 4092 illud,
1376 4044 1395 4078 ι
1440 4025 1574 4097 Οὐχὶ
1608 4025 1891 4098 ἐμώρανεν
1943 4026 2085 4079 Deus

504 4118 828 4189 sapientiam
873 4118 1085 4180 mundi.
1143 4137 1163 4171 ι
1221 4117 1446 4188 perinde
1504 4134 1570 4173 ac
1626 4118 1728 4171 οὐκ
1778 4116 2082 4189 ἐμώρανεν,

510 4227 530 4260 ι
561 4226 668 4265 non
701 4211 922 4265 stultam
975 4208 1122 4275 fecit,
1172 4229 1190 4263 ι
1244 4225 1313 4265 ne
1343 4225 1508 4266 causa
1560 4209 1780 4264 duritiei
1825 4210 2007 4265 cordis
2057 4224 2085 4262 α

505 4300 616 4357 Deo
642 4302 724 4358 eis
760 4301 906 4357 facta
934 4303 1183 4358 videatur
1237 4320 1256 4354 ι
1293 4303 1388 4372 qui
1436 4302 1656 4357 stultam
1679 4301 1830 4366 ,l‘ecit
1867 4302 2086 4371 sapien-

2179 3193 2512 3266 ροκαρδίους,
2545 3196 2638 3248 καὶ
2677 3197 2957 3261 ἀπίστους,
2992 3197 3126 3251 ἀλλά
3159 3198 3411 3262 συνετοὺς
3445 3203 3544 3254 καὶ
3578 3203 3753 3255 εὐπει-

2176 3284 2309 3349 θεῖς,
2346 3285 2567 3357 προσέτι
2606 3287 2845 3351 πιστούς.
2912 3286 3258 3358 Ἐδείχθησαν
3290 3287 3371 3352 δὲ,
3400 3291 3469 3342 ἐκ
3515 3292 3622 3362 τῆς
3657 3291 3756 3344 τῶν

2177 3378 2597 3433 ὑπακουσάντων
2652 3381 2899 3434 ἑκουσίου
2962 3381 3333 3451 προσκλίσεως
3374 3383 3753 3454 χωρισθέντες,

2176 3472 2224 3523 oi
2259 3471 2332 3542 μὴ
2379 3471 2731 3543 ἐθελήσαντες
2764 3474 3044 3527 πείθεσθαι
3078 3474 3322 3528 ἀσύνετοί
3363 3491 3445 3538 τε,
3497 3478 3595 3529 καὶ
3638 3478 3755 3530 άπι-

2180 3577 2325 3626 στοι,
2381 3563 2476 3617 καὶ
2529 3565 2719 3636 μωροί.
2761 3583 2780 3616 ι
2814 3566 3005 3629 Αύτοῖς
3048 3565 3105 3618 δὲ
3152 3569 3266 3630 τοῖς
3321 3566 3568 3639 κλητοῖς,
3636 3568 3754 3621 ’1ου-

2178 3652 2347 3717 δαίοις
2391 3671 2450 3707 τε
2499 3656 2594 3709 καὶ
2626 3656 2871 3728 Ἕλλησι,
2914 3657 3146 3729 Χριστὸς
3186 3657 3318 3711 Θεοῦ
3353 3658 3590 3730 δύναμίς
3622 3661 3750 3723 ἐστι,

2180 3745 2275 3798 καὶ
2326 3744 2461 3798 Θεοῦ
2512 3748 2737 3816 σοφίαοι
2768 3750 2857 3821 Μή
2895 3766 2948 3802 τι
2997 3744 3088 3803 οὖν
3136 3749 3293 3820 (ὅπερ
3334 3751 3431 3803 καὶ
3481 3750 3751 3822 ἄμεινον),

2182 3837 2515 3907 ἀποφατικὸν
2564 3840 2797 3910 ἡγητέον
2855 3841 2940 3905 τὸ,
2989 3859 3008 3894 ι
3040 3842 3172 3912 Οὐχὶ
3209 3841 3490 3915 ἐμώρανεν
3545 3846 3578 3897 ὀ
3630 3844 3753 3908 Θεὸς

2182 3930 2280 4001 τὴν
2339 3930 2529 4000 σοφίαν
2588 3931 2681 3985 τοῦ
2731 3932 2956 4004 κόσμου,
2994 3952 3013 3985 ι
3063 3934 3278 4007 ἐπίσης,
3323 3952 3344 3985 ‹
3376 3935 3494 3988 Οὐκ
3544 3935 3752 4006 Etupr-

2183 4039 2293 4085 νεν,
2320 4042 2339 4074 ι
2362 4023 2447 4076 ἵνα
2475 4022 2548 4095 μὴ
2575 4025 2608 4095 ἡ
2632 4024 2782 4079 αίτία
2806 4026 2905 4096 τῆς
2931 4026 3355 4098 σκληροκαρδίας
3382 4027 3568 4091 αὐτοῖς
3611 4027 3752 4096 παρὰ

2184 4114 2277 4167 τοῦ
2321 4112 2456 4166 Θεοῦ
2492 4103 2748 4187 φαίνηται
2784 4117 3072 4189 γενομένη,
3105 4136 3125 4168 ι
3148 4117 3240 4171 τοῦ
3287 4120 3631 4191 μωράνοντος
3656 4119 3752 4189 τὴν

2188 4205 2411 4275 σοφίαν;
2438 4226 2457 4259 ι
2507 4208 2596 4261 Ἐν
2634 4209 2924 4282 πεισμγὰρ,
2953 4209 3131 4264 καίτοι
3166 4212 3316 4279 σοφοὶ
3341 4211 3515 4276 ὄντες,
3544 4214 3601 4265 ἐν
3633 4212 3750 4282 μεί-

2190 4296 2303 4362 ζονι
2331 4298 2480 4371 αἰτίᾳ
2500 4299 2774 4368 γεγόνασι,
2806 4300 2881 4372 μὴ
2913 4300 3300 4366 πιστεύσαντες
3321 4302 3398 4373 τῷ
3420 4303 3746 4375 κηρύγματι·

502 4392 675 4446 tiam?
718 4410 738 4445 ι
781 4391 1019 4448 Omnino
1051 4393 1199 4446 enim
1234 4407 1359 4447 cum
1409 4392 1680 4461 sapientes
1730 4402 1933 4457 essent,
1964 4407 2080 4446 ma-

2190 4389 2436 4454 ἐκούσιος
2460 4390 2568 4462 γὰρ
2588 4391 2622 4462 ἦ
2647 4408 2706 4444 τε
2733 4392 2963 4464 αἵρεσις,
2987 4394 3021 4464 ἦ
3047 4409 3107 4446 τε
3129 4392 3227 4462 τῆς
3250 4392 3510 4464 ἀληθείας
3542 4395 3746 4464 ἐκλογή.

500 4483 606 4552 jori
642 4483 813 4553 culpa:
841 4482 993 4539 luere
1020 4483 1264 4549 obnoxii,
1297 4484 1391 4553 qui
1426 4484 1795 4554 praedicationi
1826 4499 1935 4537 non
1964 4499 2081 4536 cre-

503 4572 758 4626 diderunt
787 4592 801 4628 :
832 4574 1141 4629 voluntaria
1192 4574 1338 4629 enim
1381 4583 1464 4630 est
1516 4575 1710 4629 electio
1742 4586 1797 4629 et
1842 4574 2080 4629 delectus

505 4663 768 4718 veritatis.
858 4663 1165 4731 Quinetiam
1242 4665 1374 4720 illud
1428 4685 1440 4720 :
1503 4682 1523 4715 ι
1569 4663 1798 4719 Perdam
1867 4664 2083 4732 sapien-

504 4752 637 4805 tiam
677 4753 1004 4822 sapientum,
1047 4773 1065 4807 ι
1103 4754 1246 4825 ejus,
1299 4771 1421 4826 quae
1474 4750 1839 4810 contemnitur
1866 4768 1930 4808 ac
1983 4754 2079 4809 de-

504 4842 753 4911 spicitur,
812 4843 1063 4900 barbarae
1104 4838 1479 4917 'phiIOSOphiae
1542 4844 1885 4915 oppositione
1949 4844 2081 4900 dicit

505 4934 846 5002 illustrasse;
897 4935 1041 4991 sicut
1084 4936 1251 4991 etiam
1285 4938 1532 5005 lucerna,
1563 4953 1683 5008 qua:
1712 4952 1741 4991 a
1795 4936 1909 4991 sole
1957 4937 2096 4990 ξηιλ-η

503 5032 728 5093 stratur,
765 5025 966 5081 dicitur
1007 5027 1253 5097 periisse,
1289 5042 1356 5083 eo
1399 5029 1544 5099 quod
1580 5044 1687 5084 non
1720 5029 1792 5083 sit
1833 5028 1980 5097 paris
2001 5025 2083 5082 ef-

2197 4481 2355 4535 ’Δλλά
2409 4482 2505 4536 καὶ
2552 4483 2632 4547 τὸ,
2672 4503 2690 4535 ι
2730 4485 2937 4539 Ἀπολῶ
2982 4486 3081 4557 τὴν
3125 4487 3314 4555 σοφίαν
3358 4485 3469 4539 τῶν
3506 4486 3696 4556 σοφῶν,
3727 4508 3743 4538 ι

2184 4574 2251 4642 τῇ
2293 4574 2390 4646 τῆς
2433 4577 2945 4647 καταφρονουμένης
2981 4576 3406 4648 ὑπερορωμένης
3456 4576 3568 4648 ('52)
3635 4576 3750 4648 βαρ-

2189 4660 2355 4734 ϐάρου
2389 4663 2703 4732 φιλοσοφίας
2740 4664 3156 4736 ἀντιπαραθέσει
3192 4666 3545 4737 καταλάμψαι
3575 4668 3744 4738 φησίν·

2187 4752 2262 4817 ὡς
2310 4754 2403 4806 καὶ
2434 4755 2463 4806 ό
2495 4753 2718 4824 λύχνος,
2753 4754 2857 4808 ὑπὸ
2904 4755 2994 4808 τοῦ
3044 4756 3193 4828 ἡλίου
3246 4755 3742 4828 καταλαμπόμενος.

2188 4844 2522 4898 ἀπολωλέναι
2554 4845 2789 4916 λέγεται,
2823 4845 2900 4916 τῷ
2940 4846 3014 4918 μὴ
3043 4848 3142 4921 τὴν
3173 4846 3294 4917 ἴσην
3336 4848 3578 4901 ἐκτελεῖν
3612 4848 3737 4917 ἐνέρ

2186 4953 2359 5005 γειαν.
2402 4938 2624 4992 Πάντων
2680 4940 2856 4995 τοίνυν
2911 4939 3208 5013 ἀνθρώπων
3263 4940 3649 5012 κεκλημένων,
3701 4943 3741 4989 οξ

2189 5030 2490 5085 ὑπακοῦσαι
2516 5029 2883 5104 βουληθέντες,
2913 5052 2931 5084 ι
2951 5032 3137 5104 κλητοὶ
3160 5031 3271 5108 (55)
3291 5048 3310 5081 ι
3338 5031 3741 5104 ὠνομάσθησαν.

577 5187 636 5245 *Β
667 5166 728 5238 P.
752 5182 853 5237 571
883 5181 991 5239 ED.
1022 5182 1315 5254 POTTER,
1354 5186 1459 5243 5H
1499 5186 1610 5246 ΕΙ).
1649 5186 1878 5247 PARIS.
1960 5198 1987 5230 ι
2019 5184 2080 5242 1(

2186 5227 2189 5238 .
2228 5202 2268 5254 ι,
2319 5188 2405 5253 19,
2448 5188 2535 5244 20.
2619 5190 2649 5230 ιι
2682 5189 2878 5261 Ephes.
2909 5206 2984 5256 tv,
3014 5189 3100 5243 18.
3188 5185 3261 5241 εἰ
3300 5186 3428 5242 Cor.
3480 5204 3524 5255 ι,
3567 5184 3739 5240 2134.

570 5326 683 5398 (27)
716 5327 826 5382 Kal
855 5327 989 5397 περὶ
1015 5330 1259 5384 τούτων.
1291 5329 1451 5385 Forte
1481 5332 1575 5386 καὶ
1603 5331 1695 5386 ἐπὶ
1715 5333 1937 5392 τούτων,
1970 5348 1986 5380 ι
2021 5338 2075 5383 et

501 5397 568 5472 de
605 5397 710 5472 his,
751 5418 770 5451 ι
810 5408 870 5472 ut
901 5401 1256 5472 pau|o_su_pra
1286 5401 1528 5472 ἐπὶτῶν
1559 5401 1868 5472 προφητῶν,
1901 5413 1953 5455 et
1981 5400 2074 5452 ἐπὶ

498 5467 605 5520 τῶν
633 5467 995 5543 κλεπτόντων.
1035 5467 1368 5543 ’Eniautem
1395 5471 1452 5543 in
1475 5472 1576 5526 hoc
1605 5467 1855 5540 loquendi
1882 5483 2076 5543 genere

502 5535 678 5605 magis
712 5535 1002 5605 convenire
1035 5549 1199 5604 quam
1243 5538 1390 5605 περί,
1419 5539 1587 5605 liquet
1631 5535 1796 5593 etiam
1830 5535 1909 5594 ei
1944 5539 2070 5594 aliis

504 5601 880 5672 scriptoribus,
912 5601 1213 5672 pmsértim
1244 5601 1552 5660 Aristotele.
1587 5606 1854 5664 Srcnunc.

576 5670 690 5745 (28)
734 5670 1141 5745 ΔΤοῦῃκόονμου.
1199 5672 1355 5745 Vulg.
1407 5674 1522 5730 Bib.
1561 5676 1578 5729 Ι
1615 5678 1743 5733 Cur.
1779 5696 1832 5745 ι,
1874 5675 2069 5745 majori

505 5740 889 5814 σπιρῃαείητοῦ
915 5740 1118 5814 κόσμου
1149 5740 1355 5814 τούτου.
1386 5745 1643 5803 δηιιυιιο.

492 5854 497 5861 .
577 5808 691 5879 (εει)
716 5812 930 5863 Αὐτόν.
961 5808 1113 5877 Θεόν,
1147 5815 1163 5866 l
1189 5813 1320 5868 Cor.

2255 5326 2367 5398 (ὅθ)
2409 5327 2615 5395 Οὗτος.
2664 5329 2829 5384 Abest
2854 5327 2927 5383 al
2957 5326 3086 5384 Cor.
3126 5326 3251 5381 Mox
3288 5326 3390 5397 τῆς
3422 5324 3633 5397 μωρίας
3655 5320 3741 5374 τοῦ

2180 5397 2555 5469 κηρύγματος.
2580 5400 2721 5469 ibid.

2248 5466 2378 5538 (δυ’
2406 5468 2664 5535 Ἰησοῦν.
2691 5468 2862 5538 Abest
2884 5482 2915 5521 a
2945 5467 3090 5535 vnlg.
3124 5466 3243 5522 Bib.

2249 5530 2363 5607 (52)
2390 5530 2963 5607 καταφρονουμένης
2982 5530 3457 5607 ὑπερορωμένηςί.
3482 5530 3583 5588 Hic
3602 5544 3722 5601 asyn

2174 5605 2481 5677 detonfest;
2510 5609 2670 5677 quale
2697 5605 2863 5677 supra
2898 5605 3141 5661 notatum
3165 5622 3219 5676 p.
3249 5605 3379 5677 ηδ.
3415 5605 3672 5677 Summe.

2249 5676 2360 5746 (55)
2393 5671 2628 5745 κλητοί.
2659 5677 2675 5731 l
2702 5671 2831 5733 (Ζάν.
2863 5693 2902 5742 ι,
2932 5677 3006 5731 24
3033 5694 3048 5734 :
3071 5671 3262 5746 Αὐτοῖς
3286 5676 3358 5746 δέῌ
3374 5677 3491 5746 τοῖς
3518 5671 3743 5746 κλητοῖς)

2186 5738 2460 5818 Ἰουδαίοις
2488 5738 2549 5801 τε
2577 5750 2671 5802 καὶ
2699 5738 2946 5818 Ἕλλησι,
2967 5745 3202 5818 Χριστὸν
3227 5738 3363 5802 Θεοῦ
3390 5738 3636 5813 δύναμιν.
3656 5738 3753 5794 καὶ

2176 5815 2314 5870 Θεοῦ
2346 5818 2558 5887 σοφίαν.
