3970 6516
436 356 544 413 815

1604 357 1995 414 CLEMENTIS
2031 357 2509 414 ALEXANDRINI

3584 361 3689 417 κισ

435 491 617 538 autem
639 523 653 545 ,
691 489 749 537 ut
781 497 843 536 ea
869 498 994 536 cum
1024 481 1109 537 his
1139 482 1356 552 quidem
1396 483 1527 537 lusit
1562 483 1727 539 rebus
1748 524 1762 549 ,
1804 481 2008 538 dicatur

2121 481 2503 552 ἐγγενομένην,
2522 481 2772 549 λέγεσθαι
2809 483 3087 555 φρόνησιν,
3113 486 3168 538 έν
3185 484 3392 546 τούτοις
3407 483 3464 536 δὲ
3489 500 3694 554 σωφρο-

437 577 744 646 prudentia,
783 574 836 629 in
868 574 975 629 illis
1007 584 1186 630 autem
1218 575 1596 646 temperantia,
1635 575 1687 628 in
1721 575 1843 630 aliis
1875 589 2006 629 vero

433 671 601 725 animi
633 668 948 740 magnitudo
972 669 1053 722 vel
1085 667 1313 738 iustitia.
1352 669 1548 722 Eadem
1575 677 1756 724 autem
1798 668 2008 724 ratione

434 780 559 819 cum
598 764 672 818 sit
704 778 811 818 una
851 778 1070 833 quoque
1099 764 1320 828 veritas,
1368 764 1420 817 in
1451 763 1746 834 geometria
1793 777 2008 834 geome-

434 857 551 910 triae
586 855 821 919 Veritas;
858 856 910 909 in
945 855 1151 910 musica
1181 865 1360 909 autem
1394 856 1650 919 musicae;
1682 864 1738 910 et
1767 856 1820 910 in
1861 864 2006 911 recta

435 945 779 1015 philosophia
825 944 988 999 fuerit
1023 944 1210 1000 Graeca
1244 951 1464 998 veritas.
1505 944 1631 999 Sola
1677 954 1856 1000 autem
1893 945 2010 1000 haec

433 1047 518 1092 est
563 1037 875 1092 authentica
922 1039 1123 1091 veritas
1151 1078 1166 1101 ,
1215 1053 1443 1108 quaeque
1482 1053 1512 1092 a
1562 1038 1778 1092 nemine
1815 1037 2005 1107 attingi

434 1138 646 1198 potest,
697 1144 860 1198 quam
907 1128 1218 1182 docemura
1256 1128 1348 1183 Dei
1382 1128 1537 1183 Filio.
1588 1129 1790 1184 Eodem
1845 1129 2008 1184 modo

433 1235 542 1272 una
579 1219 878 1288 eademque
909 1221 1189 1284 drachma,
1226 1221 1270 1275 si
1297 1221 1420 1276 data
1458 1221 1619 1276 fuerit
1649 1229 1846 1286 nautte,
1869 1237 2008 1280 nau-

433 1309 585 1376 lum;
622 1311 666 1365 si
701 1311 1012 1380 publicano,
1062 1314 1324 1384 vectigal;
1360 1315 1403 1370 si
1435 1315 1483 1370 ei
1532 1315 1624 1384 qui
1667 1313 1890 1369 domum
1922 1315 2006 1369 lo-

433 1412 542 1468 cat,
576 1419 782 1460 merces
808 1406 1089 1460 conductae
1117 1407 1342 1473 domus;
1382 1409 1426 1464 si
1463 1408 1801 1479 praeceptori.
1830 1423 2009 1477 operte

433 1513 678 1563 merces;
718 1497 762 1553 si
793 1498 842 1552 ei
907 1499 998 1568 qui
1030 1500 1241 1565 vendit,
1295 1501 1454 1556 arrha
1502 1501 1722 1556 dicitur.
1771 1499 2010 1571 Singulae

434 1600 637 1654 autem,
674 1606 765 1644 seu
802 1592 1049 1657 virtutes,
1103 1609 1195 1648 seu
1237 1594 1524 1660 veritates,
1567 1593 1845 1648 communi
1887 1595 2008 1663 qui-

433 1689 554 1743 dem
604 1691 826 1744 nomine
872 1689 1230 1754 conveniunt,
1283 1689 1375 1744 sed
1424 1689 1701 1758 proprium
1733 1687 2006 1758 aliquem,

433 1799 670 1853 eumque
721 1783 977 1845 unicum,
1025 1782 1274 1836 effectum
1323 1781 1552 1844 habent;
1601 1795 1835 1850 quorum
1887 1794 2006 1832 om-

2110 574 2296 645 σύνην,
2329 577 2386 628 ὲν
2416 573 2622 638 τούτοις
2641 574 2699 628 δὲ
2724 574 3024 646 ἀνδρείανῆ
3053 575 3418 647 δικαιοσύνην.
3450 576 3579 629 Ἀνὰ
3601 573 3693 628 τὸν

2108 667 2271 720 αὐτὸν
2289 663 2380 720 οὗν
2395 667 2550 736 λόγον
2578 667 2669 720 κα)⁸
2684 669 2813 736 μιᾶς
2828 667 2992 752 οῦσης
3011 669 3286 739 ἀληθείας,
3305 669 3362 720 ὲν
3377 668 3696 739 γεωμετρίᾳ

2112 758 2209 828 μὲν
2235 759 2574 830 γεωμετρίας
2591 758 2836 829 ἀλήθεια,
2861 761 2920 812 ὲν
2943 763 3172 830 μουσικῇ
3188 759 3243 812 δὲ
3263 757 3529 829 μουσικῆς
3548 774 3562 787 ·
3591 757 3695 810 κάν

2109 848 2394 920 φιλοσοφίᾳ
2427 853 2490 921 τῇ
2509 850 2641 922 όρθῇ
2671 850 2954 923 Ἑλληνικὴ
2989 853 3070 924 εἵη
3103 851 3168 906 ἂν
3197 849 3614 922 ἁλήθεια.Μόνη
3638 850 3695 903 δὲ

2109 940 2141 1008 ἡ
2155 941 2316 1010 κυρία
2330 939 2465 1012 αῦτη
2483 940 2725 1011 ἀλήθεια,
2744 943 3230 1015 ἀπαρεγχείρητος,
3246 942 3312 1012 ἢν
3324 942 3477 1012 παρὰ
3488 940 3565 1010 τῷ
3579 940 3695 1009 1⁸ἱῷ

2109 1031 2200 1086 τοῦ
2223 1031 2354 1085 Θεοῦ
2386 1032 2770 1104 παιδευόμεθα.
2799 1033 2998 1088 Τοῦτόν
3019 1051 3196 1104 φαμεν
3224 1034 3335 1103 (74)
3369 1034 3462 1086 τὸν
3495 1033 3696 1104 τρόπον

2113 1127 2241 1195 μιᾶς
2266 1127 2362 1179 καὶ
2391 1126 2488 1196 τῆς
2522 1126 2689 1196 αὐτῆς
2716 1126 2999 1198 δραχμῆς,
3033 1127 3112 1198 τῷ
3148 1127 3244 1196 μὲν
3277 1125 3574 1196 ναυκλήρῳ
3604 1124 3692 1176 δο-

2110 1213 2314 1286 θείσης,
2352 1215 2603 1284 λέγεσθαι
2637 1216 2862 1280 ναῦλον,
2907 1218 2984 1288 τῷ
3023 1217 3081 1271 δὲ
3119 1216 3323 1290 τελώνῃ
3369 1216 3525 1279 τέλος
3548 1232 3562 1246 ·
3599 1214 3697 1268 καὶ

2109 1307 2336 1360 ὲνοίκιον
2378 1307 2475 1377 μὲν
2504 1306 2964 1379 τῷσταθμούχῳ·
3013 1309 3198 1379 μισθὸν
3236 1307 3291 1360 δὲ
3324 1306 3404 1378 τῷ
3435 1307 3693 1361 διδασκά-

2109 1399 2184 1470 λῳ
2206 1416 2220 1430 ·
2252 1399 2342 1453 καὶ
2364 1398 2440 1470 τῷ
2468 1401 2830 1470 πιπράσκοντι
2857 1401 3171 1473 ἀρραϐῶνα.
3221 1401 3455 1471 Ἐκάστη
3492 1400 3548 1454 δὲ
3583 1400 3693 1453 εἴτε

2108 1491 2295 1563 ἀρετὴ,
2355 1491 2464 1544 εἴτε
2511 1493 2606 1545 καὶ
2653 1493 2898 1563 ἀλήθεια,
2970 1493 3297 1564 συνωνύμως
3353 1492 3688 1562 καλουμένη,

2113 1582 2272 1653 μόνου
2324 1581 2415 1634 τοῦ
2450 1581 2570 1635 καθ’
2609 1583 2808 1654 ἑαυτὴν
2841 1583 3278 1655 ἀποτελέσματός
3323 1584 3473 1636 ἐστιν
3510 1583 3688 1636 αἰτία·

2109 1673 2250 1727 κατά
2283 1675 2581 1746 σύγχρησιν
2623 1673 2678 1728 δὲ
2729 1675 2931 1728 τούτων
2979 1676 3184 1744 γίνεται
3236 1675 3296 1728 τὸ
3353 1674 3692 1744 εὐδαιμόνως

2110 1762 2208 1835 ζῇν
2227 1779 2242 1792 ⁸
2277 1762 2352 1834 μὴ
2382 1765 2489 1836 γὰρ
2523 1763 2586 1834 δὴ
2610 1764 3013 1835 εὐδαιμονῶμεν
3041 1765 3178 1835 πρὸς
3209 1764 3278 1817 τὰ
3313 1764 3578 1834 ὀνόματα,
3613 1764 3691 1816 ὅτ’

430 1875 583 1929 nium
609 1890 674 1930 ex
701 1875 1086 1944 conjunctione
1107 1873 1352 1928 nascitur
1378 1873 1484 1926 vita
1509 1873 1682 1927 heata.
1714 1871 1828 1925 Non
1862 1872 2007 1926 enim

2117 1854 2176 1908 ἂν
2204 1855 2294 1908 τὸν
2315 1855 2470 1927 ὀρθὸν
2501 1855 2613 1926 βίον
2633 1856 2976 1927 εὐδαιμονίαν
2996 1856 3262 1928 λέγωμεν,
3287 1857 3382 1910 καὶ
3405 1857 3694 1926 εὐδαίμονα

425 1967 564 2022 solis
597 1966 912 2020 nominibus
946 1965 1086 2020 beati
1118 1966 1413 2030 reddimur,
1445 1980 1567 2019 cum
1606 1973 1804 2018 rectam
1838 1965 2006 2018 vitam

431 2059 680 2115 dicamus
712 2059 1137 2124 beatitudinem;
1184 2068 1239 2112 et
1292 2059 1442 2112 illum
1490 2058 1728 2121 beatum,
1769 2060 1855 2113 cui
1892 2059 2006 2111 vir«

430 2161 546 2206 tute
566 2159 828 2205 exornata
862 2160 946 2205 est
977 2151 1177 2204 anima.
1215 2149 1367 2216 Quod
1401 2149 1445 2204 si
1478 2149 1640 2204 etiam
1667 2149 2004 2218 philosophia

431 2259 465 2298 ο
505 2245 801 2314 longinquo
837 2258 994 2312 opem
1047 2242 1152 2296 fert
1208 2243 1504 2297 inventioni
1544 2241 1804 2307 veritatis,
1844 2241 2007 2295 variis

416 2337 747 2392 'notionibus
777 2334 1002 2390 tendens
1029 2335 1095 2388 ad
1120 2344 1360 2389 nostram
1389 2334 1695 2400 scientiam,
1729 2349 1850 2402 quae
1880 2349 2004 2402 pro-

429 2427 580 2482 xime
623 2425 836 2497 attingit
877 2425 1193 2490 veritatem;
1240 2425 1321 2480 sic
1361 2433 1539 2480 tamen
1581 2427 1629 2480 ei
1674 2440 1830 2494 opem
1864 2425 2004 2491 fert,

421 2519 529 2590 ‘qui
571 2515 703 2588 Logi
751 2517 958 2572 auxilio
1002 2525 1232 2572 conatur
1285 2516 1688 2586 apprehendere
1739 2515 2006 2586 cognitio-

435 2627 581 2666 nem.
623 2609 857 2664 Proinde
889 2608 1074 2664 Grreca
1111 2606 1333 2670 veritas,
1368 2606 1582 2661 etiamsi
1624 2607 1692 2662 sit
1732 2606 1872 2660 idem
1907 2621 2008 2658 no-

423 2719 556 2760 men
604 2702 793 2760 sortita
813 2744 825 2765 ,
853 2715 1032 2755 tamen
1060 2716 1088 2754 a
1120 2709 1302 2756 nostra
1338 2707 1450 2752 tum
1507 2699 1877 2766 magnitudine
1909 2714 2005 2753 co-

435 2793 725 2864 gnitionis,
761 2801 875 2846 tum
918 2792 1442 2846 demonstrationum
1483 2790 1749 2845 evidentia
1773 2833 1785 2856 ,
1821 2801 1875 2846 et
1919 2792 2006 2846 di-

428 2888 558 2940 vina
589 2888 816 2948 virtute,
859 2892 913 2939 et
945 2883 1066 2939 aliis
1113 2884 1415 2950 similibus,
1466 2879 1598 2940 satis
1631 2884 2003 2955 distinguitur.

432 2977 478 3032 Α
509 2976 618 3031 Deo
651 2977 793 3031 enim
829 2977 971 3030 docti
997 2992 1210 3042 sumus,
1248 2977 1339 3047 qui
1375 2976 1584 3032 litteras
1615 2992 1737 3032 vere
1767 2991 1952 3032 sacras
1974 2992 2005 3030 a

433 3069 572 3126 Filio
604 3069 696 3124 Dei
728 3070 1046 3128 didicimus:
1085 3070 1226 3125 unde
1270 3085 1378 3124 non
1415 3070 1636 3140 perinde
1674 3085 1738 3125 ac
1779 3085 1880 3125 nos
1929 3069 2006 3123 illi

434 3171 652 3218 movent
676 3162 907 3226 animas,
943 3161 1035 3216 sed
1072 3161 1286 3216 diversa
1318 3162 1476 3225 plane
1501 3163 1756 3216 methodo
1797 3177 1860 3217 ac
1891 3160 2006 3216 disc

432 3255 652 3326 ciplina.
693 3253 847 3321 Quod
896 3255 940 3308 si
984 3263 1202 3323 propter
1231 3269 1346 3318 eos,
1379 3255 1472 3324 qui
1508 3270 1607 3309 nos
1640 3252 2005 3308 calumniandi

434 3382 598 3432 ansas
627 3371 912 3436 quaerunt,
949 3365 1221 3434 oportebit
1251 3379 1352 3418 nos
1381 3363 1736 3434 distinguere,
1767 3362 2011 3432 philoso-

433 3459 640 3528 phiam,
671 3468 732 3512 ut
755 3471 876 3528 quae
901 3456 953 3509 in
991 3455 1211 3510 veritate
1241 3455 1545 3525 indaganda
1571 3463 1834 3520 versetur,
1861 3469 2012 3509 com-

433 3553 826 3624 prehendenda:
855 3551 1100 3606 veritatis
1130 3567 1458 3606 concausam
1491 3560 1541 3605 et
1581 3551 2009 3621 cooperatricem

435 3646 802 3716 appellantes,
845 3643 1136 3699 fatebimur
1182 3659 1302 3699 eam
1339 3659 1458 3697 esse
1491 3645 1747 3714 praeviam
1775 3644 2013 3700 hominis

435 3738 665 3809 gnostici
692 3737 1057 3807 disciplinam,
1094 3753 1200 3790 non
1249 3745 1429 3790 tamen
1461 3751 1583 3791 esse
1612 3753 1856 3803 causam,
1891 3754 2013 3808 quae

434 3831 612 3886 solum
661 3839 745 3885 est
781 3845 1092 3894 cnncausa;
1133 3844 1309 3898 neque
1353 3828 1682 3894 continens,
1727 3829 1814 3894 id,
1866 3830 2012 3900 quod

435 3924 658 3992 adjuvat
687 3931 738 3976 et
769 3931 1116 3991 cooperatur,
1145 3936 1244 3974 nec
1275 3920 1498 3989 perinde
1524 3935 1590 3976 ac
1618 3921 1662 3976 si
1693 3935 1801 3976 non
1830 3922 1899 3976 sit
1924 3938 2013 3978 ve-

433 4015 570 4070 ritas
599 4015 808 4082 absque
854 4013 1218 4084 philosophia.
1260 4010 1396 4068 Nam
1441 4028 1632 4069 omnes
1663 4011 1776 4068 fere
1809 4015 2015 4086 absque

434 4107 849 4176 disciplinarum
874 4105 1027 4168 orbe,
1043 4121 1208 4174 quam
1231 4122 1250 4158 ι
1273 4106 1728 4177 encyclopaediam
1756 4126 1775 4160 ι
1796 4118 2010 4174 vocant,

432 4211 489 4255 et
523 4199 709 4255 Graeca
743 4199 1108 4270 philosophia,
1141 4199 1233 4253 alii
1271 4201 1652 4257 autem‘etiam
1683 4201 1890 4272 absque
1923 4203 2014 4257 lit-

433 4293 588 4359 teris,
621 4293 804 4348 divina
833 4299 887 4346 et
920 4291 1148 4346 barbara
1189 4292 1322 4347 moti
1354 4293 1718 4364 philosOphia,
1750 4304 2017 4365 potestate

434 4401 580 4448 eum,
618 4387 709 4456 qui
743 4387 810 4439 de
840 4384 950 4439 Deo
987 4394 1090 4452 est,
1133 4402 1229 4456 per
1258 4387 1414 4440 lidem
1456 4388 1762 4458 accepimus
1807 4405 2018 4444 sermo-

437 4491 582 4539 nem,
605 4478 803 4532 eruditi
827 4477 1110 4546 sapientia,
1127 4493 1249 4547 quae
1267 4493 1364 4547 per
1380 4493 1438 4532 se
1458 4491 1730 4548 operatur.
1746 4479 1901 4548 Quod
1919 4498 2015 4538 au-

436 4574 610 4630 temry
630 4584 754 4621 cum
775 4568 883 4622 alio
914 4569 1045 4634 agit.
1069 4584 1193 4622 cum
1223 4585 1318 4634 per
1343 4569 1818 4637 imperfectionem‘
1849 4590 2008 4631 suam

2117 4591 2232 4644 καθ’
2268 4568 2466 4666 ἑαυτὴν
2495 4589 2730 4650 ἐδικάίου
2768 4568 2876 4668 (Sé)

513 4692 570 4749 ε
598 4685 656 4737 P.
689 4659 793 4739 37'7
821 4685 927 4740 en.
963 4685 1406 4752 POTTER,‘519
1439 4689 1544 4744 ED.
1589 4687 1809 4747 PARIS.

506 4775 630 4859 (74)~
664 4776 886 4830 Τοῦτόν
916 4795 1130 4848 φαμεν.
1165 4777 1230 4833 Η.
1265 4796 1370 4836 ms.
1421 4781 1608 4835 τοῦτον
1643 4784 1744 4853 μὲν
1779 4783 1872 4841 οὖν
1911 4808 2016 4859 φα-

439 4864 557 4919 μεν.
572 4845 859 4919 μδνωυιισ.

507 4917 620 4993 (ῖξ)
649 4917 978 4993 ῌὺαρέτως.
1012 4919 1193 4993 Malim
1223 4921 1516 4993 ineptiam.

507 4988 620 5063 ('76)
645 4987 1038 5063 Θεοδίδακτοι.
1073 4987 1364 5063 Βρερὶείιῖ
1393 4989 1586 5050 Thess.
1617 5012 1703 5063 tv,
1733 4997 1766 5054 9
1801 5017 1813 5053 :
1844 5001 2007 5056 Αὐτοὶ

433 5060 734 5132 γάρᾷὐμεῖς
770 5059 1096 5132 θεοδίδακτοί
1123 5059 1266 5114 tm.

505 5129 1012 5212 (γῃηγερᾲρντως
1037 5131 1361 5212 γράμματα.
1401 5151 1420 5185 ι
1461 5133 1597 5192 Vere
1626 5153 1814 5212 sacras
1849 5160 1867 5194 ι
1908 5158 2006 5212 ap-

434 5198 1079 5283 pellat_Cht;i‘stian.oruni'
1104 5223 1122 5255 ι
1143 5198 1391 5283 litteras,
1429 5225 1447 5257 ι
1493 5216 1551 5260 ιιι
1586 5198 2008 5283 οθεέιί-διὶηευὶξ-

437 5269 518 5352 ret
574 5269 643 5322 ab
697 5269 1112 5352 Egyptiorum,
1169 5269 1585 5352 Chaldaeorum,
1659 5269 2004 5352 Aitliiop‘um,

435 5343 734 5396 aliorumve
792 5343 1033 5419 litteris,‘
1065 5361 1189 5419 qua}
1238 5346 1559 5402 dicebantur
1617 5343 1869 5419 quidem,
1907 5343 2004 5411 sed

433 5428 706 5485 verenon
731 5422 894 5468 erant
930 5414 1048 5485 ἱερά
1082 5416 1401 5485 γράμματα.

505 5482 950 5555 (78))Σινναίτιον
972 5482 1102 5555 5m;
1124 5482 1306 5539 Malim
1329 5503 1452 5542 cum
1477 5489 1708 5544 articulo
1735 5493 2004 5548 συναίτιον

432 5551 530 5622 τὴν
567 5554 894 5622 φιλοσοφίαν.

506 5621 788 5704 (unum?
827 5627 907 5690 ὠς
932 5626 1043 5704 οὐκ
1074 5626 1277 5704 οὔσης,
1304 5626 1449 5684 ἄνευ
1478 5629 1593 5704 τὴν
1615 5635 2004 5704 φιλοσοφίαν.

433 5691 498 5744 Δ.
531 5702 580 5743 et
617 5693 703 5774 ll.,_
731 5695 860 5774 ἄνευ
897 5696 998 5765 τῆς
1029 5691 1364 5774 φιλοσοφίας·
1393 5711 1450 5774 ιιι
1477 5691 1742 5771 interpres
1767 5691 2006 5774 queque,

439 5780 473 5844 ς,
488 5777 586 5844 nec
599 5766 816 5844 perinde
835 5781 898 5820 ac
919 5782 1026 5819 non
1045 5770 1333 5844 sitveritas
1349 5771 1571 5844 absque
1586 5766 1949 5844 philosophia.
1985 5766 2001 5828 ἰ

430 5828 545 5904 εἷεο
573 5828 858 5903 legendum
883 5847 1046 5907 puto,
1072 5837 1179 5892 οὐδ’
1212 5837 1287 5904 ὡς
1319 5834 1378 5895 οὗ
1413 5828 1512 5896 οὐκ
1544 5828 1692 5912 ἄνευ,
1735 5828 1831 5917 τὴν
1860 5828 2008 5916 φιλο·

2112 1946 2201 1999 τὸν
2235 1947 2643 2019 κεκοσμημένον
2687 1945 2785 2018 τὴν
2828 1946 3004 2018 ψυχὴν
3055 1947 3323 2018 εὐαρέτως
3358 1947 3499 2014 (75).
3538 1946 3600 2000 Εί
3637 1946 3691 2000 δὲ

2114 2039 2208 2092 καὶ
2240 2037 2520 2110 πόρρωθεν
2553 2038 2984 2110 συλλαμϐάνεται
3019 2038 3303 2107 φιλοσοφία
3331 2041 3396 2109 τῇ
3423 2039 3564 2110 πρὸς
3596 2040 3693 2112 τὴν

2112 2127 2368 2200 ἀλήθειαν
2401 2129 2648 2202 εὑρέσει,
2695 2131 2835 2185 κατά
2874 2130 3163 2202 διαφόρους
3211 2130 3468 2194 ὲπιὸολάς
3503 2131 3693 2185 διατεί-

2113 2236 2277 2272 νουσα
2325 2220 2419 2273 έπὶ
2464 2219 2559 2292 τὴν
2609 2221 2892 2294 προσεχῶς
2928 2221 3236 2293 ἁπτομένην
3273 2222 3370 2292 ,τῆς
3413 2221 3691 2292 ἀληθείας,

2113 2312 2210 2382 τὴν
2242 2311 2362 2364 καθ’
2414 2315 2564 2384 ἡμᾶς
2602 2314 2834 2385 εἴδησινο
2875 2313 3010 2369 ἀλλά
3052 2313 3484 2384 συλλαμϐάνεταί
3518 2332 3583 2384 γε
3618 2315 3698 2386 τῷ

2113 2401 2343 2470 λογικῶς
2394 2405 2689 2477 ἐπιχειρεῖν
2735 2405 3088 2458 ἐσπουδακότι
3133 2404 3503 2458 ἀνθάπτεσθαι
3559 2405 3700 2474 γνὼ-

2116 2512 2270 2558 σεως.
2308 2495 2609 2568 Χωρίζεταί
2644 2513 2702 2549 τε
2743 2498 2775 2567 ἡ
2824 2497 3109 2569 Ἑλληνικὴ
3156 2497 3382 2569 ἀλήθεια
3423 2498 3525 2568 τῆς
3574 2497 3698 2550 καθ’

2113 2586 2279 2656 ἡμᾶς,
2329 2588 2376 2640 εί
2423 2588 2517 2640 καὶ
2559 2587 2650 2640 τοῦ
2677 2587 2855 2641 καύτοῦ
2910 2588 3231 2660 μετείληφεν
3279 2589 3568 2660 ὀνόματος,
3605 2590 3700 2642 καὶ

2117 2678 2334 2748 μεγέθει
2366 2677 2639 2748 γνώσεως,
2677 2681 2770 2734 καὶ⁵
2803 2681 3072 2748 ἀποδείξει
3093 2681 3425 2754 κυριωτέρα,
3460 2683 3561 2736 καὶ
3580 2681 3699 2754 θείᾳ

2113 2767 2357 2840 δυνάμει,
2380 2772 2604 2834 καὶτοῖς
2624 2771 2846 2841 ὁμοίοις.
2883 2771 3217 2826 Θεοδίδακτοι
3239 2772 3350 2841 (76)
3372 2773 3484 2844 γὰρ
3511 2775 3697 2844 ἡμεῖς,

2115 2860 2236 2931 ίερά
2275 2859 2443 2924 ὅντως
2475 2861 2778 2932 γράμματα
2813 2862 2926 2932 (77)
2973 2863 3123 2936 παρά
3171 2862 3248 2933 τῷ
3289 2863 3406 2934 Υίῷ
3439 2863 3535 2917 τοῦ
3565 2861 3702 2917 Θεοῦ

2115 2949 2532 3020 παιδευόμενοι·
2580 2950 2729 3005 ἔνθεν
2762 2952 2869 3005 οὐδ’
2913 2953 3176 3018 ὡσαύτως
3219 2953 3430 3008 κινοῦσι
3464 2954 3567 3017 τάς
3608 2953 3704 3023 ψυ-

2113 3042 2232 3111 χὰς,
2269 3042 2402 3096 ἀλλά
2437 3043 2675 3114 διαφόρῳ
2707 3027 3041 3117 διδασκαλίᾳ.
3086 3047 3150 3099 Et
3185 3046 3241 3100 δὲ
3285 3045 3704 3102 διαστέλλεσθαι

2115 3133 2263 3202 ἡμᾶς
2294 3132 2382 3188 διά
2402 3135 2528 3197 τοὺς
2561 3135 2998 3207 φιλεγκλήμονας
3017 3137 3212 3208 δεήσει,
3253 3138 3528 3193 συναίτιον
3564 3138 3706 3208 φιλοο

2035 3232 2078 3288 c
2114 3222 2302 3290 σοφίαν
2331 3223 2441 3294 (78)
2464 3225 2557 3277 κα)⁵
2580 3227 2840 3297 συνεργὸν
2873 3227 3120 3294 λέγοντες
3153 3227 3251 3298 τῆς
3269 3227 3506 3299 ἀληθοῦς
3537 3247 3706 3283 κατα-

2110 3313 2344 3384 λήψεως,
2375 3313 2602 3386 ζήτησιν
2627 3312 2791 3370 οὖσαν
2825 3317 3101 3389 ἀληθείας,
3137 3319 3498 3389 προπαιδείαν
3533 3321 3705 3391 αὐτὴν

2109 3406 2516 3478 ὁμολογήσομεν
2572 3407 2662 3461 τοῦ
2742 3409 3042 3476 γνωπικοῦ
3081 3452 3094 3476 ,
3163 3411 3262 3464 οὐκ
3324 3411 3504 3464 αἴτιον
3562 3411 3705 3464 τιθέ-

2115 3515 2263 3568 μενοι
2293 3499 2352 3552 τὸ
2375 3500 2650 3554 συναίτιον
2670 3517 2683 3531 ο
2706 3502 2826 3554 οὐδὲ
2851 3502 2956 3574 μὴν
2976 3505 3037 3557 τὸ
3059 3504 3320 3576 συνεργὸν
3347 3505 3698 3559 συνεκτικόνο

2119 3590 2228 3642 οὐδ’
2262 3591 2338 3654 ὡς
2370 3593 2468 3645 οὐκ
2495 3591 2661 3663 οὔσης
2698 3593 2827 3646 ἀνευ
2860 3595 2959 3666 τὴν
3003 3596 3316 3665 φιλοσοφίαν
3359 3597 3498 3665 (79).
3552 3598 3704 3652 Ἐπεὶ

2117 3679 2305 3746 σχεδὸν
2336 3683 2385 3732 οί
2423 3681 2624 3746 πάντες
2654 3683 2782 3736 ἄνευ
2799 3684 2895 3755 τῆς
2920 3704 2938 3736 ι
2968 3685 3252 3753 ἐγκυκλίου
3273 3687 3583 3751 παιδείας,›
3614 3691 3704 3742 καὶ

2114 3767 2429 3838 φιλοσοφίας
2473 3773 2572 3841 τῆς
2631 3774 2965 3847 Ἑλληνικῆς,
3029 3779 3077 3830 οἱ
3109 3777 3165 3832 δὲ
3215 3779 3308 3832 καὶ
3348 3778 3480 3832 ἄνευ
3524 3798 3708 3852 γραμ-

2118 3860 2322 3930 μάτων,
2357 3864 2420 3933 τῇ
2458 3861 2578 3933 θείᾳ
2625 3867 2720 3918 καὶ
2754 3865 3012 3941 βαρόάρῳ
3047 3868 3357 3940 κινηθέντες
3387 3870 3701 3944 φιλοσοφίᾳ,

2113 3948 2337 4019 δυνάμει
2373 3950 2484 4021 (80)
2517 3951 2608 4005 τὸν
2642 3953 2772 4026 περὶ
2800 3954 2934 4008 Θεοῦ
2960 3955 3049 4009 διὰ
3085 3957 3318 4022 πίστεως
3357 3961 3708 4033 παρειλήφα-

2117 4057 2215 4110 μεν
2243 4039 2418 4109 λόγον,
2438 4041 2722 4115 αὐτουργῷ
2747 4046 2908 4118 σοφίᾳ
2932 4047 3373 4119 πεπαιδευμένοι.
3410 4052 3476 4103 Ὃ
3497 4051 3556 4104 δὲ
3582 4053 3702 4124 μεθ’

2114 4131 2301 4202 έτέρου
2338 4135 2500 4196 ποιεῖ,
2540 4135 2726 4198 ἀτελὲς
2770 4135 2828 4188 ὃν
2863 4139 2983 4191 καθ’
3017 4139 3145 4193 αὐτὸ
3191 4143 3466 4212 ἐνεργεῖν,
3513 4160 3704 4215 συνερ-

2114 4222 2210 4290 γόν
2245 4240 2422 4295 φαμεν
2457 4225 2548 4278 καὶ
2585 4227 2850 4281 συναίτιον
2873 4270 2886 4290 ,
2923 4228 3030 4284 ἀπὸ
3078 4231 3171 4284 τοῦ
3207 4235 3481 4287 συναιτίου
3533 4235 3706 4288 αἴτιον

2116 4315 2381 4386 ὑπάρχειν
2414 4317 2548 4386 (81),
2584 4318 2694 4372 ἀπὸ
2732 4319 2824 4373 τοῦ
2860 4323 3030 4394 ἑτέρῳ
3065 4325 3375 4391 συνελθεῖν,
3411 4330 3586 4383 αῐτιον
3619 4330 3707 4398 γί-

2116 4407 2340 4474 γνεσθαι
2368 4409 2754 4481 ὠνομασμένον
2775 4429 2788 4442 ·
2822 4414 2943 4466 καθ’
2977 4416 3137 4469 ἑαυτὸ
3169 4417 3225 4470 δὲ
3261 4417 3335 4490 μὴ
3359 4419 3623 4474 δύνασθαι
3643 4421 3706 4474 τὺ

2120 4498 2464 4570 ἀποτέλεσμα
2499 4501 2557 4554 τὸ
2590 4502 2712 4556 κατ’
2745 4503 3005 4575 ἀλήθειαν
3043 4509 3323 4580 παρέχειν.
3362 4512 3564 4565 Καίτοι
3611 4521 3704 4572 καί⁵

2907 4611 3034 4654 ποτε
3069 4603 3163 4656 καὶ
3189 4605 3222 4673 ἡ
3257 4603 3549 4676 φιλοσοφία
3576 4611 3702 4669 τοὺς

2129 4796 2352 4866 σοφίανυ
2393 4799 2442 4853 il
2475 4809 2553 4874 est
2587 4819 2606 4851 ι
2670 4817 2845 4874 neque
2887 4813 2946 4858 ut
2985 4817 3208 4858 causam
3255 4803 3373 4858 sine
3406 4819 3517 4874 qua
3562 4823 3694 4871 non,

2123 4879 2424 4946 statuentes
2447 4871 2868 4946 philosophiam,
2884 4883 2974 4946 rut
2995 4871 3455 4943 quemadmodum
3481 4877 3539 4946 in
3568 4893 3706 4946 prb

2123 4939 2443 4994 cedentibus
2477 4939 2736 5015 membris
2766 4939 3054 5015 Anominata
3090 4955 3173 4997 est
3203 4959 3370 4999 causa
3404 4939 3699 5015 adjuv'ans,

2114 5017 2167 5061 et
2191 5024 2356 5063 causa
2389 5012 2705 5084 continens;
2735 5013 2834 5084 Aita
2885 5014 2973 5068 hic
3016 5015 3356 5084 exprimatur
3387 5012 3562 5072 causa
3585 5012 3706 5075 sine

2114 5094 2416 5202 ἓιέἲηὲξίιέης
2469 5081 2613 5136 sicut
2665 5082 2806 5140 infra
2841 5081 3152 5154 quoque'p.
3206 5085 3332 5152 180,
3391 5086 3522 5152 552,
3575 5088 3700 5144 333.

2159 5165 2382 5204 YLBURG.

2187 5220 2301 5295 (ὃθ)
2358 5219 2654 5295 κιννάμεεε
2697 5223 2988 5295 Brspicere
3023 5223 3254 5295 _vid_etur
3300 5223 3467 5281 Rom.
3521 5243 3577 5295 I,
3619 5231 3648 5285 4
3683 5249 3700 5286 :

2114 5288 2220 5372 Τοῦ
2249 5288 2724 5372 ὁρισθέντος...ΐίοῦ
2763 5288 2893 5372 Θεοῦ
2926 5293 3278 5372 ἐνόν-νᾶμα,
3302 5297 3448 5372 κατά
3480 5288 3707 5372 [ἔνεῦμα

2111 5359 2441 5438 ᾀγιωσξόνηςο
2465 5361 2520 5438 ,1,
2544 5361 2737 5438 Thess.
2774 5380 2810 5427 I,
2839 5366 3013 5438 537Tb
3047 5359 3377 5438 EquYYt-iltov
3411 5370 3571 5438 ἡμῶν
3605 5359 3708 5425 οὐκ

2113 5429 2344 5506 ἐγενήθη
2371 5429 2429 5485 ὲν
2460 5429 2608 5506 λόγῳ
2643 5433 2824 5506 μόνον,
2855 5436 2985 5490 ἀλλά
3009 5437 3106 5489 καὶ
3141 5429 3489 5506 ἐν’δυνάμεῖ,
3529 5441 3622 5493 καὶ
3643 5442 3705 5493 έν

2109 5499 2384 5622 [Iussum
2447 5499 2656 5572 ἀγίῳὀ’
2707 5504 2789 5557 γει
2841 5507 3005 5558 alium
3055 5509 3237 5562 locum
3289 5499 3377 5560 nisi
3441 5499 3704 5564 consimi-

2130 5585 2234 5622 em.

2130 5585 2234 5622 ein.

2189 5640 2297 5709 (81)
2344 5641 2684 5724 ’Υπάρ-χείιι.
2714 5644 2780 5724 §i
2816 5645 2939 5712 quis
2973 5646 3126 5700 malit
3157 5649 3510 5720 participium
3537 5650 3708 5724 ὑπάρο

2115 5727 2230 5778 χον,
2276 5728 2368 5779 per
2402 5728 2488 5764 me
2525 5715 2668 5766 licet.
2713 5714 2973 5770 SYLBCRG.

2185 5781 2645 5864 (Biln’gdufgio't‘).
2681 5784 2841 5864 ilonl'.
2873 5803 2994 5857 quae
3030 5789 3282 5860 superius
3308 5789 3451 5848 dixit
3478 5800 3704 5864 auctor,

2116 5865 2235 5922 pag.
2269 5850 2374 5905 ‘28'2
2408 5853 2540 5908 edit.
2577 5851 2754 5911 Paris.
