3970 6532
452 364 555 421 907

1598 364 2004 451 .CLEMENTIS
2040 364 2512 445 ALEXANDRINI

3609 338 3723 431 eos

450 482 798 554 Argivorum,
854 483 1158 541 Alexander
1203 500 1334 541 vero
1366 501 1461 541 rex
1500 485 1605 542 fuit
1642 486 2020 544 Macedonum.

2127 508 2203 562 τῳ
2228 492 2288 543 οὐ
2319 491 2626 563 πρόσεστιν·
2675 479 2720 558 ᾧ
2749 489 2958 561 Πέρσαι
3000 490 3093 544 ἐπὶ
3133 492 3235 563 τὴν
3279 492 3505 549 Ἐλλάδα
3553 511 3727 569 στρα-

451 574 632 631 Tertia
655 586 758 645 est,
793 591 915 647 qua:
942 593 1112 632 unum
1151 577 1329 633 solum
1354 580 1709 649 concupiscit,
1745 596 1937 651 nempe
1972 590 2031 635 ut

448 669 633 724 vincat
663 675 718 723 et
766 652 1010 735 evertat;
1044 669 1098 723 in
1131 670 1335 724 malum
1382 679 1565 724 autem
1598 672 1682 726 vel
1720 671 1929 726 bonum
1964 672 2030 726 ti-

450 775 574 839 nent
606 760 833 816 victoria
863 761 963 827 uti,
994 762 1045 816 ei
1082 763 1306 818 minime
1340 763 1483 818 inest
1513 783 1527 817 :
1554 780 1664 834 qua
1693 765 1913 834 quidem
1944 764 2030 819 usi

453 839 584 911 sunt
610 853 809 921 Persae,
862 871 987 911 cum
1039 857 1241 911 bellum
1294 867 1547 927 gererent
1585 859 1851 915 adversus
1892 857 2034 913 Grae-

453 948 617 1004 ciam.
651 946 788 1003 Nam
827 946 1119 1003 irascibilis
1155 950 1427 1017 appetitus
1456 950 1596 1004 alias
1626 950 1846 1019 quidem
1876 964 2032 1019 prora

452 1055 554 1097 sus
604 1050 688 1096 est
727 1040 1123 1105 contentiosus,
1156 1041 1261 1110 qui
1292 1040 1581 1110 imperium
1620 1043 1819 1112 quaerit
1861 1042 2032 1098 solius

450 1130 851 1187 dominationis
873 1131 1045 1202 gratia
1064 1172 1080 1195 ,
1111 1133 1249 1188 alias
1274 1148 1403 1188 vero
1428 1134 1556 1188 boni
1589 1135 1893 1201 studiosus,
1919 1151 2032 1206 quo

449 1225 636 1283 anima
658 1224 725 1280 ad
758 1224 834 1290 id,
865 1224 1012 1294 quod
1049 1224 1255 1280 bonum
1290 1235 1376 1280 est
1402 1235 1459 1281 et
1488 1226 1802 1293 honestum,
1835 1226 2030 1282 utitur.

449 1316 658 1384 Quarta
692 1325 875 1373 autem
910 1317 1175 1388 regnandi
1210 1317 1420 1387 species
1449 1327 1536 1373 est
1582 1320 1830 1373 omnium
1860 1320 2034 1389 pessi-

447 1425 559 1477 ma,
590 1425 713 1480 quae
739 1418 900 1479 prout
925 1410 1030 1464 fert
1054 1410 1223 1465 libido
1249 1410 1536 1465 ordinatur
1566 1429 1579 1464 :
1611 1412 1771 1481 quale
1801 1411 1904 1466 fuit
1943 1428 2032 1466 re-

448 1518 617 1575 gnum
653 1501 1009 1572 Sardanapali
1039 1511 1094 1557 et
1133 1517 1348 1570 eorum,
1404 1503 1499 1573 qui
1550 1503 1699 1559 hunc
1725 1503 1887 1559 linem
1926 1505 2030 1559 sibi

447 1602 786 1665 proponunt,
830 1600 891 1646 ut
920 1591 1388 1661 quamplurimum
1425 1592 1743 1663 indulgeant
1780 1593 1896 1647 suis
1937 1608 2035 1647 cus

364 1752 375 1763 κ
446 1682 789 1755 piditatibus.
852 1680 1138 1751 Regnandi
1187 1690 1371 1736 autem
1440 1681 1703 1746 scientiae,
1754 1692 1864 1735 tam
1913 1696 2034 1753 quae

451 1782 512 1841 >14
547 1777 746 1831 virtute
775 1775 962 1840 vincit,
996 1790 1161 1844 quam
1193 1789 1316 1843 qua:
1349 1774 1426 1839 vi,
1469 1774 1899 1829 instrumentum
1944 1782 2032 1829 est

2131 581 2419 645 τεύσαντες
2451 582 2871 654 συνεχρήσαντο.
2921 582 3028 636 Τοῦ
3067 583 3175 657 γάρ
3205 584 3379 656 θυμοῦ
3407 587 3471 640 τὸ
3499 588 3602 658 μὲν
3642 605 3727 657 φι-

2131 674 2371 728 λόνεικον
2394 674 2501 747 (56)
2550 675 2709 746 μόνον
2745 677 2917 738 ἐστὶν,
2962 675 3127 729 αὑτοῦ
3166 676 3261 730 τοῦ
3299 682 3524 750 κρατεῖν
3550 679 3728 734 ἕνεκα

2130 766 2229 838 τὴν
2287 765 2603 822 δυναστείαν
2657 766 3046 839 πεποιημένον·
3099 768 3159 822 τὸ
3185 768 3241 822 δέ
3284 769 3599 839 φιλόκαλον,
3641 775 3727 837 εἰς

2132 857 2302 930 καλὴν
2328 859 2759 931 καταχρωμένης
2807 860 2907 931 τῆς
2933 860 3110 930 ψυχῆς
3137 860 3213 930 τῷ
3245 860 3422 932 θυμῷ.
3468 864 3725 935 Τετάρτη

2130 952 2207 1019 δέ,
2234 954 2268 1024 ἡ
2295 952 2483 1007 πασῶν
2514 952 2768 1023 κακίστη,
2793 953 2828 1024 ἠ
2852 952 2993 1006 κατὰ
3017 954 3117 1017 τὰς
3141 954 3437 1025 ἐπιθυμίας
3463 956 3726 1010 τάττεται

2135 1046 2397 1118 βασιλεία·
2439 1048 2517 1112 ὠς
2564 1048 2598 1119 ἠ
2650 1046 3093 1117 Σαρδαναπάλου,
3143 1048 3238 1101 καὶ
3295 1047 3404 1100 τῶν
3444 1049 3506 1101 τὸ
3564 1048 3727 1111 τέλος

2133 1140 2488 1213 ποιουμένων,
2512 1144 2632 1203 ταῖς
2666 1138 2980 1210 ἐπιθυμίαις
3015 1140 3092 1204 ὡς
3120 1140 3348 1194 πλεῖστα
3374 1141 3726 1213 χαρίζεσθαι.

2134 1223 2239 1287 Τοῦ
2289 1234 2347 1287 δέ
2408 1232 2686 1304 βασιλικοῦ
2712 1274 2727 1299 ,
2790 1233 2880 1286 τοῦ
2933 1251 2992 1287 τε
3038 1233 3160 1286 κατ’
3197 1233 3398 1306 ἀρετὴν
3459 1233 3729 1298 νικῶντος

2134 1326 2227 1379 καὶ
2265 1324 2362 1378 τοῦ
2407 1324 2546 1379 κατὰ
2597 1325 2737 1396 βίαν,
2780 1325 3010 1399 ὄργανον
3040 1324 3102 1377 τὸ
3144 1327 3423 1380 τακτικόν.
3463 1324 3633 1378 Ἄλλο
3664 1325 3729 1378 δὲ

2133 1419 2253 1471 κατ’
2286 1417 2450 1489 ἄλλην
2477 1416 2637 1486 φύσιν
2666 1434 2725 1470 τε
2759 1419 2852 1470 καὶ
2882 1416 3044 1487 ὕλην·
3085 1419 3142 1469 ἐν
3178 1418 3279 1487 μέν
3301 1434 3363 1487 γε
3391 1417 3606 1482 ὅπλοις,
3626 1420 3730 1471 καὶ

2133 1513 2244 1574 τοῖς
2293 1510 2553 1581 μαχίμοις
2585 1507 2764 1574 ζώοις,
2807 1509 2874 1564 δι’
2917 1508 3178 1581 ἐμψύχων
3220 1527 3281 1563 τε
3315 1510 3412 1564 καὶ
3451 1511 3729 1581 ἀψύχων,

2133 1595 2278 1668 ψυχὴ
2307 1598 2366 1650 τὸ
2394 1597 2589 1650 τάττον
2622 1598 2738 1650 ἐστὶ
2772 1597 2866 1651 καὶ
2898 1597 3051 1662 νοῦς·
3084 1600 3142 1651 ἐν
3176 1597 3233 1651 δὲ
3264 1601 3378 1663 τοῖς
3408 1600 3509 1670 τῆς
3536 1599 3730 1671 ψυχῆς

2135 1689 2381 1754 πάθεσιν,
2416 1682 2490 1742 ὧν
2539 1688 2944 1762 ἐπικρατοῦμεν
2977 1692 3043 1761 τῇ
3084 1691 3275 1762 ἀρετῇ,
3308 1689 3575 1762 λογισμός
3603 1693 3729 1745 ἐστι

2135 1784 2194 1837 τὸ
2216 1781 2492 1847 τακτικὸν,
2529 1782 3060 1856 ἐπισφραγιζόμενος
3105 1783 3429 1853 ἐγκράτειαν
3478 1782 3576 1836 καὶ
3612 1799 3728 1836 σω-

446 1870 734 1926 ordinandi
765 1869 1015 1926 scientia.
1049 1868 1125 1923 Ea
1158 1883 1289 1924 vero
1319 1883 1418 1939 pro
1444 1869 1644 1939 objecti
1678 1870 1764 1925 sui
1794 1869 2024 1924 diversi-

2134 1870 2404 1944 φροσύνην
2453 1870 2575 1942 μεθ’
2608 1848 2912 1942 ὁσιότητος,
2944 1872 3040 1924 καὶ
3085 1848 3285 1939 γνῶσιν
3335 1870 3547 1943 ἀγαθὴν
3597 1870 3728 1943 μετ’

445 1971 556 2017 tate
585 1962 735 2017 varia
771 1970 873 2016 est.
905 1960 1043 2016 Nam
1074 1976 1228 2016 arma
1258 1961 1481 2032 quidem
1510 1969 1565 2015 et
1594 1961 1861 2032 pugnacia
1903 1961 2024 2015 ani-

444 2055 632 2120 malia,
662 2068 765 2125 ope
795 2069 920 2108 cum
952 2055 1344 2120 animatorum,
1384 2063 1499 2108 tum
1533 2054 1703 2108 etiam
1750 2054 2028 2109 inanima-

445 2158 652 2213 torum,
688 2146 870 2200 anima
899 2158 953 2200 et
985 2161 1139 2200 mens
1170 2146 1417 2211 ordinat;
1454 2145 1651 2200 animae
1684 2154 1863 2200 autem
1896 2145 2028 2202 aﬁ‘e-

447 2249 591 2299 ctus.
645 2239 702 2293 in
735 2253 876 2309 quos
924 2253 1027 2309 ope
1073 2238 1291 2294 virtutis
1338 2237 1629 2307 imperium
1677 2238 2024 2304 obtinemus,

446 2332 668 2389 ordinat
697 2332 859 2398 ratio,
889 2340 949 2386 ut
968 2347 1090 2401 quae
1119 2332 1510 2386 continentiam
1534 2339 1587 2386 et
1609 2331 2024 2401 temperantiam

446 2435 573 2476 cum
604 2419 916 2485 sanctitate,
942 2428 997 2474 et
1025 2421 1223 2476 bonam
1249 2411 1616 2491 cognitionem
1648 2437 1775 2477 cum
1798 2422 2027 2477 veritate

446 2513 719 2585 obsignet,
752 2512 937 2568 omnia
957 2513 1176 2567 demum
1204 2513 1271 2568 ad
1298 2515 1554 2583 pietatem
1576 2512 1783 2586 Deique
1815 2515 2023 2570 cultum

445 2604 692 2661 referens
719 2623 733 2659 :
763 2605 845 2660 sic
875 2604 1022 2659 enim
1057 2604 1260 2661 virtute
1292 2605 1577 2661 utentibus
1601 2607 1891 2677 prudentia
1917 2616 2022 2675 est,

445 2686 570 2768 qua:
595 2712 684 2752 res
709 2697 963 2761 ordinat;
993 2712 1056 2753 ac
1082 2697 1296 2753 divinas
1330 2698 1577 2767 quidem,
1608 2699 1905 2769 sapientia;
1929 2700 2027 2754 hu-

444 2804 641 2846 manas
689 2804 839 2855 vero,
888 2790 1146 2860 politica;
1206 2791 1492 2847 universas
1541 2801 1746 2854 autem.
1795 2792 2020 2848 scientia

445 2881 730 2954 regnandi.
759 2880 873 2938 Rex
904 2882 1086 2953 itaque
1116 2886 1163 2939 is
1190 2894 1294 2951 est,
1320 2886 1412 2955 qui
1449 2885 1682 2955 imperat
1722 2886 2021 2941 secundum

443 2976 613 3048 leges,
636 2984 691 3032 et
712 2976 972 3047 praeditus
992 2985 1074 3032 est
1098 2977 1324 3033 scientia
1348 2979 1650 3048 imperandi
1677 2979 2020 3035 volentibus:

420 3068 753 3139 cuiusmodi
796 3077 883 3125 est
914 3068 1199 3137 Dominus,
1243 3071 1337 3140 qui
1366 3086 1483 3138 eos,
1530 3072 1625 3142 qui
1672 3073 1727 3126 in
1760 3073 1937 3143 ipsum
1968 3082 2023 3128 et

2121 1957 2406 2034 ἀληθείας,
2450 1962 2512 2014 τὸ
2555 1961 2711 2026 τέλος
2749 1964 2831 2026 είς
2866 1961 3155 2016 εὐσέϐειαν
3197 1963 3492 2035 ἀναφέρων
3544 1961 3724 2015 Θεοῦ·

2128 2054 2271 2108 οὕτω
2297 2054 2406 2127 γὰρ
2438 2057 2505 2127 τῇ
2541 2056 2710 2127 ἀρετῇ
2757 2056 3064 2126 χρωμένοις
3089 2056 3350 2129 φρόνησις
3384 2058 3417 2126 ἡ
3446 2055 3730 2111 τάς-τουτᾶ

2128 2150 2242 2202 ἐστι
2266 2166 2280 2178 ·
2314 2148 2384 2201 τὰ
2416 2148 2473 2201 δέ
2509 2147 2630 2202 θεῖα
2658 2150 2690 2219 ἡ
2724 2147 2914 2218 σοφία·
2952 2147 3022 2201 τὰ
3051 2148 3367 2221 ἀνθρώπεια
3394 2149 3453 2203 δὲ
3491 2151 3525 2220 ἠ
3567 2149 3727 2201 πολι-

2125 2244 2251 2310 τική
2269 2254 2284 2268 ·
2309 2237 2601 2310 σύμπαντα
2626 2238 2681 2292 δὲ
2714 2241 2748 2310 ἠ
2772 2238 3049 2311 βασιλική.
3075 2239 3339 2304 Βασιλεὺς
3360 2241 3543 2296 τοίνυν
3566 2240 3730 2295 ἐστὶν

2125 2333 2153 2384 ὀ
2172 2332 2355 2404 ἄρχων
2389 2330 2529 2385 κατὰ
2563 2331 2781 2403 νόμους,
2811 2332 2965 2404 ότὴν
2994 2331 3089 2385 τοῦ
3114 2332 3302 2403 ἄρχειν
3330 2332 3571 2387 ἑκόντων
3597 2335 3727 2386 ἐπι-

2131 2426 2231 2497 στή
2241 2440 2348 2495 μην
2372 2424 2510 2495 ἔχων
2527 2441 2539 2453 ·
2556 2417 2666 2487 οἷός
2683 2425 2870 2477 ἐστινό
2897 2423 3120 2495 Κύριος,
3155 2426 3282 2489 τοὺς
3307 2427 3387 2489 είς
3417 2425 3589 2480 αὑτὸν
3624 2427 3727 2480 καὶ

2125 2514 2193 2567 δι’
2235 2512 2398 2566 αὐτοῦ
2437 2512 2796 2577 πιστεύοντας
2836 2508 3165 2585 προῖέμένος
3199 2515 3329 2587 ('57).
3362 2516 3551 2570 Πάντα
3602 2517 3725 2590 (58)

2124 2604 2234 2677 γάρ
2263 2602 2577 2675 παρέδωκεν
2607 2606 2637 2657 ὁ
2667 2602 2819 2667 Θεὸς,
2852 2605 2944 2657 καὶ
2976 2603 3151 2658 πάντα
3183 2605 3414 2673 ὑπέταξε
3460 2607 3725 2679 Χριστῷ,

2122 2699 2203 2773 τῷ
2236 2699 2445 2771 βασιλεί
2476 2698 2662 2771 ἡμῶν·
2706 2717 2724 2749 ι
2760 2699 2846 2751 ῖνα
2881 2701 2939 2752 ἐν
2984 2699 3063 2772 τῷ
3098 2701 3323 2773 ὀνόματι
3369 2701 3544 2773 Ἰησοῦ
3603 2705 3727 2757 πᾶν

2114 2792 2253 2861 ,γόνυ
2276 2789 2489 2864 κάμψῃ,
2514 2788 2867 2861 ἐπουρανίων,
2887 2790 2981 2843 καὶ
3006 2791 3284 2860 ἐπιγείων,
3313 2792 3404 2846 καὶ
3432 2794 3729 2865 καταχθο-

2124 2884 2279 2939 νίων·
2315 2883 2412 2938 καὶ
2441 2879 2591 2936 πᾶσα
2618 2880 2839 2951 γλῶσσα
2866 2880 3352 2955 ἐξομολογήσηται,
3384 2885 3466 2938 δτι
3496 2886 3729 2958 Κύριος

2136 2976 2341 3048 Ἰησοῦς
2370 2974 2604 3048 Χριστὸς
2628 2976 2709 3038 είς
2740 2972 2900 3039 δόξαν
2931 2974 3065 3028 Θεοῦ
3101 2977 3331 3049 Πατρός.
3362 2996 3382 3029 ι
3426 2977 3628 3042 ’ἰδέαις
3661 2980 3729 3033 δὲ

2124 3073 2365 3145 ἐνέχεται
2397 3071 2456 3124 τὸ
2483 3070 2850 3143 στρατήγημα
2880 3069 3078 3143 τρισὶν,
3110 3070 3360 3139 ἀσφαλεῖ,
3386 3071 3724 3145 παραϐόλῳ,

441 3175 542 3232 per
581 3160 763 3230 ipsum
811 3162 1065 3227 credunt,
1099 3162 1361 3218 admittit.
1393 3161 1589 3219 Omnia
1621 3165 1765 3219 enim
1798 3166 2020 3220 tradidit

2127 3168 2219 3222 καὶ
2253 3164 2330 3236 τῷ
2358 3166 2422 3218 ἐκ
2454 3163 2657 3217 τούτων
2692 3161 2868 3234 μικτῷ
2886 3180 2900 3193 ·
2937 3161 3240 3217 συντίθεται
3268 3163 3324 3218 δέ
3351 3163 3555 3217 τούτων
3580 3165 3730 3220 ἓκαο

444 3248 610 3317 Deus,
639 3260 693 3305 et
715 3250 900 3305 omnia
929 3248 1153 3305 Christo
1197 3251 1430 3320 subjecit
1488 3251 1601 3321 regi
1646 3259 1866 3316 nostro,
1904 3269 1923 3303 ι
1964 3260 2021 3305 ιιι

2127 3278 2246 3319 στον
2280 3263 2343 3314 ἐκ
2376 3257 2562 3329 τριῶν,
2596 3259 2629 3329 ἢ
2666 3257 2754 3311 διά
2804 3255 2986 3325 λόγου,
3022 3257 3056 3328 ἢ
3101 3257 3167 3310 δι’
3202 3256 3396 3331 ἔργων,
3428 3257 3464 3330 ἥ
3497 3259 3605 3312 καὶ
3641 3260 3729 3313 δι’

445 3343 503 3396 in
551 3342 773 3397 nomine
808 3340 949 3397 Jesu
996 3358 1161 3398 omne
1189 3359 1329 3412 genu
1356 3343 1627 3409 ﬂectatur,
1672 3344 1978 3399 caelestium
2001 3386 2016 3411 ,

445 3434 809 3498 terrestrium,
846 3444 903 3489 et
931 3433 1301 3500 infernorum;
1337 3445 1391 3490 et
1427 3437 1607 3493 omnis
1637 3437 1824 3510 lingua
1848 3438 2020 3493 conti-

446 3535 662 3591 teatur,
718 3525 869 3597 quod
914 3524 1184 3581 Dominus
1228 3525 1390 3582 Jesus
1443 3526 1702 3584 Christus
1774 3526 1830 3582 in
1903 3529 2017 3599 glo-

445 3616 586 3671 riam
630 3615 725 3671 Dei
768 3615 947 3671 Patris
981 3629 1032 3673 ι.
1084 3636 1103 3670 ι
1139 3623 1242 3674 Ars
1290 3634 1457 3688 porro
1508 3620 1860 3690 imperatoria
1905 3623 2008 3678 tri-

446 3710 552 3763 bus
573 3708 886 3764 continetur
909 3708 1229 3778 speciebus:
1256 3711 1530 3777 cautione,
1557 3713 1808 3779 audacia,
1832 3723 1885 3768 et
1910 3723 2019 3769 ter-

447 3801 543 3866 tia,
582 3816 703 3871 qua:
728 3817 793 3856 ex
831 3801 1077 3871 utrisque
1118 3803 1281 3857 mista
1312 3813 1413 3859 est.
1447 3802 1800 3875 Unaquaeque
1836 3815 2016 3861 autem

445 3908 634 3947 earum
666 3892 1014 3963 componitur
1038 3909 1104 3948 ex
1137 3894 1336 3961 tribus,
1374 3910 1426 3950 et
1459 3896 1542 3967 ve;
1578 3912 1671 3966 per
1693 3899 2017 3965 orationem,

446 3987 526 4041 vel
559 4002 653 4056 per
680 3986 849 4051 facta,
885 3986 966 4040 vel
994 4002 1090 4056 per
1119 3997 1350 4059 utraque
1372 3989 1538 4043 simul
1564 4001 1871 4046 exercetur.
1898 3989 2023 4044 Haec

444 4090 625 4135 autem
656 4081 839 4134 omnia
883 4079 1066 4135 licebit
1097 4082 1328 4148 ellieere,
1374 4083 1455 4137 vel
1486 4085 1898 4161 persuadendo,
1937 4086 2020 4139 vtl

446 4174 714 4244 cogendo,
746 4174 827 4228 vel
859 4174 1059 4244 injuria
1108 4174 1414 4239 adiciendo,
1447 4191 1586 4245 quos
1618 4177 1807 4232 ulcisci
1850 4192 2014 4246 expe—

444 4265 552 4331 dit;
585 4272 642 4319 et
671 4264 810 4329 haec,
855 4265 949 4319 vel
986 4264 1238 4321 faciendo
1268 4266 1321 4320 id
1352 4266 1496 4336 quod
1528 4267 1741 4337 justum
1775 4276 1890 4336 est;
1937 4271 2020 4324 vel

377 4372 385 4381 ’
445 4357 785 4423 mentiendo,
817 4358 902 4412 vel
932 4373 1060 4413 vera
1086 4359 1351 4425 dicendo;
1385 4359 1472 4414 vel
1508 4359 1673 4415 etiam
1707 4361 1902 4416 harum
1928 4377 2020 4416 ar-

447 4447 583 4502 tium
616 4448 877 4517 pluribus
922 4450 1397 4521 eodemtempore
1422 4455 1642 4509 utendo.
1677 4452 1805 4511 Haec
1837 4463 2018 4510 autem

2125 3354 2447 3427 ἀμφοτέρων
2489 3351 2606 3422 ἅμα
2641 3349 2866 3404 τούτων.
2915 3349 3103 3404 Ταῦτα
3146 3349 3202 3403 δὲ
3240 3350 3466 3423 ὑπάρξει
3514 3353 3731 3409 πάντα.

2125 3445 2413 3508 ἐπιτελεῖν,
2438 3444 2471 3514 ἢ
2502 3442 2803 3506 πείθοντας,
2832 3442 2866 3513 ἢ
2895 3439 3268 3512 βιαζομένους,
3293 3443 3325 3514 ἢ
3354 3441 3730 3513 ἀδικοῦντας,

2124 3542 2182 3592 ὲν
2232 3534 2308 3608 τῷ
2357 3532 2696 3605 ἀμύνασθαι,
2744 3525 2825 3594 οἷς
2860 3530 3278 3603 ἐμπεριέχεται·
3327 3533 3371 3603 ἦν
3408 3533 3473 3587 τά
3510 3533 3727 3592 δίκαια

2124 3628 2434 3690 ποιοῦντας,
2464 3625 2496 3697 ἢ
2519 3623 2905 3695 ψευδομένους,
2938 3621 2972 3693 ἢ
2996 3621 3378 3694 ἀληθεύοντας,
3399 3624 3432 3696 ἢ
3458 3624 3553 3678 καὶ
3578 3628 3727 3680 τού-

2121 3738 2229 3774 των
2280 3718 2394 3790 άμα
2441 3717 2554 3771 τισλ⁵
2606 3716 2928 3787 χρωμένους
2964 3715 3106 3770 κατὰ
3147 3716 3238 3769 τὸν
3280 3712 3440 3770 αὐτὸν
3481 3719 3721 3792 καιρόν.

2123 3812 2308 3867 Ταῦτα
2335 3812 2391 3865 δὲ
2429 3810 2738 3883 σύμπαντα,
2773 3811 2867 3862 καὶ
2896 3807 2955 3862 τὸ
2989 3806 3105 3871 πῶς
3134 3808 3215 3861 δεῖ
3243 3809 3473 3882 χρῆσθαι
3491 3810 3725 3867 τούτων

2124 3904 2357 3975 ἑκάστῳ,
2388 3902 2538 3976 παρὰ
2568 3903 2847 3969 Μωῦσέως
2882 3903 3728 3976 λαϐόντεςιἝλληνες,ὼφέλην-ι

2122 4015 2227 4050 ται.
2252 3996 2433 4053 Τύπου
2460 3995 2517 4048 δὲ
2540 3994 2745 4062 ἕνεκεν,
2772 3997 2889 4060 ἐνὸς
2916 3997 3064 4067 ἢκαὶ
3089 3995 3339 4069 δευτέρου
3361 3996 3727 4069 summo-61%.-

2126 4106 2288 4158 σομαι
2308 4086 2744 4159 παραδείγματος
2761 4087 3149 4160 στρατηγικοῦ.
3175 4087 3428 4159 Μωῦσῆς,
3446 4088 3540 4140 τὸν
3568 4087 3729 4143 λαὸν

2126 4181 2427 4252 ἐξαγαγὼν,
2464 4179 2806 4244 ὑποπτεύσας
2841 4181 3146 4248 ἐπιδιώξειν
3190 4183 3314 4244 τοὺς
3344 4182 3727 4248 Αἰγυπτίους.

2122 4276 2220 4346 τὴν
2267 4273 2453 4345 ὀλίγην
2496 4274 2589 4327 καὶ
2640 4273 2899 4344 σύντομον
2949 4273 3230 4327 ἀπολιπὼν
3279 4272 3419 4337 ὁδὸν,
3463 4274 3556 4326 ἐπὶ
3606 4276 3731 4347 τὴν

2124 4354 2329 4439 ἔρημον
2374 4367 2664 4440 ἐτρέπετο·
2701 4367 2798 4418 καὶ
2828 4365 3045 4438 νύκτωρ
3088 4366 3156 4419 τὰ
3191 4366 3357 4421 πολλά
3388 4369 3450 4438 τῇ
3500 4369 3731 4441 πορείᾳ

2124 4458 2413 4532 ἐκέχρητο,
2458 4459 2649 4531 Ἑτέρα
2686 4458 2795 4530 γὰρ
2824 4454 2892 4530 ἦν
2925 4459 3241 4530 οἰκονομία,
3280 4456 3401 4512 καθ’
3433 4458 3501 4529 ἣν
3540 4461 3729 4515 ἐπαι-

444 4540 653 4605 omnia,
678 4548 732 4594 et
753 4541 1030 4610 quomodo
1058 4552 1308 4611 oporteat
1339 4543 1419 4598 uti
1448 4560 1785 4616 unoquoque
1805 4560 2019 4614 eorum,

2127 4551 2341 4604 δεύοντο
2395 4550 2662 4622 Ἑϐραῖοι,
2711 4550 2777 4603 δι’
2826 4550 3063 4621 ἐρημίας
3109 4549 3310 4621 πολλῆς
3359 4550 3448 4604 καὶ
3501 4552 3733 4622 χρόνον

445 4643 570 4701 cum
590 4626 773 4684 Graeci
794 4631 1156 4700 accepissent
1185 4647 1217 4687 a
1243 4631 1446 4705 Moyse,
1477 4649 1587 4690 non
1612 4651 1837 4707 parvam
1864 4653 2022 4693 acce-

443 4735 574 4792 pere
599 4721 910 4777 utilitatem.
943 4721 1109 4779 Verbi
1130 4736 1313 4779 autem
1347 4728 1545 4799 gratia,
1572 4730 1738 4789 unius
1763 4740 1860 4787 aut
1888 4733 2021 4788 alte.

446 4813 563 4868 rius
591 4806 932 4882 imperatorii
976 4815 1208 4886 exempli
1239 4820 1562 4876 meminero.
1607 4820 1852 4897 Moyses,
1894 4839 2021 4880 cum

445 4903 707 4977 populum
734 4903 1034 4971 eduxisset,
1068 4907 1375 4976 suspicatus
1396 4908 1516 4967 fore
1543 4921 1604 4967 ut
1628 4929 2022 4986 persequeren-

446 5003 535 5050 tur
565 4993 835 5067 Egyptii,
866 4995 1019 5075 brevi
1049 5005 1105 5052 et
1128 5000 1517 5070 compendiosa
1542 5004 1629 5059 via
1665 5005 1873 5071 relicta,
1897 5021 2026 5061 con-

444 5102 639 5143 versus
668 5096 754 5145 est
784 5087 838 5143 in
867 5087 1240 5155 solitudinem,
1272 5102 1327 5147 et
1356 5095 1598 5151 maxima
1630 5112 1698 5152 ex
1738 5106 1894 5167 parte
1920 5099 2025 5153 iter

444 5190 610 5236 noctu
639 5180 891 5239 faciebat.
920 5180 1057 5238 Nam
1087 5183 1238 5254 quod
1265 5183 1478 5243 Hebraei
1502 5188 1766 5245 diuturno
1795 5205 1893 5260 per
1933 5188 2025 5260 in-

445 5279 663 5341 gentem
711 5273 1062 5329 solitudinem
1096 5276 1332 5331 transitu
1367 5278 1436 5333 ad
1479 5294 1650 5334 unum
1695 5278 1866 5334 Deum
1899 5294 2022 5336 ore.

446 5364 685 5421 dendum
713 5366 1084 5435 erudirentur,
1115 5377 1171 5453 et
1202 5368 1269 5423 ad
1309 5370 1632 5438 prudentem
1674 5372 2024 5429 tolerantiam

518 5510 576 5569 ὢ
642 5503 706 5559 Ρ.
755 5505 861 5561 417
914 5503 1024 5560 ED.
1083 5506 1392 5573 POTTER,
1460 5507 1565 5564 547
1614 5508 1725 5567 ED.
1794 5507 2018 5570 PARIS.

512 5640 626 5716 (ὅθ)
666 5639 743 5716 Τὸ
761 5641 880 5711 μὲν
908 5641 1160 5716 gp._llan_e
1182 5643 1504 5716 sententiam
1530 5645 1740 5716 priores
1761 5645 2024 5707 editiones

440 5710 532 5791 sic.
556 5710 1048 5791 distinguuntth
1080 5714 1181 5787 μὲν
1222 5710 1719 5786 φιλόνεικον’μόνον
1751 5717 1899 5771 ἐστὶν
1932 5719 2026 5771 αὖ,

442 5780 555 5852 τοῦ,
573 5780 682 5852 εοῦ
707 5780 932 5852 κρατεῖν
956 5782 1037 5839 ἐν.

506 5849 626 5920 (57)
654 5849 1029 5923 Πρὸῑέμεγος.
1056 5853 1487 5915 Convenientius
1522 5857 1904 5934 προσιέμενος,
1928 5859 2023 5923 qd-

2128 4640 2360 4712 μακροῦ,
2401 4643 2484 4704 εἰς
2535 4641 2695 4710 μόνον
2729 4639 2789 4693 τὸ
2827 4638 3104 4694 πιστεύειν
3145 4641 3236 4694 τὸν
3276 4641 3407 4694 Θεὸν
3436 4634 3604 4707 εἶναι,
3642 4644 3731 4698 δι’

2124 4731 2398 4803 ὑπομονῆς
2432 4729 2732 4801 ἐθιζόμενοι
2768 4728 3059 4803 σώφρονος.
3091 4731 3165 4784 Τὸ
3178 4730 3310 4815 γοῦν
3338 4733 3733 4806 στρατήγημα

2124 4821 2217 4882 τοῦ
2241 4823 2518 4887 Μωῦσέως
2532 4821 2771 4875 διδάσκει
2793 4822 2898 4894 πρὸ
2913 4820 3021 4875 τῶν
3045 4822 3305 4876 κινδύνων
3333 4822 3439 4876 δεῖν
3462 4822 3534 4878 τά
3562 4828 3734 4898 χρή-

2127 4930 2261 4985 σιμα
2285 4912 2532 4975 συνιδεῖν,
2568 4912 2662 4966 καὶ
2688 4912 2861 4975 οὕτως
2887 4913 3185 4969 ἐπιϐαλεῖν.
3235 4914 3448 4987 Ἀμέλει
3472 4916 3729 4986 γέγονεν

2125 5005 2261 5077 ὅπερ
2291 5004 2385 5062 καὶ
2421 5003 2806 5058 ὑπώπτευσεν·
2845 5003 3139 5070 ἐπεδίωξαν
3170 5005 3276 5079 γάρ
3314 5006 3362 5059 οῖ
3412 5005 3723 5075 Αἰγύπτιοι

2127 5098 2210 5167 ἐφ’
2233 5097 2412 5152 ἵππων
2439 5096 2532 5151 καὶ
2557 5096 2878 5168 ὀχημάτων·
2913 5096 3023 5150 ἀλλ’
3047 5096 3324 5151 ἀπώλοντο
3355 5097 3569 5164 θᾶττον,
3606 5103 3727 5172 ῥα..
3762 5164 3775 5171 .

2126 5189 2316 5260 γείσης
2355 5189 2457 5259 τῆς
2497 5187 2794 5259 θαλάσσης,
2843 5190 2939 5244 καὶ
2972 5190 3070 5242 σὺν
3102 5190 3290 5253 ἵπποις
3323 5190 3415 5245 καὶ
3457 5186 3724 5264 ἅρμασιν

2125 5282 2322 5345 αὐτοὺς
2346 5280 2787 5352 κατακλυσάσης,
2821 5280 2897 5344 ὡς
2928 5276 3065 5352 μηδὲ
3098 5280 3348 5351 λείψανον
3370 5282 3551 5336 αὐτῶν
3567 5285 3719 5340 ἀπο-

2126 5371 2427 5443 λειφθῆναι.
2476 5370 2629 5428 Μετὰ
2672 5370 2727 5426 δὲ
2764 5369 2937 5427 ταῦτα
2976 5368 3160 5435 στύλος
3208 5370 3381 5443 πυρὸς
3434 5371 3719 5445 ἑπόμενος

2128 5512 2373 5584 ιΡΙιίιίιι.
2412 5529 2471 5580 ιι,
2505 5511 2591 5577 10,
2624 5511 2710 5567 Η.

2127 5647 2361 5717 mittens,
2409 5645 2664 5717 inquith
2697 5641 2976 5717 Sylburg.,
3011 5644 3227 5717 Lowth_.

2199 5715 2312 5783 ('58)
2346 5713 2566 5771 Πάντα.
2618 5713 2859 5783 Respicit
2892 5713 3025 5771 Luc.
3061 5731 3095 5769 ι
3119 5756 3134 5783 ,
3187 5713 3258 5769 22
3292 5732 3305 5769 :
3354 5713 3548 5770 Πάντα

2126 5785 2400 5872 παρεδόθη
2432 5786 2537 5872 ὑπὸ
2563 5784 2680 5872 τοῦ,
2697 5784 2909 5872 Πατρός
2962 5801 3094 5870 μου·
3121 5794 3184 5872 ,ει
3228 5784 3247 5838 1
3280 5784 3429 5872 (ξονι
3445 5802 3540 5853 xv,
3568 5784 3643 5844 27
3689 5806 3708 5843 :

2126 5855 2311 5919 Πάντα
2340 5855 2450 5935 γὰρ
2476 5855 2741 5925 ὑπέταξεν
2773 5855 2880 5911 ὑπὸ
2911 5857 3034 5921 τοὺς
3068 5857 3234 5920 πόδας
3264 5855 3452 5912 αὑτοῦ.

3018 5950 3038 5979 λι
3223 5947 3236 5979 ζ
3403 5951 3425 5968 ν

2438 6148 2461 6209 ι
