3970 6568
296 334 402 407 an

1644 339 2082 398 STROMATUM
2110 339 2238 395 ιιι.
2273 341 2315 395 1.

3451 335 3555 393 918

293 451 515 523 ἀγαθός,
542 456 671 526 μιᾶς
693 457 790 529 τῆς
821 458 1041 529 ἀγέλης,
1073 479 1091 511 ι
1113 460 1222 514 τῶν
1244 461 1408 516 αὑτοῦ
1432 463 1728 517 ὲπαῖόντων
1748 481 1848 536 προ

1979 463 2203 533 gislator
2228 480 2243 517 :
2273 470 2329 517 et
2373 428 2619 530 eiusdem
2673 459 2874 531 gregis,
2906 473 3099 531 nempe
3137 477 3157 510 ι
3186 473 3399 527 earum,
3431 476 3553 531 quae

284 544 490 615 βάτων,
519 566 538 600 ι
567 548 596 601 6
638 543 721 613 εἷς
758 550 1030 624 κηδεμὼν,
1070 572 1089 605 ι
1110 553 1140 605 6
1183 554 1249 607 τὸ
1291 555 1567 620 ἀπολωλὸς
1596 557 1869 630 ἐπιζητῶν

290 653 344 690 τε
372 656 393 688 ι
430 639 525 693 καὶ
571 639 858 711 εὑρίσκων,
909 644 1058 716 νόμῳ
1105 647 1199 700 καὶ
1244 645 1418 718 λόγῳ·
1461 648 1514 700 εἴ
1547 665 1610 717 γε
1647 650 1676 703 6
1704 650 1868 721 νόμος

287 732 675 801 πνευματικὸς,
702 735 795 787 καὶ
832 736 925 789 ἐπὶ
954 736 1052 808 τὴν
1080 739 1425 811 εὐδαιμονίαν
1455 739 1635 809 ἄγων·
1684 743 1715 795 6
1758 740 1866 814 γάρ

288 822 567 895 Πνεύματι
591 824 731 897 ἁγίῳ
752 828 1060 899 γενόμενος,
1080 829 1640 903 πνευματικόςυῦως
1661 834 1718 888 δὲ
1739 837 1768 888 6
1788 835 1866 906 τῷ

285 914 402 969 δντι
434 913 748 989 νομοθέτης,
782 920 843 984 ὃς
879 923 939 976 ού
975 924 1137 994 μόνον
1167 925 1553 995 ἐπαγγέλλεται
1585 927 1652 981 τά
1687 928 1867 997 ἀγαθά

284 1025 343 1063 τε
362 1010 463 1077 ,καὶ
485 1012 648 1077 καλὰ,
674 1012 809 1067 ἀλλά
832 1016 926 1069 καὶ
950 1017 1260 1072 ἐπίσταται.
1286 1018 1490 1073 Τούτου
1515 1022 1609 1074 καὶ
1627 1022 1658 1074 6
1677 1022 1862 1093 νόμος,

282 1101 379 1155 τοῦ
409 1101 508 1174 τὴν
539 1105 849 1177 ἐπιστήμην
874 1106 1108 1178 ἔχοντος,
1134 1110 1196 1164 τὸ
1225 1112 1489 1183 σωτήριον
1515 1113 1859 1184 πρόσταγμαο

283 1193 486 1265 μᾶλλον
508 1194 564 1249 δὲ
590 1197 902 1269 ἐπιστήμης
926 1199 1252 1272 πρόσταγμα
1276 1204 1304 1255 6
1326 1203 1514 1275 νόμος*
1546 1204 1815 1276 «Δύναμις
1838 1225 1857 1257 ι

279 1283 392 1356 γὰρ
422 1304 442 1338 ι
466 1287 558 1340 καὶ
590 1288 752 1357 σοφία
778 1309 797 1341 ι
830 1292 859 1345 6
891 1291 1063 1360 Λόγος
1095 1312 1116 1345 ι
1140 1294 1233 1348 τοῦ
1256 1295 1411 1350 Θεοῦ.
1440 1315 1458 1347 ι
1488 1296 1685 1367 Νόμων
1706 1314 1765 1351 τε
1793 1294 1860 1351 αὖ

276 1375 555 1450 ἐξηγητὴς
594 1373 748 1445 οὗτος
777 1381 958 1447 αὐτὸς,
990 1383 1056 1437 δι’
1078 1378 1141 1439 οὗ
1171 1388 1201 1439 6
1245 1386 1405 1459 νόμος
1435 1388 1588 1461 ἐδόθη
1610 1406 1624 1419 ⁸
1652 1390 1681 1443 6
1711 1391 1861 1462 πρῶ-

275 1487 373 1535 τος
399 1471 672 1543 ἐξηγητὴς
695 1473 803 1527 τῶν
835 1473 994 1529 θείων
1018 1480 1474 1550 προσταγμάτων,
1497 1482 1525 1534 6
1543 1481 1634 1535 τὸν
1663 1483 1861 1537 κόλπον

273 1562 373 1617 τοῦ
403 1564 616 1636 Πατρός
644 1564 1028 1638 ἐξηγούμενος,
1063 1568 1190 1633 Υἱὸς
1224 1575 1781 1644 μονογενής.¹Ἐπειτα
1811 1578 1858 1630 οί

274 1654 379 1724 μὲν
407 1653 717 1724 πειθόμενοι
739 1654 819 1727 τῷ
844 1656 1015 1728 νόμῳ,
1040 1657 1118 1731 τῷ
1142 1675 1202 1713 τε
1225 1659 1427 1728 γνῶσιν
1450 1663 1596 1734 ἔχειν
1624 1665 1747 1719 τινὰ
1764 1666 1858 1741 αύ-

270 1745 391 1810 τοῦ,
414 1744 525 1801 οὔτ’
541 1748 811 1813 ἀπιστεῖν,
827 1747 940 1802 οὔτ’
956 1751 1172 1817 ἀγνοεῖν
1195 1752 1555 1826 δύνανταιτὴν
1569 1755 1824 1828 ἀλήθειαν
1840 1776 1853 1790 ·

1978 555 2156 622 ipsum
2208 551 2458 617 audiunt,
2485 551 2770 615 ovium-,i
2809 565 2952 605 unus
2985 559 3070 607 est
3093 558 3334 617 curator,
3358 564 3552 621 nempe

1978 643 2046 709 is,
2092 646 2187 714 qui
2238 662 2254 694 ι
2289 642 2556 714 perditam
2588 649 2642 697 et
2665 641 2902 712 quaeritb
2935 659 2955 694 ι
2992 649 3044 697 et
3075 642 3303 710 invenit,
3345 641 3463 712 lege
3497 647 3553 697 et

1974 736 2189 810 ratione
2225 754 2240 791 :
2283 734 2552 805 siquidem
2609 733 2696 788 lex
2741 741 2827 788 est
2872 732 3166 802 spiritalis,
3220 743 3275 788 et
3317 748 3439 803 qua:
3482 733 3551 789 ad

1975 827 2147 897 ipsam
2181 828 2333 884 ducit
2361 826 2775 882 beatitudinem.
2804 823 2936 891 Quae
2958 824 3103 879 enim
3135 822 3337 894 Spiritu
3359 832 3551 880 sancto

1973 919 2115 976 facta
2142 929 2248 988 est,
2270 930 2362 976 ‘est
2391 918 2675 991 spiritalis.
2705 917 2756 999 l_s
2787 927 2968 973 autem
3004 926 3086 972 est
3114 922 3302 973 re'vera
3334 918 3552 990 legisla-

1971 1020 2082 1078 tor,
2113 1013 2207 1084 qui
2240 1028 2349 1068 non
2381 1013 2560 1068 solum
2590 1012 2733 1067 bona
2766 1019 2821 1066 et
2849 1011 3081 1066 honesta
3114 1009 3422 1080 profitetur,
3452 1011 3549 1066 sed

1970 1106 2076 1162 scit
2107 1105 2293 1163 etiam.
2331 1104 2396 1160 Et
2449 1105 2535 1161 lex
2585 1111 2670 1160 est
2714 1103 2857 1174 ejus,
2888 1104 2981 1173 qui
3027 1102 3311 1158 scientiam
3363 1101 3545 1169 habet,

1964 1181 2180 1266 jussum
2215 1192 2485 1264 salutare;
2517 1196 2602 1250 vel
2634 1196 2837 1265 potius,
2879 1196 2965 1251 lex
2998 1206 3082 1252 est
3110 1195 3329 1265 iussum
3368 1193 3549 1250 scien-

1971 1287 2079 1341 tiae.
2121 1306 2141 1336 ‹
2172 1284 2420 1342 Potentia
2460 1305 2476 1339 ι
2509 1288 2655 1342 enim
2686 1297 2770 1343 «et
2792 1288 3089 1358 sapientiai
3117 1296 3200 1343 est
3222 1287 3338 1357 ipse
3369 1285 3548 1357 Logos

1973 1376 2099 1433 «Dei
2120 1388 2201 1432 ο.»
2222 1377 2286 1432 Et
2314 1378 2405 1435 hic
2434 1379 2552 1449 ipse
2581 1396 2776 1436 rursus
2808 1389 2894 1437 est
2921 1380 3099 1452 legum
3127 1380 3418 1450 interpres,
3448 1393 3545 1449 per

1972 1474 2030 1533 >14
2063 1484 2228 1538 quem
2281 1469 2367 1525 lex
2417 1471 2544 1526 data
2591 1479 2710 1539 est;
2749 1472 2841 1542 qui
2889 1480 2973 1526 est
3009 1471 3220 1542 primus
3261 1469 3545 1541 expositor

1964 1561 2276 1616 divinorum
2311 1570 2726 1634 praeceptorum,
2762 1563 2857 1634 qui
2906 1563 3088 1619 sinum
3141 1562 3321 1618 Patris
3367 1562 3542 1632 aperit

1964 1670 2030 1709 ae
2061 1656 2305 1726 exponit,
2342 1655 2516 1714 Filius
2550 1658 2884 1728 unigenitus.
2914 1656 3119 1712 Deinde
3159 1656 3253 1727 qui
3289 1655 3389 1726 legi
3418 1655 3543 1726 quia

1963 1747 2084 1802 dem
2115 1757 2328 1819 parent,
2359 1749 2506 1820 quod
2532 1749 2769 1804 habeant
2816 1750 3058 1820 aliquam
3107 1748 3225 1818 ejus
3265 1747 3538 1818 cognitio-

268 1838 322 1890 οἱ
351 1837 410 1892 δὲ
435 1837 807 1903 ἀπιστοῦντες,
832 1839 1032 1911 ἥκιστά
1061 1858 1122 1894 τε
1155 1843 1214 1896 ὲν
1245 1847 1359 1907 τοῖς
1388 1844 1572 1917 ἔργοις
1600 1842 1739 1902 εἶναι
1771 1848 1848 1919 βε-

1964 1856 2110 1907 nem,
2137 1856 2315 1912 neque
2340 1851 2572 1912 possunt
2606 1857 2713 1897 non
2743 1841 2987 1907 credere,
3022 1856 3124 1896 nec
3156 1840 3413 1911 ignorare
3443 1855 3538 1895 ve-

268 1927 437 2001 σουλη
446 1929 616 2000 μένοι,
651 1930 806 2003 ειπερ
828 1932 971 1997 τινὲς
994 1931 1171 1997 ἄλλοι,
1190 1935 1284 1987 καὶ
1305 1929 1452 1991 οὗτοι
1488 1938 1700 2007 ἀγνοεῖν
1728 1943 1856 2011 ὀμο-

264 2019 553 2091 λογοῦνται
597 2022 695 2095 τὴν
739 2022 1014 2096 ἀλήθειαν.
1041 2026 1137 2091 Τίς
1180 2025 1358 2081 τοίνυν
1400 2030 1434 2100 ἡ
1475 2030 1702 2085 ἀπιστία
1744 2034 1855 2088 τῶν

276 2116 583 2187 Ἑλλήνωνς
628 2120 720 2189 Μή
754 2136 830 2190 πη
861 2118 1117 2189 βούλεσθε
1145 2120 1259 2194 (60)
1302 2121 1587 2177 πείθεσθαι
1623 2127 1688 2196 τῇ
1722 2124 1855 2198 ἀλη-

260 2207 410 2281 θεία,
466 2209 749 2284 φασκούσῃ
799 2210 980 2266 θεόθεν
1031 2211 1121 2267 διὰ
1161 2214 1439 2278 Μωῦσέως
1481 2215 1724 2270 δεδόσθαι
1763 2218 1853 2272 τὸν

257 2294 451 2370 νόμον,
485 2301 645 2355 ὁπότε
673 2318 736 2370 γε
780 2304 873 2356 καὶ
903 2304 1054 2358 αὐτοὶ
1080 2305 1144 2358 ὲκ
1165 2304 1274 2359 τῶν
1299 2305 1452 2377 παρά
1478 2308 1627 2377 σφίσι
1649 2310 1850 2380 τιμῶσι

256 2396 440 2467 Μωσῆ
469 2395 601 2467 (61);
653 2396 746 2450 τόν
768 2415 828 2451 τε
854 2398 1012 2452 Μίνω
1042 2398 1194 2470 παρά
1214 2398 1336 2463 Διὸς
1364 2399 1431 2452 δι’
1454 2401 1675 2457 ὲννάτου
1698 2402 1850 2468 ἔτους

255 2487 563 2558 λαμϐάνειν
594 2486 731 2554 τοὺς
747 2489 946 2561 νόμους
972 2490 1263 2562 ἱστοροῦσι,
1289 2493 1557 2562 φοιτῶντα
1573 2496 1652 2556 είς
1669 2495 1729 2548 τὸ
1753 2495 1849 2548 τοῦ

254 2578 388 2643 Διὸς
417 2580 609 2652 ἄντρον
629 2597 644 2611 ·
678 2581 769 2634 τόν
793 2598 851 2635 τε
877 2577 943 2634 αὖ
968 2581 1282 2654 Λυκοῦργον
1306 2582 1378 2637 τά
1399 2585 1741 2655 νομοθετικά,
1766 2588 1847 2652 είς

253 2669 502 2740 Δελφοὺς
535 2672 672 2744 πρὸς
702 2673 793 2726 τὸν
841 2672 1149 2728 Ἀπόλλωνα
1183 2675 1404 2745 συνεχὲς
1432 2677 1683 2745 ἀπιόντα,
1720 2695 1849 2732 παι-

251 2762 512 2818 δεύεσθαι
543 2765 815 2835 γράφουσι
846 2764 1071 2818 Πλάτων
1094 2783 1176 2829 τε,
1198 2767 1292 2820 καὶ
1330 2767 1725 2843 Ἀριστοτέλης,
1753 2772 1846 2825 καὶ

253 2856 531 2926 Ἔφορος·
569 2854 892 2926 Χαμαιλέων
916 2874 976 2909 τε
1012 2858 1041 2910 6
1077 2858 1460 2933 Ἠρακλειίηης
1501 2865 1559 2916 ἐν
1590 2862 1669 2935 τῷ
1702 2865 1843 2932 Περὶ

249 2948 468 3018 μέθης,
508 2949 604 3003 καὶ
646 2950 1024 3022 Ἀριστοτέλης
1063 2952 1121 3004 ὲν
1159 2955 1224 3024 τῇ
1265 2953 1509 3022 Λοκρῶν
1552 2957 1841 3023 πολιτείᾳ,

248 3040 530 3095 Ζάλευκον
553 3038 665 3111 (62)
686 3041 775 3095 τὸν
803 3042 1010 3120 Λοκρὸν
1041 3042 1191 3115 παρὰ
1219 3043 1321 3115 τῆς
1352 3044 1580 3119 Ἀθηνᾶς
1608 3048 1732 3112 τοὺς
1755 3049 1843 3102 νό-

251 3151 398 3205 μους
429 3132 724 3205 λαμὸἀνειν
756 3136 1313 3206 ἀπομνημονεύουσιν.
1348 3139 1411 3191 Ol
1444 3138 1521 3203 δὲ,
1548 3139 1609 3192 τὸ
1631 3140 1844 3208 ἀξιόπι-

250 3240 389 3277 στον
410 3224 509 3295 τῆς
544 3222 910 3296 παρ’Ἔλλησι
938 3222 1278 3295 νομοθεσίας,
1303 3225 1379 3289 ὡς
1404 3223 1517 3280 οἶόν
1544 3243 1604 3281 τε
1636 3229 1837 3293 αὐτοῖς,

1963 1933 2200 1989 ritatem.
2230 1932 2333 2001 Qui
2367 1944 2548 1988 autem
2581 1949 2689 1989 non
2730 1934 2980 2000 credunt,
3011 1941 3066 1988 et
3105 1932 3239 2003 legis
3279 1931 3538 2001 operibus

1961 2025 2187 2080 minime
2218 2036 2434 2093 vacant,
2471 2026 2507 2080 ii
2539 2040 2777 2096 quoque.
2814 2026 2861 2081 si
2892 2027 2985 2081 ulli
3017 2026 3131 2092 alii,
3163 2040 3222 2082 se
3250 2025 3534 2079 veritatem

1960 2117 2213 2188 ignorare
2241 2117 2500 2172 fatentur.
2533 2117 2796 2184 Quaenam
2827 2127 2914 2174 est
2941 2133 3072 2188 ergo
3103 2116 3417 2172 Graecorum
3452 2116 3537 2171 in-

1959 2209 2286 2266 credulitas?
2319 2211 2401 2265 An
2449 2211 2595 2281 quod
2647 2211 2825 2266 nolint
2869 2211 3094 2267 credere
3141 2210 3377 2276 veritati,
3412 2225 3538 2280 qua

1958 2296 2092 2354 dicit
2134 2301 2304 2371 legem
2333 2317 2430 2372 per
2457 2301 2697 2374 Moysem
2724 2302 2905 2357 datam
2932 2316 3055 2358 esse
3087 2300 3372 2363 divinitus,
3406 2314 3534 2355 cum

1956 2390 2061 2459 ipsi
2087 2407 2311 2447 suorum
2357 2394 2682 2449 auctoritate
2708 2393 2914 2471 inducti
2955 2390 3195 2463 Moysem
3226 2390 3537 2447 honorent?

1956 2481 2023 2536 Et
2050 2482 2283 2539 Minoem
2311 2486 2379 2540 ad
2411 2484 2563 2540 Jovis
2587 2494 2805 2540 antrum
2833 2484 3162 2550 venientem,
3197 2498 3391 2537 novem
3430 2498 3534 2536 an-

1956 2589 2149 2629 norum
2177 2556 2353 2645 spatio
2385 2577 2530 2648 leges
2566 2592 2597 2632 a
2637 2575 2772 2631 Jove
2801 2576 3110 2646 accepisse;
3144 2585 3199 2631 et
3221 2574 3530 2647 Lycurgum

1954 2664 2174 2720 assidue
2223 2665 2459 2737 Delphos
2499 2676 2717 2723 euntem
2751 2668 2818 2722 ad
2841 2666 3168 2737 Apollinem,
3199 2666 3346 2738 leges
3369 2665 3439 2721 ah
3467 2681 3533 2721 eo

1952 2757 2231 2824 didicisse,
2274 2759 2521 2815 scribunt
2556 2759 2732 2828 Plato,
2771 2760 3114 2823 Aristoteles,
3152 2770 3207 2815 et
3242 2759 3529 2831 Ephorus;

1950 2857 2006 2905 et
2048 2849 2355 2907 Chamaeleo
2400 2851 2749 2909 Heracleotes
2775 2852 2831 2907 in
2863 2868 3029 2922 opere
3067 2852 3139 2907 De
3161 2853 3435 2920 ebrietate,
3474 2865 3533 2913 ct

1951 2941 2269 2999 Aristoteles
2316 2945 2370 2998 in
2420 2943 2706 3015 Republica
2750 2943 3061 3011 Locrorum,
3094 2944 3387 3002 Zaleucum
3416 2947 3529 3003 Lo-

1950 3052 2106 3092 crum
2134 3037 2280 3109 leges
2309 3054 2340 3093 a
2375 3026 2613 3094 Minerva
2656 3039 2954 3110 accepisse,
2994 3040 3297 3096 litterarum
3331 3056 3530 3097 monu-

1952 3129 2152 3185 mentis
2197 3130 2548 3187 mandarunt.
2595 3129 2700 3198 Qui
2750 3140 2931 3186 autem
2987 3130 3303 3187 Graecorum
3358 3133 3525 3204 leges,
3604 3176 3607 3183 ς

1954 3232 2013 3276 ιιι
2038 3222 2233 3293 majori
2264 3223 2368 3279 llde
2397 3223 2575 3291 dignae
2599 3222 2911 3289 videantur,
2939 3239 3040 3294 pro
3071 3224 3281 3280 viribus
3300 3224 3528 3281 efferen—

248 3315 580 3389 ἐπαίροντες
624 3318 702 3380 είς
741 3316 804 3369 τὸ
843 3317 1015 3381 Θεῖον,
1043 3319 1162 3371 κατ’
1193 3318 1377 3371 εἰκόνα
1422 3319 1521 3390 τῆς
1563 3320 1704 3375 κατά
1749 3322 1842 3376 τὸν

1957 3321 2052 3377 tes,
2083 3312 2152 3367 ad
2185 3314 2317 3368 deos
2341 3311 2606 3379 referunt,
2644 3314 2893 3385 exemplo
2920 3313 3173 3370 Mosaicae
3207 3315 3525 3386 prophetiae,

246 3402 499 3459 Μωῠσέα
530 3403 885 3475 προφητείας,
914 3403 1245 3475 ἀγνώμονες,
1271 3407 1371 3460 οὐκ
1395 3408 1619 3464 αὐτόθεν
1652 3412 1842 3483 ὁμολο-

1957 3404 2071 3460 ideo
2103 3413 2232 3459 sunt
2265 3405 2485 3475 ingrati,
2511 3405 2656 3475 quod
2705 3421 2815 3459 non
2859 3403 3136 3461 fateantur
3162 3408 3444 3463 veritatem
3473 3420 3528 3464 et

247 3492 482 3563 γοῦντες
511 3496 611 3567 τήν
639 3512 700 3549 τε
731 3495 986 3567 ἀλήθειαν
1009 3498 1104 3551 καὶ
1127 3498 1187 3551 τὸ
1220 3498 1525 3569 ἀρχέτυπον
1556 3500 1665 3555 τῶν
1690 3506 1843 3577 παρὰ

1957 3497 2227 3568 exemplar
2250 3498 2603 3568 archetypum
2629 3512 2844 3566 eorum,
2873 3514 2995 3570 qua
3019 3514 3052 3555 a
3084 3514 3145 3556 se
3176 3499 3482 3556 traduntur.

250 3583 442 3657 σφίσιν
475 3588 885 3660 ἱστορουμένων.

1643 3690 1876 3751 CAPUT
1926 3696 2140 3753 XXVII.

901 3776 1086 3850 Legem
1119 3782 1394 3836 commoda
1430 3782 1700 3842 hominum
1729 3803 1987 3863 spectare,
2020 3795 2185 3849 etiam
2214 3795 2341 3849 dum
2372 3796 2595 3867 corrigit
2615 3807 2670 3851 et
2695 3799 2889 3868 punit.’

319 3895 419 3968 Μὴ
432 3897 611 3952 τοίνυν
642 3899 1024 3972 κατατρεχέτω
1038 3918 1123 3966 τις
1137 3901 1230 3956 τοῦ
1256 3902 1420 3975 νόμου
1451 3905 1539 3960 διὰ
1558 3909 1655 3980 τῆς
1667 3928 1841 3982 τιμω-

2013 3914 2187 3972 Nemo
2232 3926 2415 3978 autem
2462 3926 2683 3989 propter
2708 3917 2975 3989 supplicia
3007 3919 3306 3975 insectetur
3327 3919 3521 3989 legem,

245 3988 399 4060 ρίας,
424 3989 501 4053 ὡς
538 3991 598 4044 ού
639 3990 806 4045 καλοῦ
841 3993 1084 4061 κάγαθοῦ
1106 4013 1120 4026 ’
1155 3995 1214 4049 ού
1234 3996 1355 4071 ⁸γὸιρ
1386 4000 1415 4051 6
1459 4000 1558 4070 μὲν
1600 4002 1699 4074 τὴν
1746 4006 1840 4061 τοῦ

1957 4016 2006 4063 ut
2049 4024 2167 4067 non
2189 4009 2387 4064 bonam
2425 3988 2480 4064 et
2512 3988 2825 4064 honestam.
2857 4007 2976 4065 Non
3024 4009 3169 4065 enim
3212 4009 3304 4080 qui
3344 3988 3524 4064 aufert

244 4080 508 4151 σώματος
552 4083 705 4137 νόσον
747 4086 976 4154 ἀπάγων
1022 4088 1317 4162 εὐεργέτης
1357 4089 1533 4157 δόξει·
1576 4094 1753 4168 ψυχῆς
1783 4099 1841 4153 δὲ

1957 4101 2193 4159 morbum
2225 4103 2500 4173 corporis,
2536 4100 2800 4158 beneﬁcio
2844 4101 3055 4158 allicere
3088 4101 3380 4165 videbitur,
3425 4102 3522 4172 qui

240 4173 473 4264 ἀδικίας
493 4173 604 4264 (65)
636 4179 664 4231 ό
696 4178 1033 4250 πειρώμενος
1063 4181 1424 4237 ἀπαλλάττειν
1446 4186 1506 4239 οὐ
1537 4188 1736 4257 μᾶλλον
1773 4189 1840 4251 ἂν

1957 4202 2126 4252 autem
2169 4195 2238 4252 ab
2282 4194 2546 4264 injustitia
2582 4195 2823 4251 animam
2855 4204 3086 4258 conatur
3123 4193 3377 4259 liberare,
3412 4208 3522 4250 non

193 4354 198 4358 ι
239 4262 659 4359 εἵη-κηδεμῲν,
703 4267 922 4341 ὅσῳπερ
965 4269 1112 4344 ψυχὴ
1162 4273 1412 4346 σώματος
1454 4278 1838 4353 ἐντιμότερονο

1957 4295 2098 4347 tanto
2129 4287 2304 4359 magis
2332 4262 2606 4345 videbitur
2631 4304 2821 4345 curam
2865 4287 3039 4344 nostri
3081 4302 3290 4359 gerere,
3314 4297 3523 4357 quanto

239 4354 365 4410 ἀλλ’
390 4354 498 4428 ἀρα
523 4357 624 4427 τῆς
660 4360 758 4431 μὲν
787 4361 879 4415 τοῦ
908 4362 1159 4435 σώματος
1182 4366 1394 4435 ὑγιείας
1427 4368 1610 4436 ἕνεκα,
1638 4375 1731 4427 καὶ
1750 4392 1829 4428 το-

1957 4387 2024 4433 εει
2068 4379 2273 4449 ιιῐιίιιιιι
2305 4395 2535 4450 corpore
2566 4382 2950 4451 praestantior;
2998 4381 3095 4438 sed
3144 4395 3244 4452 pro
3288 4380 3522 4438 sanitate

243 4450 380 4516 μάς,
417 4451 510 4503 καὶ
554 4450 799 4518 καύσεις,
833 4457 927 4510 καὶ
974 4462 1430 4531 φαρμακοποσίας
1454 4463 1829 4536 ὑφιστάμεθαε

238 4541 343 4595 καὶ
369 4543 398 4596 6
424 4542 597 4598 ταῦτα
620 4548 911 4617 προσάγων
938 4551 1122 4623 σωτήρ
1146 4570 1205 4606 τε
1230 4555 1324 4608 καὶ
1348 4556 1531 4628 ἰατρὸς
1552 4557 1797 4614 καλεῖται
1816 4577 1830 4591 ·

235 4636 299 4688 οὺ
338 4636 519 4708 φθόνῳ
551 4641 679 4705 τινὶ,
702 4642 822 4695 οὐδὲ
847 4642 1138 4718 δυσμενείᾳ
1160 4650 1224 4720 τῇ
1252 4648 1388 4721 πρὸς
1410 4651 1502 4705 τὸν
1528 4653 1827 4725 πάσχοντα,

1941 4471 2161 4542 quidem
2195 4477 2466 4543 corporis.
2491 4482 2545 4529 et
2591 4476 2787 4541 secari,
2812 4485 2867 4531 et
2898 4475 3005 4544 uri,
3030 4483 3086 4530 et
3120 4474 3520 4531 medicamenta

1940 4577 2132 4638 potare
2160 4569 2516 4637 sustinemus,
2540 4578 2594 4626 et
2634 4571 2729 4642 qui
2772 4571 2886 4628 haec
2923 4571 3167 4639 adhibet,
3196 4578 3251 4627 et
3271 4580 3520 4632 servator

1937 4667 2165 4714 vocatur
2189 4668 2244 4715 et
2269 4661 2544 4728 medicus;
2570 4670 2623 4717 et
2653 4662 2795 4716 idem
2826 4677 2928 4718 nec
2956 4678 3025 4717 ex
3054 4661 3281 4730 invidia,
3317 4678 3418 4718 nec
3450 4680 3519 4720 ex

235 4726 318 4792 ὡς
354 4728 399 4782 δ’
426 4728 492 4783 ἂν
529 4732 558 4784 6
595 4731 695 4802 τῆς
738 4732 934 4806 τέχνης
982 4737 1310 4811 ὑπαγορεύοι
1353 4740 1530 4811 λόγος,
1563 4747 1656 4801 καὶ
1685 4748 1828 4821 μέρη

1957 4751 2064 4807 »ἁἰο
2097 4752 2154 4809 in
2184 4764 2471 4823 aegrotum,
2508 4726 2602 4810 sed
2637 4755 2774 4811 artis
2800 4755 3041 4811 dictante
3074 4756 3307 4823 ratione,
3334 4767 3520 4828 partes

310 4890 377 4949 >14
407 4884 469 4939 Ρ.
492 4886 597 4940 49.2
624 4886 731 4942 ΕΙ).
755 4887 1053 4960 POTTER,
1089 4894 1196 4949 552
1222 4895 1343 4958 ΕΠ..
1372 4896 1596 4955 PARIS.
1659 4912 1696 4946 ⁸η
1722 4901 1848 4961 leam

1960 4946 1975 4969 ,
2004 4905 2090 4961 16.
2170 4908 2198 4947 1)
2236 4906 2426 4962 Matth.
2456 4924 2610 4973 xvm,
2645 4908 2732 4964 l2.
2812 4918 2833 4948 ε
2877 4907 3047 4965 lCor.
3073 4926 3113 4975 ι,
3139 4910 3231 4967 ει.

237 5040 493 5125 «adﬁatu
526 5042 654 5125 ἔχει),
680 5044 715 5098 ἃ
738 5047 839 5125 οὐκ
862 5046 1010 5125 ἔστιν
1040 5049 1104 5125 ἐξ(
1128 5050 1226 5125 τῆς
1252 5051 1421 5125 αύλῆς
1453 5054 1658 5125 ταύτης
1680 5073 1693 5086 ·
1730 5060 1830 5113 κά-

236 5112 399 5165 κεῖνά
433 5130 500 5183 με
523 5112 605 5168 δεῖ
627 5117 877 5186 ἀγαγεῖν,
904 5120 999 5173 καὶ
1029 5112 1127 5190 τῆς
1150 5112 1335 5193 eam:
1367 5112 1471 5194 μου
1507 5112 1827 5183 ἀκούσουσὺ

237 5184 335 5230 καὶ
363 5184 653 5230 γενήσεται
700 5188 794 5230 ubi
833 5188 1037 5230 mltum
1096 5191 1184 5230 νηὶ
1234 5185 1312 5230 ςῗρ·
1357 5196 1561 5230 munit.
1638 5197 1801 5230 una”.

237 5188 335 5236 καὶ
363 5188 653 5307 γενὲσεται
698 5188 795 5258 μία
833 5188 1190 5313 ποίμνηίκαὶ
1233 5188 1312 5257 εἷς
1357 5188 1581 5266 ποιμήν.
1634 5197 1825 5253 Matth.

235 5255 452 5351 1⁸3³⁸1ιέ
485 5273 547 5351 ,ξ
562 5255 933 5351 Ἑέἕετὲγηῑει.
950 5260 1371 5351 ,ῖιχεέινίῗξέιπερ
1409 5265 1602 5351 eme
1624 5268 1832 5351 περόδοι-

234 5339 324 5387 τα,
358 5324 453 5378 καὶ
484 5324 816 5407 πλανηθῇλέν
837 5324 1142 5407 ἑξαύτιῖψ,
1174 5324 1295 5407 ούχὶ
1325 5324 1582 5407 ἀφεὶς-τὰ
1618 5324 1833 5407 ἐννενη-

235 5394 580 5478 κοηαεννξα,
595 5394 687 5478 επὶ
700 5394 877 5478 τάδρίη
896 5394 1202 5478 φρευθεὶς,
1215 5394 1369 5478 ζητεῖ
1378 5394 1442 5478 τό
1456 5394 1824 5478 πλανώμενον’;

460 5467 792 5543 ζζούλρσθιιίἒ
813 5465 1193 5527 'Sntt'ihendutit
1222 5465 1525 5543 βούλεσθαι.

330 5536 435 5617 61)
748 5537 814 5617 ΗΔ
857 5557 961 5598 ms.
993 5534 1238 5614 Μοῦσῆν,
1288 5546 1544 5601 usitatius
1566 5584 1581 5606 ,
1616 5555 1670 5601 et
1700 5564 1823 5605 mox

235 5608 477 5670 συνεχῶς
501 5608 750 5663 ἀπιόντα.
779 5608 937 5664 Sua.

306 5625 361 5661 νε
399 5625 477 5670 ως
501 5625 750 5663 απιοντα.
779 5625 937 5664 arca.
2139 5625 2207 5635 '"
2227 5625 2353 5652 r""
2375 5625 2484 5637 ἠπ
2505 5625 2739 5649 r""""'
2762 5625 2976 5652 ηψπ*
3007 5625 3182 5653 ·’·“ν’“’
3204 5625 3377 5639 ἠ’-ν’·

833 5680 1086 5767 Valerius
1118 5681 1449 5767 hisac-imus;
1487 5686 1824 5767 _i_7.aleucus
1930 5688 2087 5745 δην.
2140 5689 2858 5767 Eamdemsirnilitudinem
2926 5692 2979 5745 in
3030 5690 3331 5767 ngagogo
3377 5692 3506 5747 Cle.

170 5772 179 5785 -
234 5746 585 5830 lubnnomine
612 5748 889 5830 illnervge“
906 5746 1370 5830 prudentissimus
1414 5757 1633 5830 habitus
1661 5769 1770 5830 est.
1799 5781 1816 5810 υ
1927 5776 2103 5830 mens,
2141 5771 2194 5814 et
2244 5761 2297 5814 in
2344 5760 2609 5830 principio
2657 5763 2977 5830 Θεραπευτ.
3023 5768 3090 5823 α’,
3127 5746 3504 5820 Theodorum:

306 5816 420 5888 (65)
468 5820 680 5889 Ψυχῆς
708 5819 776 5875 δὲ
803 5816 1055 5890 ἀδικίας.
1098 5824 1524 5897 Congruentius,
1544 5828 1624 5882 vel
1644 5828 1821 5900 ψυχὴν

1957 5816 2102 5887 ιιὶιιε
2127 5816 2545 5902 persequuntur.

1928 5062 1986 5116 δὲ
2018 5063 2253 5128 ἀδικίας,
2288 5064 2374 5119 vel
2397 5064 2576 5137 ψυχῆς
2609 5064 2666 5118 δὲ
2696 5065 2933 5130 ἀδικίαν,
2960 5066 3222 5137 alterutro
3244 5067 3299 5120 in
3325 5081 3512 5122 aecus.

1927 5147 2309 5205 casumverso
2335 5152 2349 5189 :
2378 5145 2473 5189 aut
2499 5136 2645 5190 certe
2681 5136 2895 5201 ἀδικίας
2925 5136 3125 5205 plurali
3159 5152 3389 5191 numero
3415 5152 3510 5191 ac—

1927 5204 2261 5328 {ipliendunn
2282 5204 2425 5261 Belle
2455 5206 2561 5261 huc
2587 5208 2879 5276 quadram,
2904 5204 3083 5276 inquit
3106 5204 3196 5273 ll.,
3220 5206 3325 5261 ista
3339 5217 3512 5277 poetae

1974 5290 2002 5327 a
2033 5290 2105 5328 nn
2132 5294 2145 5329 :

2036 5366 2104 5422 Ut
2127 5370 2296 5443 ualeat
2319 5387 2529 5443 corpus.
2557 5371 2759 5441 ferrum
2778 5371 2998 5443 patieris
3019 5380 3071 5425 et
3091 5372 3255 5443 ignes,

2142 5441 2313 5495 Arida
2333 5459 2423 5496 nec
2443 5442 2628 5496 sitiens
2649 5459 2744 5495 ora
2766 5442 2965 5509 rigabis
2986 5441 3126 5511 aqua
3148 5455 3166 5493 :

2039 5509 2105 5564 Ut
2127 5512 2303 5566 valeas
2326 5514 2525 5575 animo,
2548 5511 2837 5582 quidquam
2859 5509 3085 5569 tolerare
3104 5514 3350 5571 recuses?
3382 5556 3385 5559 ι

2139 5586 2207 5635 At
2227 5599 2353 5652 pars
2375 5582 2487 5637 lucc
2505 5583 2739 5649 pretium
2762 5598 2978 5652 corpore
3006 5583 3182 5653 majus
3204 5583 3377 5639 habet.
