3970 6526
229 353 327 411 921

1561 356 1994 414 ΒΤΒΟΜΑΤΟΗ
2024 356 2152 412 LIB.
2186 355 2224 410 Ι.

3349 353 3457 407 εει

230 475 300 529 τὰ
338 475 562 546 πρῶτα,
596 473 784 529 ἔπειτα
823 475 879 530 δὲ
931 476 1120 530 πιστὸν
1165 477 1414 544 γενέσθαι
1465 475 1789 548 θεράποντα,

1907 477 2107 547 pientis
2145 474 2483 538 adhibentes,
2525 475 2702 542 primo
2738 475 2965 542 legitimi
3004 473 3098 529 Dei
3130 472 3296 534 servi,
3327 471 3452 526 dein

230 565 560 637 φοὸούμενον
599 567 800 639 Κύριον
843 569 933 622 τὸν
979 569 1140 621 Θεόν·
1179 569 1306 621 εἰδὲ
1350 586 1435 632 τις
1476 569 1794 640 ἐπαναδαίη,

232 659 346 720 τοῖς
376 660 510 723 "tot;
542 659 983 728 ἐγκαταλεγεται.
1025 659 1194 714 Ἐπάν
1225 660 1282 712 δὲ
1316 680 1334 711 ι
1358 661 1546 730 ἀγάπη
1583 660 1799 732 καλύψῃ

233 748 437 818 πλῆθος
491 750 803 821 ἁμαρτιῶν,
833 770 852 803 ι
912 753 1184 824 μακαρίας
1240 752 1452 814 ἐλπίδος
1502 751 1798 814 τελειώσει,

234 839 533 910 αὐξηθέντα
577 843 636 894 ἐν
682 844 870 916 ἀγάπῃ
918 844 1227 913 ἐκδέχεσθαι
1256 843 1462 900 τοῦτον.
1497 845 1799 912 ἐγκατατα-

233 933 400 1001 γέντα
438 937 502 1005 τῇ
536 934 760 1006 ἐκλεκτῇ
796 935 1066 1006 υἱοθεσία,
1094 937 1158 1006 τῇ
1196 936 1322 1008 φίλῃ
1358 934 1668 1008 κεκλημένῃ
1706 935 1800 988 τοῦ

235 1022 394 1086 Θεοῦ,
418 1024 610 1095 ᾄδοντα
640 1025 739 1096 ήδη
767 1025 864 1094 τὴν
897 1026 1080 1096 εὐχὴν,
1112 1025 1207 1077 καὶ
1236 1024 1489 1092 λέγοντα·
1530 1021 1802 1076 «Γενέσθω

239 1133 333 1185 μοι
369 1115 567 1187 Κύριος
609 1119 687 1179 εἰς
719 1116 869 1170 Θεὸν.
906 1136 923 1166 ι
975 1116 1080 1168 Τοῦ
1131 1116 1294 1186 νόμου
1338 1115 1394 1168 δὲ
1429 1115 1528 1186 τὴν
1558 1113 1802 1168 εὐποιίαν

233 1205 326 1259 διὰ
373 1208 468 1276 τῆς
511 1205 649 1278 πρὸς
697 1208 820 1268 τοὺς
853 1205 1135 1270 Ἰουδαίους
1163 1204 1467 1274 περικοπῆς
1509 1203 1803 1274 δεδήλωκεν

233 1301 266 1352 6
306 1298 621 1361 Ἀπόστολος
647 1337 661 1361 ,
706 1299 929 1368 γράφων
975 1290 1076 1349 ὦδὲ
1119 1315 1234 1360 πως
1259 1313 1273 1326 ·
1333 1315 1350 1347 ι
1385 1297 1446 1349 Ei
1483 1296 1540 1348 δὲ
1581 1295 1688 1365 (69)
1739 1295 1802 1347 σὺ

251 1391 500 1454 Ἰουδαῖος
550 1391 894 1462 ἐπονομάζῃ,
950 1391 1041 1444 κα)⁵
1095 1390 1422 1463 ἐπαναπαύῃ
1472 1391 1658 1460 νόμῳ,
1711 1389 1803 1443 καὶ

237 1483 512 1552 καυχᾶσαι
567 1483 628 1536 ὲν
699 1482 838 1553 Θεῷ,
887 1484 980 1536 καὶ
1029 1481 1316 1550 γινώσκεις
1361 1483 1422 1536 τὸ
1463 1481 1670 1553 θέλημα
1710 1480 1802 1533 τοῦ

235 1573 376 1628 Θεοῦ
411 1573 544 1643 (70),
590 1575 683 1627 καὶ
718 1573 1027 1644 δοκιμάζεις
1066 1575 1132 1628 τὰ
1173 1572 1494 1644 διαφέροντα
1537 1571 1804 1642 κατηχού-

241 1682 406 1736 μενος
449 1666 512 1718 ὲκ
554 1666 646 1718 τοῦ
687 1666 883 1735 νόμου,
931 1665 1188 1728 πέποιθάς
1245 1682 1303 1718 τε
1348 1664 1571 1718 σεαυτὸν
1613 1663 1806 1733 ὁδηγὸν

237 1753 385 1808 εἶναι
427 1755 664 1824 τυφλῶν,
699 1755 814 1824 φῶς
842 1755 950 1808 τῶν
987 1757 1046 1807 ὲν
1085 1755 1295 1819 σκότει,
1323 1754 1610 1824 παιδευτὴν
1641 1753 1810 1824 ἀφρό-

1897 570 2140 640 ejusdem
2183 566 2366 622 fideles
2401 566 2586 620 famuli
2627 566 2840 627 fiamus.
2878 567 3128 620 timentes
3165 564 3454 618 Dominum

1899 662 2091 716 Deum.
2131 658 2284 726 Quod
2329 657 2374 712 si
2421 658 2545 726 quis
2579 657 2808 711 ulterius
2851 655 3175 719 ascenderit,
3224 653 3458 708 refertur

1901 753 1954 806 in
1987 765 2270 806 numerum
2309 749 2564 802 filiorum.
2607 745 2899 816 Postquam
2949 756 3124 799 autem
3159 763 3178 796 ι
3218 744 3456 798 cliaritas

1899 844 2174 915 operuerit
2200 841 2596 896 multitudinem
2630 853 2968 908 peccatorum
3003 851 3050 898 ι,
3087 856 3106 888 ι
3143 838 3310 891 beata:
3339 836 3455 905 spei

1899 934 2388 997 consummatione,
2430 933 2556 986 licet
2591 942 2718 986 tunc
2747 941 2962 985 auctum
2996 929 3260 985 cliaritate
3284 929 3456 984 susci-

1900 1046 2047 1100 pere.
2081 1029 2314 1083 relatum
2342 1027 2395 1080 in
2419 1027 2644 1080 electam
2679 1024 2909 1077 filiorum
2940 1022 3301 1091 adoptionem,
3337 1037 3460 1091 qua:

1900 1123 1995 1178 Dei
2023 1130 2211 1176 vocata
2239 1128 2324 1174 est
2350 1118 2544 1176 amica.
2587 1116 2696 1186 jam
2740 1126 2922 1170 votum
2949 1125 3253 1173 canentem.
3293 1123 3346 1167 et
3372 1112 3458 1166 di-

1900 1223 2141 1268 centeni:
2175 1229 2194 1262 ι
2235 1209 2317 1264 Sit
2343 1209 2474 1263 mihi
2511 1208 2769 1261 Dominus
2807 1208 2859 1260 in
2911 1205 3096 1259 Deum.
3131 1225 3150 1256 ι
3180 1204 3334 1274 Legis
3362 1220 3461 1259 au-

1901 1314 2010 1359 tem
2041 1300 2470 1364 beneficentiam,
2503 1313 2595 1368 per
2619 1313 2740 1352 eum
2764 1299 2964 1362 locum,
2987 1298 3040 1351 in
3071 1313 3180 1366 quo
3201 1298 3308 1368 agit
3335 1313 3458 1351 cum

1901 1395 2120 1457 Iudaeis,
2155 1391 2447 1447 declaravit
2475 1389 2788 1460 Apostolus,
2821 1390 2902 1444 sie
2935 1389 3211 1444 scribens:
3248 1408 3266 1441 ι
3317 1389 3372 1444 Si
3404 1398 3466 1446 tu

1903 1496 2081 1540 autem
2110 1491 2168 1548 iis
2200 1482 2419 1538 Iudaeus
2444 1482 2875 1551 coguominaris,
2911 1491 2964 1535 et
2999 1483 3050 1535 in
3098 1483 3212 1552 lege
3254 1483 3465 1551 "2qu-

1904 1578 2032 1641 scis,
2063 1585 2116 1630 et
2146 1577 2198 1630 in
2258 1574 2368 1629 Deo
2402 1573 2681 1643 gloriaris,
2726 1581 2780 1627 et
2823 1573 3105 1641 cognoscis
3137 1573 3462 1626 voluntatem

1906 1667 2020 1730 Dei,
2053 1676 2105 1722 et
2132 1666 2329 1736 probas
2352 1665 2567 1719 utiliora
2595 1664 2891 1718 instructus
2914 1679 3006 1732 per
3030 1665 3222 1732 legem,
3254 1676 3307 1718 et
3335 1679 3463 1722 con-

1906 1758 2026 1812 fidis
2059 1757 2290 1826 teipsum
2323 1771 2444 1810 esse
2481 1755 2670 1809 ducem
2716 1770 2981 1808 caecorum
3009 1795 3023 1816 ,
3060 1755 3242 1808 lumen
3273 1770 3462 1809 eorum

237 1863 368 1907 νων,
399 1845 714 1898 διδάσκαλον
759 1845 985 1914 νηπίων,
1027 1846 1214 1915 ἔχοντα
1251 1846 1349 1915 τὴν
1389 1844 1670 1915 μόρφωσιν
1711 1843 1808 1914 τῆς

1909 1849 2001 1915 qui
2029 1853 2156 1899 sunt
2179 1845 2232 1898 in
2263 1844 2522 1906 tenebris,
2560 1843 2892 1898 eruditorem
2928 1844 3314 1913 insipientium,
3353 1860 3467 1897 ma-

237 1934 494 2002 γνὼσεως
543 1937 635 1989 καὶ
674 1935 926 2006 ἀληθείας
987 1939 1046 1988 ἐν
1085 1935 1162 2005 τῷ
1206 1937 1386 2005 νόμῳ·
1419 1954 1436 1985 ι
1497 1933 1666 1987 ταῦτα
1698 1933 1807 2004 γὰρ

237 2025 503 2080 δύνασθαι
527 2027 616 2079 τὸν
648 2027 808 2096 νόμον
833 2026 1170 2098 ὁμολογεῖται
1189 2043 1202 2055 °
1232 2026 1333 2079 κᾶν
1376 2027 1425 2079 οἱ
1461 2025 1602 2080 κατά
1644 2025 1806 2096 νόμον

241 2119 323 2189 μὴ
349 2119 768 2189 πολιτευόμενοι,
809 2121 884 2184 ὡς
916 2120 974 2173 ἐν
1000 2119 1147 2190 νόμῳ
1189 2117 1600 2183 ἀλαζονεύονται
1629 2117 1808 2188 βιοῦν-ι

237 2228 355 2275 τες.
412 2230 430 2262 ι
464 2211 749 2283 Μακάριος
782 2211 838 2264 δὲ
884 2210 1020 2282 ἀνὴρ
1055 2211 1162 2280 (71)
1203 2210 1261 2273 ὃς
1297 2203 1421 2281 εὗρε
1457 2210 1669 2278 σοφίαν,
1712 2209 1805 2262 καὶ

238 2302 438 2373 θνητὸς
506 2301 564 2365 ὃς
609 2297 717 2355 εἶδε
784 2301 1062 2373 φρόνησιν.
1135 2301 1228 2353 Ἐκ
1292 2299 1349 2352 δὲ
1405 2298 1497 2352 τοῦ
1545 2298 1807 2367 στόματος

236 2391 446 2460 αὐτῆς,
475 2409 494 2443 ι
563 2390 662 2459 τῆς
693 2392 882 2459 σοφίας
926 2389 1199 2459 δηλονότι,
1252 2406 1270 2438 ι
1299 2386 1607 2459 δικαιοσύνη
1640 2387 1805 2438 ἐκπο-

238 2481 465 2555 ρεύεται
489 2499 502 2512 ο
549 2483 709 2552 νόμον
745 2482 800 2534 δὲ
835 2482 926 2534 καὶ
971 2480 1116 2533 ἔλεον
1164 2480 1255 2532 ἐπὶ
1285 2477 1533 2548 γλώσσης
1577 2479 1749 2548 φορεῖ.
1784 2496 1802 2528 ι

250 2573 406 2638 Ἐνὸς
443 2573 550 2645 γὰρ
582 2573 786 2644 Κυρίου
831 2572 1109 2643 ἐνέργεια,
1143 2571 1201 2634 ὃς
1237 2572 1353 2623 ἐστι
1405 2589 1424 2620 ι
1447 2569 1669 2640 δύναμις
1699 2569 1806 2638 (72)

236 2665 343 2718 καὶ
371 2665 528 2733 σοφία
558 2664 647 2718 τοῦ
679 2663 866 2726 Θεοῦ.»
903 2665 931 2716 ὅ
960 2680 1018 2716 τε
1048 2662 1239 2732 νόμος,
1272 2661 1333 2714 τό
1365 2677 1421 2714 τε
1445 2659 1770 2728 Εὐαγγέλιον
1791 2676 1804 2689 '

236 2753 342 2806 καὶ
379 2752 437 2807 ὃν
466 2752 720 2823 ἐγέννησε
758 2753 918 2822 φόϐον
959 2753 988 2804 6
1027 2751 1208 2821 νόμος,
1244 2750 1490 2820 ἐλεήμων
1521 2749 1630 2820 (75)
1659 2745 1810 2812 οὗτος

235 2848 326 2908 εἰς
356 2845 645 2917 σωτηρίαν.
686 2864 705 2896 ι
741 2843 1124 2915 Ἑλεημοσύναι
1175 2843 1232 2895 δὲ
1277 2841 1408 2912 (74),
1444 2841 1536 2893 καὶ
1581 2839 1810 2903 πίστεις,

237 2937 344 2990 καὶ
389 2936 632 3007 ἀλήθεια,
668 2937 741 3008 μὴ
779 2935 1148 2990 ὲκλιπέτωσάν
1192 2950 1279 2986 σε·
1314 2932 1521 3002 ἀφαψαι
1555 2931 1611 2984 δὲ
1643 2929 1811 2994 αύτάς

237 3026 377 3095 περὶ
417 3025 493 3095 σῷ
519 3026 788 3098 τραχήλῳ.
822 3043 840 3077 ›
885 3024 1116 3095 Ὁμοίως
1155 3024 1212 3078 δὲ
1253 3023 1333 3094 τῷ
1379 3023 1574 3093 Παύλῳ
1617 3023 1814 3094 ήπρο-

237 3117 444 3187 φητεία
473 3118 582 3188 (75)
614 3116 861 3190 ὀνειδίζει
891 3117 981 3170 τὸν
1013 3115 1168 3181 λαὸν,
1201 3115 1276 3178 ὡς
1319 3115 1392 3185 μὴ
1448 3112 1693 3167 συνιέντα
1721 3112 1810 3166 τὸν

234 3209 441 3278 νόμον·
497 3228 514 3259 ι
541 3208 859 3279 Σύντριμμα
896 3207 989 3260 καὶ
1033 3205 1377 3279 ταλαιπωρία
1419 3207 1476 3258 ὲν
1512 3207 1631 3268 ταῖς
1677 3203 1813 3267 ὁδοῖς
1840 3200 1879 3258 C

234 3299 447 3363 αὐτῶν,
499 3301 589 3353 καὶ
633 3299 749 3353 ὁδὸν
798 3299 1019 3371 εἰρήνης
1071 3297 1168 3350 οὐκ
1222 3298 1496 3366 ἔγνωσαν·
1549 3297 1648 3349 οὐκ
1693 3295 1807 3347 ἔστι

236 3392 411 3462 φόϐος
457 3392 592 3445 Θεοῦ
649 3391 906 3445 ἀπέναντι
952 3390 1060 3442 τῶν
1109 3378 1397 3460 ὀφθαλμῶν
1452 3387 1646 3441 αὐτῶν.
1702 3388 1808 3441 Φά-

166 3499 172 3504 ·
239 3501 472 3549 σκοντες
508 3479 643 3536 εἶναι
674 3483 846 3551 σοφοὶ,
887 3480 1305 3554 ἐμωράνθησαν.
1364 3480 1596 3550 Οἴδαμεν
1631 3477 1688 3532 δὲ
1725 3479 1806 3532 ὅτι

237 3573 413 3636 καλὸς
448 3575 476 3626 6
497 3571 677 3642 νόμος,
705 3572 799 3625 ἐάν
825 3589 909 3635 τις
935 3569 1082 3640 αὐτῷ
1109 3571 1352 3641 νομίμως
1380 3570 1649 3642 χρήσηται
1670 3567 1804 3640 (76)°

236 3665 291 3718 οἱ
320 3663 379 3717 δὲ
409 3662 648 3725 θέλοντες
685 3659 820 3715 εἶναι
851 3661 1286 3730 νομοδιδάσκαλοι
1335 3661 1395 3712 οὐ
1421 3659 1597 3713 νοοῦσι
1625 3658 1758 3720 (77),
1783 3679 1802 3712 ι

237 3754 413 3824 φησιν
443 3755 470 3806 6
494 3753 826 3817 Ἀπύστολος,
849 3771 866 3802 ι
895 3753 1016 3806 οὔτε
1033 3753 1069 3807 ἀ
1087 3751 1486 3822 λέγουσιν,οὕτε
1502 3767 1566 3804 πε
1577 3752 1628 3824 pi.
1650 3751 1809 3804 τίνων

235 3843 712 3898 διαϐεϐαιοῦνται·
764 3863 784 3897 ι
839 3845 912 3897 Τὸ
960 3845 1016 3897 δὲ
1073 3843 1223 3906 τέλος
1274 3843 1374 3912 τῆς
1434 3841 1808 3913 παραγγελίας

237 3917 438 4004 ἀγάπη
464 3937 527 3986 ἐκ
553 3933 794 4005 καθαρᾶς
817 3935 1060 4006 καρδίας,
1085 3935 1176 3986 καὶ
1203 3933 1556 4004 συνειδήσεως
1580 3933 1810 4003 ἀγαθῆς,

240 4026 348 4079 καὶ
369 4026 603 4088 πίστεως
630 4025 1010 4100 ἀνυποκρίτου.

1903 1939 2130 2007 gistrum
2178 1936 2502 1997 infantium,
2545 1936 2828 1989 habentem
2863 1936 3090 1991 formam
3133 1936 3374 1992 scientiae
3413 1946 3470 1992 et

1903 2030 2148 2085 veritatis
2191 2030 2243 2082 in
2283 2029 2396 2097 lege
2425 2028 2473 2082 ιδ.
2511 2045 2532 2080 ι
2569 2026 2693 2081 Ha'c
2741 2027 2885 2080 enim
2931 2042 3089 2096 posse
3133 2028 3340 2098 legem,
3385 2036 3470 2083 est

1904 2131 2058 2176 extra
2084 2120 2544 2185 controversiam;
2585 2119 2795 2172 etiamsi
2827 2118 2884 2182 ii,
2915 2119 3008 2187 qui
3045 2119 3208 2172 vitain
3249 2135 3314 2173 ex
3353 2119 3469 2188 lege

1905 2227 2013 2265 nou
2058 2209 2380 2276 instituunt,
2428 2223 2486 2263 se
2523 2217 2778 2278 tanquam
2821 2208 2874 2262 in
2904 2208 3018 2278 lege
3055 2209 3352 2277 glorientur
3391 2210 3471 2263 vi-
3539 2197 3560 2210 “

1906 2317 2050 2356 vere.
2091 2319 2112 2352 ι
2149 2299 2348 2356 Beatus
2378 2309 2460 2355 est
2495 2308 2677 2354 autem
2711 2301 2824 2366 vir,
2875 2301 2967 2369 qui
3010 2299 3217 2354 invenit
3255 2301 3472 2372 sapien-

1907 2393 2034 2446 tiam
2059 2409 2074 2445 :
2096 2399 2149 2445 et
2179 2390 2445 2451 mortalis.
2470 2390 2561 2460 qui
2590 2389 2724 2444 vidit
2753 2389 3108 2459 prudentiam.
3148 2389 3222 2444 Ex
3253 2405 3347 2444 ore
3380 2406 3473 2446 au-

1909 2489 2014 2535 tem
2047 2481 2238 2550 ipsius,
2274 2499 2292 2532 ›
2322 2481 2602 2550 sapientia:
2629 2481 2856 2545 scilicet,
2895 2498 2913 2531 ι
2945 2481 3154 2549 justitia
3179 2483 3470 2549 egreditur.

1908 2572 2078 2641 legem
2123 2580 2302 2626 autem
2343 2580 2398 2626 et
2433 2570 2858 2624 misericordiam
2903 2569 3005 2625 fert
3048 2574 3100 2625 in
3148 2571 3330 2642 lingua
3363 2583 3410 2626 ο.
3445 2592 3465 2625 ι

1911 2660 2201 2714 Suntenim
2234 2660 2394 2715 unius
2413 2659 2624 2713 Domini
2659 2678 2678 2710 ι
2702 2660 2969 2726 operatio,
2997 2660 3088 2730 qui
3115 2669 3199 2716 est
3240 2661 3330 2716 Dei
3357 2662 3468 2716 vir-

1911 2762 1999 2808 tus
2028 2761 2082 2806 et
2113 2752 2374 2822 sapientia
2409 2751 2436 2790 ἀ
2463 2794 2478 2817 ,
2535 2770 2554 2803 ι
2593 2752 2676 2806 lex
2720 2762 2773 2805 et
2804 2751 3150 2821 Evangelium
3177 2772 3190 2807 :
3223 2764 3275 2808 et
3307 2769 3468 2824 quem

1910 2844 2160 2898 timorem
2194 2844 2378 2914 genuit
2417 2845 2523 2910 lex,
2573 2844 2618 2898 is
2658 2853 2738 2898 est
2768 2846 3078 2899 misericors
3109 2845 3176 2898 ad
3220 2846 3470 2900 salutem.

1917 2955 1935 2986 ι
1969 2935 2335 3008 Eleemosynaa
2363 2946 2564 3002 autem,
2598 2936 2750 3001 lides,
2785 2947 2837 2992 et
2872 2938 3074 2992 veritas
3119 2953 3186 2991 ne
3229 2946 3282 2991 te
3319 2940 3474 2993 dese-

1909 3037 2052 3093 rant,
2087 3029 2242 3098 alliga
2274 3038 2451 3083 autem
2480 3031 2572 3084 'eas
2601 3031 2742 3085 collo
2765 3039 2858 3085 tuo
2882 3041 2928 3086 ο.
2960 3049 2978 3081 ι
3013 3031 3270 3085 Similiter
3293 3043 3470 3086 autem

1910 3135 1972 3174 ac
1997 3119 2216 3182 Paulus,
2243 3121 2818 3192 prophetiaexprolirat
2849 3124 3069 3192 populo,
3109 3125 3252 3193 quod
3299 3125 3468 3193 legem

1915 3229 2020 3267 non
2069 3212 2363 3282 intelligat:
2393 3231 2412 3264 ι
2445 3212 2712 3269 Contritio
2745 3225 2800 3270 et
2824 3215 3041 3270 alllictio
3091 3216 3146 3269 in
3193 3216 3293 3271 viis
3329 3216 3474 3285 ipso-

1914 3320 2056 3368 rum,
2084 3314 2137 3358 et
2164 3304 2305 3358 viam
2337 3305 2486 3374 pacis
2526 3321 2633 3360 non
2666 3316 3035 3376 cognoverunt
3064 3306 3108 3362 ἲ.
3150 3306 3264 3362 Non
3299 3317 3382 3370 est
3408 3309 3475 3363 ti-

1914 3409 2033 3446 mor
2059 3393 2148 3448 Dei
2193 3404 2318 3449 ante
2349 3397 2553 3450 .oculos
2601 3397 2840 3465 ipsorum
2893 3399 2938 3452 ε.
2989 3396 3235 3453 Dicentes
3270 3414 3329 3454 se
3355 3414 3475 3453 esse

1913 3483 2202 3552 sapientes,
2249 3486 2396 3540 stulti
2441 3486 2567 3540 facti
2600 3499 2724 3542 sunt
2755 3489 2805 3540 ιι.
2854 3487 3069 3543 Scimus
3102 3499 3302 3548 autem.
3329 3491 3474 3559 quod

1912 3572 1992 3624 lex
2035 3573 2172 3626 bona
2201 3575 2292 3639 sit,
2340 3576 2384 3629 si
2431 3576 2555 3644 quis
2583 3592 2645 3631 ea
2688 3576 2924 3648 legitime
2955 3587 3157 3632 utatur.
3193 3598 3211 3631 ι
3241 3578 3342 3644 Qui
3375 3595 3473 3633 au-

1913 3671 2017 3716 tem
2058 3681 2077 3712 ι
2120 3665 2306 3718 volunt
2352 3681 2472 3720 esse
2505 3666 2636 3736 legis
2663 3667 2931 3730 doctores,
2963 3683 3068 3722 non
3101 3668 3421 3736 intelligunt,
3451 3687 3471 3720 ι

1914 3753 2088 3821 inquit
2112 3757 2424 3824 Apostolus,
2464 3775 2482 3808 ι
2527 3774 2624 3813 nec
2659 3774 2778 3828 qua:
2805 3759 3014 3823 dicunt,
3053 3776 3150 3815 nec
3189 3761 3254 3815 de
3278 3761 3477 3830 quibus

1915 3845 2201 3900 allirmant.
2247 3847 2397 3902 Finis
2446 3858 2625 3903 autem
2687 3851 2934 3920 prmcepti
2985 3860 3070 3906 est
3119 3851 3357 3906 cbaritas
3407 3867 3469 3904 ex

1915 3938 2076 3992 corde
2099 3948 2324 4006 puro,et
2351 3941 2680 3994 conscientia
2700 3941 2859 4007 bona,
2894 3951 2943 3995 et
2971 3941 3072 3996 fide
3105 3957 3212 3995 non
3231 3941 3351 3997 ficta
3375 3944 3416 3995 ί.
3448 3960 3466 3991 ι

1598 4135 1824 4192 CAPUT
1864 4135 2096 4190 XXVIII.

1322 4257 1728 4328 Quadripertita
1758 4256 1884 4327 legis
1922 4255 2171 4311 Mosaicw
2198 4256 2405 4313 divisio.

330 4374 397 4432 Ἥ
433 4374 532 4446 μὲν
559 4371 650 4430 οῦν
692 4375 831 4429 κατά
859 4376 1094 4428 Μωῦσέα
1126 4373 1406 4442 φιλοσοφία
1463 4372 1694 4444 τετραχῆ
1721 4371 1808 4424 τέ-

1983 4373 2052 4426 Αι
2110 4370 2344 4425 Mosaica
2410 4370 2628 4441 quidem
2687 4369 3027 4442 philosophia
3087 4369 3478 4441 quadripartito

243 4482 466 4536 μνεται,
501 4466 580 4527 είς
609 4483 667 4518 τε
699 4465 759 4516 τὸ
785 4464 1048 4534 ἱστορικὸν
1077 4465 1169 4516 καὶ
1203 4462 1262 4516 τὸ
1295 4463 1496 4533 κυρίως
1525 4462 1808 4533 λεγόμενον

1914 4464 2192 4526 dividitur,
2236 4463 2290 4517 in
2322 4473 2525 4532 partem
2568 4462 2880 4518 historicam
2905 4503 2920 4527 ,
2956 4471 3011 4518 et
3046 4478 3164 4516 eam
3199 4479 3321 4532 qua:
3351 4478 3477 4528 spe-

240 4555 625 4624 νομοθετικόν’
670 4555 812 4625 ειπερ
848 4555 912 4607 ἂν
958 4557 1042 4624 εἴη
1086 4554 1182 4624 τῆς
1213 4553 1405 4624 ἠθικῆς
1435 4552 1808 4625 πραγματείας

1913 4556 2122 4611 cialiter
2147 4563 2367 4609 vocatur
2391 4553 2574 4623 legalis
2603 4572 2616 4608 :
2643 4569 2766 4623 qua:
2791 4554 2909 4609 dua:
2939 4554 3003 4610 ad
3034 4569 3246 4609 morum
3285 4552 3482 4609 doctri-

319 4699 383 4754 ›Ῑ‹
419 4693 480 4746 Ρ.
511 4693 616 4746 424
638 4692 743 4746 ED.
772 4693 1063 4755 POTTER,
1086 4693 1187 4748 554
1211 4692 1317 4745 ED.
1351 4690 1572 4746 PARlS.
1615 4705 1639 4731 ει
1669 4691 1684 4744 Ι
1717 4692 1805 4745 Pet

1907 4709 1958 4751 v,
1992 4691 2044 4745 8.
2120 4692 2147 4730 δ
2171 4691 2325 4744 Rom.
2351 4707 2412 4753 ιι,
2439 4691 2524 4756 17,
2555 4690 2640 4752 18,
2667 4690 2750 4754 19,
2772 4689 2864 4748 20.
2943 4701 2965 4730 ο
2991 4689 3148 4743 Prov.
3175 4706 3254 4752 Ill,
3282 4690 3500 4752 15,16.

232 4763 266 4805 d
294 4765 309 4817 Ι
345 4763 628 4829 Cor.l,24,
689 4777 710 4802 ε
733 4763 894 4818 Prov.
925 4779 1004 4827 ιιι,
1027 4765 1080 4817 5.
1137 4763 1156 4802 ί
1187 4763 1287 4818 lsa.
1318 4779 1428 4826 LIX,
1453 4763 1503 4829 7,
1528 4763 1595 4827 8.;
1631 4761 1788 4816 Rom.

242 4836 262 4876 ί
293 4837 314 4890 Ι
348 4831 490 4886 Tim.
518 4849 558 4898 I,
587 4835 642 4895 8,
669 4833 720 4897 7,
744 4835 796 4887 5.

1933 4763 2018 4826 16,
2049 4761 2134 4816 17.
2177 4765 2201 4802 ε
2229 4760 2369 4816 l’sal.
2400 4777 2519 4825 xm,
2543 4762 2605 4826 5;
2626 4761 2782 4815 Rom.
2816 4777 2897 4825 ιιι,
2924 4758 3009 4814 18.
3087 4762 3113 4800 δ
3139 4760 3295 4814 Rom.
3325 4775 3362 4826 ι,
3390 4761 3481 4814 ‘22.

317 4945 433 5015 (69)
455 4949 535 5018 Ei
567 4949 652 5018 δέ.
689 4946 844 5001 Rom.
883 4964 942 5010 ιι,
1011 4947 1108 5010 ἴδε,
1166 4949 1300 5012 ride,
1337 4948 1531 5018 inquit_
1573 4946 1823 5018 Sylburg.

238 5015 560 5086 Legendum
595 5015 692 5078 ἴδε,
733 5018 876 5086 quod
904 5033 1010 5071 non
1044 5018 1175 5071 vidit
1210 5015 1491 5086 interpres.
1518 5015 1824 5072 Lovvxnnl—

237 5081 395 5160 gues,
430 5081 763 5160 ἐπαναπαύῃ(
793 5086 870 5157 τῷ
919 5087 1090 5158 νόμῳ,
1117 5096 1175 5140 ιιι
1201 5081 1364 5156 paulo
1395 5097 1516 5156 post
1559 5088 1657 5158 τῆς
1685 5087 1820 5158 ἁλη-

238 5156 420 5226 θείας.
449 5155 749 5226 5ιι,ι.ιιυιι‹;.ί⁷
832 5155 852 5226 ξ
986 5155 995 5158 ⁷
1043 5155 1080 5226 ξ
1397 5155 1407 5156 ί
1480 5177 1486 5182 λ
1615 5155 1622 5158 ⁷
1775 5155 1785 5158 ⁷
1928 5155 2220 5220 mandunt,
2255 5157 2462 5212 scilicet
2487 5157 2631 5226 quod
2678 5157 2758 5210 lex
2795 5155 2935 5211 bona
2964 5157 3054 5220 sit,
3082 5166 3134 5210 et
3166 5155 3484 5226 charitatem

320 5225 434 5296 (ἶο)
468 5223 589 5296 τοῦ,
609 5224 774 5296 Θεοῦ.
819 5225 979 5280 Abest
1009 5241 1038 5278 a
1065 5225 1221 5279 Rom.
1298 5292 1316 5296 Α
1360 5293 1374 5296 _
1607 5295 1611 5296 ν
1680 5295 1685 5296 γ
1925 5228 2262 5296 praeceperit,
2298 5223 2519 5296 perinde
2550 5242 2613 5281 ac
2636 5226 3007 5295 Evangelium,
3038 5225 3286 5296 quamvis
3315 5223 3486 5296 Judaei

329 5243 434 5294 μυ)
474 5243 582 5280 1ου
609 5243 774 5279 υεου.
819 5243 979 5280 oues:
1009 5243 1038 5278 a
1067 5243 1221 5279 nom.
1966 5243 2262 5296 raeceperit,
2298 5243 2518 5296 pennae
2550 5243 2613 5281 ac
2636 5243 3007 5295 evangelium,
3038 5243 3286 5294 quamvis
3315 5243 3484 5278 δωιωι

329 5294 648 5362 (ἹΙ)Ἀνήρ.
667 5295 827 5348 Prov.
853 5311 912 5349 ιιι
960 5296 1266 5365 generalius
1287 5292 1569 5365 ἅνθρωπος
1603 5295 1821 5350 habent.
1925 5243 2033 5351 Eoo
2067 5313 2173 5351 non
2206 5297 2341 5352 satis
2369 5296 2750 5360 intellexerint,
2781 5296 3026 5365 quaedam
3067 5295 3350 5365 utriusque
3375 5291 3484 5346 Te-

247 5364 525 5435 Svsetzno.
843 5433 868 5435 _
968 5363 996 5435 ί
1113 5432 1130 5435 _
1200 5432 1222 5435 Α
1391 5363 1450 5435 χ
1926 5367 2180 5421 stameuti
2229 5367 2346 5422 loca
2387 5365 2623 5431 adducit,
2667 5366 2720 5419 in
2751 5363 2950 5435 qnibus
2977 5364 3288 5420 Judaeorum
3332 5363 3484 5432 igno-

327 5434 445 5505 (ἶῖ)
481 5436 774 5505 Δύναμις.
841 5433 1078 5502 Respicit
1111 5432 1131 5485 Ι
1186 5432 1311 5488 Cor.
1338 5449 1377 5498 ι,
1423 5431 1495 5488 21
1529 5454 1540 5488 :
1587 5435 1808 5505 Χριστὸι

1924 5437 2101 5490 rantia
2133 5437 2459 5505 reprehensa
2487 5445 2589 5490 est.

244 5499 677 5576 θεφὶῖδύναμινζ
708 5499 800 5558 καὶ
824 5499 961 5576 Θεοῦ
993 5505 1201 5576 σοφίαν.
1309 5573 1321 5576 Δ
1642 5499 1653 5505 ’
1697 5573 1700 5576 Δ

1928 5505 2103 5576 ,(76)
2150 5499 2479 5576 Χρήσηται.
2519 5505 2728 5576 Χρῆται
2774 5503 2915 5573 apud
2943 5503 3188 5558 Paulum.
3239 5499 3384 5567 Mox,
3433 5499 3484 5554 οί

327 5573 441 5642 (75)
485 5573 796 5643 Ἐλεήμων.
856 5573 968 5630 Ηοο
1009 5575 1175 5635 addit,
1211 5581 1268 5628 u-t
1308 5573 1700 5630 hereticorum
1727 5589 1808 5628 ar-

1921 5573 1997 5639 δέ,
2023 5575 2318 5628 Clementis
2355 5573 2778 5642 additamentum
2806 5585 2910 5629 est.

244 5632 516 5725 gumento
547 5632 816 5708 occurrat,
843 5632 1348 5725 negantium—legem
1373 5659 1401 5725 ει
1427 5645 1567 5725 bono
1597 5644 1706 5725 Deo
1731 5646 1808 5699 da!

1977 5632 2225 5725 μη·ρῆ
2243 5632 2473 5698 νοοῦσι.
2504 5645 2593 5725 μὴ
2623 5643 2864 5725 vocula-reg
2893 5642 3032 5724 apud
3056 5641 3304 5721 Paulum.
3328 5632 3483 5725 Dein,

242 5708 381 5784 iant
400 5711 594 5784 fuisse.
622 5730 688 5769 eo
720 5714 860 5784 quod
901 5708 1147 5784 timorem
1183 5708 1354 5784 poenae
1387 5714 1672 5784 incuteret.

1923 5708 2057 5783 μήτε
2085 5708 2143 5767 ’ἃ
2171 5713 2406 5784 λέγουσι,
2434 5708 2594 5784 Δμήτε.
2648 5730 2704 5766 π.
2740 5711 2858 5767 Mox
2885 5753 2900 5779 ,
2928 5708 3055 5782 ’τῆς
3116 5708 3485 5782 παραγγελίας

325 5781 439 5850 (Η)
486 5781 912 5854 Ἑλεημοὰιεναι
941 5783 992 5835 δ.
1038 5781 1418 5852 Ἐλεημοσύναι
1466 5785 1554 5836 καὶ
1614 5783 1819 5847 πίστεις
1922 5781 2064 5836 ἐστὶν
2100 5783 2306 5853 ἀγάπη.
2341 5781 2466 5836 Ibid.

1930 4948 2003 5018 μὴ
2032 4946 2426 5028 ὲκλειπὲτωσάν
2456 4963 2535 5011 σε,
2569 4945 2848 5013 Proverb.,
2882 4947 2974 5002 ubi
3006 4962 3130 5001 mox
3165 4945 3257 4998 ἐπὶ
3293 4944 3369 5014 σῷ
3397 4962 3481 5016 τρ.

1927 5019 2181 5090 prosapi
2213 5019 2291 5086 σῷ
2321 5033 2407 5087 τρο

1999 5084 2510 5157 (75)”Προφη’τεία.
2565 5085 2646 5142 Ad
2699 5088 2781 5150 id.
2828 5087 2972 5156 quod
3018 5086 3248 5157 dixerat.
3285 5084 3483 5140 confir-
