3970 6520
229 367 338 425 953

1517 366 1947 424 STROMATUM
1984 368 2116 426 ΗΒ.
2158 368 2219 424 ll.

3387 375 3490 430 954

187 525 210 531 _
230 482 416 537 ταῖσδε
447 484 496 536 οῖ
528 483 878 556 Πανέλληνες,
905 487 980 550 ὡς
1016 487 1296 556 μεγίσταις
1321 485 1670 559 ἐπιστήμαις.
1709 492 1813 556 ’³ος

1916 490 2273 560 Consequens
2296 501 2478 548 autem
2503 503 2608 559 est,
2641 499 2700 548 ut
2731 493 3170 564 disciplinarum,
3199 495 3293 566 qui
3323 509 3488 549 voca-

229 574 283 626 δ⁴
319 573 550 643 ἐλέγχει
585 575 736 645 μετὰ
765 579 1124 646 παρῤησίας,
1153 579 1529 646 είρηνοποιεῖ.
1563 581 1812 649 Ἔφαμεν

229 663 288 718 δὲ
345 665 601 730 πολλάκις
810 671 946 740 μήτε
998 670 1464 742 μεμελετηκέναι,
1519 673 1654 744 μήτε
1707 673 1813 744 μὴν

231 760 578 830 ἐπιτηδεύειν
637 760 962 834 ἑλληνίζειν·
999 763 1182 816 ἱκανὸν
1218 764 1327 836 γὰρ
1359 765 1422 836 δὴ
1462 765 1642 828 τοῦτο,
1677 768 1815 819 ἀπο-

229 847 583 918 δημαγωγεῖν
628 852 727 922 τῆς
765 852 1022 924 ἀληθείας
1067 856 1195 918 τοὺς
1241 855 1496 920 πολλούς·
1522 858 1587 910 τὸ
1639 858 1696 911 δὲ
1735 859 1813 930 τῷ

229 939 348 992 δντι
377 940 746 1012 φιλοσόφημα,
778 943 876 995 οὐκ
911 946 991 1005 είς
1027 944 1128 1014 τὴν
1161 945 1434 1013 γλῶσσαν,
1465 947 1578 999 ἀλλ’
1605 951 1684 1012 εἰς
1715 949 1812 1021 τὴν

229 1033 459 1103 γνώμην
488 1032 670 1104 ὀνήσει
719 1036 843 1098 τους
885 1036 1189 1100 ὲπαῒοντας.
1235 1039 1326 1090 Δεῖ
1374 1040 1442 1105 δ’,
1476 1035 1628 1110 οἶμαι
1655 1082 1669 1105 ,
1722 1043 1812 1096 τὸν

230 1123 490 1196 ἀληθείας
517 1125 810 1196 κηδόμενον
854 1129 954 1181 οὐκ
981 1128 1040 1194 ἐξ
1084 1129 1374 1200 ὲπιὸουλῆς
1408 1134 1500 1185 καὶ
1533 1134 1812 1206 φροντίδος

228 1216 333 1288 τὴν
366 1217 564 1288 φράσιν
602 1218 901 1272 συνθεῖναι·
937 1221 1226 1293 πειρᾶσθαι
1249 1223 1306 1274 δὲ
1334 1224 1618 1294 ὀνομάζειν
1654 1226 1812 1296 μόνον

228 1309 309 1372 ὡς
339 1309 581 1373 δύναται,
611 1310 640 1364 ὃ
685 1310 960 1380 βούλεται·
1010 1316 1137 1378 τοὺς
1183 1314 1292 1388 γὰρ
1324 1316 1432 1369 τῶν
1464 1315 1660 1381 λέξεων
1693 1321 1813 1388 ὲχο-

235 1401 432 1470 μένους
454 1401 548 1455 καὶ
585 1405 713 1474 περὶ
745 1403 946 1467 ταύτας
976 1406 1405 1476 ἀσχολουμένους
1447 1407 1812 1479 διαδιδράσκει

227 1493 301 1575 τά
328 1494 644 1566 πράγματα.
679 1496 929 1568 Γεωργοῦ
967 1498 1062 1568 μὲν
1087 1494 1178 1552 οὖν
1201 1500 1332 1553 ἴδιον
1362 1502 1424 1553 τὸ
1463 1503 1521 1553 ὲν
1549 1501 1812 1566 ἀκάνθαις

229 1584 502 1656 φυόμενον
547 1587 695 1658 ῥόδον
741 1587 992 1652 ἀϐλαϐῶς
1024 1589 1234 1643 λαϐεῖν·
1273 1593 1366 1644 καὶ
1405 1593 1672 1662 τεχνίτου,
1719 1594 1810 1646 τὸν

229 1681 292 1733 ἐν
325 1680 555 1754 ὀστρείῳ
586 1682 749 1755 σαρκὶ
787 1681 895 1754 (15)
927 1684 1418 1754 κατορωρυγμένον
1466 1684 1809 1756 μαργαρίτην

227 1775 490 1847 ἐξευρεῖν.
517 1776 653 1830 Φασὶ
688 1775 744 1828 δὲ
787 1777 880 1828 καὶ
918 1775 1016 1838 τὰς
1045 1775 1262 1846 ὅρνιθας
1296 1776 1515 1847 ἡδίστην
1543 1776 1684 1847 ἔχειν
1710 1777 1810 1848 τὴν

229 1869 434 1940 σαρκὸς
461 1869 742 1939 ποιότητα,
779 1869 890 1932 ὅτε,
927 1869 1027 1922 ούκ
1059 1868 1291 1937 ἀφθόνου
1335 1869 1541 1939 τροφῆς
1570 1886 1808 1940 παρατε-

225 1959 416 2030 θείσης
447 1961 666 2025 αὐταῖς,
698 1961 814 2015 αἵδε
868 1960 1229 2015 σκαλεύουσαι
1284 1964 1398 2024 τοῖς
1431 1962 1588 2014 ποσὶν
1607 2002 1620 2026 ,
1664 1961 1815 2015 ὲκλέ-
1847 1931 1886 1984 Β

225 2068 415 2120 γονται
445 2052 581 2123 μετά
604 2053 767 2106 πόνου
792 2053 891 2116 τὰς
923 2053 1150 2124 τροφάς.
1188 2051 1256 2104 El
1281 2069 1364 2114 τις
1388 2048 1480 2105 οὖν
1513 2053 1606 2106 τοῦ
1629 2054 1813 2124 ὁμοίου

224 2142 563 2214 θεωρητικὸς
596 2145 654 2196 ὲν
682 2144 895 2207 πολλοῖς
925 2145 1039 2206 τοῖς
1070 2141 1318 2206 πιθανοῖς
1343 2159 1401 2194 τε
1432 2143 1528 2194 καὶ
1570 2142 1814 2210 Ἐλληνι-

223 2239 346 2300 κοῖς
368 2236 428 2289 τὸ
463 2236 660 2307 ἀληθὲς
685 2235 1054 2307 διαλεληθέναι
1073 2238 1180 2308 (16)
1218 2236 1395 2299 ποθεῖ,
1431 2235 1682 2306 καθάπερ
1713 2233 1818 2287 ὑπὸ

219 2332 341 2394 τοῖς
383 2327 792 2399 μορμολυκείοις
822 2328 883 2382 τὸ
925 2331 1215 2402 πρόσωπον
1242 2329 1303 2382 τὸ
1349 2327 1620 2401 ἀληθινὸν,
1655 2325 1821 2380 πολυ-

222 2422 642 2493 πραγμονήσας,
667 2420 978 2492 θηράσεται.
994 2424 1131 2494 Φησὶ⁸
1158 2421 1266 2493 γὰρ
1298 2423 1354 2475 ὲν
1381 2420 1458 2492 τῷ
1479 2419 1713 2491 ὁράματι
1739 2418 1816 2489 τῷ

234 2511 415 2581 Ἑρμᾷ
449 2513 482 2582 ἡ
513 2510 753 2581 Δύναμις
796 2513 824 2582 ἡ
853 2514 1102 2582 φανεῖσα·
1139 2513 1208 2564 Ὀ
1236 2511 1344 2564 ἐὰν
1368 2509 1676 2578 ἐνδέχεταί
1697 2508 1808 2580 (17)

219 2620 329 2656 σοι
355 2603 880 2674 ἀποκαλυφθῆναι,
909 2603 1506 2672 ἀποκαλυφθήσεται.

1917 597 2026 648 tur,
2077 585 2226 639 orbis
2274 585 2628 640 ostendamus
2679 601 2842 657 quam
2895 589 2967 642 sit
3021 589 3275 643 inutilis:
3318 597 3372 643 et
3423 588 3491 642 de

1916 674 2235 744 astrologia,
2279 676 2688 741 mathematica,
2733 685 2788 730 et
2827 677 3057 748 magica,
3090 689 3146 734 et
3178 659 3489 750 prastigiis,

1915 766 2120 821 cursim
2151 776 2234 820 est
2279 783 2308 820 a
2353 766 2510 821 nobis
2552 768 2920 824 tractandum.
2954 769 3030 823 De
3068 771 3136 825 iis
3177 772 3348 833 enim,
3374 781 3491 825 tan-

1915 873 2078 927 quam
2121 858 2375 912 maximis
2407 859 2676 924 scientiis,
2719 874 2911 914 omnes
2945 859 3118 915 Grazci
3165 876 3223 915 se
3252 862 3486 926 iactant.

1917 952 2021 1016 Qui
2051 961 2227 1004 autem
2263 950 2422 1004 libere
2464 952 2812 1021 reprehendit,
2846 964 2925 1008 est
2967 955 3221 1022 paciﬁcus
3244 964 3294 1006 α.
3333 951 3488 1023 Saepe

1915 1051 2097 1097 autem
2148 1043 2406 1107 diximus,
2460 1060 2638 1113 neque
2691 1061 2790 1100 nos
2842 1055 2901 1100 ut
2948 1045 3132 1100 Graece
3195 1047 3488 1115 loquamur

1915 1143 2130 1187 nosmet
2171 1135 2503 1200 exercuisse,
2555 1151 2732 1206 neque
2780 1137 2832 1190 in
2867 1154 2932 1192 eo
2979 1137 3222 1191 studium
3259 1153 3488 1207 ponere.

1914 1226 2029 1282 Hoc
2061 1229 2206 1282 enim
2235 1228 2341 1282 illis
2371 1229 2610 1297 prodest,
2646 1233 2738 1298 qui
2774 1231 2969 1300 vulgus
3005 1245 3034 1283 a
3064 1230 3291 1284 veritate
3324 1230 3493 1283 abdu-

1914 1326 2064 1372 cunt.
2111 1317 2246 1372 Vera
2292 1327 2478 1373 autem
2537 1321 2913 1389 philosotihia,
2962 1338 3070 1375 non
3119 1330 3228 1374 tam
3277 1321 3492 1390 linguas

1914 1411 2278 1476 audientium,
2313 1428 2476 1480 quam
2512 1425 2722 1468 tuentes
2747 1414 2922 1483 juvat.
2956 1415 3179 1483 Oportet
3201 1423 3405 1480 autem,
3434 1421 3494 1468 ut.

1917 1504 2130 1572 opinor,
2162 1519 2312 1570 eum,
2344 1505 2436 1572 qui
2470 1519 2657 1558 curam
2691 1507 2828 1575 gerit
2852 1506 3110 1570 veritatis,
3140 1511 3196 1568 ὦ
3227 1521 3331 1559 nou
3357 1505 3493 1559 arti-

1917 1596 2104 1649 ficiose
2151 1604 2204 1648 et
2255 1596 2418 1665 longo
2469 1596 2650 1649 studio
2702 1596 3003 1663 composita
3057 1595 3305 1650 oratione
3375 1595 3489 1660 uti;

1918 1685 2009 1738 sed
2066 1685 2251 1737 conari
2312 1694 2521 1737 tantum
2583 1685 2657 1750 id,
2719 1685 2862 1753 quod
2915 1684 3051 1749 vult,
3113 1683 3492 1752 qualicunque

1917 1785 2092 1845 potest
2138 1777 2302 1831 modo
2368 1792 2663 1846 exponere.
2722 1775 2830 1830 Eos
2887 1776 3068 1839 enim,
3129 1775 3222 1844 qui
3283 1774 3492 1827 haerent

1914 1870 2268 1934 dictionibus,
2308 1878 2363 1924 et
2400 1870 2455 1923 in
2497 1870 2577 1924 eis
2614 1879 2742 1925 sunt
2767 1870 3040 1939 occupati,
3073 1886 3156 1924 res
3184 1871 3315 1939 ipsa:
3357 1869 3493 1924 etfu-

1917 1960 2091 2030 giunt.
2117 1961 2294 2030 Atque
2321 1961 2576 2032 agricolze
2598 1962 2815 2030 quidem
2841 1972 2924 2014 est
2950 1962 3249 2031 proprium,
3284 1947 3492 2026 rosam,

1915 2067 2037 2120 quae
2068 2052 2121 2104 in
2146 2052 2323 2120 spinis
2355 2052 2621 2118 nascitur,
2648 2053 2789 2106 citra
2820 2067 3018 2105 noxam
3042 2067 3296 2121 carpere;
3338 2052 3494 2105 simi-

1915 2142 2039 2196 liter
2069 2152 2120 2198 et
2174 2144 2422 2207 artilicis,
2466 2159 2610 2208 eam,
2645 2160 2766 2214 qua:
2796 2145 2848 2197 in
2887 2144 3052 2197 ostrei
3091 2160 3256 2197 carne
3285 2143 3492 2197 infossa

1918 2244 2022 2298 est,
2049 2236 2398 2306 margaritam
2432 2236 2695 2291 invenire.
2734 2235 3045 2301 Quinetiam
3077 2236 3233 2288 aiunt
3261 2235 3494 2306 gallinas

1919 2343 2140 2398 quoque
2183 2343 2403 2382 carnem
2447 2327 2648 2381 habere
2695 2327 3104 2392 suavissimam,
3149 2325 3369 2396 quando
3409 2325 3493 2379 eis

1922 2435 2032 2473 non
2086 2421 2344 2488 copiosus
2411 2419 2690 2488 appositus
2745 2407 3150 2482 fuerit'cibus,
3208 2417 3313 2471 sed
3363 2417 3496 2485 ipsa:

1920 2511 2152 2582 pedibus
2179 2511 2466 2574 fodientes,
2497 2527 2620 2565 cum
2654 2510 2840 2565 labore
2861 2511 3182 2563 alimentum
3209 2507 3492 2578 colligunt.

1920 2601 1976 2656 Si
2003 2603 2128 2671 quis
2156 2617 2286 2672 ergo
2330 2602 2713 2656 verisimilium
2757 2601 3206 2671 contemplationi
3247 2601 3491 2662 deditus,

217 2701 378 2768 cupit
413 2700 466 2754 in
521 2700 709 2756 multis
761 2701 1159 2769 probabilibus,
1214 2701 1394 2768 iisque
1441 2697 1670 2762 Graecis,
1719 2698 1794 2764 id,
1857 2699 2002 2768 quod
2044 2713 2231 2753 verum
2274 2706 2377 2762 est,
2421 2698 2692 2767 persequi,
2747 2698 2891 2752 haud
2949 2697 3231 2752 dissimilis
3269 2696 3375 2750 erit
3419 2695 3494 2760 ei,

213 2796 323 2867 qui
387 2808 576 2848 verum
642 2791 852 2848 vultum
911 2791 1077 2845 larvis
1145 2791 1420 2845 obtectum
1487 2789 1798 2844 discernere
1845 2789 2061 2860 satagit.
2127 2787 2270 2843 Dicit
2312 2789 2484 2856 enim,
2531 2804 2652 2859 qua:
2696 2786 2908 2843 Hermae
2977 2789 3030 2842 iu
3079 2789 3289 2844 visione
3337 2803 3488 2860 appa-

218 2889 360 2955 ruit,
388 2887 641 2944 Potestas
671 2905 686 2942 :
724 2886 878 2952 Quod
917 2887 1014 2940 tibi
1042 2886 1296 2956 contingit
1331 2885 1573 2953 revelari,
1608 2884 1945 2941 revelabitur.

1209 2985 1218 2989 ’
1687 3020 1918 3076 CAPUT
1960 3021 2025 3077 ιι.

1085 3145 1192 3202 Per
1222 3149 1381 3218 ﬁdem
1407 3147 1577 3202 solam
1598 3147 1667 3200 ad
1694 3147 1788 3200 Dei
1817 3147 2167 3221 cognitionem
2194 3147 2452 3216 perveniri
2473 3161 2642 3216 posse.

311 3267 437 3322 Ἐπὶ
482 3265 552 3321 δὲ
588 3263 674 3334 σῇ
706 3266 891 3335 σοφίᾳ
938 3265 1024 3334 μὴ
1055 3267 1304 3336 ἐπαίρου
1327 3306 1342 3331 ,
1401 3268 1471 3320 ai‘
1506 3265 1802 3336 Παροιμίαι

1919 3327 1922 3330 ,
1983 3267 2206 3336 Propter
2250 3276 2396 3319 tuam
2430 3275 2605 3318 autem
2651 3280 2713 3317 ne
2763 3262 3005 3332 eﬂ‘eraris
3037 3261 3381 3331 sapientiam,
3412 3260 3497 3314 di-

218 3362 480 3430 λέγουσιν
500 3377 513 3390 ·
545 3360 619 3412 ἐν
651 3357 875 3425 πάσαις
897 3356 965 3410 δὲ
997 3356 1159 3424 ὁδοῖς
1186 3357 1421 3428 γνώριζέ
1451 3356 1559 3428 (18)
1592 3357 1806 3425 αὐτὴν,

219 3455 329 3507 ἵνα
359 3450 651 3522 ὀρθοτομῇ
676 3452 784 3517 τὰς
825 3451 1004 3517 ὁδούς
1035 3465 1173 3514 σου,
1225 3453 1257 3504 ό
1300 3449 1368 3503 δὲ
1394 3450 1549 3515 ποῦς
1584 3465 1700 3503 σου
1739 3451 1810 3503 σὺ

217 3547 308 3619 μὴ
333 3547 705 3616 προσκόπτῃ.
731 3544 989 3598 Βούλεται
1017 3544 1114 3614 μὲν
1137 3543 1244 3615 γὰρ
1272 3541 1360 3596 διὰ
1383 3541 1587 3595 τούτων
1617 3540 1806 3608 δεῖξαι,

219 3635 497 3689 ἀκόλουθα
524 3635 636 3688 δεῖν
670 3632 923 3702 γενέσθαι
967 3633 1046 3704 τῷ
1090 3632 1233 3702 λόγῳ
1271 3631 1339 3684 τά
1384 3631 1552 3702 ἔργα·
1603 3631 1702 3701 ἤδη
1754 3630 1809 3683 δὲ

218 3728 534 3799 ἐμφαίνειν,
566 3725 763 3799 χρῆναι
808 3726 871 3779 τὸ
904 3725 964 3791 ἐξ
1007 3726 1224 3794 ἀπάσης
1270 3722 1515 3786 παιδείας
1541 3724 1810 3795 χρήσιμον

221 3817 786 3888 ὲκλεγομένουςὴμᾶς
815 3816 978 3887 ἔχειν·
1014 3817 1070 3869 αἱ
1099 3814 1163 3885 δὴ
1190 3814 1299 3867 ὁδον⁵
1322 3813 1512 3881 σοφίας
1545 3811 1807 3875 ποικίλαι,

217 3912 544 3983 ὀρθοτομεῖν
593 3910 686 3963 ἐπὶ
715 3910 816 3981 τὴν
858 3909 974 3963 ὁδὸν
1022 3907 1123 3979 τῆς
1165 3904 1452 3976 ἀληθείας·
1513 3903 1630 3967 ὁδὸς
1663 3903 1719 3956 δὲ
1773 3904 1807 3972 ἡ

219 4003 436 4066 πίστις.
478 4005 541 4054 '0
577 4002 645 4055 δὲ
691 4001 848 4068 ποῦς
881 4017 996 4055 σου
1037 3999 1122 4069 μὴ
1167 3994 1624 4066 προσκοπτέτω,
1659 3995 1805 4062 λέγει

222 4098 357 4168 περί
387 4113 547 4149 τινων
585 4095 958 4148 ἐναντιοῦσθαι
990 4092 1288 4146 δοκούντων
1326 4093 1391 4162 τῇ
1429 4091 1527 4162 μιᾷ
1565 4090 1656 4142 καὶ
1690 4089 1809 4161 θείᾳ

219 4194 291 4260 τῇ
332 4190 662 4261 προνοητικῇ
711 4188 995 4258 διοικήσει.
1054 4183 1213 4237 Ὅθεν
1259 4183 1486 4251 ἐπάγει·
1541 4181 1636 4248 Μὴ
1687 4180 1808 4234 ἴσθι

217 4284 516 4354 φρόνιμος
547 4281 709 4350 παρὰ
750 4278 1006 4344 σεαυτῷ,
1050 4277 1188 4330 κατά
1239 4277 1365 4340 τοὺς
1415 4274 1608 4336 ἀθέους
1661 4275 1812 4340 λογι-

222 4375 402 4447 σμοὺς
433 4373 558 4437 τοὺς
588 4368 1029 4433 ἀντιπασιὼδεις
1074 4373 1142 4440 τῇ
1181 4368 1466 4438 οἰκονομίᾳ
1510 4365 1605 4418 τοῦ
1636 4365 1770 4419 Θεοῦ
1797 4383 1809 4394 ·

220 4466 421 4522 Φοϐονῦ
454 4466 521 4520 δὲ
544 4467 633 4518 τὸν
675 4467 833 4536 μόνον
855 4463 1076 4517 δυνατὸν
1109 4463 1256 4516 Θεόν
1275 4479 1286 4490 ·
1318 4455 1361 4529 ᾧ
1404 4461 1614 4525 ἕπεται,
1650 4459 1813 4530 μηδὲν

1913 3366 2044 3412 ειιηι
2093 3355 2385 3410 Proverbia
2433 3375 2447 3407 ;
2478 3355 2553 3434 ‘in
2595 3353 2834 3406 omnibus
2892 3361 3068 3405 autem
3119 3352 3217 3405 viis
3272 3366 3496 3417 agnosce

1911 3447 2103 3515 ipsam,
2123 3457 2179 3499 ut
2210 3454 2350 3498 recto
2391 3443 2606 3498 tramite
2633 3443 2833 3513 dirigat
2865 3443 2976 3496 vias
3015 3454 3155 3507 tuas,
3197 3457 3284 3510 pes
3313 3451 3494 3494 autem

1915 3548 2034 3592 tuus
2070 3555 2133 3591 ne
2179 3537 2431 3606 offendat.
2500 3534 2625 3589 Vult
2690 3536 2834 3590 enim
2875 3551 2970 3604 per
3018 3535 3134 3589 hare
3182 3533 3494 3600 ostendere,

1911 3640 2162 3700 oportere
2201 3646 2367 3700 opera
2400 3644 2521 3684 esse
2562 3626 2760 3681 rationi
2804 3625 3228 3689 convenientia;
3270 3632 3324 3679 et
3354 3639 3498 3693 prte-

1913 3729 2056 3776 terea
2099 3737 2198 3774 nos
2275 3728 2529 3789 oportere
2576 3733 2643 3772 ex
2697 3717 2848 3771 omni
2894 3718 3143 3770 doctrina
3193 3716 3393 3786 eligere
3441 3714 3497 3769 id

1913 3812 2066 3881 quod
2109 3821 2194 3866 est
2223 3811 2372 3866 utile.
2445 3810 2587 3864 Sunt
2629 3818 2810 3863 autem
2855 3809 2957 3862 via:
2999 3807 3281 3876 sapientia:
3308 3807 3495 3870 variae,

1911 3911 1970 3956 ut
2003 3911 2151 3957 recto
2198 3902 2415 3957 tramite
2446 3901 2767 3955 incedamus
2795 3900 2861 3954 ad
2910 3900 3052 3954 viam
3091 3899 3359 3953 veritatis.
3393 3897 3496 3954 Via

1911 4006 2092 4050 autem
2123 4005 2207 4050 est
2243 3996 2395 4050 tides.
2440 3993 2541 4048 Pes
2583 4003 2760 4046 autem
2802 4003 2922 4070 tuus
2968 4007 3072 4045 non
3114 3991 3373 4059 offendat,
3417 3992 3496 4044 ait

1921 4089 1987 4143 de
2045 4087 2362 4157 aliquibus,
2426 4089 2520 4156 qui
2579 4084 2904 4138 videbantur
2977 4082 3258 4137 adversari
3333 4081 3494 4135 unius

1917 4179 2115 4234 divina:
2149 4178 2504 4248 providentiae
2545 4174 3033 4230 administrationi.
3070 4171 3224 4227 Unde
3261 4171 3495 4241 subjun-

1918 4272 1994 4342 git
2026 4289 2040 4325 :
2075 4270 2158 4323 Ne
2185 4271 2259 4322 sis
2286 4270 2495 4338 sapiens
2529 4269 2668 4337 apud
2709 4268 2952 4336 teipsum,
2980 4281 3075 4336 per
3102 4264 3299 4334 impias
3337 4263 3494 4318 scili-

1915 4373 2002 4417 cet
2041 4362 2302 4423 rationes,
2335 4376 2456 4430 qua:
2483 4361 2747 4414 adversus
2795 4355 2890 4412 Dei
2926 4356 3328 4427 providentiam
3358 4369 3494 4408 con-

1917 4457 2164 4511 tendunt.
2210 4453 2356 4508 Time
2405 4461 2582 4507 autem
2625 4451 2812 4518 Deum,
2837 4451 2930 4520 qui
2964 4450 3115 4506 solus
3142 4458 3225 4505 est
3257 4459 3490 4517 potens:

219 4557 658 4628 ἀντικεῖσθαιτῷ
679 4557 818 4628 Θεῷ.
863 4554 1073 4619 Ἄλλως
1101 4572 1160 4607 τε
1189 4555 1284 4607 καὶ
1317 4555 1349 4623 ἡ
1383 4551 1647 4622 ἐπαγωγὴ
1673 4550 1812 4604 διδά-

1917 4550 2007 4604 ευί
2057 4557 2139 4602 εει
2199 4561 2588 4615 consequens,
2653 4544 2762 4600 Deo
2834 4557 3116 4612 nunquam
3191 4541 3491 4595 adversari.

221 4671 351 4709 σκει
379 4651 585 4722 σαφῶς,
603 4651 686 4703 ὅτι
709 4653 741 4703 ό
768 4648 925 4714 θεῖος
946 4649 1129 4717 φόϐος
1149 4647 1426 4711 ἔκκλισις
1453 4646 1583 4699 ἐστι
1604 4643 1811 4698 κακοῦ.

1919 4639 2232 4707 Quinetiam
2282 4639 2425 4709 quod
2483 4638 2752 4706 sequitur,
2800 4644 2986 4706 aperte
3029 4650 3249 4704 quoque
3294 4633 3492 4695 docet,

217 4747 368 4816 Φησὶ
399 4746 536 4816 γάρ·
568 4742 680 4798 Καὶ
702 4743 986 4796 ἐκκλινον
1017 4739 1134 4794 ἀπὸ
1164 4738 1392 4805 παντὸς
1423 4737 1632 4791 κακοῦ.
1664 4734 1812 4806 Αὕτη

220 4839 450 4893 παιδεία
477 4837 669 4908 σοφίας
688 4855 701 4866 ·
739 4839 848 4889 Ὃν
877 4833 987 4904 γὰρ
1017 4831 1220 4904 ἀγαπᾷ
1241 4833 1475 4900 Κύριος,
1508 4828 1776 4883 παιδεύει
1797 4845 1810 4857 ·

220 4934 417 5002 ἀλγεῖν
458 4933 554 5003 μὲν
592 4930 763 4984 ποιῶν
808 4931 888 4992 εἰς
932 4926 1167 4990 σύνεσιν,
1209 4924 1582 4988 ἀποκαθιστάς
1626 4923 1681 4975 δὲ
1734 4922 1815 4984 είς

219 5028 454 5098 εἰρήνην
485 5026 580 5079 καὶ
609 5022 932 5094 ἀφθαρσίαν.
988 5022 1051 5074 Ἡ
1088 5020 1184 5091 μὲν
1227 5015 1320 5072 οὖν
1355 5017 1626 5088 βάρϐαρος
1661 5015 1811 5086 φιλο-

220 5117 416 5186 σοφία,
463 5117 528 5186 ῆν
573 5115 880 5186 μεθέπομεν
928 5113 1122 5182 ἡμεῖς,
1172 5109 1351 5162 τελεία
1405 5107 1482 5178 τῷ
1540 5107 1650 5160 ὄντι
1717 5105 1809 5158 καὶ

220 5209 460 5281 ἀληθής.
505 5208 642 5280 Φησὶ
697 5206 827 5276 γοῦν
879 5208 936 5259 ὲν
986 5209 1053 5276 τῇ
1104 5202 1298 5274 Σοφίᾳ·
1332 5201 1524 5266 Αὐτὸς
1571 5199 1679 5270 γάρ
1707 5216 1809 5268 μοι

1922 4733 2063 4802 quod
2098 4731 2191 4784 Dei
2229 4733 2414 4794 timor,
2465 4738 2541 4782 est
2589 4728 2717 4781 mali
2756 4727 3066 4781 declinatio.
3110 4723 3253 4779 Dicit
3291 4723 3438 4778 enim
3474 4741 3488 4776 :

1917 4825 1988 4881 Et
2018 4823 2228 4877 declina
2267 4824 2330 4874 ab
2370 4822 2512 4875 omni
2557 4820 2717 4875 malo.
2767 4819 2892 4875 [iam
2938 4830 3025 4874 est
3055 4815 3353 4887 disciplina
3399 4831 3494 4869 sa-

1915 4916 2151 4989 pientiae.
2202 4913 2368 4980 Quem
2423 4913 2561 4966 enim
2604 4912 2783 4984 diligit
2833 4895 3112 4970 Dominus,
3175 4908 3493 4977 castigatb;
3569 4945 3571 4948 ‹

1915 5003 2160 5060 alliciens
2207 5003 2427 5072 quidem
2477 5002 2671 5057 dolore
2732 5011 2793 5057 ut
2837 5001 3143 5070 intelligat,
3198 4997 3495 5052 restituens

1916 5109 2099 5154 autem
2135 5099 2202 5152 ad
2253 5112 2442 5167 pacem
2492 5105 2548 5150 et
2582 5096 3071 5164 incorruptionem.
3103 5090 3344 5145 Barbara
3392 5089 3497 5142 ita—

1915 5209 2042 5262 que,
2086 5206 2250 5260 quam
2292 5204 2402 5243 "nos
2459 5199 2752 5252 sectamur,
2797 5169 3162 5257 philosophia,
3213 5197 3340 5237 vera
3386 5190 3491 5245 est,

319 5351 380 5408 »Β
423 5343 485 5398 Ρ.
526 5344 631 5399 450
669 5343 777 5399 ED.
818 5343 1111 5410 POTTER,
1151 5345 1257 5401 560
1289 5345 1400 5402 ΕΙ).
1433 5344 1656 5402 PARIS.
1733 5359 1761 5388 ι
1786 5344 1827 5400 Ρ

1916 5345 2045 5402 γει-ι).
2087 5359 2144 5408 x,
2178 5340 2248 5396 i0
2279 5356 2390 5398 sec.
2427 5341 2590 5399 LXX.
2667 5344 2696 5384 ι)
2721 5343 2883 5396 Prov.
2919 5355 3016 5406 ιιι,
3049 5337 3101 5404 5,
3127 5336 3180 5400 6,
3210 5337 3261 5401 7,
3289 5335 3378 5402 12,
3405 5334 3496 5391 25.

304 5497 422 5566 (15)
456 5497 552 5550 ‘Er
577 5497 822 5565 ὀστρείῳ
847 5507 910 5549 σ.
936 5492 1062 5566 Legi
1088 5491 1252 5566 etiam
1279 5499 1455 5566 potest
1483 5491 1542 5542 ὲν
1565 5491 1810 5564 ὀστρείου

225 5561 422 5646 σαρκί·
455 5576 508 5646 ει
532 5561 868 5646 ιηοχςιιὶνὶεε
898 5563 1044 5646 αίΔδὲ
1070 5562 1238 5646 ,σκαλέ
1279 5561 1573 5646 ξιιεριιρκ
1624 5561 1677 5646 ﬁ;

304 5628 423 5706 (16)
475 5636 916 5707 Δια-λεληθέναι.
961 5635 1156 5704 Aptius
1208 5630 1350 5687 forte
1404 5628 1805 5704 διεληλυθέναι,

221 5708 534 5777 pervadere.
559 5707 633 5761 lo.

301 5778 420 5847 H7)
452 5779 511 5830 Ὅ
537 5778 646 5832 ἐὰν
676 5776 993 5842 ἐνδέχεται.
1031 5772 1296 5847 Usitatius
1322 5773 1351 5826 ὃ
1378 5771 1473 5826 ὲάν
1502 5771 1804 5841 ἐνδέχηται,

1910 5489 2052 5561 apud
2099 5485 2382 5561 ﬂet-mam,
2427 5486 2643 5561 Pastor.
2691 5488 2785 5561 lib.
2819 5504 2860 5556 ι,
2885 5490 2988 5544 vis.
3022 5491 3077 5555 5,
3105 5506 3226 5561 pag.
3258 5491 3324 5546 79
3359 5493 3494 5549 edit.

1909 5557 2208 5612 Amstelod.
2255 5561 2346 5611 Ait
2377 5557 2504 5611 milii
2535 5573 2554 5610 :
2579 5557 2934 5624 Quodcunque
2958 5557 3246 5621 oportuerit
3279 5563 3374 5617 tibi
3411 5580 3496 5618 re-

1910 5629 2096 5691 velari,
2136 5628 2472 5681 revelabitur.

1981 5697 2480 5771 (18)_‘Er_{:zci0atc
2513 5697 2581 5750 δὲ
2608 5697 2771 5766 ὁδοῖς
2806 5719 2860 5770 γ.
2891 5701 3098 5766 Πάσαις
3135 5701 3270 5767 ὁδοῖς
3304 5720 3397 5756 σου
3432 5720 3486 5771 γ.

1905 5768 2164 5840 Ρι·ον.λ1ιι
2211 5768 2286 5840 iis
2316 5783 2440 5840 quae
2483 5768 2821 5836 sequuntur,
2857 5771 3072 5827 diversa
3109 5773 3354 5840 ejusdem
3398 5768 3491 5830 ca-

220 5831 580 5914 sulijunctivo
621 5831 1105 5903 modo."5vr.nuat3.
1128 5875 1196 5885 —
1224 5843 1348 5900 Hanc
1393 5857 1556 5912 porro
1590 5831 1805 5897 εὲἐῑιιιιι
1906 5840 2034 5907 pitis
2070 5831 2490 5894 Proverbiorum
2512 5831 2784 5895 collimata
2809 5831 3184 5898 commiscuit.
