3970 6518
351 375 452 435 9H

1613 344 2053 432 ‘srnomrnu
2105 377 2233 432 LIB.
2273 378 2336 434 ιι.

3504 374 3608 429 9ιῖ

349 494 629 549 τείνονται.
674 495 731 548 Ὁ
779 496 1073 559 πιστεύσας
1113 497 1289 550 τοίνυν
1333 499 1452 559 ταῖς
1505 496 1746 567 Γραφαῐς
1803 499 1923 559 ταῖς

2040 499 2173 553 enim
2207 497 2473 553 deﬁniunt
2518 495 2831 566 philosophi
2866 494 3134 556 habitum,
3182 507 3213 546 a
3262 491 3471 546 ratione
3508 490 3605 559 qui

351 588 545 654 θείαις,
568 588 665 659 τὴν
700 588 878 660 κρίσιν
907 588 1127 660 βεϐαίαν
1158 589 1296 660 ἔχων
1319 590 1454 660 (39),
1477 588 1750 655 ἀπόδειξιν
1768 589 1931 642 ἀναν-

2027 588 2385 657 transmoveri
2435 602 2547 643 non
2592 597 2794 657 potest.
2826 585 2993 642 Estne
3053 602 3185 657 ergo
3220 585 3419 657 aliquis
3461 584 3605 640 alius

349 681 603 753 τίρρητον
648 679 747 752 τὴν
794 681 887 733 τοῦ
937 681 1036 744 τάς
1079 680 1306 752 Γρσφάς
1342 681 1715 753 δεδωρημένου
1749 682 1927 752 φωνὴν

2040 681 2296 753 ejusmodi
2327 695 2492 736 verus
2540 690 2719 735 status
2761 678 2997 750 pietatis,
3030 680 3189 749 cujus
3222 679 3340 735 sola
3370 685 3457 733 est
3481 691 3603 731 ma-

274 766 297 775 ”
351 770 614 841 λαμϐάνει
642 770 797 824 Θεοῦ.
834 772 1024 825 Ούκὲτ’
1054 767 1146 825 οὖν
1179 773 1361 834 πίστις
1385 773 1594 841 γίνεται
1619 771 1684 825 δι’
1714 771 1931 825 ἀποδεί-

351 861 485 929 ξεως
515 861 874 932 ὠχυρωμένη.
909 859 1196 928 Μακάριοι
1220 862 1450 924 τοίνυν,
1484 864 1537 915 οἱ
1564 860 1650 929 μὴ
1683 862 1930 927 ἰδόντες,

350 954 450 1009 καὶ
479 954 936 1019 πιστεύσαντες.
963 954 1029 1007 Δί
1062 952 1191 1023 γοῦν
1219 952 1326 1007 τῶν
1374 953 1641 1025 σειρήνων
1691 952 1933 1007 ἐπιτελέ-

353 1065 486 1113 σεις,
508 1047 736 1119 δύναμιν
756 1048 896 1120 ὑπὲρ
924 1047 1208 1121 ἄνθρωπον
1228 1046 1649 1118 ἐνδεικνύμεναι,
1672 1044 1931 1116 ἐξέπλητ-

348 1158 441 1194 τον
482 1140 605 1202 τοῦς
636 1140 1170 1214 παρατυγχάνοντας,
1199 1139 1331 1211 πρὸς
1362 1138 1462 1210 τὴν
1491 1136 1597 1190 τῶν
1623 1132 1932 1207 λεγομένων

351 1230 663 1303 παραδοχὴν
695 1231 879 1301 σχεδὸν
904 1232 1134 1295 ἄκοντας
1166 1229 1606 1302 εὐτρεπίζουσαι.

2026 773 2194 842 gistra
2242 771 2428 826 ratio?
2466 769 2584 825 Non
2634 785 2736 841 ego
2771 769 2991 839 quidem
3034 770 3287 823 arbitror.
3332 768 3602 823 Caeterum

2030 862 2436 933 Theophrastus
2470 862 2623 927 dicit,
2658 877 2880 917 sensum
2918 875 3041 915 esse
3085 858 3209 915 lidei
3249 860 3601 930 principium.

2039 952 2089 1007 ls
2118 954 2264 1007 enim
2296 952 2563 1022 principia
2603 951 2802 1006 rationi
2835 958 2892 1003 et
2922 948 3215 1003 intellectui
3254 957 3442 1005 nostro
3474 965 3605 1018 sup-

2038 1044 2259 1114 peditat.
2291 1044 2396 1110 Qui
2442 1044 2643 1099 divinis
2691 1058 2822 1113 ergo
2876 1042 3177 1114 Scripturis
3218 1040 3372 1096 ﬁrmo
3396 1041 3601 1112 judicio

2037 1142 2239 1205 credit,
2294 1140 2850 1205 demonstrationem,
2898 1142 2990 1197 cui
3041 1140 3340 1195 contradici
3389 1140 3601 1210 nequit,

2039 1227 2135 1284 Dei
2182 1229 2410 1296 scilicet,
2443 1230 2537 1298 qui
2566 1227 2875 1299 Scripturas
2908 1229 3067 1284 nobis
3097 1228 3264 1293 dedit,
3295 1242 3482 1282 vocem
3511 1242 3611 1283 ao-

350 1328 531 1391 cipit,
561 1325 636 1381 ita
686 1327 819 1381 lides
862 1341 958 1397 per
1000 1326 1526 1382 demonstrationem
1580 1322 1793 1377 ﬁrmior
1868 1323 1986 1380 ﬁeri
2045 1326 2252 1396 nequit.
2284 1324 2438 1379 Beati
2476 1326 2672 1397 itaque,
2708 1326 2799 1396 qui
2833 1341 2937 1379 non
2977 1325 3237 1389 viderunt,
3269 1333 3318 1378 et
3366 1323 3604 1378 credide-

350 1430 542 1476 runta.
571 1424 649 1476 Ac
727 1422 968 1477 sirenum
1019 1422 1238 1493 quidem
1262 1432 1476 1487 cantus,
1506 1422 1558 1477 vi
1589 1422 1710 1492 plus
1747 1436 1911 1493 quam
1958 1422 2195 1477 humana
2221 1436 2338 1487 eos,
2374 1422 2468 1492 qui
2500 1423 2556 1477 in
2588 1437 2683 1477 eas
2724 1421 3045 1489 inciderant,
3078 1421 3600 1491 obstupefaciehant,

353 1528 413 1573 ut
453 1533 537 1585 ea,
585 1533 706 1588 quae
759 1519 1100 1585 dicebantur,
1139 1520 1472 1590 exciperent,
1499 1519 1890 1588 propemodum
1930 1518 2131 1574 invitos
2160 1518 2500 1595 inducentes.

1794 1637 2041 1730 carui
2066 1674 2154 1730 In.

790 1793 988 1849 Contra
1017 1795 1292 1850 Itwreticos
1327 1795 1595 1866 disputat,
1631 1796 1722 1866 qui
1750 1796 1907 1864 ﬁdem
1936 1812 2001 1849 ea:
2035 1804 2243 1851 natura:
2272 1797 2586 1870 necessitate
2614 1797 2883 1866 provenire
2916 1805 3177 1850 statuunt.

434 1897 693 1966 Ἐνταῦθα
724 1911 955 1983 φυσικὴν
986 1911 1243 1983 ἡγοῦνται
1272 1913 1369 1985 τὴν
1394 1914 1574 1967 πίστιν
1597 1917 1645 1967 οἱ
1667 1913 1808 1985 ἀμφὶ
1836 1913 1926 1965 τὸν

2102 1913 2202 1968 Hic
2230 1914 2390 1969 iidem
2420 1929 2542 1970 esse
2566 1914 2869 1970 naturalem
2899 1914 3213 1970 existimant
3237 1910 3490 1968 Basilidis
3512 1923 3598 1965 se-

350 1988 665 2072 Βασιλείδην
687 2020 699 2032 ·
730 2003 864 2057 καθὸ
896 2006 989 2059 καὶ
1015 2005 1108 2057 ἐπὶ
1138 2005 1236 2074 τῆς
1268 2005 1498 2075 ἐκλογῆς
1528 2005 1810 2058 τάττουσιν
1834 1996 1930 2057 αῦ-

349 2092 469 2163 τὴν,
508 2093 575 2147 τά
621 2094 914 2166 μαθήματα
948 2095 1344 2159 ἀναποδείκτως
1373 2096 1730 2168 εύρίσκουσαν
1763 2113 1930 2149 κατα-

351 2184 507 2257 λήψει
554 2191 793 2259 νοητικῇ.
837 2190 900 2241 Οἱ
947 2189 1004 2241 δὲ
1039 2188 1145 2241 ἀπὸ
1177 2188 1551 2252 Οὐαλεντίνου,
1576 2185 1673 2257 τὴν
1708 2187 1806 2258 μὲν
1835 2187 1927 2241 πί·-

353 2296 469 2333 στιν
506 2283 618 2346 τοῖς
653 2281 842 2345 ἁπλοῖς
887 2282 1469 2353 ἀπονείμαντες’ήμίν,
1504 2278 1687 2345 αὐτοῖς
1733 2280 1789 2334 δὲ
1820 2280 1929 2352 ’τὴν

349 2371 553 2439 γνῶσιν
586 2372 716 2443 (40),
750 2377 862 2437 τοῖς
905 2372 1064 2442 φύσει
1112 2373 1434 2444 σωζομένοις
1466 2372 1598 2443 (41),
1646 2371 1789 2425 κατὰ
1832 2371 1928 2442 τὴν

350 2463 446 2516 τοῦ
488 2464 829 2536 διαφέροντος
874 2464 1186 2532 πλεονεξίαν
1233 2464 1545 2536 σπέρματος
1601 2464 1928 2535 ἐνυπάρχειν

346 2555 650 2627 βούλονται,
687 2557 881 2629 μακρῷ
925 2557 1036 2625 (42)
1076 2557 1131 2610 δὲ
1164 2556 1574 2628 κεχωρισμένην
1607 2555 1858 2619 πίστεως,
1893 2554 1926 2625 ἢ

350 2648 412 2699 τὸ
444 2648 805 2718 πνευματικὸν
848 2647 939 2702 τοῦ
986 2647 1216 2718 ψυχικοῦ
1249 2647 1647 2716 λέγοντες.Ἐτι
1682 2645 1846 2714 φασὶν
1879 2645 1926 2697 oi

352 2740 461 2793 ἀπὸ
494 2739 801 2793 Βασιλείδου
829 2739 960 2810 (45),
988 2738 1170 2793 πίστιν
1200 2738 1315 2809 ἅμα
1348 2738 1442 2791 καὶ
1471 2735 1696 2807 ἐκλογὴν
1725 2734 1929 2789 οἰκείαν

345 2827 491 2885 εἶναι
538 2831 657 2885 καθ’
693 2831 917 2885 ἕκαστον
949 2830 1221 2900 διάστημα
1240 2846 1253 2859 ο
1289 2830 1407 2882 κατ’
1434 2826 1850 2897 ἐπακολούθημα
1881 2827 1928 2880 δ’

351 2919 421 2977 αὖ
453 2924 550 2993 τῆς
588 2922 812 2991 ἐκλογῆς
845 2922 944 2992 τῆς
966 2921 1354 2992 ὑπερκοσμίου,
1375 2921 1470 2990 τὴν
1491 2917 1758 2989 κοσμικὴν
1784 2918 1925 2972 ἁπά-

350 3033 454 3086 σης
488 3015 698 3084 φύσεως
745 3013 1067 3067 συνέπεσθαι
1101 3013 1300 3074 πίστιν,
1332 3004 1665 3081 κατάλληλον
1698 3029 1756 3064 τε
1789 3006 1928 3064 εἶναι

351 3111 419 3179 τῇ
455 3107 680 3161 ἑκάστου
712 3105 884 3159 ἐλπίδι
918 3105 1011 3159 καὶ
1042 3106 1140 3176 τῆς
1172 3104 1404 3168 πίστεως
1432 3104 1530 3174 τὴν
1563 3104 1787 3175 δωρεάν.
1823 3105 1928 3157 Οὑ-

353 3197 450 3251 κέτ
486 3192 578 3250 οὖν
607 3195 980 3268 προαιρέσεως
1007 3193 1389 3266 κατόρθωμαή
1419 3194 1618 3259 πίστις,
1645 3197 1693 3248 εί
1716 3195 1929 3265 φύσεως

352 3259 733 3361 πλεονέκτημα
757 3259 789 3318 ·’
817 3288 938 3341 οὐδὲ
969 3259 1200 3359 ἀμοιϐης
1232 3259 1446 3351 δικαίας
1476 3259 1747 3354 τεύξεται,
1778 3259 1931 3342 ἀναίξ
1951 3259 2002 3318 θ

350 3396 467 3444 τιος
484 3379 579 3443 ὢν,
601 3382 629 3434 ὁ
655 3380 733 3451 μὴ
758 3379 1051 3444 πιστεύσας
1072 3397 1085 3410 ο
1118 3380 1212 3433 καὶ
1236 3380 1334 3432 οῦκ
1359 3379 1527 3442 αἴτιος
1556 3380 1584 3431 ὁ
1612 3379 1925 3445 πιστεύσας.

352 3473 513 3526 Πᾶσα
543 3472 599 3525 δὲ
624 3473 656 3543 ἡ
687 3471 786 3541 τῆς
810 3470 1042 3535 πίστεως
1073 3471 1166 3524 καὶ
1199 3470 1452 3534 ἀπιστίας
1476 3470 1671 3541 ἰδιότης
1696 3470 1789 3524 καὶ
1815 3471 1930 3525 δια-

352 3564 591 3635 φορότης
630 3563 742 3617 οὔτ’
774 3562 1005 3634 ἐπαίνῳ,
1036 3561 1159 3616 οὔτε
1209 3563 1315 3634 μὴν
1358 3562 1511 3633 ψόγῳ
1543 3563 1806 3617 ύποπὲσοι
1839 3564 1926 3630 ἂν,

352 3658 529 3730 ὀρθῶς
552 3656 937 3729 λογιζομένοις,
974 3657 1388 3729 προηγουμένην
1421 3656 1615 3727 ἔχουσα
1636 3655 1731 3727 τὴν
1754 3659 1818 3711 ἐκ
1836 3658 1929 3711 τοῦ

353 3751 424 3804 τὰ
457 3750 634 3805 πάντα
664 3749 887 3804 δυνατοῦ
911 3750 1143 3821 φυσικὴν
1176 3749 1418 3820 ἀνάγκην
1450 3751 1764 3823 γενομένην.
1793 3752 1932 3804 Νευ-

357 3826 845 3917 ροσπαστουμένων
884 3842 940 3897 δὲ
979 3842 1157 3914 ἡμῶν,
1203 3843 1423 3914 ἀψύχων
1466 3843 1642 3914 δίκην,
1676 3848 1931 3912 φυσικαῖς

352 3934 677 4006 ἐνεργείαις,
711 3933 771 3987 τό
812 3951 873 3988 τε
909 3933 1159 3987 ἀκούσιον
1197 3933 1459 4006 παρέλκει
1494 3934 1628 4003 (44),
1662 3936 1804 4007 ὁρμή
1847 3953 1927 3999 τε,

355 4029 389 4098 ἡ
420 4026 912 4100 προκαθηγουμένη
944 4026 1162 4080 τούτων.
1188 4027 1296 4080 Καὶ
1325 4028 1426 4080 οὐκ
1457 4027 1537 4079 ἔτι
1567 4026 1740 4096 ἔγωγε
1765 4027 1930 4080 ὲννοῶ

357 4118 495 4184 ζῶον
540 4117 717 4182 τοῦτο,
745 4112 806 4172 οὗ
850 4118 911 4170 τὸ
940 4117 1235 4189 ὁρμητικὸν
1277 4117 1487 4191 ἀνάγκη
1531 4119 1640 4189 (45)
1684 4120 1930 4192 λέλογχεν

356 4211 464 4265 ὑπὸ
492 4211 589 4281 τῆς
620 4209 816 4277 ἔξωθεν
850 4209 1027 4273 αἰτίας
1067 4209 1397 4280 κινούμενον.
1429 4209 1540 4263 Ποῦ
1566 4210 1620 4263 δὲ
1657 4212 1735 4266 ἔτι
1769 4215 1803 4285 ἡ
1835 4206 1928 4266 τοῦ

356 4319 489 4357 ποτε
539 4303 768 4357 ἀπίστου
831 4301 1109 4373 μετάνοια,
1155 4301 1221 4354 δι’
1250 4302 1316 4373 ἦν
1367 4302 1558 4369 ἄφεσις
1609 4304 1926 4377 ἀμαρτιῶν;

356 4391 522 4445 Ὥστε
544 4391 662 4446 οὐδὲ
685 4391 964 4462 βάπτισμα
983 4390 1062 4444 ἔτι
1085 4389 1322 4458 εὔλογον,
1342 4388 1461 4444 οὐδὲ
1488 4392 1730 4464 μακαρία
1755 4409 1929 4465 σφρα-

358 4485 448 4552 γὶς
474 4483 605 4555 (46),
639 4482 760 4537 οὐδὲ
795 4485 825 4537 ὁ
861 4482 1007 4546 Υἱὸς,
1041 4480 1159 4536 οὐδὲ
1191 4483 1219 4535 ὁ
1249 4481 1441 4553 Πατήρ
1461 4499 1473 4511 ·
1511 4481 1647 4535 ἀλλά
1672 4482 1822 4548 Θεὸς,
1855 4479 1931 4537 οἶ-

433 4852 548 4925 (59)
586 4855 838 4925 Βεϐαίαν
864 4853 1037 4923 ἔχων.
1062 4850 1325 4907 Hervetus
1354 4860 1477 4921 post
1500 4852 1598 4906 has
1629 4866 1791 4907 voces
1818 4852 1930 4907 dis-

321 4926 337 4982 l
359 4922 582 4994 tinguit.
619 4922 776 4994 Srcs.

314 5001 332 5102 ί

280 5332 291 5337 ,
356 5292 413 5345 p.
438 5273 509 5328 30
535 5268 554 5325 τ’
580 5274 784 5337 Αὐτοὺς
811 5273 868 5326 δὲ
902 5272 975 5343 μὴ
998 5271 1084 5324 διὰ
1112 5268 1381 5342 πράξεων,
1409 5269 1542 5324 ἀλλά
1561 5270 1650 5324 διὰ
1676 5271 1737 5323 τὸ
1769 5274 1925 5394 ξύσει

356 5344 758 5415 πνευματικοῦς
799 5339 938 5396 εἶναι
970 5342 1146 5411 πάντη
1186 5356 1247 5391 τε
1289 5340 1382 5392 καὶ
1425 5340 1641 5415 πάντως
1687 5357 1765 5394 σω
1801 5343 1927 5415 ήσε-

2040 5268 2167 5323 ᾱὶιηί
2204 5268 2456 5338 ﬁdiculis,
2508 5268 2801 5329 trabamur,
2839 5268 3041 5332 {rustra
3091 5274 3242 5318 erunt
3295 5268 3518 5317 invitum
3551 5280 3599 5317 et

2040 5350 2397 5415 spontaneum,
2434 5345 2489 5415 ut
2520 5338 2681 5415 etiam
2710 5350 2792 5415 ea,
2815 5350 2930 5415 qua:
2957 5334 3067 5415 hinc
3095 5332 3364 5415 priet-edit,
3398 5334 3603 5415 appeti-

430 4989 546 5060 (40)
584 4993 842 5048 Γνῶσιν.
884 4989 1039 5046 Unde
1067 4990 1319 5060 Gnostici
1340 4991 1469 5046 dicti
1494 4999 1645 5060 sunt.

433 5059 543 5133 (Η)
589 5064 715 5130 Τοῖς
743 5065 920 5133 φύσει
942 5061 1075 5122 σωζὶ
1094 5132 1101 5133 7
1118 5060 1212 5115 Sic
1240 5059 1381 5133 infra
1406 5061 1461 5114 in
1480 5059 1924 5133 Egreerptis,_pag.

360 5135 471 5205 798A
504 5128 625 5188 ς’Τὸ
785 5132 1168 5203 πνευματικὸν,
1202 5128 1359 5205 φύσει
1402 5128 1721 5205 σωζόμενον.
1765 5128 1931 5205 εριῐξ-

358 5203 502 5258 male
532 5201 741 5274 quidem
776 5201 969 5274 natura
996 5212 1254 5274 servaturz
1280 5201 1527 5274 Irenaeus
1556 5201 1647 5274 lib.
1684 5218 1724 5274 ι.
1751 5218 1801 5257 ε.
1836 5204 1923 5266 Η,

356 5339 758 5413 πνευματικοὺς
799 5339 938 5396 εἶναι
964 5339 1167 5411 ’πάντη
1186 5356 1247 5391 τε
1289 5340 1382 5392 καὶ
1425 5340 1641 5403 πάντως
1687 5339 1897 5464 σωθιῇσε

359 5414 504 5464 σθαι.
536 5412 851 5464 Semetinsos
881 5422 1054 5464 autent
1093 5426 1193 5464 non
1221 5425 1312 5464 per
1339 5411 1713 5464 onerationem.
1738 5429 1791 5464 se
1867 5428 1897 5464 ea

359 5411 512 5468 σθαι.
536 5412 851 5482 Semetipsos
881 5422 1054 5466 autem
1093 5426 1193 5464 non
1221 5425 1312 5482 per
1339 5411 1713 5482 operationem,
1738 5411 1830 5464 sed
1867 5428 1925 5465 eo

357 5484 499 5554 quod
534 5485 639 5538 sint
669 5480 985 5537 naturaliter
1012 5480 1311 5551 spirituales
1354 5482 1567 5534 omnino
1608 5480 1806 5533 saluari
1843 5481 1926 5534 di-

360 5562 508 5607 cunt.

410 5623 549 5747 ἕλε)
587 5623 822 5691 Μακρῷ.
864 5622 1124 5706 llervetus
1165 5638 1289 5678 cum
1342 5619 1538 5691 μακρῷ
1571 5620 1927 5702 subintelligit

507 5710 586 5747 ον.
604 5693 752 5747 lanae
774 5710 941 5747 maats
965 5711 997 5746 α
1021 5693 1121 5747 ﬁde
1138 5700 1458 5747 separatam.
1476 5706 1632 5747 quam
1650 5688 1927 5747 smrztuale

369 5688 586 5766 μᾶλλον,
604 5688 752 5766 longe
774 5688 941 5766 magis
958 5711 997 5766 _a
1019 5693 1121 5763 [ide
1138 5688 1632 5766 ξερᾳταιαῃιίᾳιιαηι
1650 5688 1927 5766 δρὶζὶιιιᾶιε

365 5755 431 5818 ἰώ
463 5755 715 5818 animali:
755 5755 971 5834 A_li6qui
1006 5755 1104 5833 pro
1147 5755 1204 5832 ἦ
1229 5755 1513 5832 legendum
1547 5755 1691 5816 esset
1735 5755 1789 5834 ᾖ,
1825 5777 1925 5831 quo

369 5834 549 5904 modo,
580 5835 734 5889 sicut.
770 5831 926 5888 sm.

2036 2016 2270 2063 ctatores
2300 2025 2315 2062 :
2350 2023 2457 2078 qua
2484 2008 2695 2062 ratione
2717 2008 2879 2062 etiam
2907 2022 3027 2061 eam
3057 2006 3305 2062 electioni
3329 2005 3597 2069 tribuunt,

2036 2105 2096 2150 ut
2126 2112 2247 2167 quae
2278 2097 2622 2152 intellectuali
2653 2097 3137 2165 comprehensione
3179 2094 3498 2165 disciplinas
3524 2093 3601 2147 in-

2035 2189 2216 2243 veniat
2262 2190 2400 2243 citra
2445 2189 2986 2243 demonstrationem.
3018 2179 3379 2242 Valentiniani
3418 2195 3598 2240 autem

2035 2292 2160 2331 cum
2212 2278 2371 2333 nobis
2419 2278 2638 2349 quidem
2694 2277 3035 2348 simplicibus
3085 2278 3244 2331 ﬁdem
3290 2276 3600 2340 tribuerint,

2035 2370 2158 2434 sibi,
2191 2371 2283 2439 qui
2316 2382 2505 2425 natura
2542 2371 2676 2426 salvi
2703 2372 2859 2435 liunt,
2889 2371 3078 2424 volunt
3103 2386 3228 2425 esse
3262 2374 3319 2433 ἧι
3346 2368 3603 2439 cognitio-

2034 2477 2157 2515 nem
2206 2462 2274 2517 ab
2313 2463 2628 2519 excellentis
2679 2463 3010 2519 abundantia
3053 2463 3276 2519 seminis
3310 2482 3323 2517 :
3360 2462 3604 2517 dicentes

2034 2568 2155 2607 eam
2192 2553 2349 2624 longe
2380 2554 2553 2625 magis
2585 2571 2616 2609 a
2652 2554 2755 2608 lide
2785 2556 3011 2620 distare,
3036 2570 3201 2624 quam
3253 2553 3493 2624 spiritale
3531 2553 3602 2609 ab
3630 2541 3637 2551 ’

2035 2644 2279 2699 animali.
2308 2641 2581 2701 Prmterea
2620 2647 2809 2701 dicunt
2849 2642 3120 2709 Basilidei,
3152 2644 3307 2701 (idem
3343 2645 3506 2701 simul
3546 2657 3600 2701 et

2033 2737 2349 2793 electionem
2370 2754 2491 2794 esse
2516 2739 2788 2808 propriam
2819 2738 2871 2792 in
2898 2754 3226 2808 unoquoque
3248 2738 3425 2808 spatio
3451 2757 3465 2793 :
3489 2754 3604 2793 rur-

2036 2842 2132 2882 sus
2164 2836 2346 2882 autem
2376 2842 2442 2882 ex
2475 2828 2866 2905 consequentia
2897 2827 3353 2898 supermundana:
3378 2827 3600 2883 electio-

2036 2918 2122 2973 nis
2173 2918 2433 2988 consequi
2484 2919 2817 2973 mundanam
2866 2920 3035 2974 totius
3082 2928 3291 2974 natura:
3334 2920 3516 2983 ﬁdem,
3547 2927 3603 2974 et

1980 3068 1995 3077 ,
2036 3026 2133 3079 pro
2185 3011 2345 3065 modo
2392 3011 2506 3080 spei
2551 3011 2983 3081 uniuscujusque
3024 3012 3355 3067 conveniens
3387 3027 3604 3082 quoque

2035 3117 2157 3157 esse
2183 3103 2385 3157 donum
2416 3100 2901 3157 ﬁdei.Voluntariaa
2924 3119 3054 3173 ergo
3085 3119 3149 3158 ac
3169 3103 3354 3158 liberte
3377 3104 3603 3159 electio-

2037 3195 2124 3249 nis
2156 3204 2369 3249 nonest
2399 3194 2532 3251 lides
2562 3195 2750 3264 utique
2775 3194 3031 3258 ndicium,
3063 3195 3107 3250 si
3138 3202 3220 3249 est
3250 3202 3456 3248 natura:
3475 3210 3605 3265 pra:-

2036 3287 2278 3356 rogativa
2305 3304 2318 3340 :
2341 3303 2517 3357 neque
2544 3286 2748 3356 justam
2775 3297 3140 3356 consequetur
3169 3285 3603 3351 retributionem,

2036 3379 2128 3448 qui
2155 3394 2263 3431 non
2295 3378 2543 3442 credidit,
2562 3379 2689 3447 quia
2716 3377 2835 3448 ejus
2863 3378 3020 3447 culpa
3048 3377 3100 3431 id
3130 3394 3240 3433 non
3267 3379 3479 3444 evenit;
3505 3394 3606 3434 nec

2038 3474 2107 3537 is,
2141 3471 2235 3540 qui
2266 3470 2513 3535 credidit,
2543 3471 2669 3539 quia
2712 3485 2875 3525 causa
2922 3485 3030 3525 non
3070 3468 3191 3524 fuit.
3234 3468 3387 3524 Nulla
3421 3454 3602 3526 autem

2038 3564 2160 3618 ﬁdei
2210 3574 2265 3617 et
2308 3558 2703 3618 incredulitatis
2765 3562 3105 3632 proprietas,
3139 3562 3225 3616 vel
3274 3560 3601 3628 diﬂ‘erentia,

2037 3654 2204 3720 laudi,
2231 3654 2316 3708 vel
2346 3652 2731 3722 vituperationi
2761 3651 2924 3706 fuerit
2953 3651 3211 3715 obnoxia,
3231 3652 3277 3706 si
3305 3659 3451 3706 recte
3475 3665 3607 3707 con-

2037 3746 2358 3808 sideremus,
2383 3760 2507 3799 cum
2547 3744 2745 3799 habeat
2768 3744 3159 3814 praecedentem
3192 3743 3490 3798 naturalem
3515 3758 3604 3798 ne-

2037 3836 2366 3901 cessitatem,
2402 3851 2524 3905 quae
2564 3845 2683 3890 orta
2730 3845 2813 3890 est
2851 3836 2920 3890 ab
2950 3849 3035 3901 eo,
3068 3834 3159 3904 qui
3183 3843 3361 3903 potest
3397 3834 3601 3889 omnia.

2037 3928 2191 3995 Quod
2223 3929 2269 3981 si
2299 3943 2419 3992 nos,
2448 3939 2708 3997 tanquam
2738 3926 2999 3991 inanima,
3035 3925 3374 3981 naturalibus
3408 3939 3602 3994 opera~

2037 4021 2299 4085 tionibus,
2337 4019 2500 4073 veluti
2530 4018 2784 4081 ﬁdiculis,
2818 4017 3117 4081 trabamur,
3159 4016 3360 4070 frustra
3402 4026 3485 4070 est
3518 4015 3603 4068 in-

2036 4111 2425 4176 voluntarium,
2443 4120 2499 4165 et
2521 4109 2801 4179 appetitio,
2824 4124 2946 4177 quae
2968 4123 3029 4162 ea
3058 4108 3330 4176 praecedit.
3359 4106 3471 4164 Nec
3501 4124 3602 4179 ego

2038 4202 2167 4257 illud
2216 4203 2402 4271 utique
2446 4200 2651 4254 animal
2694 4198 2855 4267 quale
2893 4198 2964 4252 sit
2994 4198 3256 4269 intelligo,
3292 4198 3451 4269 cujus
3492 4198 3599 4253 vim

2037 4293 2341 4364 appetendi,
2372 4307 2493 4362 qua:
2540 4291 2609 4345 ab
2639 4300 2862 4345 externa
2905 4304 3068 4344 causa
3113 4299 3380 4364 movetur,
3412 4290 3603 4345 sortita

2036 4394 2121 4441 est
2141 4385 2454 4440 necessitas.
2475 4381 2578 4437 Ubi
2600 4391 2781 4436 autem
2806 4390 2891 4436 est
2907 4381 3045 4451 ejus,
3065 4381 3156 4450 qui
3183 4380 3285 4435 fuit
3307 4381 3602 4451 aliquando

2040 4474 2372 4540 incredulus,
2417 4473 2756 4545 paenitentia,
2789 4487 2888 4542 per
2918 4488 3083 4543 quam
3119 4474 3372 4529 remissio
3415 4490 3604 4546 pecca-

286 4624 305 4631 ι
360 4594 479 4648 μαι,
514 4580 548 4649 ἠ
581 4576 688 4630 τῶν
734 4575 946 4647 φύσεων
991 4575 1169 4639 αὐτοῖς
1204 4572 1512 4646 εὑρίσκεται
1557 4573 1806 4649 διανομὴ,
1839 4578 1927 4631 τὸν

2040 4568 2250 4624 torum?
2281 4566 2459 4634 Quare
2492 4580 2591 4621 nec
2619 4565 2852 4635 amplius
2884 4564 3188 4634 baptismus
3215 4566 3441 4622 rationis
3467 4582 3604 4623 con-

342 4784 346 4787 Δ
433 4721 493 4779 >14
533 4712 594 4769 P.
630 4713 736 4769 454
761 4712 869 4767 ΕΙ).
903 4710 1199 4776 POTTER,
1234 4712 1337 4766 564
1369 4711 1477 4768 ED.
1505 4711 1729 4769 PARIS.
1807 4727 1834 4755 ι
1869 4714 1927 4771 Jo

2058 4728 2151 4772 xx.
2180 4709 2268 4764 ἓξ).

2109 4849 2219 4921 (45)
2258 4844 2650 4921 Βασιᾼείδοο.Δ
2704 4843 2811 4921 seu
2860 4842 3223 4921 βασιλείδους.
3272 4844 3433 4909 Conf.
3481 4862 3605 4917 qua

2037 4914 2182 4975 dicta
2202 4914 2339 4974 sunt
2375 4917 2442 4970 ad
2466 4931 2521 4986 p.
2555 4917 2659 4971 540
2690 4915 2821 4971 edit.
2860 4914 3036 4986 Raris.

2110 4990 2222 5059 (Η)
2266 4988 2338 5059 Td
2364 5003 2429 5059 τε
2452 4984 2743 5059 ἀκούσιον
2768 4999 2831 5038 :t'.
2871 4984 2995 5059 Pro
3016 4984 3268 5059 auctigtcv
3315 4984 3600 5059 legendum

2037 5053 2263 5114 omnino
2307 5053 2571 5111 ἔκούσιον.
2614 5056 2836 5111 Low'rn.
2874 5054 3054 5108 Malim
3091 5074 3104 5108 :
3135 5055 3206 5107 Τό
3248 5072 3306 5107 τε
3348 5053 3602 5108 ἀκούσιον

2035 5132 2130 5206 καὶ
2174 5128 2234 5181 τὸ
2277 5127 2530 5206 ξκούσιον
2568 5126 2847 5206 παρέλκει,
2873 5126 3015 5206 ὁρμή
3048 5141 3129 5206 τε,
3150 5126 3189 5195 ἡ
3224 5123 3605 5206 προκαθηγου-

2035 5201 2169 5275 μένη
2204 5197 2427 5275 τούτων.
2477 5195 2619 5275 Nam
2646 5193 2694 5250 si
2723 5193 2928 5275 natura}
2946 5193 3186 5275 uiribus,
3218 5193 3356 5275 uelut
3385 5193 3604 5275 quibus-

2030 5264 2168 5323 ditm'
2204 5267 2456 5338 ﬁdiculis,
2508 5267 2801 5329 trabamur,
2839 5264 3041 5338 frustra
3091 5274 3242 5318 erunt
3288 5264 3518 5338 invitum
3551 5280 3599 5338 ei

2032 5405 2126 5463 tio.
2160 5407 2295 5463 Nam
2328 5407 2459 5460 illud
2485 5406 2691 5474 τούτων
2721 5405 2919 5474 duplex
2947 5405 3277 5457 antecedens
3302 5405 3548 5473 respicit.

2100 5479 2212 5548 (45)
2266 5476 2531 5548 Ἀνάγκη.
2591 5473 2992 5548 Nominativum
3068 5474 3284 5548 ἀνάγκη
3354 5474 3604 5548 agnoscit

2031 5543 2249 5604 Herveti
2298 5543 2493 5608 versio,
2544 5546 2735 5599 sortita
2780 5554 2857 5597 est
2898 5544 3200 5597 necessitas.
3252 5543 3500 5598 Dativum
3553 5543 3602 5600 sl

2032 5620 2157 5690 quis
2178 5619 2357 5690 malit,
2377 5616 2709 5690 tolerabilem
2736 5623 2788 5668 et
2817 5615 2932 5682 ipse
2958 5614 3145 5690 reddet
3168 5627 3413 5690 sensum.
3439 5611 3597 5690 δη».

2106 5689 2218 5757 (46)
2258 5688 2537 5757 Σφραγζς.
2577 5684 2692 5739 Ηοε
2744 5698 2940 5757 nomen
2988 5684 3342 5757 ecclesiastici
3372 5684 3602 5757 scripto-

2034 5753 2124 5813 res
2150 5753 2731 5827 in'terdum'baptismo
2763 5753 3091 5827 tribuerunt,
3122 5754 3391 5808 interdum
3430 5753 3601 5826 impo-

2035 5830 2220 5885 sittuni
2257 5842 2510 5881 ιιιιιιιιιιιηι
2534 5825 2663 5900 qum
2710 5825 3039 5899 baptismum
3066 5828 3414 5898 sequebatur.
