3970 6514
194 383 304 440 969

1494 377 1929 434 STROMATUM
1979 376 2104 431 LIB.
2147 376 2213 430 ll.

3368 373 3475 457 970

191 526 346 596 φιαν
381 524 450 579 δε
493 525 593 580 καὶ
645 523 919 581 παιδείαν
980 488 1218 590 ἀσεϐεῖς
1259 518 1739 590 ἐξουθενήσουσι
1765 563 1780 586 ,

1895 492 2225 570 Sapientiam
2276 507 2433 553 vocat
2485 495 2826 552 ell‘ectionem
2854 540 2868 565 ,
2898 514 3021 569 qum
3050 508 3133 555 est
3168 500 3334 555 timor
3372 498 3477 552 Do.

191 617 408 690 λέγειή
463 617 674 690 Γραφή.
708 617 843 670 Τίνα
878 615 933 669 δὲ
991 615 1062 669 τά
1120 611 1328 689 φοϐερὰ
1372 617 1401 668 6
1448 613 1615 687 νόμος
1660 633 1795 670 κατ-

192 709 468 779 αγγέλλει,
530 708 870 782 θεασώμεθα.
890 709 952 762 Εἰ
988 709 1091 780 μὲν
1120 708 1188 763 τὰ
1223 706 1428 781 μεταξὺ
1461 707 1665 782 ἀρετῆς
1694 709 1790 763 καὶ

191 801 395 867 κακίας
418 844 433 869 ,
485 796 596 855 οἷον
644 800 856 865 πενίαν,
903 802 999 855 καὶ
1042 800 1219 863 νόσον,
1264 799 1359 853 καὶ
1408 799 1646 866 ἀδοξίαν,
1694 803 1790 855 καὶ

191 894 534 963 δυσγένειαν,
567 893 661 948 καὶ
688 894 787 946 ὅσα
823 892 1181 965 παραπλήσια
1204 909 1217 922 ·
1254 890 1428 946 ταῦτα
1477 891 1576 964 μὲν
1610 893 1704 947 καὶ
1740 894 1790 946 oi

191 984 339 1038 κατά
380 983 538 1037 πόλιν
586 984 743 1056 νόμοι
797 984 1209 1057 προτείνοντες,
1260 981 1645 1038 ἐπαινοῦνται·
1700 983 1793 1037 καὶ

189 1078 311 1139 τοῖς
351 1074 415 1128 ἐκ
444 1075 759 1144 Περιπάτου
803 1073 931 1146 τρία
971 1073 1105 1147 γένη
1138 1072 1245 1128 τῶν
1285 1073 1503 1144 ἀγαθῶν
1538 1075 1784 1143 εἰσηγου-

194 1168 415 1238 μένοις,
461 1168 556 1223 καὶ
603 1165 673 1221 τὰ
720 1167 927 1222 τούτων
977 1166 1196 1222 ἐναντία
1242 1166 1612 1238 λογιζομένοις
1656 1162 1792 1221 εἶναι

189 1260 365 1326 κακὰ,
398 1262 653 1335 ἀρμόνιος
681 1261 777 1333 ἥδε
829 1262 863 1333 ἡ
888 1261 1050 1327 δόξα·
1102 1264 1236 1333 ἡμῖν
1267 1263 1324 1316 δὲ
1369 1263 1398 1315 6
1422 1258 1598 1325 δοθεὶς
1628 1260 1793 1329 νόμος

170 1345 266 1410 ’τά
298 1354 374 1426 τῷ
403 1354 520 1409 ὄντι
548 1354 697 1408 κακὰ
741 1354 1075 1424 ἀποφεύγειν
1117 1354 1449 1427 προστάττει
1469 1393 1484 1419 ,
1523 1352 1788 1425 μοιχείαν,

187 1450 507 1521 ἀσέλγειαν,
567 1447 982 1522 παιδεραστίαν,
1042 1449 1287 1519 ἄγνοιαν,
1344 1448 1581 1514 ἀδικίαν,
1637 1447 1791 1502 νόσον

188 1545 413 1618 ψυχῆς,
453 1543 715 1599 θάνατον·
762 1543 822 1598 οὐ
858 1542 947 1597 τὸν
990 1542 1277 1597 διαλύοντα
1317 1541 1495 1615 ψυχὴν
1528 1539 1636 1596 ἀπὸ
1683 1539 1789 1594 σώ-

190 1656 405 1710 ματος,
453 1638 590 1693 ἀλλά
636 1638 728 1693 τὸν
768 1636 1056 1692 διαλύοντα
1104 1636 1282 1708 ψυχὴν
1331 1635 1440 1689 ἀπὸ
1496 1634 1785 1707 ἀληθείας·

186 1731 365 1786 δειναὶ
411 1732 522 1804 γάρ
555 1730 651 1785 καὶ
679 1729 911 1802 φοϐεραὶ
951 1730 1030 1801 τῷ
1072 1729 1188 1783 ὄντι
1233 1728 1422 1807 κακίαι
1469 1722 1662 1793 αὗται,
1698 1727 1790 1779 καὶ

185 1824 247 1876 αἱ
280 1821 388 1875 ἀπὸ
402 1820 607 1876 τούτων
640 1820 929 1893 ἐνέργειαι.
965 1822 1047 1875 οὐ
1069 1819 1198 1891 μὴν
1223 1818 1332 1891 (44)
1361 1820 1580 1914 ἀδίκως
1612 1816 1792 1914 ἐκτεί-
1820 1859 1863 1914 Β

184 1917 408 1968 νεσθαι
457 1911 674 1968 δίκτυα
724 1911 1077 1980 πτερωτοῖς,
1132 1911 1382 1980 λέγουσιν
1438 1912 1488 1964 οί
1544 1910 1784 1982 χρησμοὶ

182 2006 239 2058 οἱ
271 2004 436 2059 θεῖοι·
475 2005 645 2060 αὐτοὶ
676 2004 786 2076 γὰρ
810 1992 1074 2075 αιμάτων
1118 2002 1511 2074 μετέχοντες,
1558 2007 1786 2071 θησαυ-

180 2095 463 2165 ρίζουσιν
503 2096 742 2164 ἑαυτοῖς
782 2096 957 2153 κακά.
1002 2096 1128 2161 Πῶς
1166 2092 1259 2150 οὖν
1313 2094 1394 2149 ἔτι
1431 2094 1532 2149 οὐκ
1581 2094 1786 2165 ἀγαθὸς

181 2191 215 2243 6
243 2190 413 2260 νόμος
455 2190 593 2262 πρός
633 2207 793 2244 τινων
839 2189 1101 2262 αἱρέσεων
1132 2187 1369 2258 λέγεται,
1402 2187 1784 2260 ἐπιϐοωμένων

182 2282 288 2337 τὸν
324 2272 641 2335 Ἀπόστολον
671 2280 920 2352 λέγοντα,
947 2279 1051 2335 Διά
1081 2279 1193 2351 γὰρ
1216 2281 1408 2350 νόμου
1430 2278 1652 2350 γνῶσις
1674 2277 1784 2350 (45)

179 2377 520 2447 ἁμαρτιάς;
554 2375 698 2450 Πρὸς
745 2374 840 2440 οὓς
891 2390 1071 2446 φαμεν
1099 2390 1114 2404 ·
1158 2374 1218 2428 '0
1255 2374 1417 2445 νόμος
1455 2373 1555 2427 οὐκ
1601 2372 1787 2445 ἐποίη-

181 2484 313 2531 σεν,
367 2467 482 2521 ἀλλ’
539 2466 743 2532 ἔδειξεν
796 2466 897 2539 τὴν
940 2465 1238 2540 ἁμαρτίαν.
1296 2464 1615 2537 Προστάξας
1677 2465 1787 2537 γὰρ

179 2558 223 2614 ἃ
248 2559 527 2632 ποιητέον,
556 2558 749 2631 ἤλεγξε
778 2558 848 2612 τὰ
875 2559 949 2631 μὴ
980 2558 1234 2629 ποιητέα.
1252 2557 1482 2626 Ἀγαθοῦ
1514 2558 1571 2611 δὲ
1599 2558 1658 2610 τὸ
1688 2558 1787 2628 μὲν

182 2650 465 2723 σωτήριον
518 2651 827 2720 ἐκδιδάξαι,
891 2650 952 2705 τὸ
1006 2649 1062 2704 δὲ
1111 2650 1436 2723 δηλητήριον
1491 2647 1782 2713 ἐπιδεῖξαι·

181 2744 296 2799 καὶ
326 2743 403 2816 τῷ
435 2745 534 2816 μὲν
567 2744 804 2816 χρῆσθαι
836 2742 1261 2815 συμϐουλεῦσαι,
1292 2741 1353 2796 τὸ
1393 2738 1450 2796 δὲ
1484 2744 1787 2813 ἀποφυγεῖν

182 2836 475 2905 κελεύσαι.
533 2836 744 2891 Αὐτίκα
796 2839 824 2890 6
882 2836 1241 2901 Ἀπόστολος,
1300 2834 1360 2889 ὃν
1412 2831 1474 2888 οὐ
1533 2836 1785 2899 συνιεῖσι,

180 2930 399 3001 γνῶσιν
444 2926 601 2986 εἶπεν
644 2929 921 3002 ἁμαρτίας
970 2929 1058 2983 διά
1108 2929 1276 2999 νόμου
1337 2928 1786 3001 πεφανερῶσθαι,

180 3020 320 3092 οὐχὶ
348 3020 647 3074 ὑπόστασιν
680 3014 980 3091 εἰληφέναι.
1018 3016 1143 3082 Πῶς
1168 3017 1213 3071 δ’
1235 3018 1335 3071 οὐκ
1369 3016 1574 3087 ἀγαθὸς
1605 3021 1633 3072 6
1664 3037 1791 3073 παι-

179 3111 368 3165 δεύων
395 3112 560 3184 νόμος
579 3154 594 3176 ,
628 3114 661 3166 ὀ
687 3109 1060 3180 παιδαγωγὸς
1087 3112 1175 3177 εὶς
1196 3109 1459 3179 Χριστὸν
1477 3110 1671 3178 δοθεὶς,
1701 3111 1790 3167 ἵνα

179 3203 257 3276 δὴ
290 3203 732 3277 ἐπιστρέψωμεν,
771 3202 860 3257 διὰ
903 3201 1069 3274 φόϐου
1114 3201 1481 3268 παιδευτικῶς
1524 3202 1790 3258 κατευθυ-
1819 3228 1864 3287 C

180 3293 412 3363 νόμενοι
436 3335 451 3361 ,
483 3292 622 3368 πρὸς
655 3292 752 3364 τὴν
786 3292 875 3347 διά
898 3291 1136 3365 Χριστοῦ
1170 3292 1481 3362 τελείωσιν;
1525 3297 1609 3350 Οὐ
1639 3296 1794 3361 ,ϐού-

178 3388 378 3456 λομαι
410 3384 545 3458 (46),
579 3386 767 3458 φησὶν,
809 3385 919 3440 τὸν
954 3385 1218 3443 θάνατον
1260 3387 1371 3441 τοῦ
1415 3388 1792 3459 ἀμαρτωλοῦ,

178 3477 274 3544 ὡς
331 3477 445 3546 τὴν
494 3474 823 3547 μετάνοιαν
869 3474 1078 3531 αὑτοῦ.
1139 3476 1455 3531 Μετάνοιαν
1507 3477 1563 3531 δὲ
1610 3478 1799 3552 ἐντολὴ

179 3570 376 3633 ποιεί,
419 3568 726 3642 κωλυτικὴν
764 3567 863 3641 μὲν
899 3568 1010 3623 τῶν
1057 3569 1132 3641 μὴ
1190 3568 1481 3641 ποιητέων,
1525 3570 1798 3641 ἐπαγγελ-

180 3661 363 3733 τικὴν
407 3661 466 3715 δέ
507 3661 617 3715 τῶν
652 3660 764 3731 (47)
799 3660 1148 3734 εὐεργεσιῶν.
1198 3659 1466 3715 Θάνατον
1496 3659 1575 3724 δὲ,
1608 3656 1792 3733 οἶμαι,

180 3753 294 3825 τὴν
326 3754 549 3821 ἄγνοιαν
589 3752 765 3823 λέγει.
806 3752 917 3808 Καὶ
950 3756 984 3807 ό
1009 3751 1191 3824 ἐγγὺς
1223 3752 1332 3823 (48)
1358 3754 1604 3822 Κυρίου,
1637 3755 1795 3823 πλή-

176 3865 310 3918 ρης
337 3848 679 3918 μαστίγων·
725 3849 754 3901 6
790 3845 1124 3917 συνεγγίζων
1166 3845 1407 3918 δηλονότι
1454 3851 1522 3919 τῇ
1559 3847 1788 3918 γνώσει,

182 3937 484 4000 κινδύνων,
536 3938 738 4008 φόϐων,
798 3937 986 4004 ἀνιῶν,
1046 3937 1302 4008 θλίψεων,
1354 3937 1443 3993 διὰ
1489 3938 1580 3994 τὸν
1627 3942 1790 3998 πόθον

180 4028 296 4099 τῆς
340 4026 596 4099 ἀληθείας
638 4027 931 4082 ἀπολαύει·
978 4027 1112 4095 Υιὸς
1157 4029 1263 4102 γάρ
1316 4029 1791 4101 πεπαιδευμένος

181 4120 393 4191 σοφὸς
424 4120 647 4191 ἀπέϐη·
700 4122 798 4177 καὶ
841 4121 1097 4190 διεσώθη
1144 4122 1265 4177 ἀπὸ
1307 4125 1611 4194 καύματος
1657 4126 1790 4194 υίὸς

180 4213 459 4281 νοήμων.
520 4214 652 4281 Υἱὸς
695 4212 764 4267 δὲ
798 4214 1042 4284 νοήμων
1085 4213 1321 4280 δέξεται
1366 4216 1641 4285 ἐντολάς.
1677 4220 1788 4272 Καὶ

181 4304 486 4377 Βαρνάϐας
515 4308 543 4360 6
585 4306 925 4373 Ἀπόστολος,
968 4307 1113 4362 Οὐαὶ
1146 4306 1254 4379 (49)
1290 4311 1342 4363 οἱ
1373 4309 1615 4363 συνετοὶ
1650 4310 1789 4378 παρ’

181 4395 435 4461 ἑαυτοῖς
483 4396 579 4450 καὶ
610 4394 872 4450 ἐνώπιον
903 4395 1105 4451 αὐτῶν
1132 4394 1564 4467 ἐπιστήμονες,
1616 4416 1788 4473 προσ-

180 4489 369 4556 τάξας
415 4488 560 4562 (50),
633 4490 880 4562 ἐπήγαγε
903 4506 918 4521 ·
982 4491 1379 4561 Πνευματικοὶ
1449 4492 1782 4565 γενώμεθα,

1896 593 2052 658 mini,
2084 592 2360 647 deducens
2402 590 2472 646 ad
2516 590 2865 661 sapientiam.
2900 591 2956 648 Si
2979 604 3161 649 autem
3192 594 3277 649 lex
3321 593 3477 650 an‘ert

1896 677 2174 750 timorem,
2240 685 2575 756 principium
2636 685 2919 755 sapientiae
2955 696 3039 741 est
3092 687 3229 758 legis
3290 686 3478 758 cogni—
3568 675 3581 684 ’

1896 774 1993 841 tio,
2020 785 2073 831 et
2100 792 2207 831 non
2234 787 2321 832 est
2350 777 2570 848 sapiens
2603 777 2814 849 absque
2861 779 2996 851 lege.
3035 781 3361 851 lnsipientes
3389 797 3472 837 er-

1896 882 1965 937 go
2013 875 2161 934 sunt,
2194 868 2287 939 qui
2319 868 2492 940 legem
2533 877 2792 924 recusant
2832 871 2963 927 :cui
2995 880 3080 927 cst
3102 887 3476 944 consequens.

1897 969 1955 1013 ut
1979 959 2085 1032 ipsi
2111 969 2434 1031 reputentur
2464 960 2637 1026 ἄθεοι,
2674 978 2771 1019 seu
2812 964 2982 1034 impii.
3021 962 3321 1035 Disciplina
3374 983 3477 1021 au-

1895 1059 2005 1106 tem
2037 1062 2123 1107 est
2144 1053 2477 1124 principium
2518 1055 2817 1125 sapientiae.
2859 1054 3189 1127 Sapientiam
3224 1069 3479 1115 autemet

1894 1140 2233 1215 disciplinam
2291 1147 2442 1216 impii
2495 1147 2650 1201 nihili
2688 1149 2934 1217 pendent,
2970 1151 3047 1205 ait
3111 1148 3398 1221 Scriptura
3426 1163 3477 1208 α.

1897 1237 2194 1295 Videamus
2228 1249 2432 1305 autem,
2458 1254 2709 1311 quaenam
2734 1255 2857 1297 esse
2884 1243 3127 1298 timenda
3154 1242 3238 1299 lex
3265 1259 3482 1299 annun-

1894 1330 2010 1384 tiet.
2048 1329 2107 1384 Si
2135 1346 2199 1387 ea
2226 1330 2483 1401 quidem,
2509 1347 2631 1401 qua:
2665 1342 2795 1387 sunt
2818 1333 2998 1390 media
3035 1336 3178 1390 inter
3220 1335 3472 1393 virtutem

1897 1431 1957 1489 >Ι<
1993 1434 2047 1481 et
2075 1425 2291 1493 vitium,
2335 1434 2395 1483 ut
2428 1436 2823 1497 paupertatem,
2853 1437 2909 1484 et
2938 1430 3214 1497 morbum,
3246 1440 3301 1486 et
3328 1430 3479 1502 igno—

1894 1518 2138 1586 miniam,
2179 1529 2234 1574 et
2262 1520 2691 1591 ignobilitatem,
2722 1529 2777 1575 et
2805 1537 2928 1592 quae
2963 1519 3093 1577 sunt
3116 1523 3205 1579 his
3238 1523 3476 1592 similia;

1892 1611 2009 1666 haec
2037 1611 2256 1681 quidem
2295 1613 2566 1683 pleraeque
2602 1612 2886 1669 civitatum
2923 1615 3070 1685 leges
3108 1626 3478 1688 propellentes

1891 1704 2215 1773 laudantur;
2255 1714 2309 1761 et
2352 1704 2747 1778 Peripateticis,
2789 1709 2881 1778 qui
2919 1711 3021 1764 tria
3063 1711 3336 1767 bonorum
3383 1730 3477 1784 ge-

1892 1813 2022 1852 nera
2068 1798 2460 1868 introducunt;
2518 1811 2573 1857 et
2610 1810 2801 1859 eorum
2837 1806 3116 1860 contraria
3163 1806 3307 1862 mala
3354 1823 3479 1863 esse

1892 1900 2165 1962 reputant,
2218 1910 2281 1949 ea
2342 1893 2642 1952 conformis
2692 1907 2777 1952 est
2805 1898 3012 1967 Opinio.
3065 1896 3237 1954 Nobis
3293 1909 3477 1956 autem

1891 1983 2017 2038 data
2061 1985 2147 2039 lex
2190 1988 2288 2052 ea,
2334 1996 2455 2057 qna:
2484 2004 2611 2043 vere
2654 1990 2799 2044 mala
2832 1998 2994 2058 sunt,
3039 1991 3198 2061 jubet
3251 1990 3474 2064 fugere,

1892 2066 2244 2143 adulterium,
2277 2079 2653 2148 petulantiam,
2685 2096 2981 2152 puerorum
3011 2098 3254 2139 amorem
3277 2124 3291 2150 ,
3324 2087 3481 2156 igno-

1892 2171 2161 2238 rantiam,
2209 2171 2571 2241 injus‘titiam,
2622 2174 2872 2229 morbum
2918 2177 3157 2243 animae,
3202 2189 3476 2248 mortem;

1893 2277 2003 2318 non
2034 2279 2177 2329 eam,
2214 2281 2339 2336 quae
2376 2266 2537 2321 solvit
2563 2267 2805 2323 animam
2847 2269 2879 2323 'a
2912 2284 3174 2340 corpore;
3214 2272 3475 2338 sedeam,

1893 2373 2017 2428 quae
2065 2360 2305 2414 animam
2356 2359 2607 2415 dissolvit
2643 2377 2673 2416 a
2704 2362 2952 2418 veritate.
2987 2360 3115 2421 Haec
3156 2374 3286 2421 sunt
3329 2367 3477 2422 enim

1891 2465 2020 2505 vere
2053 2452 2241 2522 gravia
2276 2464 2330 2507 et
2373 2453 2613 2508 timenda
2644 2454 2809 2524 vitia,
2848 2464 2904 2511 et
2943 2473 3066 2527 quae
3097 2473 3164 2513 ex
3202 2459 3285 2516 eis
3321 2460 3478 2531 proli.

1894 2543 2177 2599 ciscuntur
2209 2546 2576 2615 operationes.
2601 2544 3093 2605 Verumenimvero
3125 2567 3228 2606 non
3275 2552 3475 2623 injuste

1893 2637 2137 2705 pennatis
2178 2638 2321 2692 tendi
2366 2639 2523 2705 retia,
2558 2639 2748 2695 dicunt
2801 2641 2985 2697 divina
3032 2658 3316 2714 responsa.
3365 2644 3479 2718 Ipsi

1893 2727 2031 2780 enim
2064 2728 2191 2781 dum
2226 2738 2347 2783 sunt
2384 2733 2704 2802 sanguinum
2728 2734 3035 2804 participes,
3076 2736 3223 2791 mala
3260 2738 3362 2793 sibi
3396 2756 3480 2795 re-

1896 2818 2129 2873 condunt
2158 2821 2210 2875 1³.
2256 2821 2545 2889 Quomodo
2599 2841 2729 2897 ergo
2772 2842 2813 2881 a.
2849 2829 3129 2885 nonnullis
3178 2829 3480 2886 haeresibus

1897 2914 1983 2967 lex
2012 2914 2192 2970 adhuc
2233 2916 2375 2972 mala
2419 2914 2642 2986 dicitur,
2670 2905 3101 2979 vociferantibus
3128 2924 3311 2980 dicere
3335 2927 3482 2996 Ape-

1896 3006 2133 3062 stolum:
2168 3008 2273 3062 Per
2293 3009 2456 3081 legem
2482 3012 2622 3065 enim
2658 3014 2889 3084 cognitio
2917 3016 3123 3085 peccati
3166 3011 3233 3072 ei
3267 3015 3480 3085 Quibus

1895 3098 2158 3155 dicimus:
2207 3099 2318 3157 Lex
2366 3114 2650 3174 peccatum
2700 3123 2808 3163 non
2857 3107 3024 3175 fecit,
3070 3110 3166 3166 sed
3217 3113 3476 3167 ostendit.

1896 3189 2034 3245 Cum
2062 3192 2207 3247 enim
2239 3209 2325 3264 ea,
2354 3212 2477 3268 quae
2501 3207 2630 3254 sunt
2680 3198 2947 3270 facienda,
2988 3202 3239 3273 jusserit,
3289 3220 3481 3277 repre»

1904 3283 2095 3338 bendit
2137 3300 2222 3352 ea,
2256 3303 2379 3358 quae
2410 3307 2519 3346 non
2551 3291 2818 3348 iacienda.
2868 3292 3009 3351 Boni
3038 3307 3220 3355 autem
3253 3306 3359 3367 est,
3401 3299 3479 3364 id,

1899 3376 2047 3446 quod
2097 3378 2337 3435 salutare
2377 3382 2597 3452 quidem
2648 3395 2751 3453 est,
2799 3388 3026 3456 docere;
3069 3394 3219 3462 quod
3261 3395 3483 3451 exitiale

1897 3474 2101 3534 autem,
2149 3472 2474 3531 ostendere:
2525 3488 2579 3532 et
2629 3478 2725 3535 illo
2767 3464 2989 3552 quidem
3043 3486 3121 3540 uti
3168 3489 3477 3556 consulere,

1896 3559 2001 3616 hoc
2026 3575 2156 3617 vero
2193 3563 2387 3635 jubere
2427 3566 2635 3640 iugere.
2669 3571 2790 3628 Jam
2821 3574 3138 3645 Apostolus,
3174 3594 3338 3650 quem
3371 3598 3480 3638 non

1894 3654 2246 3728 intelligunt,
2300 3660 2440 3717 dixit
2483 3668 2692 3735 peccati
2746 3670 3115 3740 cognitionem
3162 3687 3259 3745 per
3305 3674 3481 3746 legem

1892 3761 2012 3802 esse
2026 3750 2449 3822 maniiestatam,
2468 3773 2575 3813 non
2592 3770 2775 3815 autem
2799 3763 3076 3833 accepisse
3091 3763 3479 3825 substantiam;

1892 3840 2184 3909 Quomodo
2218 3858 2401 3905 autem
2441 3867 2549 3909 non
2582 3863 2666 3909 est
2697 3854 2839 3910 bona
2890 3857 2978 3912 lex
3012 3859 3311 3931 castigans,
3357 3876 3483 3933 qua.

1891 3936 2017 3990 data
2047 3947 2133 3994 est
2154 3941 2471 4015 paedagogus
2498 3945 2567 4000 ad
2598 3947 2869 4005 Christum
2904 3949 2930 3990 ει
2951 3992 2967 4018 ,
3018 3961 3079 4006 ιιι
3120 3953 3252 4008 dum
3284 3968 3382 4023 per
3412 3954 3482 4007 ti-

1891 4033 2063 4088 moris
2095 4036 2510 4105 castigationem
2556 4040 2846 4111 dirigimur
2868 4083 2883 4108 ,
2921 4044 2992 4098 ad
3034 4059 3153 4100 eam
3178 4084 3194 4110 ,
3224 4061 3350 4110 quae
3397 4056 3482 4102 est

1889 4140 1987 4194 per
2030 4124 2332 4194 Christum,
2376 4124 2768 4200 perfectionem
2819 4138 3239 4193 convertamur?
3292 4136 3477 4202 Nolo,

1887 4217 2088 4288 inquit,
2130 4229 2351 4275 martem
2386 4226 2701 4293 peccatoris,
2749 4227 2841 4281 sed
2882 4228 2995 4298 ejus
3028 4230 3390 4300 paenitentiam
3431 4244 3475 4286 ο.

1888 4305 2275 4367 Paenitentiam
2301 4324 2485 4369 autem
2514 4317 2675 4372 eﬂicit
2701 4328 3056 4389 praeceptum,
3090 4321 3238 4391 quod
3261 4335 3324 4377 ea
3361 4324 3481 4394 qui-

1890 4402 2014 4457 dem
2047 4406 2497 4485 proltibet,lqu:e
2545 4425 2655 4465 non
2698 4424 2829 4468 sunt
2875 4412 3160 4480 facienda,
3195 4415 3477 4474 beneiacta

1889 4505 2072 4553 autem
2111 4498 2357 4558 mandat.
2395 4502 2619 4559 Mortem
2652 4515 2834 4562 autem
2865 4545 2879 4570 ,
2928 4516 2989 4562 ut
3016 4510 3257 4565 arbitror
3280 4553 3297 4579 ,
3346 4512 3476 4568 dir’t

181 4581 346 4647 ναὸς
381 4579 611 4648 τέλειος
652 4580 734 4647 τῷ
765 4580 913 4646 Θεῷ·
959 4581 1054 4649 ἐφ’
1092 4580 1245 4636 ὅσον
1277 4582 1452 4636 ἐστὶν
1489 4583 1582 4652 ἐφ’
1620 4585 1786 4654 ἡμῖν,

1895 4588 2281 4661 ignorantiam.
2330 4594 2401 4650 Et
2425 4598 2517 4667 qui
2544 4609 2620 4653 est
2645 4613 2804 4670 prape
2833 4600 3150 4673 Dominum,
3183 4614 3260 4660 est
3283 4576 3480 4677 plenas

262 4716 943 4816 Pagasaeus;
975 4720 1606 4816 §z+_-_57§.E2;PARIS-
1639 4725 1789 4783 ιντο

1895 4746 1925 4800 ι,
1961 4733 2013 4787 7i
2089 4735 2297 4803 1ilbid.,
2328 4738 2414 4807 l7,
2448 4738 2535 4794 18.
2597 4751 2621 4780 θ
2659 4739 2822 4799 Rom.
2854 4760 2938 4811 ιιι,
2970 4744 3060 4800 20.
3135 4745 3163 4786 δ
3185 4746 3365 4806 Galat.
3395 4766 3479 4816 ιιι,

183 4789 283 4843 24.
330 4799 353 4824 ο
390 4785 590 4845 Ezecb.
619 4806 818 4859 χχχιιι,
855 4794 945 4849 lt;
979 4809 1134 4861 xvm,
1172 4795 1265 4860 25,
1296 4796 1386 4851 52.

265 4942 388 5027 (44)
423 4945 579 5027 illiw.
604 4946 1006 5027 l‘dp_Pro_vcrb.
1040 4948 1186 5016 Mox,
1209 4953 1257 5004 oi
1277 4952 1436 5021 φόνου
1472 4954 1793 5027 μετέχοντες

183 5026 321 5089 pro_
335 5016 583 5089 αἱμάτων
619 5016 806 5089 μετέχ.
844 5019 977 5074 Ibid.

264 5083 683 5159 (ᾇξγΓνῶσὶς.
724 5083 1073 5159 Ἐπίγνωσις,
1105 5090 1265 5146 Rom.
1297 5109 1381 5148 ιιι.

261 5153 386 5225 (46)
426 5160 509 5235 ρύ
558 5153 877 5235 βούλομαρ
924 5153 1299 5235 Διάμνήμης
1346 5166 1541 5222 recitat
1588 5167 1787 5225 Ezech.

183 5238 397 5298 xxxiii,
432 5229 489 5295 2,
519 5231 606 5284 vel
630 5229 785 5293 xvm,
807 5232 900 5298 23,
935 5232 1026 5287 32.

263 5295 383 5375 (f7)
398 5301 751 5375 κωλυτικὴν
756 5295 893 5375 per.
903 5345 916 5357 .
933 5343 945 5356 .
967 5303 1407 5375 ἐπατητλτικὴν
1435 5307 1505 5362 δὲ
1536 5326 1588 5363 τ.
1606 5308 1788 5365 Malim

183 5364 468 5454 κωλυτικὴ
494 5364 953 5454 γει-ἐπαγγελτική
980 5413 994 5436 .
1016 5364 1107 5454 ,υς
1132 5364 1232 5454 Ἰιφ
1275 5364 1435 5433 voces
1483 5382 1550 5434 ad
1597 5364 1786 5454 ἐντολῆ
1812 5398 1817 5407 ’

181 5437 381 5517 gelata:
430 5437 837 5517 intelligantur:
884 5437 1272 5517 quodgLatine
1317 5463 1637 5517 expressum
1679 5437 1783 5506 est:

183 5505 288 5591 Sic
305 5513 558 5591 sgperius
580 5505 764 5591 legetur
780 5505 989 5578 deﬁnit,
1008 5514 1162 5591 λόγον
1186 5516 1365 5591 ὀρθὸν,
1389 5505 1793 5591 προστακτικὸν

184 5533 288 5562 auc
305 5533 558 5579 bupcrlus
580 5533 751 5582 regem
780 5533 989 5578 oeuntt,
1009 5533 1162 5585 Αογον
1186 5533 1213 5570 ο
1254 5533 1365 5583 nov,
1392 5533 1792 5591 προστακτικὸν

184 5580 296 5649 μὲν
330 5574 404 5635 ὧν
435 5585 705 5663 ποιητέον,
743 5588 1172 5657 ἀπαγορευτικὸν
1214 5533 1271 5641 ge
1303 5584 1379 5643 ὧν
1401 5591 1487 5663 οὑν
1512 5594 1792 5663 ποιητέονι

176 5661 398 5703 rectam
443 5656 704 5710 rationem
724 5695 738 5720 ,
769 5656 985 5731 qureea
1040 5674 1167 5731 aute
1200 5672 1403 5731 oportet
1455 5662 1575 5731 ﬁeri
1607 5656 1749 5728 iubet
1772 5680 1791 5718 :

181 5736 315 5847 ἕξις
349 5734 527 5778 autem
560 5741 667 5780 non
694 5726 905 5797 oportet
929 5726 1070 5798 ﬁeri,
1098 5726 1357 5799 prohibet.
1393 5726 1613 5789 St'rom.
1639 5750 1693 5801 ι,
1731 5751 1784 5806 p.

264 5832 381 5935 ζέε)
424 5866 530 5920 Καὶ
571 5872 605 5921 ό
636 5869 723 5938 ἐγ.
759 5868 1052 5940 Respicere
1076 5872 1290 5930 videtur
1320 5873 1506 5932 Judith
1537 5891 1659 5945 νιιι.
1692 5876 1781 5931 27.

444 5979 712 6043 Panos.
756 5984 875 6045 Gn.
929 5985 1092 6046 ΗΠ.

1889 4960 1951 5013 In
1980 4958 2222 5038 ᾔεις-ηερ
2246 4972 2573 5038 sequuntur,
2604 4965 2693 5020 διὰ
2735 4967 2960 5038 μνήμης
2985 4969 3181 5024 recitat
3214 4964 3478 5027 Proverb.

1889 5046 1946 5110 ξ.
2060 5031 2188 5110 Tib;
2222 5031 2650 5110 πεπαιδευμένος
2677 5031 3048 5110 cottabi-istac:
3074 5038 3136 5093 ν.
3154 5040 3215 5094 5:
3238 5041 3327 5110 Διε
3339 5040 3482 5110 arbitr,

1887 5101 1998 5154 ἀπὸ
2026 5102 2306 5174 καύματος
2342 5105 2454 5170 υίὸς
2491 5101 2824 5180 νοήμωνξν.
2849 5107 2910 5163 8:
2946 5104 3116 5181 Σοφὸς
3151 5109 3351 5183 καρδίᾳ
3395 5101 3481 5164 δέὶ

1891 5171 2043 5237 ξεται
2073 5174 2314 5237 ἐντολάς.

1923 5189 2043 5226 εται
2073 5189 2314 5239 εντολας.

1962 5242 2072 5315 (49)
2116 5247 2283 5302 Οὐαί.
2336 5245 2463 5304 Haec
2496 5262 2527 5302 e
2557 5246 2745 5305 Graeco
2787 5249 2845 5306 S.
2892 5250 3153 5306 Barnabas
3187 5252 3339 5307 textu
3385 5267 3481 5307 es-

1886 5314 2170 5392 ciderunt,
2214 5318 2307 5372 sed
2344 5319 2487 5388 apud
2527 5328 2765 5392 veterem
2809 5323 2931 5389 ejus
2980 5323 3329 5392 interpretem
3376 5322 3483 5392 hoc

1886 5386 2051 5463 modo
2083 5396 2329 5463 exstant,
2358 5386 2480 5463 cap.
2513 5389 2542 5443 Δ
2568 5389 2767 5463 ;__Dicit
2807 5386 2948 5445 enim
2977 5386 3291 5463 Scriptura:
3328 5413 3347 5445 ι
3392 5391 3482 5447 l’a:

1894 5457 2027 5523 illis,
2057 5459 2163 5531 qui
2172 5460 2271 5513 sibi
2292 5460 2422 5514 solis
2452 5458 2774 5531 intelligunt,
2815 5472 2865 5516 et
2891 5465 3033 5530 apud
3060 5457 3114 5518 se
3134 5465 3274 5518 docti
3302 5465 3483 5518 viden-

1899 5538 2003 5581 tur.
2059 5527 2078 5580 ὁ
2123 5527 2663 5606 S_imus_spiritales':
2707 5534 2873 5606 simus
2920 5527 3170 5606 templum
3235 5550 3482 5606 consum:

1897 5610 2101 5653 malum
2136 5599 2272 5656 Deo:
2306 5601 2360 5655 in
2390 5614 2643 5671 quantum
2678 5613 2756 5658 est
2786 5605 2840 5657 in
2870 5599 3035 5665 nobis;
3073 5606 3387 5660 meditemur
3420 5604 3484 5659 ti;

1896 5685 2094 5734 morem
2128 5670 2245 5734 Dei,
2272 5682 2321 5725 et
2352 5670 2713 5729 custodiamus
2742 5675 3000 5730 mandata
3026 5675 3195 5731 illius.

1967 5729 2080 5811 (50)
2119 5729 2493 5821 aptiorem.
2543 5741 2706 5800 Forte
2742 5747 2946 5803 rectius
2976 5729 3268 5821 προτάξας
3301 5762 3484 5813 ,νίκη

1892 5815 2281 5882 pra’posuisset.
2318 5812 2474 5868 SvLe.

3082 5995 3153 6056 τι
