3970 6524
482 319 589 375 975

1637 315 2027 391 CLEMENTIS
2064 310 2533 370 ALEXANDRINI

3631 296 3745 356 97$

479 441 822 499 audientibus
841 442 1040 499 clamat
1070 440 1347 512 Scriptura
1381 458 1393 495 :
1432 440 1538 506 Qui
1566 450 1743 496 autem
1766 459 1844 503 me
1871 441 2043 504 audit,

2154 441 2353 494 δίκαιον
2386 439 2573 509 ἀδίκῳ.
2612 436 2673 490 Εἰ
2705 434 2882 490 τοίνυν
2916 431 3100 487 κακῶν
3135 428 3312 502 ἀρχὴν
3359 424 3599 529 ἀφοϐίαν
3625 422 3743 529 (i9)

475 535 759 602 requiescet
788 538 846 590 in
874 552 1002 606 pace
1028 552 1122 589 con
1130 535 1318 605 ﬁdens,
1343 546 1393 588 et
1427 535 1539 587 sine
1567 543 1705 587 metu
1731 533 1951 588 cessabit
1980 533 2043 587 ab

475 626 620 679 omni
648 627 789 680 malo
809 638 856 682 ι.
881 626 1019 694 Quid
1046 641 1176 698 ergo
1195 626 1247 680 hi
1272 626 1439 696 legem
1460 640 1581 681 esse
1604 626 1826 680 volunt?
1852 625 2044 678 Malam

475 716 697 784 quidem
737 732 847 772 non
883 718 1153 788 inquient,
1194 717 1287 772 sed
1318 716 1547 787 justam,
1590 718 1790 772 bonum
1824 733 1853 772 a
1897 718 2047 786 justo

473 804 893 878 distinguentes.
940 809 1205 864 Dominus
1243 818 1425 863 autem
1483 826 1609 865 cum
1650 810 1808 880 jubet
1857 809 2048 863 timere

477 897 705 964 malum,
756 915 863 954 non
926 902 1127 955 malum
1180 900 1326 955 malo
1376 900 1588 967 liberat,
1638 901 1732 955 sed
1799 900 2048 954 dissolvit

476 992 812 1045 contrarium
845 993 1143 1048 contrario.
1175 992 1325 1048 Bono
1355 1002 1536 1047 autem
1571 993 1773 1046 malum
1802 1001 1885 1046 est
1914 1007 2045 1047 con—

462 1085 730 1151 .trarium,
754 1093 814 1139 ut
844 1085 1055 1155 justum
1090 1084 1313 1156 injusto.
1354 1084 1410 1138 Si
1444 1100 1573 1156 ergo
1605 1085 1869 1139 malorum
1911 1082 2048 1139 dixit

477 1176 802 1246 principium
849 1168 1026 1233 metus
1061 1182 1120 1240 Et
1169 1176 1520 1240 vacuitatem,
1562 1191 1727 1246 quam
1774 1174 1903 1230 facit
1940 1174 2048 1229 Do-

466 1269 614 1323 .miui
651 1268 812 1324 timor
845 1286 860 1323 :
907 1268 1070 1323 timor
1110 1268 1314 1323 bonum
1354 1276 1459 1334 est,
1492 1277 1546 1323 et
1568 1267 1662 1338 qui
1688 1275 1770 1323 est
1803 1282 1869 1322 ex
1908 1265 2048 1338 Lege

474 1369 677 1425 suetus,
702 1376 814 1415 non
846 1361 1020 1415 solum
1048 1370 1132 1417 est
1163 1361 1368 1431 justus,
1404 1360 1501 1415 sed
1557 1361 1720 1415 etiam
1755 1361 1951 1425 bonus,
1989 1368 2049 1414 ut

480 1448 574 1517 qui
619 1447 835 1503 auferat
871 1449 1115 1503 vitium:
1158 1460 1304 1506 metu
1354 1458 1536 1504 autem
1580 1449 1840 1505 inducens
1870 1456 2047 1503 metus

478 1539 976 1604 vacuitatem,‘non
1023 1540 1192 1595 animi
1236 1540 1645 1611 perturbatione
1680 1539 2045 1610 perturbatio-

468 1648 606 1686 :num
656 1632 1000 1695 vacuitatem.
1039 1632 1133 1688 sed
1176 1633 1462 1703 disciplina
1496 1613 1779 1705 ingenerat
1814 1632 2051 1688 aﬂectioo

477 1739 609 1778 num
681 1724 1132 1779 moderationem.
1195 1724 1331 1781 Cum
1394 1724 1577 1794 itaque
1652 1724 2042 1780 audierimus:

2148 531 2471 604 εῖρηκεν,ἣν
2490 528 2637 595 ό,τοῦ
2690 527 2896 597 Κυρίου
2952 523 3114 594 φόϐος
3146 520 3470 593 ἐργάζεται,
3526 515 3747 604 ἀγαθὸν

2146 625 2174 675 ὁ
2202 602 2413 692 φόϐος·
2466 622 2559 675 καὶ
2588 623 2616 674 ὁ
2647 622 2709 674 ὲκ
2744 618 2837 672 τοῦ
2883 618 3067 688 Νόμου
3114 614 3277 685 φόϐος
3301 652 3318 678 ,
3350 612 3411 665 οὐ
3446 610 3616 683 μόνον
3657 602 3746 661 δί-

2148 732 2327 778 καιος,
2361 713 2496 768 ἀλλά
2542 712 2635 766 καὶ
2668 709 2897 779 ἀγαθὸς,
2933 708 3130 762 κακίαν
3162 698 3399 777 ἀναιρῶν
3423 722 3435 734 ·
3489 702 3651 771 φόϐῳ
3682 699 3740 752 ϐξ

2149 809 2377 880 ἀφοϐίαν
2420 809 2686 876 εἰσάγων,
2733 805 2794 858 οῦ
2841 802 3004 856 πάθει
3049 801 3356 863 ἀπάθειαν,
3408 795 3639 867 παιδείᾳ
3682 794 3743 847 δὲ

2151 899 2573 973 μετριοπάθειαν
2602 898 2837 968 ἐμποιεῖ.
2875 893 3043 948 Ἐπάν
3065 890 3159 947 οῦν
3190 889 3512 960 ἀκούσωμεν
3532 904 3545 918 ·
3583 889 3742 973 Τίμα

2148 970 2267 1047 τὸν·
2298 992 2548 1059 Κύριον,
2584 988 2681 1042 καί
2737 987 3043 1056 ίσχύσεις·
3096 982 3261 1052 πλὴν
3297 981 3365 1034 δὲ
3413 970 3608 1034 αὑτοῦ
3647 976 3737 1047 μὴ

2148 1084 2334 1153 φοϐοῦ
2381 1082 2607 1136 ἄλλον·
2656 1079 2718 1133 τὸ
2769 1077 3052 1148 φοϐεῖσθαι
3085 1075 3454 1147 ἁμαρτάνειν,
3498 1069 3737 1124 ἔπεσθαι

2146 1174 2203 1228 δὲ
2231 1177 2350 1238 ταῖς
2382 1174 2487 1227 ὑπὸ
2501 1172 2635 1226 Θεοῦ
2658 1170 2924 1234 δοθείσαις
2938 1169 3196 1231 ἐντολαῖς,
3226 1166 3391 1237 τιμὴν
3411 1164 3479 1235 ἢν
3502 1162 3618 1216 ἀπὸ
3638 1160 3738 1215 τοῦ

2147 1266 2280 1319 Θεοῦ
2307 1265 2416 1337 (60)
2444 1264 2793 1336 ἐκδεχόμεθα.
2827 1264 2953 1326 Δέος
2976 1261 3086 1333 (61)
3116 1260 3173 1313 δέ
3209 1261 3325 1313 ἐστι
3352 1256 3518 1327 φόϐος
3568 1254 3736 1309 Θεοῦ.

2160 1357 2295 1411 Ἀλλ’
2330 1360 2377 1411 εί
2410 1358 2504 1412 καὶ
2541 1356 2711 1421 πάθος
2734 1359 2761 1410 ό
2795 1354 2956 1425 φόϐος
2976 1394 2991 1418 ,
3024 1354 3100 1416 ὡς
3134 1348 3412 1423 βούλονταί
3454 1364 3608 1411 τινες
3652 1346 3740 1398 ὅτι

2149 1448 2309 1519 φόϐος
2339 1450 2455 1503 ἐστὶ
2484 1447 2674 1512 πάθος,
2703 1448 2802 1519 οὐχ
2845 1449 2874 1500 ὁ
2925 1448 3032 1510 πάς
3072 1443 3235 1515 φόϐος
3276 1442 3478 1504 πάθος·
3516 1441 3553 1510 ἡ
3598 1436 3742 1506 γοῦν

2148 1540 2538 1613 δεισιδαιμονία
2570 1539 2761 1603 πάθος,
2792 1538 2955 1608 φόϐος
2981 1537 3248 1608 δαιμόνων
3280 1530 3437 1596 οὖσα,
3470 1528 3739 1585 ὲκπαθῶν

2147 1650 2207 1686 τε
2243 1632 2338 1687 καὶ
2368 1633 2645 1704 ὲμπαθῶν.
2684 1631 2958 1703 Ἔμπαλιν
2992 1626 3084 1685 οὖν
3114 1632 3143 1684 ό
3181 1627 3275 1683 τοῦ
3305 1626 3558 1690 ἀπαθοῦς
3593 1627 3736 1682 Θεοῦ

2152 1725 2314 1793 φόϐος
2342 1725 2584 1796 ἀπαθής·
2623 1723 2865 1795 φοϐεῖται
2894 1724 3004 1796 γάρ
3046 1740 3130 1787 τις
3171 1722 3233 1776 οὐ
3262 1720 3354 1774 τδν
3394 1720 3555 1784 Θεὸν,
3596 1720 3738 1775 ἀλλὰ

480 1813 700 1869 Honora
756 1814 1071 1877 Dominum,
1123 1823 1171 1869 et
1228 1815 1335 1870 eris
1388 1815 1581 1884 fortis;
1638 1824 1830 1885 praeter
1873 1815 2043 1884 ipsum

2154 1815 2208 1869 τὸ
2236 1816 2529 1870 ἀποπεσεῖν
2548 1815 2642 1870 τοῦ
2657 1815 2813 1870 Θεοῦ.
2851 1817 2908 1869 '0
2927 1815 2985 1874 δὲ
3014 1815 3170 1868 τοῦτο
3193 1812 3405 1876 δεδιὼς,
3427 1811 3490 1865 τὸ
3510 1813 3628 1876 τοῖς
3646 1829 3740 1864 κα·

474 1917 647 1961 antem
694 1924 756 1961 ne
800 1908 922 1963 time
970 1906 1180 1962 alinmb
1219 1922 1233 1958 :
1287 1907 1479 1962 timere
1526 1916 1833 1977 peccatum,
1888 1905 2042 1974 sequi

2158 1907 2276 1969 κοῖς
2297 1907 2631 1977 περιπεσεῖν,
2650 1904 2890 1976 φοϐεῖται
2906 1905 2998 1959 καὶ
3017 1903 3184 1957 δέδιεν
3198 1901 3266 1956 τὰ
3285 1903 3433 1957 κακά
3447 1917 3463 1933 ·
3488 1904 3522 1955 ό
3551 1899 3739 1964 568d»;

472 2006 681 2062 autem,
739 2014 862 2069 qua:
914 2013 944 2053 a
985 1997 1094 2052 Deo
1137 1998 1260 2052 data
1314 2007 1461 2064 sunt,
1508 2006 1797 2068 pra-cepta,
1851 2013 1882 2052 a
1940 1997 2043 2054 Deo

2154 1995 2207 2048 δὲ
2239 1994 2301 2047 τὸ
2325 1996 2546 2067 πτῶμα,
2574 1996 2848 2069 ἄφθαρτον
2880 1996 3069 2050 ἑαυτὸν
3101 1996 3194 2049 καὶ
3225 1994 3409 2066 ἀπαθῆ
3434 1989 3579 2047 εἷναι
3610 1994 3735 2065 βοῦν

475 2090 743 2145 lionorem
789 2089 1110 2160 accipimus.
1161 2088 1290 2152 Δέος
1337 2097 1517 2143 autem
1559 2096 1644 2144 est
1674 2086 1787 2144 .Dei
1847 2097 2043 2145 metus.

2154 2088 2295 2142 λεται
2322 2088 2452 2161 (62).
2487 2090 2682 2158 Σοφὸς
2710 2087 2995 2159 φοϐηθείς
3025 2086 3337 2152 ἐξέκλινεν
3364 2085 3484 2141 ἀπὸ
3508 2086 3736 2139 κακοῦ·

477 2181 582 2237 Sed
608 2182 708 2237 etsi
735 2181 896 2236 timor
924 2182 995 2235 sit
1030 2181 1236 2250 passio,
1280 2187 1339 2234 ut
1364 2179 1557 2233 volunt
1589 2179 1756 2249 aliqui
1793 2179 2040 2235 timorem

2154 2180 2183 2233 ό
2211 2177 2283 2231 δὲ
2311 2177 2514 2248 ἄφρων
2537 2179 2653 2250 (65)
2679 2180 2963 2251 μίγνυται
3004 2176 3316 2246 πεποιθὼς,
3342 2180 3376 2249 ἡ
3409 2177 3611 2249 Γραφὴ
3640 2177 3730 2229 λέ-

471 2287 597 2328 esse
651 2272 1001 2342 passionem,
1053 2285 1164 2324 non
1207 2278 1291 2325 est
1349 2269 1527 2340 quivis
1584 2279 1763 2325 metus
1835 2269 2039 2339 passio.

2154 2286 2262 2340 γει·
2315 2266 2469 2335 αὖθίς
2517 2288 2608 2337 τε,
2656 2272 2752 2326 Ἔν
2793 2272 2957 2343 φόϐῳ
3006 2271 3229 2340 Κυρίου
3267 2269 3447 2335 ἐλπίς
3488 2269 3737 2338 ίσχύος,

478 2361 806 2433 Superstitio
838 2362 1055 2432 quidem
1096 2371 1180 2417 est
1217 2361 1421 2431 passio,
1464 2368 1524 2415 ut
1561 2376 1684 2432 quae
1730 2362 1802 2417 sit
1843 2361 2045 2417 danmo-
2146 2363 2329 2433 φησίν.

464 2471 605 2512 num
652 2463 847 2519 metus,
902 2452 994 2524 qui
1035 2451 1383 2523 passionibus
1442 2466 1646 2522 susque
1694 2452 1871 2523 deque
1930 2450 2179 2507 feruntur
2231 2461 2287 2508 et
2332 2452 2637 2523 agitantur;
2706 2468 2737 2508 e
2803 2462 2991 2509 contra
3060 2452 3222 2524 igitur
3262 2450 3358 2508 Dei
3404 2449 3736 2522 impatibilis

476 2557 654 2604 metus
682 2558 762 2604 est
790 2547 1106 2618 impatibilis
1134 2560 1151 2601 :
1182 2548 1333 2602 timet
1366 2546 1511 2601 enim
1551 2544 1674 2616 quis
1698 2562 1805 2601 non
1837 2546 2030 2612 Deum,
2055 2547 2147 2603 sed
2175 2562 2206 2602 a
2237 2546 2347 2601 Deo
2375 2546 2643 2602 excidere.
2691 2545 2795 2613 Qui
2841 2555 3019 2601 autem
3080 2546 3185 2602 hoc
3234 2554 3474 2612 veretur,
3527 2558 3730 2612 nempe

473 2654 542 2694 ne
590 2640 645 2695 in
685 2640 827 2696 mala
869 2640 1095 2708 incidat,
1154 2640 1296 2697 mala
1349 2639 1502 2695 timet
1543 2647 1599 2695 et
1650 2648 1896 2707 veretur;
1942 2639 2036 2711 qui
2068 2648 2249 2695 autem
2290 2640 2445 2694 timet
2478 2654 2546 2694 ne
2597 2639 2776 2701 cadat.
2827 2652 2948 2696 esse
2981 2655 3040 2696 se
3086 2640 3154 2695 ab
3201 2640 3422 2696 interitu
3475 2640 3728 2698 alienum

470 2732 588 2787 vult
631 2740 685 2787 et
726 2730 1099 2802 impatibilem.
1164 2728 1383 2801 Sapiens
1435 2730 1619 2783 timens
1699 2728 1981 2785 declinavit
2034 2746 2068 2783 a
2124 2730 2313 2795 malo;
2375 2729 2626 2799 insipiens
2683 2739 2858 2785 autem
2923 2731 3186 2801 confidens
3242 2732 3556 2805 aggreditur
3584 2773 3602 2799 ,
3658 2736 3738 2791 ait

475 2824 776 2896 Scriptura.
853 2823 919 2879 Et
976 2838 1219 2879 rursus:
1279 2820 1347 2877 In
1409 2823 1596 2877 timore
1649 2821 1864 2878 Domini
1913 2823 2265 2895 est,inquit,
2293 2838 2408 2893 spes
2432 2822 2767 2893 fortitudinis
2824 2833 2873 2876 ε.

1915 2978 2145 3037 CAPUT
2186 2979 2280 3035 1X.

1425 3099 1653 3156 Virtutes
1700 3103 2031 3159 Christianas
2073 3121 2184 3161 esse
2230 3106 2366 3160 inter
2404 3120 2458 3160 se
2504 3119 2785 3161 connexos.

543 3212 769 3269 Deducit
794 3227 938 3283 ergo
958 3212 1091 3269 talis
1127 3222 1303 3270 metus
1340 3223 1394 3271 et
1436 3217 1504 3272 ad
1547 3217 1944 3288 pmnitentiam,
1980 3226 2035 3274 et

2156 3219 2189 3273 Ε
2243 3218 2457 3288 Ἀνάγει
2482 3217 2611 3288 γοῦν
2630 3220 2659 3273 ό
2677 3216 2916 3282 τοιοῦτος
2936 3216 3098 3289 φόϐος
3115 3214 3209 3270 ἐπί
3228 3231 3287 3269 τε
3308 3215 3408 3288 τὴν
3441 3214 3739 3287 μετάνοιαν

472 3305 538 3359 ad
563 3319 736 3375 spem.
769 3302 907 3374 Spes
920 3312 1120 3360 -autem
1162 3313 1247 3361 est
1269 3310 1603 3378 exspectatio
1639 3309 1931 3378 bonorum,
1961 3310 2048 3366 vel

471 3397 713 3454 absentis
751 3396 881 3453 boni
915 3398 1058 3454 bona
1100 3400 1361 3468 speratio.
1408 3400 1567 3458 Certe
1613 3418 1777 3460 casus
1826 3417 2048 3473 quoque

472 3489 558 3544 vel
587 3489 655 3544 ad
686 3489 892 3545 bonam
928 3505 1080 3560 spem
1119 3492 1437 3555 assumitur.
1473 3510 1638 3564 quam
1690 3497 1759 3551 ad
1804 3494 2047 3551 Charita-

474 3590 581 3634 tcm
635 3580 903 3636 deducere
959 3582 1269 3649 didicimus.
1319 3584 1573 3642 Charitas
1626 3595 1808 3642 autem
1884 3586 2047 3642 fuerit

471 3671 765 3728 consensio
834 3687 1023 3728 eorum
1074 3688 1196 3743 qua:
1248 3683 1379 3730 sunt
1427 3676 1484 3730 in
1533 3678 1746 3733 ratione
1791 3678 1948 3750 163
1988 3686 2045 3734 et

472 3764 582 3818 vita
602 3771 658 3819 et
679 3762 961 3831 moribus;
990 3773 1105 3833 aut,
1138 3775 1198 3822 ut
1239 3767 1432 3838 paucis
1473 3768 1677 3837 dicam,
1716 3771 1839 3826 vita:
1869 3772 2042 3827 socie-

430 3865 597 3919 -tas;
651 3856 737 3910 vel
781 3855 1037 3913 amicitia:
1082 3868 1137 3913 et
1199 3858 1589 3917 benevolentia:
1640 3863 2046 3932 perseverantia

471 3962 597 4001 cum
637 3952 786 4002 recta
825 3948 1054 4015 ratione,
1101 3948 1156 4004 in
1196 3966 1300 4006 usu
1333 3951 1636 4006 amicorum
1688 3967 1755 4008 ac
1810 3951 2048 4009 familia-

473 4038 640 4105 rium,
668 4039 760 4110 qui
783 4040 988 4112 ἑταῖροι
1022 4050 1289 4097 vocantur
1317 4042 1540 4113 (dicitur
1579 4052 1763 4100 autem
1807 4045 2043 4117 ἑταῖρος,

469 4129 628 4200 quasi
677 4130 864 4203 ἕτερος
912 4131 1043 4201 ἐγώ,
1079 4132 1134 4189 id
1179 4141 1283 4200 est,
1319 4150 1413 4205 ego
1450 4134 1647 4205 alter),
1678 4150 1785 4206 qua
1831 4135 2044 4191 ratione

412 4300 417 4305 ἢ
468 4238 562 4279 eos
586 4223 789 4292 fratres.
810 4223 1165 4293 appellamus,
1197 4224 1290 4295 qui
1313 4233 1444 4280 sunt
1471 4225 1664 4280 eodem
1701 4225 1867 4281 verbo
1894 4240 2045 4296 rege-

463 4315 665 4374 ncrati.
690 4314 947 4372 Adhaeret
964 4326 1144 4372 autem
1169 4318 1421 4374 charitati
1444 4326 1498 4374 et
1530 4318 1894 4389 hospitalitas;
1925 4333 2049 4390 quae

641 4446 703 4502 P.
725 4447 830 4503 450
854 4447 961 4503 El).
994 4445 1291 4514 POTTER,
1324 4449 1561 4506 577-378
1592 4450 1702 4506 ΕΙ).
1729 4449 1953 4507 PABIS.
2026 4463 2043 4493 ι

2154 4468 2242 4509 0v.
2270 4470 2310 4521 ι,
2334 4455 2424 4510 55.
2502 4453 2708 4512 bProv.
2746 4472 2845 4522 vn,
2868 4456 2923 4511 2.

2146 3312 2239 3363 snt
2276 3328 2335 3364 τε
2365 3310 2462 3384 τὴν
2489 3311 2701 3366 ἐλπίδα.
2740 3310 2926 3375 Ἐλπὶς
2969 3310 3027 3364 δὲ
3058 3308 3353 3379 προσδοκία
3392 3309 3655 3378 ἀγαθῶν,
3699 3311 3736 3381 ἢ

2148 3401 2379 3467 ἀπόντος
2428 3403 2632 3473 ἀγαθοῦ
2674 3401 2924 3467 εὔελπις·
2989 3400 3180 3474 ἀμέλει
3225 3401 3317 3454 καὶ
3360 3402 3395 3472 ἡ
3437 3402 3737 3471 ὲμπτωσία

2146 3493 2478 3567 λαμϐάνεται
2518 3496 2601 3560 είς
2643 3494 2906 3549 εὐέλπιδα
2946 3493 3077 3566 (64),
3109 3493 3176 3564 ἠν
3223 3492 3315 3545 ἐπὶ
3360 3494 3459 3565 τὴν
3511 3494 3738 3563 ἀγάπην

2145 3588 2505 3658 χειραγωγεῖν
2549 3584 2966 3657 μεμαθήκαμεν.
3024 3583 3236 3655 Ἀγάπη
3279 3582 3336 3637 δὲ
3388 3583 3615 3655 ὁμόνοια
3668 3582 3737 3637 ἄν

2146 3676 2235 3746 είη
2263 3675 2372 3730 τῶν
2403 3676 2547 3731 κατὰ
2573 3676 2665 3730 τὸν
2694 3675 2850 3745 λόγον
2881 3675 2976 3730 καὶ
2999 3674 3091 3729 τὸν
3116 3675 3229 3746 βίον
3260 3675 3355 3728 καὶ
3384 3675 3477 3728 τὸν
3508 3674 3734 3747 τρόπον,

2147 3765 2204 3840 ἢ,
2232 3767 2504 3822 συνελόντι
2535 3769 2718 3838 φάναι,
2744 3767 2996 3822 κοινωνία
3032 3766 3144 3838 βίου
3163 3784 3177 3797 ·
3219 3768 3253 3839 ἢ
3279 3766 3525 3821 ὲκτένεια
3550 3766 3736 3836 φιλίας

2147 3861 2242 3917 καὶ
2298 3860 2678 3934 φιλοστοργίας
2740 3861 2881 3932 μετά
2924 3860 3083 3930 λόγου
3139 3858 3300 3932 όρθοῦ
3352 3858 3481 3931 περὶ
3537 3860 3737 3932 χρῆσιν

2147 3955 2396 4025 ἑταίρων.
2436 3954 2493 4008 '0
2534 3953 2592 4007 δὲ
2636 3955 2851 4026 ἑταῖρος
2896 3951 3104 4023 ἕτερος
3133 3949 3268 4021 ἐγώ.
3304 3944 3385 4024 ’ῌ
3430 3951 3531 4005 καὶ
3575 3951 3737 4004 ἀδελ-

2148 4045 2281 4113 φοὺς
2310 4042 2420 4115 (65)
2448 4045 2573 4106 τοὺς
2607 4043 2685 4114 τῷ
2713 4042 2862 4114 αὑτῷ
2889 4042 3034 4113 λόγῳ
3066 4040 3534 4114 ἀναγεννηθέντας
3563 4058 3737 4113 προσ-

2146 4134 2501 4207 αγορεύομεν.
2528 4135 2864 4207 Παράκειται
2889 4134 2947 4189 δὲ
2973 4137 3038 4206 τῇ
3069 4134 3258 4208 ἀγάπῃ
3278 4134 3315 4204 ἧ
3343 4150 3406 4186 τε
3433 4131 3733 4201 φιλοξενία,

2150 4226 2463 4298 φιλοτεχνία
2492 4244 2577 4292 τις
2632 4223 2767 4282 οὖσα
2798 4228 2927 4300 περὶ
2979 4226 3176 4299 χρῆσιν
3222 4225 3417 4293 ξένων·
3468 4225 3614 4292 ξένοι
3654 4224 3732 4291 δὲ,

2152 4310 2226 4372 ὧν
2269 4317 2395 4385 ξένα
2425 4318 2493 4375 τὰ
2539 4319 2809 4391 κοσμικά·
2856 4319 3153 4391 κοσμικοὺς
3180 4317 3286 4392 γὰρ
3330 4318 3456 4381 τοὺς
3504 4319 3586 4381 είς
3630 4317 3735 4386 γῆν

3004 4466 3025 4494 ε
3050 4453 3211 4511 Prov.
3240 4469 3353 4525 τιν,
3379 4453 3468 4521 16,
3492 4453 3587 4510 26.

543 4578 654 4649 (59)
676 4578 900 4660 ﬁam
932 4581 1142 4660 ’ἀρχὴν
1164 4584 1458 4660 ἀφοϐίαν.
1504 4584 1823 4660 Respiciens
1854 4594 2042 4660 auctor

2154 4608 2255 4647 esse
2282 4591 2591 4660 accipimus.

465 4647 892 4727 Proverbiorugn
932 4647 1110 4727 locum
1148 4647 1270 4727 jam
1309 4654 1550 4727 dictum.
1599 4647 1826 4712 dixisset
1859 4658 2042 4727 potius

467 4719 1002 4797 x_antiiv_&1§allayhv
1030 4719 1280 4793 ἀφοϐίαν.
1318 4723 1453 4779 Nam
1485 4728 1575 4797 illa
1607 4727 1810 4796 ἀφοϐία
1829 4719 2044 4797 [quam

469 4791 629 4870 (inter
659 4788 757 4844 Dei
788 4788 1043 4870 operatur
1061 4788 1093 4857 ,⁷
1109 4810 1214 4870 non
1245 4806 1329 4850 est
1363 4796 1549 4870 κακῶν
1582 4788 1748 4870 ἀργή,
1785 4788 2047 4870 malorum

465 4862 615 4931 origo
641 4877 703 4939 ac
736 4862 1090 4939 principium;
1122 4865 1214 4919 sed
1248 4865 1433 4939 κακῶν
1463 4862 1776 4939 ἀπαλλαγή,
1804 4868 2045 4921 liberalia

465 4950 499 4985 a
549 4929 744 5005 malis.
774 4929 952 5005 Scribi
997 4935 1162 5005 etiam
1200 4936 1405 5005 possit,
1443 4952 1549 4991 una
1593 4929 1771 4993 littera
1814 4947 2043 5005 mutata,

465 5001 650 5077 κακῶν
681 4999 857 5077 ἀργῂν
889 5002 1139 5072 ἀφοϐίαν,
1177 4999 1435 5077 malorum
1460 5018 1721 5077 expertem
1752 5018 1919 5063 metus
1956 4999 2045 5062 va;

463 5071 741 5149 canalem.
777 5071 897 5149 Quo
916 5089 1088 5129 sensu
1118 5076 1288 5147 ἀργὸς
1313 5071 1792 5149 πόνων,’ίρὺοηιηι
1813 5095 1995 5149 expers
2022 5094 2040 5131 :

463 5154 520 5216 et
545 5143 723 5216 ἀργὸς
747 5142 976 5214 κλήρου,
1020 5142 1455 5216 εονιόρνίυαιιιε,
1488 5163 1519 5202 a
1563 5147 1790 5204 Platone
1817 5142 2037 5205 dicitur.

463 5214 763 5302 saeuientis
791 5215 1058 5302 sententia
1082 5217 1162 5271 sic
1188 5214 1588 5302 intellectaerit
1614 5220 1770 5302 hac“:
1802 5218 1860 5301 Si
1882 5220 2047 5302 igitur

462 5281 765 5357 iitametus
802 5285 1076 5357 vacuitas,
1112 5302 1272 5356 quam
1315 5287 1467 5357 eﬂicit
1503 5289 1664 5343 timor
1702 5281 1937 5352 Domini,
1976 5292 2045 5342 sit

465 5351 732 5428 rnalorsun
758 5354 967 5428 expers,
1000 5351 1134 5428 sunt
1157 5359 1317 5428 timor
1344 5351 1449 5428 erit
1478 5361 1607 5428 quid
1643 5358 1855 5423 bonum,
1891 5375 2044 5413 nem-

463 5437 553 5503 pe,
589 5425 735 5492 quod
771 5440 802 5477 a
838 5425 1239 5503 malisliheret.
1275 5427 1379 5503 Sed
1412 5425 1695 5503 Lo'u’tbius
1724 5430 1802 5483 ait
1824 5447 1875 5503 ει
1900 5429 2041 5494 Quid

463 5492 510 5549 si
538 5492 749 5568 legatur
775 5494 958 5568 καλῶν
990 5495 1187 5568 ἀρχήν,
1221 5499 1301 5568 vel
1327 5498 1674 5568 καταλύσεως
1704 5498 1908 5552 κακῶν.
1927 5492 1968 5550 “›

503 5562 879 5685 ἐθλῒίμὴγ
917 5563 999 5630 ἢν
1030 5562 1152 5621 disi)
1195 5566 1303 5649 τοῦ
1354 5568 1523 5622 Θεοῦ.
1562 5567 1724 5623 Forte
1753 5568 1918 5640 τιμὴν
1949 5568 2049 5641 τὴν

600 5650 691 5685 του
725 5633 882 5685 Θεου.
913 5636 1162 5685 honorem
1199 5654 1289 5685 am
1320 5655 1354 5685 α
1386 5637 1494 5685 Dea
1536 5647 1637 5685 est-
1680 5637 1944 5685 Svumna.
1973 5670 2047 5680 ..-

600 5633 691 5687 τοῦ
719 5633 882 5708 Θεοῦ,
913 5636 1162 5690 honorem
1199 5638 1289 5708 qui
1320 5655 1354 5692 a
1385 5637 1494 5692 Deo
1536 5647 1637 5692 est.
1680 5633 1944 5694 Sim-unc.
1973 5633 2047 5680 -ἔ-

472 5699 583 5779 ναι,
615 5702 777 5779 τιμὴν
800 5699 972 5779 εἷναι,
1002 5708 1113 5779 ἀπὸ
1144 5699 1222 5779 1:,-
1251 5706 1501 5779 honorent
1546 5726 1689 5775 esse,
1714 5726 1750 5762 a
1779 5709 1888 5763 Deo
1928 5711 2043 5779 ipso

463 5776 769 5843 arripimus.
800 5773 915 5841 Vel,
947 5777 1112 5849 τιμὴν
1145 5773 1282 5833 εἶναι
1332 5779 1425 5832 τοῦ
1458 5778 1520 5835 Θ.
1557 5779 1631 5847 ὲ.,
1668 5773 1912 5834 honorent
1946 5773 2041 5836 Dei

2220 4662 2333 4733 (61)
2357 4658 2518 4728 Δέος.
2558 4658 2712 4715 Unde
2739 4660 3149 4733 δεισιδαιμονία.

2220 4679 2518 4733 (οηΔεος.
2561 4679 2712 4715 unue
2740 4679 2965 4715 οεισιοαι
3013 4679 3149 4714 ονια.

2220 4733 2333 4810 (62)
2373 4727 2809 4810 'Egzadrnoﬁr
2940 4679 3248 4810 ἔοᾴλεται.
3284 4727 3367 4784 Cl.
3400 4728 3641 4810 (ξι-ιιδίορ
3669 4737 3723 4810 in

2149 4803 2393 4874 margine
2434 4802 2557 4856 libri
2588 4802 2679 4874 sui
2714 4803 2993 4874 adnotavit
3031 4802 3173 4857 hanc
3206 4802 3534 4874 sententiam
3572 4802 3727 4856 citari

2148 4888 2181 4927 a
2211 4870 2552 4927 Damasceno
2579 4870 2838 4927 Parallel.
2874 4872 2969 4941 lib.
2996 4888 3037 4934 ι,
3054 4887 3182 4941 cap.
3207 4870 3261 4925 4.

2218 4941 2332 5013 (65)
2366 4943 2430 4996 Ὅ
2462 4941 2529 4995 δὲ
2552 4942 2692 5011 deep.
2721 4942 2878 5013 Vulg.
2910 4940 3029 5013 Diti.
3051 4939 3310 5013 Prorerh.
3345 4957 3461 5006 nr,
3486 4941 3725 5013 plenius,

2218 4957 2338 5066 (tibi
2367 4957 2430 4996 ὐ
2462 4957 2529 4995 σε
2552 4957 2692 5011 app.
2727 4957 2878 5013 vulg.
2910 4957 3029 4995 uno.
3051 4957 3310 4996 ι’ςονειΊι.
3345 4957 3725 5065 nvwlenms,

2146 5011 2513 5137 (ὲῖδῖηωφρων,
2562 5012 2739 5084 ἑαυτῷ
2771 5010 3072 5077 πεποιθὼς,
3111 5012 3363 5083 μίγνυται
3404 5014 3442 5066 ἀ
3510 5029 3619 5084 μῳ.
3664 5014 3728 5067 Α.

2195 5099 2413 5138 ῗιΒῐῐΒῧ.

2220 5153 2332 5237 (64)
2356 5156 2461 5219 Είς
2500 5153 2807 5237 εὐέλπιδα.
2846 5152 2990 5207 Flor.
3022 5151 3150 5237 edit.
3179 5152 3272 5237 εἰς.
3290 5150 3570 5237 εὐελπίδα,
3588 5151 3733 5237 unde

2149 5218 2349 5292 aliquis
2384 5218 2727 5294 suspicetur,
2772 5222 3107 5294 transposito
3144 5218 3218 5294 55
3260 5222 3557 5294 legendum
3608 5234 3730 5275 esse

2150 5294 2183 5364 ἡ
2217 5291 2765 5365 εὖεμπτωὰίαλλαμϐ.
2795 5294 2876 5365 είς
2900 5291 3109 5365 ἐλπίδα.
3134 5291 3473 5365 Praecedenti
3497 5302 3731 5365 quoque

2150 5361 2419 5418 sententia
2439 5405 2455 5426 ,
2485 5361 2812 5432 disiunctiva
2850 5363 2905 5416 in
2955 5363 3249 5417 articulum
3282 5377 3463 5432 versa,
3497 5361 3601 5428 legi
3633 5374 3728 5428 po-

2147 5439 2256 5488 test
2284 5435 2317 5505 ή
2351 5431 2581 5505 suam
2611 5433 2816 5502 ἀγαθοῦ
2848 5432 3091 5505 εὑελπὶς,
3105 5433 3168 5505 de
3194 5433 3406 5505 absente
3430 5431 3569 5505 bono
3591 5432 3729 5483 bona

2150 5520 2240 5571 spe
2268 5501 2427 5574 freta.
2459 5504 2692 5567 Εῠελπις
2724 5518 2876 5568 sane,
2911 5518 3008 5574 seu
3043 5501 3281 5574 εὑελπίς,
3316 5516 3418 5572 pro
3464 5502 3725 5556 substan-

2147 5571 2278 5639 tivo,
2313 5590 2497 5630 rarum
2531 5585 2636 5640 est,
2664 5574 2800 5629 mihi
2829 5572 3069 5642 quidem.
3105 5571 3372 5629 Sasona.

2146 5674 2188 5766 ἰ)
2218 5638 2333 5726 (65)
2372 5638 2707 5733 nosseng
2743 5638 2956 5698 Similia
2978 5641 3112 5700 dicit
3137 5641 3274 5698 inira
3299 5657 3422 5715 pag.
3447 5640 3558 5697 397
3589 5638 3717 5695 edit.

2190 5730 2321 5766 ans.

2190 5718 2321 5771 aris.
