3970 6550
232 450 367 518 977'
457 538 461 543 θ

1418 431 1429 443 ’
1536 434 1969 517 srnomrun
2002 456 2131 513 LIB.
2174 438 2265 514 n."
2307 444 2312 448 ’

3386 414 3493 513 97s

232 578 549 645 ἐλπίζοντας
581 582 675 636 καὶ
699 581 798 644 τὰς
832 581 1101 656 σαρκικὰς
1127 582 1436 654 ἐπιθυμίας-
1448 582 1807 655 ὲξακούομεν·

1924 591 2000 638 est
2034 582 2333 638 artiticiosa
2372 558 2635 636 amicitiae
2680 581 2817 635 ratio
2860 581 3006 638 circa
3050 597 3215 639 usum
3246 581 3490 653 peregri-

231 671 329 742 Μ)
354 673 898 744 συσχηματίζεσθε,
925 677 1088 747 φησὶν
1110 677 1139 729 ὁ
1175 676 1514 740 ’Λπόστολος,
1544 676 1625 743 τῷ
1647 675 1812 732 αίῶνι

229 766 438 833 τούτῳ,
465 766 629 821 ἀλλὰ
655 766 1146 838 μεταμορφοῦσθε
1176 766 1251 837 τῇ
1281 767 1675 823 ἀνακαινώσει
1705 769 1812 823 τοῦ

229 855 371 923 νοὸς
404 856 539 928 (66),
573 863 659 924 είς
696 857 765 911 τὸ
796 857 1129 929 δοκιμάζειν
1170 856 1350 929 ὑμᾶς,
1383 859 1440 912 τί
1472 858 1539 913 τὸ
1584 858 1813 928 θέλημα

230 947 342 1002 τοῦ
377 947 527 1002 Θεοῦ
552 948 620 1002 τὸ
644 949 891 1020 ἀγαθὸν,
917 949 1014 1004 καὶ
1045 949 1404 1020 εὐάρεστον,
1432 950 1532 1003 καὶ
1561 948 1808 1004 τέλειον.

242 1040 597 1114 Ἀναστρέψει
644 1043 892 1116 τοίνυνή
955 1042 1229 1114 φιλοξενία
1269 1044 1394 1116 περὶ
1444 1043 1503 1098 τὸ
1543 1042 1814 1114 ὠφέλιμον

230 1135 345 1197 τοῖς
393 1131 597 1198 ξένοις·
658 1134 799 1201 ξένοι
857 1133 915 1188 δὲ
975 1136 1024 1189 oi
1071 1134 1335 1201 ὲπίξενοι·
1370 1136 1606 1203 ὲπίξενοι
1656 1135 1713 1189 δὲ
1764 1137 1813 1190 οἱ

231 1226 402 1297 φίλοι·
455 1226 596 1296 φίλοι
639 1226 695 1281 δὲ
739 1228 792 1281 οί
843 1227 1093 1298 ἀδελφοί·
1146 1229 1289 1283 Φίλε
1329 1228 1653 1303 κασίγνητε
1679 1227 1812 1300 (67),

235 1320 403 1392 φησὶν
453 1321 729 1391 Ὅμηρος·
762 1320 798 1392 ἦ
850 1337 937 1374 τε·
965 1321 1377 1396 φιλανθρωπία,
1422 1320 1489 1374 δι’
1532 1321 1599 1393 ἢν
1648 1322 1742 1376 καὶ
1778 1323 1812 1393 ἡ

236 1412 589 1484 φιλοστοργία
613 1452 628 1477 ,
666 1411 853 1486 φιλικὴ
888 1414 1083 1487 χρῆσις
1131 1413 1432 1486 ἀνθρώπων
1464 1413 1810 1486 ὑπάρχουσα·

232 1504 274 1575 ἦ
306 1521 366 1558 τε
398 1505 747 1577 φιλοστοργία
766 1544 780 1568 ,
811 1504 1121 1577 φιλοτεχνία
1152 1523 1237 1570 τις
1277 1500 1413 1560 οὖσα
1442 1507 1568 1578 περὶ
1606 1505 1816 1578 στέρξιν

223 1598 400 1667 φίλων
431 1598 737 1670 ῆοίκείων,
775 1598 1332 1672 συμπαρομαρτοῢσιν
1362 1598 1470 1671 (68)
1512 1598 1723 1677 ἀγάπῃ.
1754 1601 1816 1653 Εἰ

220 1692 287 1745 δὲ
312 1691 391 1763 τῷ
422 1690 534 1745 ὄντι
564 1690 895 1764 ἄνθρωποςὸ
920 1694 979 1746 ὲν
1010 1693 1164 1764 ἡμῖν,
1187 1693 1339 1746 ἐστὶν
1366 1694 1395 1746 ὁ
1426 1692 1814 1764 πνευματικὸς,

222 1783 557 1854 φιλαδελφία
607 1782 716 1856 (69)
769 1786 802 1857 ἡ
861 1783 1238 1858 φιλανθρωπία
1262 1824 1277 1849 ,
1331 1787 1443 1849 τοῖς
1498 1785 1592 1839 τοῦ
1652 1784 1816 1839 αὑτοῦ

222 1876 551 1949 Πνεύματος
584 1878 1066 1949 κεκοινωνηκόσιν.
1104 1877 1324 1951 Στέρξις
1352 1877 1398 1931 δ’
1435 1873 1534 1943 αὖ,
1586 1877 1818 1950 τήρησίς

1918 691 2136 731 norum.
2199 674 2479 746 Peregrini
2534 682 2716 728 autem
2762 682 2912 738 sum,
2954 676 3155 744 quibus
3208 673 3491 745 peregrina

1919 775 2070 831 sunt,
2107 781 2229 837 quae
2258 774 2389 822 sunt
2419 765 2718 820 mundana.
2747 763 3053 821 Muudanos
3081 767 3226 821 enim
3257 781 3375 830 eos,
3399 765 3493 835 qui

1918 857 1974 912 in
2031 868 2231 913 terram
2280 865 2542 928 sperant,
2583 864 2637 911 et
2694 858 3168 927 concupiscentias
3221 858 3491 921 carnales,

1920 950 2279 1023 intelligimus
2313 966 2326 1005 :
2372 949 2552 1004 Nolite
2585 950 2931 1021 conformari,
2970 950 3147 1021 inquit
3178 950 3492 1021 Apostolus.

1919 1045 2041 1099 huic
2072 1042 2287 1109 steculo,
2322 1043 2412 1098 sed
2447 1042 2898 1107 transformamini
2920 1044 3255 1098 renovatione
3282 1044 3493 1111 mentis,

1920 1138 1989 1192 ad
2022 1137 2120 1191 hoc
2152 1148 2209 1192 ut
2246 1153 2334 1192 vos
2367 1136 2618 1208 probetis,
2654 1152 2771 1207 qua:
2820 1137 2890 1191 sit
2930 1136 3172 1191 uoluntas
3200 1135 3295 1191 Dei
3337 1136 3494 1203 bona,

1922 1228 2045 1283 bene
2072 1229 2307 1299 placens,
2350 1239 2402 1285 et
2437 1229 2672 1300 perfecta
2705 1240 2760 1285 ⁸.
2795 1228 3120 1286 Versabitur
3145 1245 3277 1301 ergo
3306 1229 3497 1299 hospi-

1921 1323 2198 1379 talitas‘in
2234 1327 2294 1387 >14
2325 1338 2414 1392 eo,
2461 1324 2608 1395 quod
2654 1333 2740 1380 est
2788 1325 2919 1380 utile
2966 1323 3289 1395 peregrinis.
3337 1322 3500 1377 Pere-

1921 1415 2063 1488 grini
2100 1424 2282 1472 autem
2327 1425 2477 1482 sunt,
2506 1416 2601 1487 qui
2631 1417 2796 1472 etiam
2825 1416 3084 1472 dicuntur
3116 1413 3375 1481 ὲπίξενοι,
3402 1430 3497 1469 seu

1922 1508 2149 1579 hospitio
2173 1510 2413 1581 excepti:
2444 1508 2681 1574 ὲπίξενοι
2713 1502 2913 1564 autem
2949 1518 3078 1565 sunt
3104 1509 3266 1564 amici
3295 1525 3310 1574 ;
3337 1507 3500 1563 amici

1922 1611 2104 1658 autem
2128 1613 2258 1658 sunt
2279 1601 2495 1659 fratres.
2533 1601 2733 1657 Frater
2761 1603 2949 1669 amice,
2976 1601 3154 1671 inquit
3184 1599 3458 1656 Homerus
3484 1617 3496 1653 :

1923 1706 1978 1753 et
2016 1696 2350 1762 humanitas,
2381 1711 2479 1767 per
2511 1712 2677 1767 quam
2728 1695 2787 1750 fit
2819 1695 2963 1751 bona
3008 1693 3242 1760 affectio,
3270 1708 3392 1765 quae
3413 1702 3501 1747 est

1924 1787 2133 1845 amicus
2162 1803 2298 1845 usus
2339 1788 2658 1855 hominum;
2693 1795 2747 1842 et
2778 1788 2895 1857 ipsa
2926 1787 3069 1841 bona
3113 1785 3346 1854 affectio,
3379 1802 3501 1855 quae

1923 1886 2010 1935 est
2029 1878 2278 1951 quaedam
2313 1879 2609 1935 artificiosa
2643 1878 2900 1933 amicitia:
2937 1877 3079 1932 ratio
3109 1878 3255 1933 circa
3287 1878 3499 1932 amico-

221 1971 380 2023 ὲστιν
426 1969 641 2034 εὐνοίας
677 1971 711 2044 ἢ
760 1971 1120 2042 ἀγαπήσεως·
1172 1970 1451 2041 ἀγάπησις
1493 1970 1549 2024 δὲ
1596 1970 1813 2025 ἀπόδει-

1924 1986 2047 2027 rum
2098 1970 2186 2027 vel
2250 1972 2689 2028 necessariorum
2756 1970 3108 2038 dilectiones,
3165 1970 3501 2026 comitantur

221 2062 313 2129 ξις
337 2064 443 2138 (70)
479 2064 780 2136 παντελής·
818 2064 911 2119 καὶ
942 2063 1003 2117 τὸ
1031 2062 1351 2133 ἀγαπᾶσθαι
1381 2063 1707 2135 ἀρέσκεσθαι
1738 2062 1816 2136 τῷ

220 2155 388 2228 ἤθει,
418 2156 685 2228 ἀγόμενόν
732 2173 790 2210 τε
838 2157 930 2210 καὶ
960 2154 1323 2228 ἀπαγόμενον.
1353 2156 1609 2226 ΙἈγονται
1642 2154 1698 2209 δὲ
1736 2157 1817 2221 είς

217 2249 537 2321 ταυτότητα
582 2248 651 2302 δι’
698 2250 990 2321 ὁμόνοιαν,
1035 2250 1349 2323 ἐπιστήμην
1397 2244 1562 2303 οὖσαν
1621 2248 1815 2304 κοινῶν

218 2339 472 2409 ἀγαθῶν.
505 2340 766 2415 Καὶίγὰρ
811 2343 845 2414 ή
875 2341 1304 2414 ὀμογνωμοσύνη
1339 2340 1627 2413 συμφωνία
1674 2358 1815 2411 γνω-

221 2434 370 2511 μῶν.
391 2435 523 2498 Καὶ,
558 2433 615 2493 Ἡ
645 2433 844 2506 ἀγάπη
867 2434 1000 2506 (71),
1028 2435 1211 2508 φησὶν,
1234 2435 1631 2504 ἀνυπόκριτος
1661 2435 1817 2490 ἔστω

216 2525 377 2597 ἡμῖν
419 2526 659 2595 αὐτοῖς,
706 2528 804 2581 καὶ
861 2527 1345 2599 ἀποστυγοῦντες
1395 2526 1463 2582 τὸ
1512 2525 1813 2596 πονηρὸν,

217 2616 523 2689 γινώμεθα
554 2617 922 2690 κολλώμενοι
970 2618 1052 2686 τῷ
1098 2619 1298 2691 ἀγαθῷ
1336 2619 1413 2691 τῇ
1455 2621 1817 2692 φιλαδελφίᾳ

215 2728 317 2775 τε,
353 2711 446 2765 καὶ
477 2710 544 2766 τὰ
572 2711 699 2783 ἑξῆς
724 2712 848 2776 ἕως,
880 2714 948 2766 El
978 2711 1263 2779 δυνατὸν,
1293 2714 1359 2768 τὸ
1381 2713 1451 2779 ἐξ
1473 2712 1639 2785 ὑμῶν
1666 2715 1819 2786 μετὰ

217 2804 475 2865 πάντων
526 2805 855 2876 ἀνθρώπων
906 2808 1336 2875 εἰρηνεύοντες.
1394 2808 1624 2862 Ἔπειτα
1646 2847 1662 2872 ,
1718 2808 1815 2879 Μὴ

216 2893 397 2960 νικῶ,
435 2896 604 2965 λέγει,
654 2897 775 2951 ὑπὸ
820 2897 927 2953 τοῦ
973 2897 1196 2965 κακοῦ,
1228 2898 1389 2954 ἀλλὰ
1443 2900 1583 2954 νίκα
1624 2900 1694 2954 ἐν
1737 2900 1817 2968 τῷ

219 2988 434 3060 ἁγαθῷ
460 2991 527 3044 τὸ
566 2991 772 3045 κακόν.
828 2992 1106 3058 Ἰουδαίοις
1149 3009 1210 3047 τε
1250 2995 1279 3047 ὁ
1324 2993 1486 3058 αὐτὸς
1517 2994 1818 3060 ἀπόστολος

210 3081 550 3153 μαρτυρεῖν
610 3083 904 3155 ὁμολογεῖ,
938 3084 1051 3139 ’ὅτι
1106 3084 1285 3154 ζῆλον
1344 3085 1493 3142 Θεοῦ
1540 3088 1814 3159 ἔχουσιν,

217 3173 370 3233 ἀλλ’
413 3175 486 3229 οὐ
536 3177 669 3229 κατ’
722 3175 1083 3246 ἐπίγνωσιν·
1139 3177 1501 3249 ἀγνοοῦντες
1548 3180 1657 3251 γὰρ
1702 3179 1819 3251 τὴν

213 3264 340 3322 τοῦ
388 3266 537 3321 Θεοῦ
573 3267 1007 3338 δικαιοσύνην,
1058 3271 1161 3325 καὶ
1207 3270 1324 3340 τὴν
1366 3271 1526 3327 ἰδίαν
1569 3272 1816 3341 ζητοῦν-

1922 2063 2269 2122 cbaritatem.
2302 2063 2361 2118 Si
2400 2072 2584 2120 autem
2616 2079 2803 2120 revera
2845 2064 3032 2131 homo,
3072 2062 3168 2133 qui
3201 2071 3285 2119 est
3316 2062 3370 2118 in
3402 2076 3501 2117 no-

1923 2157 2029 2224 bis,
2076 2166 2161 2213 est
2215 2157 2497 2228 spiritalis,
2540 2157 2855 2213 humanitas
2908 2166 2995 2212 est
3049 2154 3365 2211 fraternitas
3406 2155 3498 2219 iis,

1923 2248 2016 2319 qui
2066 2256 2196 2305 sunt
2238 2248 2485 2320 ejusdem
2522 2246 2759 2319 Spiritus
2796 2247 3113 2319 participes.
3145 2245 3372 2301 Aﬂectio
3404 2262 3504 2300 au-

1924 2346 2031 2392 tem
2081 2354 2274 2393 rursus
2322 2348 2408 2395 est
2456 2338 2804 2395 conservatio
2841 2338 3253 2405 benevolentiae,
3286 2336 3369 2391 vel
3402 2336 3503 2390 diu

1924 2432 2196 2488 lectionis.
2249 2430 2475 2489 Dilectio
2506 2442 2691 2488 autem
2735 2439 2820 2488 est
2860 2430 3099 2502 perfecta
3152 2438 3208 2485 et
3256 2424 3503 2486 absoluta

1923 2526 2319 2583 demonstratio
2353 2544 2368 2580 :
2401 2534 2455 2581 et
2498 2526 2671 2599 diligi,
2706 2526 2852 2597 quod
2904 2534 2989 2581 est
3035 2523 3376 2594 ἀγαπᾶσθαι,
3419 2532 3505 2579 est

1924 2623 2137 2693 placere
2161 2619 2432 2685 moribus,
2467 2620 2705 2691 ducique
2729 2628 2784 2675 et
2812 2619 3029 2675 abduci.
3055 2618 3115 2673 in
3145 2618 3287 2675 idem
3320 2625 3504 2673 autem

1925 2716 2204 2771 ducuntur
2228 2729 2325 2785 per
2350 2713 2798 2782 consensionem,
2826 2729 2950 2785 qua:
2977 2721 3063 2770 est
3094 2712 3324 2769 scientia
3356 2726 3505 2767 com-

1925 2807 2175 2862 munium
2205 2807 2498 2862 bonorum.
2520 2805 2827 2863 Consensio
2850 2807 3018 2872 enim,
3045 2821 3168 2876 qua:
3194 2807 3512 2877 ὁμογνωμο-

1926 2900 2082 2972 σύνη,
2131 2911 2216 2956 est
2249 2916 2553 2957 consensus
2607 2900 2944 2956 animorum.
2996 2899 3063 2955 Et
3102 2919 3116 2957 :
3162 2899 3287 2956 Non
3335 2901 3501 2971 ﬁcta,

1924 2993 2120 3063 inquit.
2154 2993 2388 3049 citaritas
2431 2994 2500 3049 sit
2540 2994 2711 3062 nobis,
2744 3004 2794 3048 et
2836 2994 2958 3048 odio
2993 2993 3239 3048 habentes
3278 2992 3502 3058 malum,

1925 3083 2288 3139 adhtereamus
2312 3082 2445 3137 bono
2474 3092 2524 3137 et
2549 3083 2781 3153 fratrum
2811 3083 3007 3152 amori,
3028 3091 3083 3139 et
3102 3099 3225 3156 quae
3258 3097 3503 3154 sequun-

1924 3185 2035 3243 tur,
2077 3191 2252 3247 usque
2287 3176 2353 3233 ad
2401 3176 2535 3232 illud
2572 3195 2585 3231 :
2622 3174 2684 3232 Si
2713 3177 2964 3247 possibile
3017 3186 3118 3245 est,
3167 3186 3422 3248 quantum
3449 3177 3505 3231 in

1923 3268 2068 3324 vobis
2094 3277 2192 3337 est,
2223 3285 2342 3323 cum
2378 3268 2620 3323 omnibus
2665 3268 2965 3323 hominibus
3002 3284 3185 3339 pacem
3223 3267 3496 3322 habentes.

215 3374 331 3423 τες
371 3357 481 3430 (72)
537 3357 793 3428 στῆσαι,
834 3329 927 3431 τῇ·
952 3329 1306 3434 δίκαιοσύνξι
1355 3363 1463 3419 τοῦ
1512 3329 1660 3421 Θεοῦ
1700 3370 1813 3439 οὐχ

1924 3359 2132 3415 Deinde
2163 3377 2178 3415 :
2226 3358 2310 3414 Ne
2346 3360 2598 3425 uincaris,
2631 3360 2829 3430 inquit,
2878 3376 2911 3413 a
2957 3358 3121 3425 malo,
3153 3359 3243 3415 sed
3278 3359 3421 3413 vince
3449 3359 3507 3412 in

217 3447 622 3519 ὑπετάγησαν
641 3468 655 3483 ·
690 3451 752 3504 οὐ
785 3452 895 3528 γὰρ
923 3453 984 3507 τὸ
1015 3453 1263 3527 βούλημα
1310 3456 1406 3510 τοῦ
1451 3457 1615 3530 νόμου
1649 3458 1818 3530 ἔγνω-

222 3544 334 3599 σαν
362 3561 419 3597 τε
456 3548 552 3599 καὶ
586 3545 869 3617 ἐποίησαν,
917 3545 1031 3600 ἀλλ’
1056 3546 1085 3601 ὃ
1142 3547 1409 3601 ὑπέλαϐον
1440 3550 1624 3616 αὐτοὶ,
1660 3552 1818 3607 τοῦτο

218 3637 329 3690 καὶ
376 3635 660 3708 βούλεσθαι
690 3638 784 3693 τὸν
825 3639 989 3711 νόμον
1033 3639 1286 3713 ᾠήθησαν
1305 3659 1320 3674 ο
1348 3642 1458 3696 οὐδ’
1494 3644 1571 3708 ὡς
1600 3662 1815 3719 προφη-

213 3727 440 3782 τεύοντι
464 3730 574 3803 (75)
607 3730 686 3803 τῷ
702 3732 854 3804 νόμῳ
887 3732 1231 3800 ἐπίστευσαν,
1252 3733 1397 3808 λόγῳ
1428 3735 1486 3790 δὲ
1519 3736 1690 3809 ψιλῷ·
1722 3740 1817 3792 καὶ

216 3820 420 3893 φόϐῳ,
455 3822 569 3876 ἀλλ’
622 3824 685 3877 οὐ
734 3824 971 3880 διαθέσει
1022 3826 1117 3881 καὶ
1176 3828 1369 3881 πίστει
1407 3829 1811 3901 ἠκολούθησαν·

222 3912 415 3980 Τέλος
444 3914 556 3985 τὰρ
593 3916 782 3986 νόμου
815 3917 1072 3987 Χριστὸς
1101 3920 1188 3986 είς
1223 3918 1621 3990 δικαιοσύνην
1651 3924 1680 3976 ὁ
1711 3921 1817 3976 ὑπὸ

214 4002 398 4073 νόμου
453 4005 855 4077 προφητευθεὶς
906 4008 1070 4062 παντὶ
1122 4008 1203 4079 τῷ
1258 4009 1591 4065 πιστεύοντι.
1655 4012 1817 4068 Ὅθεν

215 4093 446 4165 εἴρηται
500 4095 709 4160 τούτοις
757 4097 908 4170 παρὰ
953 4098 1258 4162 Μωῦσέως·
1316 4099 1457 4171 Ἐγὼ
1478 4102 1588 4175 (74)
1628 4120 1815 4173 ,παρα-

215 4183 474 4253 ζηλώσω
508 4185 663 4257 ὑμᾶς
707 4187 800 4241 ἐπ’
836 4191 947 4243 οὐκ
998 4190 1177 4256 ἔθνει,
1212 4191 1305 4244 ἐπ’
1338 4193 1496 4248 ἔθνει
1542 4194 1817 4265 ἀσυνέτῳ

213 4277 526 4348 παροργιῶ
554 4278 731 4349 ὑμᾶς,
759 4280 838 4353 τῷ
884 4284 964 4346 εἰς
999 4284 1247 4355 ὑπακοὴν
1280 4284 1521 4357 δηλονότι
1562 4288 1818 4361 εύτρεπεί

215 4370 526 4443 γενομένῳ.
571 4372 681 4426 Καὶ
713 4373 801 4428 διὰ
845 4375 1067 4429 Ἡσαΐου
1089 4417 1105 4441 ,
1139 4378 1441 4448 Εὑρέθην,
1481 4378 1657 4448 λέγει,
1692 4381 1817 4450 τοῖς

213 4460 335 4532 ἐμὲ
374 4462 462 4533 μὴ
509 4461 821 4531 ζητοῦσιν·
872 4466 1146 4537 ἐμφανὴς
1192 4469 1487 4541 ἐγενόμην
1528 4471 1641 4545 (75)
1692 4474 1817 4543 τοῖς

214 4553 336 4624 ἐμὲ
356 4554 444 4627 μὴ
475 4555 843 4625 ἐπερωτῶσι·
874 4559 981 4631 πρὸ
1005 4560 1108 4632 τῆς
1137 4562 1232 4616 τοῦ
1265 4564 1472 4637 Κυρίου
1512 4568 1815 4640 παρουσίας

1924 3453 2058 3507 bona
2082 3451 2281 3506 malum
2305 3453 2356 3511 δ.
2389 3451 2455 3507 Ει
2477 3452 2619 3507 idem
2662 3452 2943 3524 apostolus
2985 3451 3188 3507 fatetur
3214 3468 3271 3507 se
3301 3450 3507 3507 ludatis

1924 3544 2064 3615 ferre
2090 3545 2453 3599 testimonium
2495 3543 2634 3615 quod
2668 3544 2839 3598 zelum
2866 3543 2964 3599 Dei
2998 3544 3249 3609 habeant,
3281 3545 3505 3599 sed‘nou

1923 3636 2217 3691 secundum
2253 3636 2532 3691 scientiam
2557 3652 2576 3690 :
2601 3637 2900 3708 ignorantes
2921 3638 3061 3691 enim
3095 3636 3195 3692 Dei
3209 3637 3505 3707 justitiam,

1921 3740 1972 3785 et
2024 3731 2299 3801 propriam
2346 3740 2636 3800 quaerentes
2690 3738 2943 3795 statuere,
2994 3728 3091 3784 Dei
3125 3731 3359 3800 jnstitite
3401 3746 3507 3784 non

1923 3824 2068 3895 fuere
2090 3824 2335 3893 subjecti.
2370 3822 2486 3878 Non
2519 3823 2665 3878 enim
2698 3823 2833 3895 legis
2861 3823 3209 3878 voluntatem
3233 3836 3502 3894 cognove-

1922 3924 2052 3972 runt
2104 3924 2159 3971 et
2206 3915 2474 3981 fecerunt,
2536 3914 2630 3971 sed
2678 3914 2822 3986 quod
2864 3915 2969 3986 ipsi
3024 3916 3500 3981 existimaverunt,

1923 4012 2029 4066 hoc
2065 4010 2232 4065 etiam
2279 4009 2451 4079 legem
2496 4008 2635 4063 velle
2665 4016 2963 4078 putarunt.
2997 4006 3183 4079 Neque
3233 4007 3336 4079 legi
3382 4016 3504 4064 tan-

1922 4117 2087 4171 quam
2122 4100 2468 4171 prophetiam
2507 4099 2809 4155 continenti
2832 4099 3205 4162 crediderunt,
3244 4099 3338 4153 sed
3383 4108 3505 4154 tan—
3555 4107 3558 4110 ’

1922 4209 2087 4264 quam
2118 4192 2266 4247 nudo
2294 4172 2581 4248 sermoni:
2614 4198 2671 4246 et
2691 4190 3040 4261 pmtimore,
3075 4190 3195 4244 sine
3229 4188 3425 4244 affectu
3449 4201 3505 4245 et

1922 4285 2048 4351 fide,
2072 4284 2321 4340 obsecuti
2355 4293 2519 4341 sunt._
2543 4282 2697 4337 Finis
2724 4284 2863 4336 enim
2895 4281 3023 4352 legis
3053 4291 3131 4336 est
3163 4281 3405 4336 Christus
3434 4282 3502 4337 ad

1914 4377 2209 4447 justitiam,
2241 4376 2335 4447 qui
2362 4384 2504 4433 estsa
2529 4375 2645 4447 lege
2667 4375 2980 4445 praedictus,
3012 4376 3157 4429 omni
3183 4376 3415 4431 credenti
3446 4387 3498 4431 ο.

1924 4467 2078 4525 Unde
2100 4471 2181 4525 eis
2207 4470 2411 4528 dictum
2446 4476 2531 4524 est
2571 4482 2604 4522 a
2632 4466 2853 4538 Moyse:
2894 4465 3010 4538 Ego
3043 4467 3385 4523 aemulatione
3413 4484 3503 4523 eos

1921 4564 2214 4635 provocabo
2266 4564 2323 4617 in
2373 4579 2479 4617 non
2538 4571 2710 4632 gente,
2758 4563 2814 4616 in
2865 4559 3057 4632 populo
3096 4561 3261 4617 stulto
3296 4578 3384 4616 vos
3433 4564 3504 4616 a:l

213 4645 454 4758 δηλαξὴ,
494 4647 611 4718 μεθ’
656 4648 723 4720 ἢν
756 4651 850 4703 καὶ
879 4650 958 4721 τῷ
1010 4652 1229 4727 Ἰσραὴλ
1269 4656 1453 4711 ἐκεῖνα
1504 4658 1572 4713 τὰ
1604 4677 1813 4741 προφη-

1924 4659 2062 4715 iram
2114 4656 2338 4714 irritabo
2366 4654 2420 4721 δ’,
2470 4655 2565 4726 qui
2608 4654 2714 4711 fuit
2763 4655 2968 4710 scilicet
3004 4664 3230 4725 paratus
3272 4656 3339 4711 ad
3373 4655 3505 4711 obe-

212 4736 488 4793 τευθέντα
543 4741 760 4805 οἰκείως
830 4740 1047 4812 λέγεται
1097 4744 1223 4799 νῦν·
1284 4748 1649 4814 Ἐξεπέτασα
1706 4736 1813 4823 τὰς

1924 4752 2201 4809 diendum.
2233 4751 2299 4808 Et
2322 4767 2419 4824 per
2441 4749 2639 4806 Isaiam
2678 4769 2693 4806 :
2729 4749 2979 4806 Inventus
3012 4766 3152 4816 sum,
3179 4750 3374 4820 inquit,
3405 4750 3496 4817 iis,

299 4884 362 4964 »ξ
399 4878 743 4964 Passim.“
760 4881 1322 4964 PQTTER,578—§_79
1348 4889 1455 4946 ED.
1496 4891 1724 4951 PARIS.
1798 4909 1813 4939 ι

1924 4914 2009 4952 ηπ.
2045 4914 2144 4962 xn,
2170 4898 2225 4952 2.
2302 4897 2330 4937 δ
2361 4895 2497 4952 lbid.
2518 4913 2617 4964 xu,
2640 4896 2694 4961 9,
2723 4895 2811 4961 {0,
2840 4896 2926 4964 18,
2955 4897 3047 4953 2i.
3123 4908 3146 4938 α
3170 4894 3329 4952 Rom.
3359 4913 3417 4963 ι,
3442 4895 3499 4963 2,
3606 4874 3629 4885 Ἢ

213 4950 278 5017 3,
311 4950 368 5005 4.
445 4950 472 4991 ἀ
507 4952 642 5007 Ibid.
679 4954 777 5020 l9;
816 4953 974 5010 Deut.
1010 4973 1184 5025 χχχιι,
1210 4958 1300 5013 21.
1339 5002 1349 5009 .

294 5093 411 5231 (66)
447 5097 621 5162 Νοός.
654 5097 795 5162 Neo;
823 5099 999 5166 ὑμῶν,
1035 5057 1195 5157 Hom.

319 5165 411 5231 67)
442 5167 587 5222 Φίλε
611 5184 666 5221 κ.
696 5167 915 5224 Homer.
945 5170 1112 5227 Iliad.
1146 5174 1195 5226 Ε.

394 5170 411 5232 )
442 5167 587 5222 Φίλε
611 5184 666 5221 κ.
696 5167 915 5224 Homer.
945 5170 1112 5227 Iliad.
1146 5174 1206 5238 E,
1242 5190 1294 5228 ν.
1326 5175 1451 5231 559.

288 5234 411 5308 {68)
439 5239 1072 5308 Συμπαρομαρτοῦσιν.
1101 5234 1219 5298 Non
1250 5247 1521 5301 assentior
1552 5248 1805 5306 Lowtliio

214 5282 484 5382 segmenti
519 5282 1083 5382 ξυμπαῖοῖαρτοῦσα.
1153 5282 1227 5326 W’

284 5371 411 5458 ’(69)
442 5371 832 5458 Φιλαδελςζοία.
862 5371 1233 5458 Tertullianus
1255 5383 1528 5458 Apologia:
1547 5404 1667 5458 cap.
1697 5391 1804 5446 59:

219 5445 450 5524 fratres
501 5445 752 5503 dicuntur
790 5460 840 5504 et
888 5452 1179 5524 habentur,
1228 5445 1319 5524 qui
1372 5445 1533 5510 unum
1590 5445 1806 5515 Datrem

215 5516 402 5599 Deum.
431 5532 783 5589 agnoverunt,
812 5523 904 5593 qui
934 5540 1098 5578 unum
1122 5516 1382 5595 Spiritum
1405 5527 1645 5585 biberunt
1677 5548 1805 5585 san-

483 5659 826 5737 ‘Artdbssftc.
890 5661 1052 5719 Forte
1117 5666 1471 5737 scribendum
1535 5669 1807 5737 ἀπόδεξις.

215 5727 598 5811 Νειηξιιηοτίε
623 5740 708 5787 est
747 5741 960 5811 amatos
1006 5736 1283 5801 παντελῶς
1312 5738 1695 5811 ἀποδέχεσθαι,
1716 5727 1809 5795 '66-

217 5799 478 5939 κεμὲἓειν
505 5802 598 5858 καὶ
634 5806 920 5869 συναινεῖν,
956 5820 1031 5870 et,
1077 5816 1135 5862 ut
1173 5799 1439 5878 sequitur,
1475 5799 1809 5883 ἀρέσκεσθαι

217 5886 301 5938 τῳ
402 5887 470 5923 ει.

295 5938 410 6011 (7⁷1)
447 5940 509 5998 Ἡ
537 5943 630 6013 ἀγ.
676 5944 739 5999 Ἠ
771 5946 956 6019 ἀγάπη
990 5949 1369 6022 ἀνυπόκριτος.
1411 5954 1804 6024 ’Δποετυγοῦν-

1911 5127 2004 5173 τες
2024 5109 2099 5182 τὸ
2122 5109 2387 5182 πονηρὸν,
2410 5108 2737 5182 κολλώμενοι
2770 5108 3284 5182 τῷᾐὰγαθῷδῖοηι.
3315 5122 3413 5173 xtt,
3444 5108 3498 5164 9.

1985 5181 2100 5253 (Β)
2142 5179 2326 5253 Ἰδζᾷνλ
2349 5179 2395 5241 ζῖ
2445 5179 2602 5235 ’ἰδίαν
2631 5179 2976 5253 ρικαιοσύνην
3001 5179 3050 5246 ξ.
3088 5179 3248 5233 Rutn.

1985 5249 2098 5323 (75)
2130 5249 2266 5323 οὐδ’
2297 5251 2380 5318 ὡς
2410 5264 2592 5323 προφ.
2630 5251 2765 5323 Hoc
2788 5263 2902 5315 est,
2932 5249 3062 5323 ’non
3110 5250 3324 5323 assensi
3362 5259 3504 5323 sunt

1912 5322 2235 5391 prophetico
2274 5338 2340 5393 ac
2384 5320 2617 5393 mystico
2670 5322 2803 5392 legis
2841 5320 3055 5385 sensui,
3094 5336 3206 5391 quo
3243 5320 3501 5393 Christus

1913 5390 2179 5447 venturus
2212 5390 2484 5447 indicatus
2506 5400 2590 5448 est
2615 5410 2629 5446 :
2658 5390 2752 5448 sed
2778 5396 3047 5446 duntaxat
3075 5390 3354 5445 externam
3378 5390 3503 5459 ejus

1914 5463 2175 5534 litteram,
2202 5462 2366 5534 idque
2387 5463 2585 5518 timore
2615 5464 2820 5534 potius,
2845 5478 3010 5533 quam
3038 5462 3256 5518 sincero
3277 5461 3500 5525 allectu,

1917 5541 2011 5587 aut
2046 5533 2169 5598 fide,
2195 5533 2366 5587 secuti
2404 5541 2552 5587 sunt.
2616 5533 2623 5534 7
3034 5538 3040 5543 ’

1989 5602 2103 5671 (74)
2146 5603 2308 5671 Ἐγώ.
2342 5602 2597 5658 Clemens
2644 5602 2697 5655 in
2735 5602 2841 5668 his,
2871 5611 2931 5656 ut
2976 5601 3141 5657 etiam
3184 5601 3238 5657 in
3281 5602 3351 5658 iis
3380 5618 3504 5672 qua:

1914 5688 1982 5727 ex
2010 5673 2149 5728 Isaia
2175 5682 2503 5743 sequuntur,
2535 5673 2832 5728 recitantis
2870 5672 3168 5743 Epistolam
3197 5674 3502 5743 adrlloma-

1915 5759 2019 5799 nos
2049 5741 2398 5815 potissimum
2447 5751 2671 5815 secutus
2714 5752 2819 5815 est.
2859 5741 3032 5812 Κάγὼ
3065 5760 3164 5815 pro
3188 5742 3320 5815 ἐγώ,
3355 5744 3501 5801 Deu-

1916 5826 2016 5868 ter.
2056 5815 2212 5870 Dein.
2241 5815 2439 5870 αὐτοὺς
2472 5815 2558 5869 bis
2584 5828 2683 5870 nro
2703 5815 2872 5870 ὑμᾶς.
2910 5815 3043 5870 ibid.

1984 5883 2100 5959 (75)
2128 5882 2429 5959 Eappan-ii);
2480 5880 2798 5959 εγςΕἶπα.-
2819 5884 2948 5940 Ἰδού
2986 5887 3121 5958 είμι,
3167 5885 3243 5959 τῷ
3275 5885 3417 5940 εθνει
3451 5883 3500 5938 οἶ

1913 5952 2011 6008 οὐκ
2047 5952 2313 6009 ἐκάλεσαν
2339 5972 2439 6026 μου
2471 5952 2531 6008 τὸ
2562 5955 2753 6026 ὄνομα,
2783 5954 2886 6012 lsa.

2102 5813 2212 5874 ein,
2241 5813 2439 5884 αὐτοὺς
2472 5813 2558 5869 bis
2584 5828 2683 5884 pro
2703 5813 2872 5884 ὑμᾶς.
