3946 6522
469 392 573 449 999

1636 377 1981 437 CLEMENTI
1989 377 2028 433 S
2062 373 2533 432 ALEXANDRI‘NI

3610 369 3752 425 1000

458 530 567 569 non
602 526 722 568 esse.
751 508 1028 580 mysteriis
1059 506 1366 570 initiatum;
1398 513 1493 559 aut
1520 503 1779 574 ignorans
1810 502 1862 557 id
1893 501 2033 568 quod

2140 497 2427 552 ἀντίπαλον
2475 494 2634 564 ἀφεὶς
2652 536 2666 559 ,
2713 493 2808 548 καὶ
2862 494 3190 559 ἀποκτείνας
3230 494 3433 547 οἰκεῖον
3480 492 3613 546 ἀντὶ
3656 492 3750 545 τοῦ

459 606 661 675 agitur,
711 610 771 656 ut
816 602 935 671 qui,
983 599 1214 654 dimisso
1262 597 1615 660 adversario,
1677 594 2037 650 domesticum

457 697 660 752 occidit
708 711 807 765 pro
866 693 1124 759 inimico;
1173 699 1270 745 aut
1322 690 1373 744 id
1428 701 1539 758 quo
1594 687 1792 758 agitur,
1844 692 1903 740 ut
1948 685 2040 754 qui

457 790 755 860 prmpllatis
816 792 1102 842 exercetur
1149 782 1373 846 lanceis,
1427 789 1481 835 ct
1528 780 1785 850 aliquem
1814 776 2041 833 interfe-

463 881 575 943 cit,
649 894 773 933 cum
838 877 1007 947 pilam
1069 874 1261 928 lancea
1339 871 1496 942 167
1572 870 1877 933 amisisset;
1949 876 2045 921 aut

464 973 726 1043 ignorans
753 966 1215 1039 quemadmodum
1243 974 1388 1020 esset
1422 962 1753 1023 faciendum,
1779 969 1839 1014 ut
1862 959 1956 1029 qui
1986 959 2039 1011 in
2092 1032 2101 1039 ‘

462 1064 644 1118 stadio
694 1060 894 1116 occidit
932 1057 1345 1122 adversarium;
1380 1071 1487 1108 non
1532 1053 1676 1107 enim
1721 1060 1782 1105 ut
1825 1050 2043 1104 occide-

458 1165 561 1218 ret,
598 1155 693 1210 sed
720 1163 781 1208 ut
810 1153 1077 1216 vinceret,
1112 1149 1459 1213 certabatur;
1498 1154 1592 1200 aut
1627 1145 1707 1207 id,
1733 1143 1893 1213 cujus
1924 1150 2042 1212 εῖνα-

459 1248 534 1303 tia
592 1249 791 1319 agitur,
827 1244 1290 1311 quemadmodum
1345 1240 1493 1296 dedit
1536 1239 1782 1294 medicus
1822 1237 2040 1291 salubre

459 1342 792 1402 antidotum,
821 1347 876 1392 et
924 1335 1143 1391 occidit.
1180 1333 1231 1389 Is
1259 1341 1438 1388 autem
1474 1347 1581 1386 non
1633 1346 1699 1384 ea
1750 1330 1818 1385 de
1872 1344 2038 1384 causa

457 1435 628 1497 dedit,
663 1433 759 1488 sed
809 1440 870 1486 ut
919 1437 1044 1484 eum
1090 1436 1353 1483 servaret.
1400 1424 1478 1477 Ac
1527 1422 1784 1494 puniebat
1815 1421 2035 1492 quidem

456 1535 590 1582 tunc
615 1538 836 1595 quoque
865 1522 951 1575 lex
980 1527 1127 1584 eum,
1159 1517 1251 1587 qui
1278 1532 1386 1570 non
1413 1520 1605 1585 sponte
1633 1511 1941 1577 interfecit;
1978 1520 2039 1565 ut

457 1634 607 1683 eum,
651 1616 747 1686 qui
778 1629 888 1669 non
925 1620 1118 1682 sponte
1147 1608 1432 1664 laborabat
1462 1605 1731 1676 proﬂuvio
1761 1605 1988 1659 seminis
2020 1622 2034 1657 :

457 1712 552 1767 sed
601 1726 709 1765 non
761 1722 916 1777 teque
959 1716 1121 1775 atque
1150 1717 1298 1766 eum,
1331 1700 1424 1770 qui
1469 1709 1681 1767 sponte.
1708 1694 2033 1765 Quanquam

456 1803 545 1858 ille
567 1814 788 1871 quoque
816 1797 1075 1867 punietur
1107 1804 1364 1863 tanquam
1393 1799 1613 1860 propter
1639 1786 2029 1849 voluntarium,

2147 586 2496 661 πολεμίουδῆ
2548 589 2608 642 τὸ
2659 589 2716 641 ἐν
2761 588 2870 640 τίνι
2918 588 3240 659 πράττεται,
3276 585 3538 657 καθάπερ
3568 588 3601 638 6
3630 589 3752 649 ταῖς

2144 683 2583 755 ὲσφαιρωμέναις
2606 667 2829 751 ’λόγχαις
2855 663 3267 751 γυμναζόμενος
3283 680 3376 733 καὶ
3405 678 3755 743 ἀποκτείνας

2145 775 2288 839 τινὰ,
2337 775 2429 828 τοῦ
2476 774 2700 845 δόρατος
2749 769 3118 836 ἀποϐαλόντος
3158 771 3257 843 τὴν
3301 775 3585 844 σφαῖρανο
3625 760 3755 843 ﬁse

2149 866 2301 937 παρά
2332 866 2392 919 τὸ
2434 865 2573 929 πῶς,
2609 865 2683 928 ὠς
2709 866 2737 919 6
2769 867 2827 917 ἐν
2857 863 3056 934 σταδίῳ
3090 864 3421 928 ἀποκτείνας
3449 865 3546 918 τὸν
3583 865 3749 919 ἀντ-α·

2140 959 2409 1028 γωνιστήν
2427 974 2440 986 ο
2477 957 2538 1009 οὐ
2573 955 2682 1027 γὰρ
2710 954 2964 1019 θανάτου,
3001 953 3138 1006 ἀλλά
3167 954 3327 1027 νίκης
3357 954 3525 1025 χάριν
3548 953 3753 1023 incurvi-

2142 1052 2265 1119 ζετο
2283 1071 2297 1085 ·
2327 1053 2358 1126 ἢ
2388 1053 2449 1107 τὸ
2480 1046 2542 1106 οὗ
2570 1053 2732 1109 ἓνεκα
2761 1054 3084 1126 πράττεται,
3106 1049 3261 1107 οἷονό
3292 1054 3482 1128 ἰατρὸς
3508 1054 3754 1107 δέδωκεν

2140 1147 2411 1201 ἀντίδοτον
2464 1147 2726 1217 ὑγιεινὴν,
2763 1148 2858 1199 καὶ
2912 1145 3263 1198 ἀπέκτεινεν·
3299 1148 3329 1198 6
3358 1146 3416 1199 δὲ
3451 1147 3515 1199 οὐ
3552 1146 3752 1198 τούτου

2140 1239 2301 1312 χάριν
2344 1239 2597 1305 δέδωκεν,
2630 1238 2765 1293 ἀλλά
2809 1237 2901 1291 τοῦ
2941 1236 3131 1291 σῶσαι.
3182 1238 3437 1310 Ἐκράτει
3467 1239 3578 1308 μὲν
3601 1235 3699 1292 οὖν
3725 1241 3752 1291 6

2140 1331 2305 1401 νόμος
2354 1332 2475 1384 τότε
2527 1332 2621 1384 καὶ
2676 1331 2768 1384 τὸν
2827 1331 3096 1394 ἀκουσίως
3145 1329 3505 1400 φονεύσαντα,
3546 1331 3636 1394 ὼς
3664 1332 3753 1383 τὸν

2136 1426 2407 1489 ἀκουσίως
2439 1426 2731 1497 γονορρυῆ,
2754 1425 2868 1480 ἀλλ’
2896 1427 2958 1479 οὐ
3004 1427 3126 1479 κατ’
3158 1424 3271 1478 ἴσον
3313 1425 3391 1495 τῷ
3447 1427 3750 1491 ἑκουσίως.

2137 1518 2331 1572 Καίτοι
2361 1519 2611 1582 κάκεῖνος
2628 1518 2703 1582 ὡς
2728 1520 2820 1572 ἐπὶ
2854 1518 3087 1589 ἑκουσίῳ
3122 1518 3552 1591 κολασθήσεται,
3594 1521 3754 1584 εἴτις

2143 1611 2445 1682 μεταγάγοι
2476 1611 2536 1665 τὸ
2570 1611 2741 1675 πάθος
2772 1613 2867 1664 ἐπὶ
2900 1611 2998 1683 τὴν
3040 1611 3299 1685 ἀλήθειαν
3319 1630 3333 1642 ·
3372 1612 3458 1683 τῷ
3490 1614 3624 1666 ὄντι
3646 1614 3753 1684 γὰρ

2137 1703 2433 1768 κολαστέος
2468 1708 2496 1758 6
2527 1704 2774 1776 ἀκρατὴς
2800 1704 2893 1758 τοῦ
2924 1704 3149 1776 γονίμου
3170 1704 3327 1774 λόγου
3347 1723 3360 1735 ·
3386 1706 3418 1759 ὃ
3452 1707 3558 1760 καὶ
3595 1709 3749 1775 αὐτὸ,

2137 1793 2307 1857 πάθος
2340 1795 2456 1848 ἐστὶ
2484 1794 2660 1866 ψυχῆς
2684 1794 2896 1864 ἄλογον,
2932 1797 3099 1864 ἐγγὺς
3132 1795 3452 1868 ἀδολεσχίας
3485 1797 3574 1851 ίόν
3593 1816 3610 1828 ·
3654 1803 3742 1854 Ht-

455 1896 502 1951 si
550 1893 675 1965 quis
723 1890 980 1946 allectum
1026 1884 1333 1942 traduxerit
1380 1882 1449 1937 ad
1490 1878 2031 1935 veritatem.Revera

2138 1885 2285 1952 στὸς
2334 1884 2403 1938 δὲ
2455 1886 2667 1955 ᾕρηται
2718 1878 2880 1954 πνοῇ
2924 1887 3211 1955 κρύπτειν
3246 1887 3574 1959 πράγματα
3614 1891 3747 1961 (5|).

453 1988 599 2044 enim
634 1995 718 2041 est
748 1983 1060 2056 puniendus
1104 1982 1170 2045 is,
1202 1978 1296 2049 qui
1341 1985 1427 2033 est
1458 1975 1610 2031 verbi
1671 1974 1920 2046 genitalis
1952 1974 2036 2027 in-

453 2080 784 2135 continens:
818 2074 965 2145 quod
998 2074 1175 2143 ipsum
1211 2085 1430 2141 quoque
1475 2078 1560 2124 est
1606 2066 1773 2121 animi
1825 2065 2038 2121 aﬂ‘ectio

452 2175 632 2228 aliena
680 2186 709 2224 a
762 2169 996 2229 ratione,
1050 2180 1172 2234 quae
1220 2178 1387 2233 prope
1444 2161 1655 2217 accedit
1701 2160 1768 2215 ad
1823 2158 2035 2214 futilem

451 2263 838 2333 loquacitatem
901 2278 914 2314 :
960 2256 1164 2310 Fidelis
1204 2267 1381 2308 autem
1419 2253 1563 2323 eligit
1608 2268 1686 2306 res
1724 2251 1894 2306 celare
1927 2252 2038 2313 spi-

410 2358 417 2365 “
453 2357 562 2410 ritu
609 2367 657 2408 α.
690 2354 823 2421 Quae
861 2361 1053 2421 sponte
1087 2365 1217 2418 ergo
1247 2355 1302 2403 et
1327 2363 1391 2401 ex
1425 2346 1687 2401 electione
1727 2346 2039 2413 suscipiun-

454 2456 565 2512 tur,
620 2445 945 2514 puniuntur.
982 2439 1238 2493 Dominus
1288 2439 1427 2492 enim
1477 2445 1749 2490 scrutatur
1784 2435 1945 2488 corda
1988 2444 2038 2488 et

450 2554 598 2591 renes
629 2537 659 2577 ιι
698 2550 717 2589 :
756 2545 809 2589 et
848 2533 1124 2602 judicatnr
1166 2531 1234 2596 is,
1269 2531 1362 2600 qui
1409 2530 1632 2598 respexit
1664 2529 1731 2580 ad
1765 2528 2043 2596 concupis-

450 2629 680 2682 centiam
696 2636 743 2678 α.
772 2623 952 2690 Quare
984 2625 1147 2677 etiam
1175 2622 1329 2686 dicit,
1361 2618 1444 2673 Ne
1481 2620 1822 2687 concupiscas
1839 2618 1886 2672 ιι.
1929 2617 2029 2683 Ει,

452 2713 557 2770 Hic
607 2712 853 2783 populus,
882 2712 1080 2781 inquit,
1114 2712 1340 2763 honorat
1381 2724 1462 2763 me
1495 2708 1686 2772 labiis;
1728 2725 1818 2761 cor
1855 2720 2033 2763 autem

449 2809 686 2878 ipsorum
733 2805 918 2876 procul
947 2813 1023 2859 est
1075 2823 1107 2859 a
1147 2820 1226 2858 me
1245 2815 1290 2857 ο.
1324 2802 1469 2857 Deus
1518 2802 1662 2856 enim
1695 2802 1916 2872 respicit
1964 2802 2031 2856 ad

448 2900 717 2954 animum.
744 2896 879 2951 Nam
916 2912 1143 2951 uxorem
1168 2911 1389 2965 quoque
1410 2893 1534 2955 Lot,
1554 2908 1678 2963 quae
1712 2909 1810 2949 sua
1839 2903 2032 2963 sponte

2143 1979 2224 2033 Τά
2259 1979 2619 2051 προαιρετικά
2651 1979 2829 2033 τοίνυν
2859 1980 3124 2051 κρίνεται.
3155 1981 3369 2049 Κύριος
3396 1982 3510 2051 γὰρ
3551 1983 3750 2045 ἐτάζει

2140 2065 2389 2134 καρδίας
2429 2066 2526 2119 καὶ
2554 2068 2813 2136 ’νεφρούς
2836 2083 2849 2097 ⁸
2887 2069 2982 2122 καὶ
3006 2069 3035 2121 6
3074 2067 3376 2138 ἐμϐλέψας
3413 2072 3580 2138 πρὸς
3625 2074 3752 2126 ἐπι-

2142 2157 2359 2226 θυμίαν
2379 2158 2644 2228 κρίνεταιε
2662 2159 2772 2224 Διὸ,
2790 2159 2954 2227 Μηδὲ
2968 2160 3364 2230 ἐπιθυμήσῃς,
3391 2162 3579 2232 λέγει’
3634 2167 3747 2229 καὶ,

2154 2248 2218 2302 ’0
2253 2251 2404 2317 λαὸς
2441 2246 2619 2317 οὗτος
2640 2251 2763 2318 τοῖς
2792 2253 3027 2321 χείλεσί
3047 2271 3125 2322 με
3163 2253 3320 2323 τιμᾷ,
3351 2258 3555 2326 φησίνο
3602 2261 3647 2326 ἡ
3684 2260 3751 2314 δὲ

2142 2342 2357 2410 καρδία
2402 2342 2602 2396 αὐτῶν
2641 2344 2838 2413 πόρῤω
2878 2345 3051 2399 ἐστὶν
3078 2346 3182 2399 ἀπ’
3217 2347 3384 2416 ἐμοῦ.
3425 2350 3523 2415 Εἰς
3566 2352 3749 2423 αύτῆν

2143 2433 2251 2505 γὰρ
2283 2436 2461 2507 ἀφορᾷ
2492 2435 2592 2507 τὴν
2640 2435 2866 2508 γνώμην
2897 2439 2926 2490 6
2973 2437 3125 2502 Θεός·
3161 2442 3282 2493 ἐπεὶ
3314 2442 3407 2500 καὶ
3457 2444 3569 2515 τὴν
3624 2445 3749 2499 Λὼτ

2141 2530 2373 2594 γυναῖκα
2398 2530 2821 2600 ἐπιστραφείσαν
2856 2530 3015 2600 μόνον
3063 2531 3325 2593 ἑκουσίως
3357 2534 3449 2586 ἐπὶ
3479 2527 3598 2605 τὴν
3649 2551 3749 2590 ira;

2140 2618 2266 2673 κίαν
2298 2620 2397 2692 τὴν
2439 2622 2731 2694 κοσμικὴν,
2764 2622 3052 2676 κατέλιπεν
3097 2624 3441 2695 ἀναίσθητον,
3472 2628 3552 2691 ὡς
3596 2628 3750 2683 λίθον

2136 2710 2318 2778 δείξας
2358 2712 2633 2786 ἀλατίνην,
2661 2716 2755 2769 καὶ
2802 2717 3026 2787 στήσας,
3063 2721 3141 2780 είς
3187 2718 3248 2771 τὸ
3282 2718 3355 2790 μὴ
3392 2722 3597 2790 πρόσω
3643 2740 3751 2794 In):

2139 2806 2272 2873 ρείν,
2308 2805 2368 2857 οὐ
2404 2805 2592 2877 μωρὰν
2622 2807 2716 2861 καὶ
2748 2808 3028 2881 ἄπρακτον
3063 2812 3512 2886 εἰκόνα,ἀρτύσαι
3542 2816 3617 2869 δὲ
3654 2817 3750 2871 καὶ

2140 2894 2339 2964 στῦψαι
2370 2897 2461 2950 τὸν
2497 2903 2885 2972 πνευματικῶς
2909 2903 3204 2975 δυνάμενον
3234 2904 3437 2978 διορᾷν.

448 2996 627 3051 solum
680 3005 798 3049 erat
849 3009 1109 3048 conversa
1160 2992 1227 3046 ad
1263 2991 1600 3047 mundanum
1654 2990 1870 3055 vitium,
1900 2991 2120 3060 reliquit
2169 2991 2506 3062 inscnsilem,
2558 2997 2611 3049 in
2676 2998 3090 3053 similitudinem
3149 3000 3336 3055 saliua:
3389 3012 3562 3071 petra?
3602 3020 3749 3059 con.

444 3102 660 3142 versam
685 3126 704 3155 ,
733 3095 788 3141 et
836 3086 917 3141 sic
972 3088 1156 3149 lixam,
1216 3099 1285 3139 ne
1334 3083 1563 3138 ulterius
1605 3082 2039 3152 progrederetur,
2083 3098 2191 3136 non
2221 3085 2441 3139 smitam
2471 3096 2524 3142 et
2550 3104 2674 3158 qua:
2700 3088 2838 3143 nihii
2863 3089 3429 3164 ellieeretimaginem,
3462 3095 3561 3150 sed
3618 3102 3748 3167 qua

447 3181 672 3241 condire
695 3187 749 3235 et
787 3180 1114 3235 conﬁrmare
1141 3188 1329 3250 posset
1354 3192 1481 3233 eum
1503 3176 1599 3247 qui
1623 3183 1803 3246 potest
1828 3175 2133 3245 perspicere
2159 3177 2502 3247 spiritaliter.

1879 3291 2108 3347 CAPUT
2150 3294 2266 3352 XV.

1084 3415 1163 3470 De
1199 3414 1420 3471 diversis
1448 3415 1740 3469 voluntarii
1773 3418 1823 3469 et
1850 3424 2186 3484 peccatorum
2218 3419 2409 3474 exinde
2439 3423 2767 3491 sequentium
2801 3427 3095 3496 generibus.

523 3538 583 3597 »Β
605 3530 988 3587 Voluntarium
1010 3538 1326 3594 autem,seu
1352 3527 1950 3600 spontaneum,est,vel
1968 3542 2032 3581 ex

2209 3529 2283 3581 Τὸ
2306 3529 2350 3582 δ’
2381 3531 2626 3587 ἑκούσιον
2657 3534 2689 3607 ἦ
2732 3534 2794 3588 τὸ
2835 3538 2956 3591 κατ’
2996 3537 3174 3609 δρεξίν
3210 3540 3379 3604 ἐστιν,
3414 3541 3445 3611 ἢ
3482 3526 3548 3594 τδ
3590 3548 3744 3599 κατὰ

447 3625 802 3695 appetitione,
826 3625 911 3678 vel
943 3639 1010 3678 ex
1036 3623 1321 3687 electione,
1340 3623 1424 3677 vel
1439 3638 1506 3677 ex
1540 3608 1711 3677 animi
1743 3622 2031 3676 sententia.

446 3713 568 3770 Jam
588 3730 720 3770 vero
735 3717 850 3770 haec
873 3714 1283 3784 quodammodo
1311 3714 1454 3767 inter
1473 3728 1531 3768 se
1562 3727 1729 3783 pr0pe
1756 3711 1860 3766 sita
1883 3696 2033 3773 sunt,

2134 3622 2471 3694 προαίρεσιν,
2506 3627 2539 3697 ἢ
2570 3627 2632 3680 τὸ
2664 3628 2805 3682 κατὰ
2857 3629 3115 3685 διάνοιαν.
3151 3632 3357 3687 Αὐτίκα
3392 3637 3743 3706 παράκειταί

2131 3732 2247 3777 πως
2274 3714 2448 3770 ταῦτα
2476 3717 2745 3790 ἀλλήλοις,
2775 3722 3083 3794 ἁμάρτημα
3117 3724 3248 3796 (52),
3304 3727 3592 3799 ἀτύχημα,
3624 3731 3744 3784 ἀδίο

445 3816 731 3879 peccatum
753 3849 769 3874 ,
810 3804 1420 3874 infortunium,fscelus
1454 3820 1549 3861 seu
1582 3804 1802 3875 injuria.
1856 3803 1922 3857 Et
1950 3813 2033 3858 est

2138 3822 2302 3878 κημα.
2358 3809 2468 3865 Καὶ
2522 3810 2670 3865 ἔστιν
2723 3814 3025 3887 ἁμάρτημα
3073 3818 3192 3886 μὲν,
3240 3818 3371 3890 φέρε
3420 3821 3629 3885 εἰπεῖν,
3680 3824 3743 3875 τὸ

444 3911 732 3972 peccaturo
749 3900 991 3971 quidem,
1007 3901 1156 3955 verbi
1176 3900 1371 3971 gratia,
1390 3899 1675 3954 luxuriose
1697 3908 1752 3954 et
1766 3900 1931 3953 intem
1940 3913 2033 3968 pe-

2138 3900 2473 3973 τρυφητικῶς
2504 3903 2597 3957 καὶ
2628 3904 2872 3972 ἀσελγῶς
2917 3906 3095 3977 βιοῦν·
3126 3908 3384 3979 ἀτύχημα
3414 3909 3471 3962 δὲ
3516 3911 3614 3964 τὸν
3650 3915 3741 3983 gi-

445 4003 631 4050 ranter
652 3995 854 4049 vivere.
885 3992 1251 4049 Infortunium
1276 4002 1480 4056 autem,
1500 3992 1737 4047 amicum
1768 3998 2027 4061 tanquam

2138 3991 2237 4057 λον,
2270 3993 2347 4059 ὡς
2392 3995 2670 4068 πολέμιον,
2715 4000 2805 4051 ὑπ’
2840 4001 3063 4068 ἀγνοίας
3110 4000 3323 4071 βαλεῖν
3360 4002 3614 4074 ἀδίκημα
3676 3992 3738 4059 δὲ

444 4087 728 4144 inimicum
755 4087 1052 4142 inscienter
1064 4086 1335 4142 occidere.
1353 4085 1546 4161 Scelus
1559 4093 1740 4139 autem
1762 4098 1859 4138 seu
1888 4083 2035 4153 inju-

444 4179 527 4233 ria
553 4186 656 4243 est,
683 4180 1062 4249 sepulcrorum
1093 4176 1335 4257 elfossio,
1371 4188 1467 4232 aut
1488 4175 1860 4247 sacrilegium.
1895 4174 2030 4230 Pec-

445 4285 573 4325 care
617 4280 798 4325 autem
828 4280 1045 4326 constat
1069 4287 1136 4326 ex
1174 4286 1262 4337 eo,
1289 4272 1435 4340 quod
1468 4268 1680 4325 nesciat
1714 4270 1841 4337 quis
1870 4267 2023 4336 judi-

444 4380 572 4419 care
623 4365 885 4433 quidnam
944 4364 1124 4420 lacere
1185 4373 1454 4435 oporteat,
1513 4371 1610 4418 aut
1655 4361 1801 4432 quod
1851 4360 2031 4415 facere

446 4471 555 4511 non
606 4458 779 4525 possit
815 4476 828 4511 :
862 4458 1004 4511 sicut
1031 4466 1178 4512 certe
1221 4458 1275 4511 ir.
1313 4457 1522 4512 fossam
1570 4470 1793 4526 quoque
1840 4453 2031 4509 incidit

446 4551 671 4620 aliquis,
705 4551 787 4603 vel
834 4550 978 4621 quod
1037 4552 1392 4622 ignoraverit,
1419 4552 1506 4606 vel
1554 4551 1700 4620 quod
1752 4551 2029 4606 transilire

445 4656 554 4695 non
604 4644 841 4710 potuerit
888 4651 1110 4712 propter
1155 4643 1582 4698 imbecillitatem
1622 4644 1889 4713 corporis.
1923 4642 2027 4697 Sed

445 4735 499 4788 in
523 4744 708 4788 nostra
734 4735 953 4804 quidem
985 4743 1133 4792 certe
1166 4744 1251 4791 est
1274 4744 1567 4805 potestate,
1588 4744 1649 4791 ut
1670 4736 2030 4806 percipiendae

444 4825 750 4896 disciplinae
803 4841 1027 4896 operam
1082 4828 1299 4895 demus,
1327 4836 1383 4883 et
1415 4836 1476 4882 ut
1503 4843 1798 4897 pareamus
1830 4843 2033 4898 praece-

444 4919 551 4988 ptis
594 4936 607 4971 :
639 4933 875 4988 quorum
915 4919 959 4973 si
985 4920 1330 4975 uoluerimus
1354 4934 1474 4974 esse
1506 4918 1823 4988 participes,
1854 4920 1949 4973 irae
1976 4925 2030 4973 ct

442 5009 708 5079 voluptati
747 5025 849 5066 nos
882 5010 1033 5080 ipsos
1064 5011 1347 5075 dedentes,
1390 5009 1762 5080 peccabimus,
1803 5010 1887 5064 vel
1933 5024 2032 5079 po-

2139 4084 2172 4154 ή
2206 4086 2559 4159 τυμϐωρυχία
2591 4088 2623 4161 ἢ
2656 4090 2689 4160 ἡ
2740 4090 3031 4163 ἱεροσυλία.
3061 4093 3134 4144 Τὸ
3174 4092 3230 4145 δὲ
3266 4094 3611 4165 ἁμαρτάνειν
3671 4101 3741 4152 ὲκ

2136 4176 2231 4230 τοῦ
2276 4180 2492 4248 ἀγνοεῖν
2538 4183 2745 4255 κρίνειν
2779 4185 2808 4237 ὃ
2840 4203 2892 4238 τι
2925 4188 3030 4258 χρὴ
3066 4191 3238 4242 ποιεῖν
3291 4191 3657 4254 συνίσταται,
3698 4195 3735 4264 ἢ

2136 4270 2215 4342 τῷ
2244 4272 2522 4328 ἀδυνατεῖν
2548 4279 2722 4329 ποιεῖν
2745 4294 2758 4307 ·
2792 4276 2983 4350 ὥσπερ
3013 4280 3204 4350 ἀμέλει
3235 4281 3328 4334 καὶ
3355 4281 3542 4354 βόθρῳ
3576 4303 3738 4357 περι-ε

2138 4364 2324 4417 πίπτει
2355 4383 2460 4433 τις,
2493 4368 2609 4439 ἦτοι
2644 4368 2939 4442 ἀγνοήσας,
2984 4371 3016 4443 ἢ
3052 4371 3388 4444 ἀδυνατήσας
3418 4377 3734 4448 ὑπερϐῆναι

2135 4458 2203 4511 δι’
2235 4460 2518 4514 ἀσθένειαν
2552 4461 2820 4533 σώματος.
2871 4464 3012 4518 Ἀλλ’
3045 4466 3131 4533 ἐφ’
3162 4468 3294 4535 ἡμῖν
3327 4482 3393 4535 γε
3421 4468 3456 4538 ἦ
3492 4485 3557 4521 τε
3591 4469 3733 4541 πρὸς

2135 4552 2235 4622 τὴν
2266 4554 2509 4608 παιδείαν
2542 4556 2698 4625 ἡμῶν
2733 4558 3072 4629 παράστασις
3104 4557 3136 4628 ἦ
3171 4574 3229 4610 τε
3259 4559 3395 4629 πρὸς
3443 4560 3548 4624 τὰς
3581 4561 3738 4612 ἕντο-ι

2136 4635 2234 4701 λάς
2265 4639 2507 4710 ὑπακοή·
2536 4635 2611 4695 ὧν
2645 4643 2793 4715 εἰμὴ
2829 4645 3079 4717 μετέχειν
3113 4645 3533 4719 βουληθείημεν,
3571 4648 3735 4719 θυμῷ

2136 4745 2195 4781 τε
2240 4731 2334 4783 καὶ
2380 4732 2645 4806 ἐπιθυμίᾳ
2694 4736 2942 4801 ἐκδότους
2996 4740 3137 4808 σφᾶς
3184 4740 3381 4803 αὐτοὺς
3423 4740 3731 4804 ἐπιδόντες,

2138 4821 2587 4894 ἁμαρτησόμεθα,
2626 4826 2824 4897 μᾶλλον
2861 4828 2917 4882 δὲ
2976 4829 3306 4901 ἀδικήσομεν
3360 4833 3462 4903 τὴν
3517 4833 3734 4886 ἑαυτῶν

2136 4913 2334 4986 ψυχήν·
2384 4916 2440 4969 Ὁ
2489 4917 2588 4987 μὲν
2627 4918 2738 4990 γὰρ
2769 4921 2933 4984 Λάϊος
2965 4924 3168 4987 ἐκεῖνος
3200 4923 3344 4977 κατά
3374 4926 3478 4997 τὴν
3510 4942 3735 4998 τραγῳ-

2136 5006 2255 5062 δίαν
2286 5008 2450 5079 φησίν
2465 5025 2477 5037 ο

442 5104 554 5163 tius
577 5107 781 5177 injuria
805 5117 1047 5162 nostram
1073 5105 1374 5163 alliciemus
1397 5106 1664 5161 animam.
1688 5102 1860 5159 Laius
1884 5105 2034 5160 enim
2069 5106 2162 5160 ille
2191 5104 2323 5159 dicit
2352 5105 2406 5158 in
2440 5107 2700 5176 tragoedia
2740 5128 2753 5163 :

607 5221 715 5277 462
747 5216 855 5289 ED.
887 5212 1187 5289 POTTER,
1219 5221 1325 5278 588
1354 5221 1461 5275 ΕΙ).
1504 5214 1776 5289 PARlS.__
1805 5227 1831 5254 ⁸
1856 5213 2018 5289 Prov.
2052 5204 2129 5281 χι,
2165 5217 2251 5289 l_'._5.

2360 5215 2388 5254 ι»
2420 5215 2565 5291 Psal.
2590 5236 2684 5284 vn,
2721 5222 2774 5276 9.
2830 5223 3030 5279 Jerem.
3070 5238 3180 5278 xvu
3204 5265 3219 5291 ,
3264 5218 3352 5281 {0.
3476 5239 3499 5269 ε
3525 5227 3721 5286 Matth.

444 5308 500 5355 ν.
526 5291 617 5348 28.
693 5286 909 5347 dExod.
941 5309 1034 5358 xx,
1064 5284 1184 5348 i7.'
1235 5293 1377 5350 °lsa.
1414 5307 1568 5355 xxix,
1606 5290 1697 5357 1'5;
1731 5284 1922 5339 Matth.
1956 5302 2048 5350 xv,
2081 5289 2146 5355 8;
2171 5287 2341 5341 Marc.
2366 5302 2464 5351 vn,
2494 5290 2548 5344 6.

442 5416 609 5494 {tostis
642 5413 1148 5494 deludensgliquem
1184 5417 1529 5494 interfecerit,
1559 5420 1670 5494 pila
1701 5441 1765 5478 ea:
1811 5418 2028 5494 cuspide

290 5499 301 5514 ·
367 5484 370 5488 ’
443 5487 612 5567 {rast
641 5484 876 5553 delapsa.
908 5484 1259 5543 Villiomarus
1288 5484 1345 5542 in
1368 5484 1572 5555 Τ]ιίυηὶ
1598 5493 1692 5548 lib.
1712 5512 1766 5562 ν,
1786 5484 1916 5567 θερί
1938 5489 2021 5547 Η.

442 5556 717 5610 (Ζοιιεετ.

519 5626 631 5711 (sl)
688 5628 857 5711 Hroﬁ
905 5630 1344 5711 xptiﬂtmr-xp.
1391 5632 1680 5711 Vulgatam
1734 5638 2023 5711 lectionem

444 5702 693 5779 sequitur
714 5702 897 5779 .etiant
926 5702 1251 5779 interpretis
1286 5706 1484 5779 versit),
1506 5702 1682 5776 veligit
1726 5724 1806 5762 res
1855 5707 2025 5762 celare

442 5768 633 5849 spiritu
662 5781 679 5819 :
713 5768 890 5849 inquit
925 5768 1269 5842 Sylbn'rgius,
1293 5768 1651 5849 egistimans,
1695 5790 1754 5833 ut
1785 5779 2021 5849 videtur.

446 5845 648 5890 textum
683 5845 922 5894 auctoris
953 5850 1295 5912 corruptum.
1334 5845 1438 5902 Sed
1476 5848 1550 5902 nil
1586 5850 1784 5907 mutari
1822 5848 1979 5906 debet
2009 5864 2020 5900 :

2134 5428 2354 5496 respicit
2376 5426 2521 5496 enim
2556 5414 2811 5496 Clemens
2841 5418 3002 5496 Prov.
3026 5434 3105 5484 χι,
3140 5414 3467 5496 ίῦμιηΑνὴρ
3498 5417 3725 5496 δίγλωττ

2134 5486 2239 5559 σος
2276 5492 2650 5551 ἀποκαλύπτει
2702 5490 2897 5562 βουλὰς
2941 5491 3015 5562 μὲν
3072 5486 3365 5562 συνεδρίῳ·
3417 5486 3610 5551 πιστὸς
3655 5489 3723 5543 δὲ

2132 5558 2266 5638 πνοῇ
2302 5564 2532 5638 κρύπτει
2571 5558 3102 5638 πράγματι-ιοοιι.
3128 5558 3444 5638 Scriptum,
3476 5574 3598 5630 qua
3625 5574 3724 5613 se-

2130 5632 2397 5706 quuntur,
2425 5632 2671 5707 auctore
2699 5632 2962 5707 memoria
2998 5632 3290 5707 recitavit._
3371 5691 3413 5707 θ’

2139 5701 2314 5797 3J5?)
2366 5701 3721 5797 Ἀμάρττῖμαε.ζλμξιρξτὲμέτοές..ἒτυῐήμῐίτῆεί

2129 5772 2465 5849 ἀδικήματος
2498 5772 2789 5844 explicatio
2822 5772 3105 5831 est'etiam
3157 5772 3301 5841 apud
3362 5772 3715 5828 Aristotelem

2138 5848 2231 5903 lib.
2266 5864 2317 5904 ν.
2350 5865 2400 5904 c.
2428 5850 2480 5904 8.
2524 5846 2789 5902 Svtnuuo.

2122 5859 2231 5923 ~ut).
2266 5864 2317 5919 ν,
2350 5865 2400 5905 c.
2428 5859 2480 5904 ὅ.
2524 5859 2789 5902 Mutuus.
