3946 6514
172 364 179 371 ’
209 340 350 398 Ιθίό

1489 348 1926 408 STROMATUM
1964 346 2093 404 LIB.
2128 348 2195 404 II.

3334 353 3475 412 1οη

194 476 342 531 γειν·
379 464 474 519 καὶ
516 465 616 521 οὐκ
649 463 746 522 οἶδ’
782 471 932 535 ὅπως
966 470 1216 538 ἀνέξεταί
1251 488 1335 536 τις
1365 472 1575 527 ἐπαΐων
1604 453 1793 527 τούτου

1903 486 1963 528 ex
1995 471 2168 527 nihilo
2192 471 2374 527 omnia
2407 470 2743 542 produxerit,
2771 484 2877 530 nec‘
2897 473 2945 532 si
2971 474 3476 547 erpmexsistente

199 555 337 610 Θεὸν
369 559 650 627 ἐγνωκὼς,
674 561 880 616 ἀπιδὼν
907 566 985 629 είς
1013 564 1106 619 τὸν
1141 565 1252 636 βίον
1283 565 1375 619 τὸν
1413 565 1700 638 ἡμέτερον,
1737 568 1794 619 ἐν

201 645 350 711 ὅσοις
384 649 668 721 φυρόμεθα
702 656 911 717 κακοῖς.
953 654 1051 727 Εῖη
1088 655 1197 728 γὰρ
1248 655 1313 710 ἂν
1365 655 1557 721 οὕτως,
1594 657 1622 710 ὃ
1671 646 1795 730 μηδ’

201 736 379 789 εἰπεῖν
419 737 597 809 θέμις,
654 741 896 813 μερικῶς
931 745 1262 817 ἁμαρτάνων
1292 748 1323 800 6
1354 746 1509 811 Θεὸς,
1544 746 1599 800 εἴ
1627 765 1689 816 γε
1725 749 1795 802 τὰ

204 827 348 901 μέρη
376 830 471 884 τοῦ
500 832 622 885 ὅλου
660 834 800 905 μέρη
831 835 927 889 καὶ
953 837 1390 909 συμπληρωτικὰ
1420 838 1515 892 τοῦ
1549 839 1693 893 ὅλου·
1744 842 1791 893 εί

202 918 260 973 δὲ
289 921 364 993 μὴ
401 924 854 997 συμπληρωτικὰ,
890 928 1012 981 οὐδὲ
1045 928 1186 1001 μέρη
1220 930 1306 1000 εἴη
1344 930 1428 985 ἄν.
1496 931 1657 986 Ἀλλὰ
1686 932 1794 1003 γὰρ

202 1010 366 1081 φύσει
412 1014 665 1081 πλούσιος
709 1017 783 1071 ὢν
828 1020 859 1070 6
899 1019 1032 1083 Θεὸς
1076 1023 1136 1074 ἐν
1182 1020 1340 1092 ἐλέῳ,
1373 1021 1462 1075 διὰ
1491 1022 1590 1094 τὴν
1627 1021 1792 1076 αὑτοῦ

200 1106 523 1180 ἁγαθότητα
549 1111 769 1182 κήδεται
796 1112 974 1183 ήμῶν,
1007 1114 1142 1186 μήτε
1185 1114 1387 1186 μορίων
1423 1114 1592 1169 ὄντων
1629 1113 1792 1168 αὐτοῦ

203 1201 345 1271 μήτε
380 1201 540 1271 φύσει
572 1204 801 1261 τέκνων.
838 1207 947 1261 Καὶ
978 1207 1042 1280 δὴ
1071 1209 1104 1280 ή
1141 1208 1372 1280 μεγίστη
1401 1208 1500 1279 τῆς
1524 1207 1618 1261 τοῦ
1657 1206 1791 1261 Θεοῦ

198 1291 540 1364 ἀγαθότητος
571 1295 797 1364 ἔνδειξις
827 1298 964 1371 αὕτη
1002 1300 1279 1370 τυγχάνει·
1319 1300 1402 1353 ὅτι
1438 1299 1612 1365 οὕτως
1644 1299 1795 1369 ἐχόν-

200 1399 312 1437 των
380 1386 537 1457 ἡμῶν
595 1389 731 1459 πρὸς
765 1390 948 1449 αὐτὸν.
992 1392 1088 1445 καὶ
1139 1392 1298 1461 φύσει
1345 1391 1794 1463 ἀπηλλοτριωμέ-

199 1492 311 1530 νων
346 1476 419 1549 (4)
454 1480 750 1547 παντελῶς,
795 1484 944 1555 ὅμως
978 1485 1225 1557 κήδεται.
1271 1486 1479 1558 Φυσικὴ
1534 1486 1632 1557 μὲν
1684 1485 1792 1557 γὰρ

197 1569 236 1640 ἡ
271 1570 409 1642 πρὸς
438 1571 507 1625 τὰ
539 1572 705 1627 τέκνα
756 1575 1105 1649 φιλοστοργία
1144 1580 1258 1642 τοῖς
1303 1577 1482 1643 ζώοις,
1535 1578 1571 1648 ἦ
1629 1594 1687 1630 τε
1728 1580 1793 1630 ἐκ

199 1661 489 1734 συνηθείας
516 1667 627 1726 τοῖς
656 1666 1003 1739 ὁμογνώμοσι
1025 1667 1179 1737 φιλία
1195 1667 1289 1739 (5)·
1328 1665 1462 1721 Θεοῦ
1501 1666 1557 1719 δὲ
1587 1668 1616 1719 6
1647 1666 1792 1730 ἐλεος

194 1753 281 1817 εἰς
302 1754 450 1823 ἡμᾶς
473 1753 743 1819 πλουσίως
778 1756 874 1828 (6),
902 1760 1029 1823 τοὺς
1063 1758 1203 1813 κατὰ
1242 1758 1409 1830 μηδὲν
1441 1756 1590 1828 αὐτῷ
1616 1773 1790 1830 προσ-

1897 564 2122 619 materia
2152 563 2377 619 fecerit:
2401 563 2841 634 quandoquidem
2879 566 3009 622 illud
3029 567 3250 637 quidem
3273 582 3343 622 ne
3363 581 3477 622 omo

1896 657 2027 713 nino
2053 657 2274 729 quidem
2299 664 2403 725 est,
2427 656 2543 713 haec
2572 672 2700 712 vero
2731 667 2815 714 est
2832 674 2864 716 a
2890 659 3000 716 Deo
3023 660 3237 717 diversa
3269 661 3323 716 in
3356 676 3476 716 om-

1896 753 2081 818 nibus;
2100 753 2207 810 nisi
2222 753 2346 824 quis
2362 768 2463 809 nos
2480 752 2601 823 ejus
2612 762 2734 807 esse
2754 760 2984 821 partem,
3009 762 3063 809 et
3075 754 3322 824 ejusdem
3349 764 3474 809 cum

1896 843 2007 901 Deo
2048 845 2302 901 essentia:
2339 845 2486 900 ausit
2515 845 2715 900 dicere.
2758 842 2956 901 Nescio
2991 859 3172 902 autem
3199 846 3477 917 quomodo

1894 937 2039 1006 quis,
2060 936 2154 1007 qui
2172 935 2342 991 Deum
2365 936 2535 1004 novit,
2553 951 2711 1006 aequo
2734 942 2791 1001 >14
2811 937 2916 992 hoc
2936 937 3124 991 audire
3145 937 3330 991 animo
3356 951 3489 1007 pos--

1895 1028 1985 1095 sit,
2007 1028 2053 1084 si
2078 1028 2377 1098 respiciens
2400 1028 2467 1082 ad
2488 1036 2732 1083 nostram
2758 1028 2947 1094 vitam,
2967 1028 3022 1082 in
3043 1039 3178 1099 quot
3196 1043 3477 1085 versemur

1894 1120 2076 1185 malis,
2108 1120 2436 1175 consideret.
2470 1118 2561 1175 Sic
2590 1120 2761 1188 enim,
2797 1121 2945 1191 quod
2986 1119 3143 1176 nefas
3182 1129 3269 1176 est
3292 1119 3476 1175 dicere

1894 1211 2039 1268 Deus
2077 1220 2331 1283 peccaret
2376 1213 2433 1268 in
2486 1214 2814 1284 quihusdam
2883 1215 3151 1286 partibus,
3203 1213 3473 1296 siquidem

1892 1310 2073 1371 partes
2110 1311 2241 1358 sunt
2287 1302 2457 1358 totius
2502 1312 2709 1373 partes,
2745 1314 2800 1360 et
2827 1314 2999 1360 totum
3034 1304 3327 1375 complent.
3376 1301 3476 1359 Sin

1893 1403 2074 1448 autem
2133 1409 2242 1450 non
2287 1395 2584 1465 complent,
2636 1412 2705 1452 ne
2753 1405 2935 1466 partes
2979 1398 3199 1468 quidem
3243 1395 3475 1454 fuerint.

1894 1484 2096 1541 Verum
2117 1487 2264 1542 enim
2283 1501 2414 1543 vero
2448 1503 2574 1543 cum
2594 1498 2790 1545 natura
2816 1490 2962 1546 Deus
2988 1491 3057 1547 sil
3082 1491 3234 1547 dives
3258 1491 3477 1548 miseri-

1892 1578 2104 1645 cordia,
2126 1579 2299 1634 nostri
2330 1589 2551 1651 propter
2574 1597 2732 1637 suam
2774 1583 3071 1638 bonitatem
3100 1599 3287 1639 curam
3315 1585 3473 1657 gerit,

1891 1674 1985 1744 qui
2012 1689 2113 1730 nec
2143 1690 2337 1730 sumus
2368 1676 2488 1745 ejus
2535 1685 2737 1745 partes,
2771 1692 2872 1731 nec
2910 1677 3005 1731 ﬁlii
3041 1686 3259 1733 natura.
3293 1676 3362 1732 Et
3393 1690 3479 1733 est

1892 1766 1999 1821 hoc
2017 1766 2241 1837 quidem
2281 1776 2431 1822 certe
2479 1768 2778 1823 maximum
2834 1767 2930 1823 Dei
2984 1770 3037 1822 in
3079 1784 3181 1825 nos
3212 1769 3496 1825 bonitatis.

197 1845 458 1916 ήκοντας,
488 1847 521 1919 ἢ
555 1848 714 1921 οὐσίᾳ
743 1850 905 1922 ήμῶν
937 1852 1103 1921 λέγω,
1139 1852 1172 1923 ἢ
1197 1851 1389 1922 φύσει,
1413 1851 1447 1923 ἢ
1471 1851 1694 1922 δυνάμει
1721 1853 1786 1922 τῇ

1903 1858 2178 1925 indicium,
2214 1859 2361 1929 quod
2402 1874 2525 1914 eum
2569 1860 2647 1914 sic
2684 1859 2737 1913 in
2769 1859 2947 1929 ipsum
2978 1875 3079 1916 nos
3114 1875 3389 1931 geramus,
3422 1872 3477 1916 et

193 1936 379 2008 οἰκείᾳ
411 1938 508 2009 τῆς
540 1939 730 2004 οὐσίας
763 1941 940 2013 ήμῶν·
983 1944 1129 2014 μόνῳ
1148 1943 1207 1997 δὲ
1239 1941 1317 2015 τῷ
1348 1942 1509 2015 ἔργον
1542 1937 1678 1995 εἶναι
1693 1942 1788 1996 τοῦ

196 2024 504 2097 θελήματος
532 2029 716 2084 αὐτοῦ·
752 2033 846 2086 καὶ
878 2030 942 2104 δὴ
973 2033 1063 2086 τὸν
1097 2034 1290 2087 ἐκόντα
1321 2032 1459 2104 μετὰ
1504 2033 1794 2103 ἀσκήσεως

198 2118 296 2171 καὶ
328 2117 676 2185 διδασκαλίας
707 2121 806 2194 τὴν
840 2123 1041 2192 γνῶσιν
1081 2125 1178 2196 τῆς
1213 2124 1469 2195 ἀληθείας
1516 2126 1792 2196 ἐπανῃρη-

197 2209 366 2280 μένον
388 2212 467 2275 είς
504 2212 774 2268 υἱοθεσίαν
809 2215 984 2280 καλεῖ,
1018 2215 1115 2287 τὴν
1143 2216 1405 2287 μεγίστην
1430 2214 1622 2269 πασῶν
1662 2232 1795 2288 προ-

194 2302 397 2372 κοπήν.
419 2305 780 2374 Παρανομιαι
795 2305 863 2359 δὲ
881 2306 1070 2375 ἄνδρα
1082 2307 1438 2379 ἀγορεύουσι
1454 2307 1528 2379 (7)
1549 2307 1796 2375 ’σειραῖς

191 2391 266 2446 δὲ
300 2392 417 2448 τῶν
443 2395 661 2452 ἑαυτοῦ
705 2398 1003 2469 ἁμαρτιῶν
1041 2399 1299 2466 ἕκαστος
1334 2401 1668 2471 σφίγγεται,
1701 2401 1795 2454 καὶ

193 2485 348 2539 ἔστιν
381 2489 411 2541 6
461 2488 594 2553 Θεὸς
650 2491 889 2557 ἀναίτιος
944 2491 1039 2562 (8)·
1094 2493 1190 2546 καὶ
1239 2491 1317 2563 τῷ
1364 2492 1476 2545 ὄντι
1502 2491 1795 2562 μακάριος

191 2576 378 2646 ἀνὴρ,
404 2577 472 2646 ὃς
498 2581 907 2648 καταπτήσσει
938 2582 1136 2636 πάντα
1164 2582 1239 2637 δι’
1266 2582 1606 2638 εὐλάϐειαν.

1893 1959 2088 2006 natura
2138 1951 2313 2011 simus
2358 1951 2585 2006 omnino
2620 1951 2808 2017 alieni,
2855 1952 3028 2008 nostri
3067 1960 3249 2007 tamen
3284 1968 3475 2008 curam

1891 2051 2063 2109 gerat.
2097 2044 2177 2098 Ac
2201 2043 2469 2098 naturalis
2499 2042 2722 2113 quidem
2753 2050 2838 2098 est
2863 2043 3236 2099 animantibus
3265 2044 3319 2097 in
3344 2060 3477 2099 suos

1892 2130 2039 2189 fetus
2066 2132 2303 2197 affectio,
2331 2142 2385 2189 et
2413 2148 2536 2203 quae
2565 2148 2633 2188 ex
2669 2132 3063 2188 consuetudine
3089 2132 3263 2187 oritur
3287 2133 3477 2188 amici-

1889 2224 1968 2280 tia
2000 2223 2090 2289 iis,
2132 2223 2227 2294 qui
2266 2233 2396 2279 sunt
2431 2223 2676 2295 ejusdem
2717 2223 3021 2278 sententia).
3067 2221 3162 2278 Est
3198 2232 3379 2278 autem
3415 2223 3474 2279 in

1900 2328 2004 2370 nos
2033 2315 2257 2386 copiosa
2299 2314 2392 2370 Dei
2427 2314 2825 2379 misericordia,
2851 2314 2946 2385 qui
2984 2314 3120 2371 nihil
3147 2316 3215 2371 ad
3245 2330 3371 2370 eum
3397 2322 3479 2374 at-

1899 2405 2157 2472 tinemus,
2188 2406 2273 2461 vel
2297 2407 2558 2474 essentia,
2596 2406 2841 2477 inquam,
2875 2414 3084 2472 nostra,
3133 2406 3217 2462 vel
3258 2416 3474 2477 natura,

1897 2495 1981 2551 vel
2010 2496 2228 2567 propria
2254 2506 2459 2554 nostra:
2482 2498 2735 2554 essentia:
2754 2497 3033 2566 facultate,
3061 2497 3155 2555 sed
3176 2514 3243 2554 eo
3266 2509 3475 2555 tantum

1897 2589 2046 2660 quod
2078 2590 2253 2645 simus
2282 2606 2422 2660 opus
2449 2590 2571 2660 ejus
2600 2591 2920 2649 voluntatis.
2951 2591 3129 2661 Atque
3162 2590 3299 2647 adeo
3326 2607 3475 2658 eum,

193 2674 294 2744 qui
337 2691 436 2730 sua
485 2688 679 2747 sponte
723 2694 847 2734 cum
879 2681 1270 2737 exercitatione
1313 2689 1369 2735 et
1420 2680 1667 2736 doctrina
1716 2683 2083 2754 cognitionem
2126 2687 2336 2758 accepit
2398 2686 2666 2754 veritatis,
2731 2697 2893 2744 vocat
2970 2688 3040 2742 ad
3104 2687 3473 2758 adoptionem,

194 2785 326 2839 qua:
367 2783 452 2827 est
501 2774 777 2830 maximus
827 2776 1073 2830 omnium
1134 2776 1432 2847 profectus.
1474 2775 1786 2847 Loquuntur
1818 2788 1994 2835 autem
2050 2783 2222 2837 virum
2254 2783 2562 2853 iniquitates
2596 2795 2616 2835 :
2647 2798 2865 2837 suorum
2917 2791 3096 2838 autem
3143 2794 3479 2853 peccatorum

193 2865 405 2925 alicui:
435 2868 789 2945 unusquisque
817 2869 1131 2942 (Mtringz‘tur
1156 2884 1215 2938 I;

191 2967 379 3019 omnia
404 2976 609 3021 veretur
634 2977 847 3038 propter
870 2969 1117 3038 pietatem
1151 2968 1200 3022 ι’.

1262 2885 1365 2929 nec
1395 2884 1587 2926 eorum
1617 2883 1781 2924 causa
1818 2870 1928 2928 Deo
1982 2882 2067 2931 est
2127 2872 2485 2943 ascribenda;
2518 2887 2573 2931 et
2618 2890 2805 2932 revera
2849 2876 3032 2932 beatus
3089 2887 3167 2933 est
3232 2878 3333 2944 vir,
3385 2878 3476 2949 qui

1619 3063 1851 3120 CAPUT
1900 3060 2061 3119 XVII.

1361 3185 1439 3240 De
1464 3188 1626 3242 variis
1654 3187 1989 3258 Cognitionis
2022 3186 2317 3258 generibus.

280 3295 372 3359 Ὠς
404 3289 555 3365 οὖνὴ
587 3296 865 3368 ἐπιστήμη
898 3296 1223 3368 ἐπιστητική
1251 3296 1397 3349 ἐστιν
1424 3296 1556 3361 ἕξις,
1591 3298 1684 3368 ἀφ’
1721 3294 1791 3372 ἧς

1965 3298 2437 3368 Quemadmodum
2465 3313 2596 3369 ergo
2628 3296 2854 3353 scientia
2884 3304 2970 3354 est
3006 3299 3224 3355 habitus
3247 3298 3475 3363 sciendi,

190 3386 258 3440 τὸ
294 3386 622 3440 ἐπίστασθαι
651 3386 957 3458 συμϐαίνει·
994 3388 1202 3457 γίνεται
1237 3388 1294 3441 δὲ
1322 3391 1355 3461 ή
1388 3388 1691 3461 κατάληψις
1714 3392 1789 3462 (9)

188 3480 339 3555 αὐτῇ
409 3477 520 3549 (10)
578 3479 970 3550 ἀμετάπτωτος
1028 3480 1134 3534 ὑπὸ
1179 3480 1360 3549 λόγου·
1421 3479 1562 3534 οὕτω
1610 3482 1707 3534 καὶ
1757 3484 1791 3553 ή

186 3570 394 3639 ἄγνοια
454 3571 726 3638 φαντασία
766 3572 914 3626 ἐστὶν
955 3570 1201 3637 είκουσα,
1254 3573 1637 3646 μεταπτωτικὴ
1690 3574 1795 3629 ὑπὸ

190 3663 377 3733 λόγου·
417 3664 478 3718 τὸ
509 3663 566 3717 δέ
591 3665 950 3737 μεταπίπτον,
981 3665 1058 3729 ὡς
1094 3667 1189 3719 καὶ
1228 3666 1288 3719 τὸ
1336 3668 1792 3737 συνασκούμενον,

189 3760 266 3812 ἑκ
296 3757 457 3826 λόγου
490 3759 575 3828 ἐφ’
603 3761 754 3829 ἡμῖν.
789 3760 1123 3829 Παράκειται
1155 3758 1213 3811 δὲ
1244 3762 1309 3830 τῇ
1357 3760 1636 3831 ἐπιστήμῃ
1674 3760 1707 3830 ἦ
1746 3760 1793 3812 τ’

188 3849 464 3922 ἐμπειρία
498 3852 590 3904 καὶ
632 3852 665 3922 ὴ
710 3850 933 3922 εἶδησις,
981 3850 1195 3913 σύνεσις
1229 3868 1287 3903 τε
1328 3850 1422 3904 καὶ
1452 3851 1653 3921 νόησις,
1703 3851 1795 3904 καὶ

189 3944 425 4015 γνῶσις.
463 3944 572 3998 Καὶ
602 3946 633 4015 ή
672 3944 770 4014 μὲν
807 3943 1013 4016 είδησις
1054 3944 1328 4014 ἐπιστήμη
1359 3942 1468 3995 τῶν
1514 3942 1637 3995 καθ’
1671 3943 1793 3996 ὅλου

192 4037 328 4091 κατ’
359 4031 496 4099 εἶδος
542 4036 625 4107 εἴη
673 4035 760 4102 ἂν,
803 4037 837 4107 ἡ
864 4036 921 4089 δέ
966 4035 1228 4108 ἐμπειρία
1261 4034 1538 4106 ἐπιστήμη
1574 4034 1796 4106 περιλη-

189 4130 392 4202 πτική·
427 4129 568 4183 ὥστε
601 4130 693 4183 καὶ
719 4126 832 4183 οἷόν
863 4132 1009 4183 ἐστιν
1041 4129 1272 4182 ἕκαστον
1301 4124 1790 4199 πολυπραγμονεῖν·

190 4223 389 4294 νόησις
440 4223 498 4276 δὲ
540 4224 818 4295 ἐπιστήμη
874 4220 1087 4294 νοητοῦ,
1128 4221 1222 4276 καὶ
1256 4221 1473 4285 σύνεσις
1516 4222 1795 4292 ἐπιστήμη

190 4314 540 4389 συμϐλητοῦ,
589 4316 623 4387 ἢ
665 4315 968 4387 σύμϐλησις
1019 4315 1500 4387 ἁμετάπτωτος,ή
1555 4312 1797 4385 συμϐλη-⁸

189 4411 331 4481 τικὴ
377 4408 625 4480 δύναμις,
667 4401 741 4461 ὧν
776 4408 1038 4480 φρόνησίς
1069 4410 1185 4460 ἐστι
1219 4407 1314 4460 καὶ
1360 4406 1663 4476 ἐπιστήμη,
1704 4405 1796 4458 καὶ

192 4502 324 4566 ἐνὸς
367 4503 462 4554 καὶ
514 4502 765 4565 ἑκάστου,
821 4501 916 4554 καὶ
970 4500 1187 4555 πάντων
1220 4499 1327 4553 τῶν
1361 4500 1441 4562 είς
1489 4498 1585 4553 ἕνα
1617 4496 1791 4565 λόγον·

193 4597 408 4668 γνῶσις
453 4596 511 4649 δὲ
555 4595 833 4666 ἐπιστήμη
882 4592 974 4647 τοῦ
1025 4593 1175 4657 ὄντος
1228 4591 1414 4657 αὑτοῦ,
1449 4592 1483 4662 ἢ
1520 4592 1797 4661 ἐπιστήμη

1896 3409 1928 3449 a
1955 3408 2067 3464 quo
2091 3393 2233 3450 scire
2253 3391 2436 3456 evenit
2462 3410 2475 3445 :
2505 3392 2566 3445 tit
2592 3399 2774 3445 autem
2813 3392 2863 3447 ei
2885 3391 3320 3461 comprehensio,
3357 3406 3480 3461 qua:

1895 3485 2163 3541 dimoveri
2189 3500 2299 3540 non
2328 3492 2512 3553 potest
2551 3499 2581 3537 a
2606 3482 2818 3538 ratione
2851 3502 2863 3537 :
2903 3484 2975 3538 ita
3006 3483 3171 3537 etiam
3207 3482 3480 3554 ignoratio

1895 3587 1980 3636 est
2006 3577 2290 3648 conceptio
2311 3576 2526 3639 cedens,
2553 3592 2675 3647 quae
2694 3577 2954 3632 dimoveri
2980 3584 3158 3646 potest
3185 3590 3214 3631 a
3246 3576 3475 3631 ratione.

1895 3669 2053 3737 Quod
2077 3678 2259 3724 autem
2286 3669 2616 3735 dimovetur,
2649 3679 2708 3725 ut
2738 3668 2817 3734 id,
2845 3669 2995 3740 quod
3022 3669 3378 3725 constituitur
3413 3683 3480 3725 ac

1896 3761 2275 3824 confirmatur,
2335 3775 2367 3814 a
2424 3760 2659 3823 ratione,
2716 3767 2801 3814 est
2853 3760 2907 3813 in
2959 3767 3145 3814 nostra
3188 3765 3475 3829 potestate.

1899 3849 2152 3907 Scientia:
2177 3862 2363 3906 autem
2394 3859 2478 3905 est
2524 3851 2781 3921 adjuncta
2808 3859 2861 3905 et
2889 3851 3243 3921 experientia,
3275 3860 3327 3906 et
3357 3866 3480 3922 qua

1897 3943 2082 3999 Griece
2110 3943 2311 3998 dicitur
2335 3943 2562 4015 εἷδησις,
2585 3953 2639 3999 et
2661 3960 2783 4014 quae
2813 3944 3028 4006 σύνεσις
3077 3954 3131 3998 et
3169 3944 3475 4015 intelligenv

1895 4036 1994 4102 tia,
2025 4045 2081 4090 et
2116 4036 2377 4107 cognitio.
2409 4034 2476 4089 Et
2507 4037 2613 4090 erit
2648 4036 2871 4104 quidem
2919 4037 3144 4108 εἴδησις,
3194 4036 3481 4091 universo-

1897 4142 2019 4180 rum
2049 4126 2278 4182 seientia
2301 4142 2398 4197 per
2430 4126 2660 4197 species.
2684 4126 3033 4196 Experientia
3073 4135 3277 4193 autem,
3302 4126 3495 4182 scienm

1900 4219 1975 4297 tia
2019 4220 2504 4291 comprehensiva,
2575 4235 2697 4291 quae
2759 4219 3057 4288 singularia
3104 4226 3482 4288 perscrutatur

1898 4313 2175 4383 quomodo
2202 4327 2261 4368 se
2291 4312 2545 4367 habeant.
2584 4310 2946 4382 lntelligentia
2976 4319 3155 4381 autem
3191 4319 3275 4365 est
3298 4309 3481 4365 scien-

1898 4407 1971 4461 tia
2000 4407 2140 4476 ejus,
2167 4405 2314 4476 qnod
2348 4405 2463 4461 sola
2500 4412 2682 4458 mente
2708 4403 3026 4475 percipitur.
3062 4403 3130 4457 Et
3154 4400 3369 4467 σύνεσις
3398 4410 3497 4479 εει,

1900 4497 2129 4553 scientia
2177 4498 2321 4567 ejus,
2354 4494 2503 4566 quod
2539 4503 2719 4565 potest
2761 4494 2813 4546 in
2871 4508 3038 4549 unum
3086 4489 3348 4555 conferri,
3387 4501 3486 4545 aut

1902 4604 2186 4659 compago,
2215 4603 2340 4659 qua
2381 4585 2644 4641 dimoveri
2682 4600 2791 4662 non
2836 4590 3015 4653 potest
3055 4600 3072 4635 :
3114 4591 3203 4636 aut
3250 4579 3483 4634 facultas
3578 4620 3591 4639 ,

197 4692 497 4762 σύμφωνος
524 4691 636 4751 τοῖς
658 4686 983 4757 γινομένοις·
1010 4685 1238 4758 ἀλήθειά
1272 4703 1330 4739 τε
1355 4681 1632 4755 ἐπιστήμη
1671 4683 1793 4754 ἀλη-

1905 4684 2068 4737 simul
2091 4680 2405 4752 conferendi
2429 4695 2514 4745 ea,
2542 4679 2686 4733 circa
2715 4691 2837 4746 quae
2873 4684 3159 4730 versantur
3191 4671 3502 4743 prudentia,

283 4857 345 4916 >14
378 4850 439 4905 P.
484 4850 589 4905 468
626 4848 733 4905 ΕΙ).
770 4847 1067 4915 POTTER,
1102 4848 1345 4904 592-393
1372 4846 1479 4901 ΕΙ).
1513 4844 1739 4901 PARIS.

196 5056 462 5111 mundum
501 5054 671 5109 Deum
724 5069 835 5108 esse
871 5054 1092 5118 dicunt;
1142 5051 1308 5106 Stoici
1340 5052 1549 5123 quidem
1590 5052 1797 5123 prima-9

194 5130 385 5185 rium:
420 5125 690 5180 Platonici
714 5141 832 5178 vero
870 5123 1278 5183 secundarium:
1322 5122 1413 5177 nec
1455 5123 1666 5184 desunt,
1702 5122 1794 5192 qui

198 5199 428 5254 tertium
456 5198 597 5251 inter
623 5196 746 5249 deos
770 5195 945 5249 locum
971 5196 1020 5248 ei
1041 5195 1330 5262 assignant.
1358 5193 1620 5264 Didymus
1650 5191 1793 5264 apud

194 5267 507 5323 Eusebium
538 5266 615 5321 De
643 5266 1035 5334 prazparatione
1075 5263 1327 5335 Evangel.
1360 5263 1557 5335 lib.“
1584 5281 1604 5335 ξ
1630 5263 1797 5315 Στωϊ-

198 5342 293 5395 κοὶ
327 5338 405 5402 δὲ,
441 5338 561 5391 ὂλον
594 5333 683 5390 τὸν
706 5338 911 5407 κόσμον
945 5337 1042 5389 σὺν
1068 5337 1180 5399 τοῖς
1204 5333 1424 5407 μέρεσιν
1444 5333 1629 5397 αὐτοῦ,
1665 5349 1797 5407 προ-

110 5404 122 5419 ⁸
200 5408 568 5480 σαγορεύουσι
618 5407 770 5480 Θεόν.
813 5403 994 5480 ’διοίοὶ
1053 5403 1473 5480 autem,'toti_tm
1517 5403 1793 5480 mundum,

198 5474 600 5549 cuin-partibus
640 5479 780 5549 ejus,
839 5478 1005 5531 Deum
1044 5476 1336 5546 appellant.
1384 5474 1591 5529 Seneca
1628 5475 1787 5549 epist.

200 5551 273 5606 97
309 5569 325 5605 :
358 5544 549 5605 Totum
571 5544 791 5619 hoc'quo
819 5544 1138 5611 continetur,
1169 5558 1217 5601 et
1241 5563 1405 5600 unum
1447 5555 1544 5611 est,
1567 5554 1616 5598 et
1656 5544 1796 5597 Deus

202 5632 321 5685 est;
348 5633 397 5675 et
425 5622 554 5674 socii
583 5620 718 5689 ejus,
753 5629 802 5673 ct
837 5620 1069 5689 membra
1090 5634 1295 5689 sumus.

203 5762 224 5820 Ι
280 5684 363 5763 (4)
428 5684 1038 5816 ἒῗηλξλοτριωμένων.
1089 5686 1378 5758 Respicere
1432 5686 1649 5742 videtur
1690 5684 1798 5741 Co-

226 5778 349 5820 oss.
378 5778 418 5820 ι,
525 5801 538 5814 .

226 5778 349 5820 oss.
378 5778 418 5824 ι,
447 5778 538 5816 τι.

282 5833 366 5907 (5)
412 5832 540 5899 Τοῖς
576 5829 947 5905 ὁμογνώμοσι
986 5829 1175 5900 φιλία.
1220 5828 1449 5885 Catilina
1498 5829 1637 5900 apud
1676 5827 1795 5884 Sal-

1852 4845 2070 4902 0.Prov.
2126 4862 2179 4912 v,
2231 4844 2324 4899 22.
2404 4843 2433 4883 ιι
2478 4841 2641 4897 Prov.
2674 4854 2868 4905 ιιι-ιη,
2898 4838 2983 4893 14.

1894 5051 2121 5106 lustium
2158 5067 2172 5104 :
2208 5047 2356 5103 Idem
2384 5047 2511 5102 velle
2546 5064 2607 5102 ac
2648 5046 2809 5113 nolle,
2843 5062 2905 5098 ea
2932 5045 3141 5099 demum
3168 5043 3327 5111 ﬁrma
3352 5040 3483 5095 anti-

1895 5131 2428 5263 cuzg)‘sItI..tovatwg-.
2462 5188 2765 5263 Asmavult
2800 5184 3073 5263 πλούσιος.
3108 5180 3372 5263 Sicanae.

1971 5253 2047 5334 (ἶ)
2095 5253 2487 5334 Ἀγορεύορᾳι.
2610 5257 2829 5312 Rectius
2844 5253 3479 5326 ἀγρεύουσιν,;υεηαηιιιι·,

1901 5328 2259 5388 ειῬτονεὲτι).
2290 5347 2347 5396 v,
2372 5328 2466 5383 92.
2508 5328 2775 5383 Sir-Latmo.
3002 5394 3032 5396 __
3273 5391 3287 5396 Δ
3318 5358 3327 5367 κ

1979 5402 2056 5472 (8)
2107 5403 2163 5455 '0
2199 5391 2345 5468 Θεὸςζ
2382 5399 2663 5464 ἀναίτιος.
2698 5397 2944 5472 Respicit
2982 5394 3211 5472 dictum,
3257 5391 3325 5447 de
3370 5406 3483 5472 (ιιξο

1906 5461 2057 5530 conf.
2088 5484 2212 5544 qua:
2238 5461 2496 5544 adnotata
2516 5461 2664 5544 _sun_t
2694 5468 2761 5544 ad
2793 5461 3016 5537 Pwdag.
3055 5464 3150 5518 lib.
3192 5479 3232 5527 ι,
3268 5476 3390 5532 cap.
3423 5461 3481 5525 8,

1907 5537 2173 5616 Stramit,
2205 5558 2265 5616 p._
2298 5541 2426 5616 ΞΠ,
2465 5540 2597 5616 edit.
2623 5537 2799 5616 Paris.
2920 5606 2932 5616 .
3014 5604 3047 5616 Δ,
3184 5602 3199 5616 ,
3240 5602 3268 5616 Α

1977 5615 2056 5685 (9)
2104 5602 2477 5685 Καὲἀληψὶς.
2514 5608 2631 5685 __De
2692 5610 2796 5662 hac
2857 5604 3100 5685 scientiae
3167 5602 3486 5685 definitione

1903 5670 2052 5741 οοίιεζ
2071 5701 2193 5755 qua:
2221 5670 2474 5755 ερρρξίιίξ
2494 5679 2642 5755 dicta
2666 5686 2794 5755 sunt
2812 5677 2887 5755 ad
2915 5691 2969 5747 p.
2986 5675 3114 5755 aes.
3137 5674 3267 5755 edit.
3288 5670 3480 5755 Paris.

1973 5744 2309 5826 (10)Ἀὺτῇἶ
2333 5750 2509 5809 Scribi
2558 5748 2732 5822 possit
2772 5744 2935 5818 αὕτη,
2966 5746 3050 5801 vel
3092 5747 3251 5818 αὐτή,
3287 5744 3342 5799 in
3384 5757 3483 5798 no-

1905 5827 2100 5885 minat.
2142 5841 2294 5881 casu.
