3946 6586
414 374 556 431 10υὸ

1590 366 1978 424 annexus
2016 366 2525 445 Αιεχλκοιιιπιι,

414 495 463 549 Α
489 494 713 565 tragicis
741 498 922 547 autem
957 490 1223 561 scriptum
1258 498 1364 559 est,
1395 489 1754 561 Polyxenam,
1781 489 1884 545 etsi
1910 490 2001 544 in-

2108 492 2252 562 ὅμως
2291 490 2535 559 πολλὴν
2561 480 2847 560 πρόνὶκαν
2876 487 3206 558 πεποιῆσθαι
3232 484 3337 540 τοῦ
3367 483 3698 552 εὐσχημό-

415 587 777 649 teriiceretur,
816 583 1101 639 moriendo
1149 595 1330 638 tamen
1380 599 1627 654 magnam
1673 583 1994 638 adhibuisse

416 674 777 745 diligentiam,
812 683 868 727 ut
910 674 1120 728 honeste
1145 674 1374 727 caderet.

535 785 646 840 Illa
688 796 883 857 tegens,
916 802 1085 840 mares
1127 801 1247 859 φέρε
1275 785 1418 839 haud
1448 786 1600 840 licuit
1637 803 1871 841 cernere.

417 963 544 1020 Fuit
597 973 781 1019 autem
832 963 910 1018 illi
955 976 1177 1032 quoque
1220 961 1507 1017 calamitas
1561 962 1995 1017 matrimonium.

420 1054 796 1110 Succumbere
846 1054 1030 1125 itaque
1074 1062 1130 1109 et
1157 1055 1350 1108 cedere
1391 1053 1540 1109 vitiis
1568 1063 1622 1108 et
1663 1054 1833 1109 animi
1879 1070 2000 1124 per-

420 1147 851 1212 turbationibus,
884 1154 969 1201 est
996 1154 1240 1201 extrema
1271 1146 1506 1199 servitus
1532 1163 1547 1199 :
1580 1146 1725 1200 sicut
1750 1160 1813 1200 ea
1849 1153 2000 1200 certe

418 1242 665 1317 vincere,
697 1238 815 1293 sola
846 1245 929 1292 est
968 1238 1213 1291 libertas.
1247 1235 1439 1289 Divina
1483 1236 1997 1318 itaqueScriptura

417 1314 541 1393 eos,
569 1329 662 1400 qui
696 1338 959 1399 praecepta
992 1329 1392 1390 transilicrunt,
1425 1328 1557 1383 dicit
1584 1314 1706 1383 esse
1733 1329 2002 1382 vertenda-

419 1438 503 1477 tos
526 1422 855 1492 alienigenis,
885 1421 987 1474 hoc
1014 1430 1117 1486 est,
1146 1419 1402 1489 peccatis.
1429 1434 1552 1489 qua:
1580 1435 1611 1473 a
1645 1428 1840 1474 natura
1873 1428 2002 1475 sunt

422 1516 630 1579 aliena,
655 1514 828 1569 donec
861 1513 1111 1567 conversi
1143 1524 1305 1580 agant
1339 1511 1734 1581 pmnitentiam.
1763 1512 2000 1567 Conser-

424 1605 664 1660 vandum
714 1614 799 1660 est
847 1619 989 1675 ergo
1039 1603 1487 1670 matrimonium,
1536 1612 1795 1673 tanquam
1844 1619 1999 1659 sacra

428 1700 615 1769 aliqua
646 1706 848 1762 statua,
877 1696 1145 1753 mundum
1188 1696 1259 1751 ab
1288 1697 1377 1762 iis,
1410 1713 1533 1769 quae
1562 1698 1816 1767 polluunt
1843 1716 1857 1752 :
1890 1708 1938 1752 et
1968 1713 1998 1752 a

427 1791 639 1845 somnis
668 1790 887 1859 quidem
916 1790 1361 1862 expergiscamur
1380 1804 1506 1843 cum
1531 1788 1784 1849 Domino.
1809 1804 2000 1842 eamus

424 1890 606 1939 autem
629 1882 920 1938 dormitum
948 1897 1071 1936 cum
1095 1882 1396 1953 gratiarum
1425 1882 1662 1946 actione,
1680 1889 1734 1935 et
1758 1896 2000 1945 oremus,

496 1991 633 2049 Cum
676 2009 860 2048 somno
885 1993 1146 2063 indulges,
1178 1993 1273 2047 lux
1300 2002 1351 2047 et
1381 2008 1500 2046 cum
1527 1992 1737 2062 fulserit
1769 1994 1933 2057 alma,

426 2115 540 2162 tota
571 2115 759 2163 nostra
794 2109 904 2161 vita
936 2106 1226 2161 Dominum
1270 2114 1568 2171 testantes;
1601 2107 1855 2176 pietatem
1883 2104 2006 2175 qni-

430 2200 555 2254 dem
589 2214 657 2254 ac
702 2198 1017 2270 religionem
1063 2197 1248 2252 anima
1299 2197 1664 2268 possidentes,
1703 2206 2005 2268 temperan-

429 2290 563 2344 tiam
612 2298 794 2343 autem
842 2289 1009 2343 etiam
1059 2302 1236 2356 usqne
1283 2287 1351 2341 ad
1403 2302 1604 2357 corpus
1655 2286 2007 2344 deducentes.

430 2381 544 2437 Deo
580 2381 727 2435 enim
776 2395 966 2435 revera
1015 2387 1233 2449 gratum
1284 2387 1388 2446 est,
1422 2395 1455 2434 a
1505 2379 1691 2450 lingua
1733 2380 1799 2435 ad
1842 2394 2009 2450 opera

431 2475 726 2528 traducere
770 2472 1221 2526 moderationem.
1267 2471 1348 2525 Ad
1394 2472 1786 2542 impudentiam
1826 2480 2008 2528 autem

429 2564 519 2618 via
543 2573 626 2618 est
655 2564 829 2633 turpis
860 2579 1039 2618 sermo
1066 2582 1081 2618 :
1108 2575 1162 2619 et
1192 2564 1477 2633 utriusque
1505 2563 1630 2619 linis
1654 2572 1738 2620 est
1766 2565 2008 2635 turpium

431 2671 614 2712 rerum
658 2656 1010 2725 perpetratio.
1053 2653 1209 2721 Quod
1241 2664 1422 2711 autem
1456 2657 1695 2712 consulit
1723 2655 2010 2728 Scriptura

432 2763 664 2802 morem
697 2747 919 2811 ducere,
951 2756 1004 2801 et
1039 2763 1139 2803 nec
1164 2762 1196 2802 a
1233 2747 1489 2819 conjugio
1517 2760 1756 2820 unquam
1785 2750 2013 2819 permit-

442 2839 511 2893 tit
539 2837 841 2901 discedere,
868 2838 1039 2907 legem
1066 2848 1249 2909 aperte
1274 2841 1596 2896 constituit:
1619 2839 1744 2896 Non
1772 2839 2011 2896 dimittes

441 2945 682 2997 uxorem,
714 2940 1063 3002 praterquam
1084 2941 1295 3002 propter
1319 2932 1720 3002 fornicationem
1750 2945 1799 2987 II.
1839 2933 2011 2988 Adul-

433 3024 630 3079 terium
660 3033 842 3079 autem
877 3024 1155 3080 existimat
1184 3025 1442 3097 conjungi
1475 3026 1850 3092 matrimonio,
1878 3028 2009 3082 dum

432 3116 567 3170 vivit
598 3117 736 3172 alter
760 3132 826 3172 ex
862 3120 1150 3188 separatis.
1180 3117 1505 3189 Suspicione
1532 3129 1713 3176 autem
1740 3131 1794 3176 et
1825 3122 2011 3176 crimi-

2100 604 2220 653 νως
2251 586 2484 653 πεσεῖν,

2096 964 2208 1025 Ἦν
2239 970 2297 1024 δὲ
2324 966 2553 1040 κάκείνῃ
2581 966 2758 1036 γάμος
2785 966 2820 1035 ή
2848 962 3119 1034 συμφορά.
3151 961 3226 1016 1'6
3254 961 3573 1014 ὑποπεσεῖν
3604 954 3704 1013 οὖν

2098 1063 2193 1117 καὶ
2213 1058 2610 1133 παραχωρῆσαι
2629 1060 2740 1121 τοῖς
2762 1054 2989 1109 πάθεσιν
3013 1053 3216 1125 ἐσχάτη
3232 1052 3467 1107 δουλεία⁸
3494 1051 3705 1123 ὥσπερ

2096 1154 2287 1226 ἀμέλει
2319 1153 2380 1205 τὸ
2428 1153 2651 1223 κρατεῖν
2680 1149 2884 1202 τούτων
2929 1146 3208 1218 ἐλευθερία
3244 1144 3404 1216 μόνη.
3450 1144 3529 1198 ἰι
3561 1142 3705 1212 γοῦν

2098 1245 2217 1300 θεία
2243 1243 2431 1315 Γραφὴ
2454 1242 2581 1307 τοὺς
2609 1240 2963 1313 παραϐάντας
2986 1238 3084 1302 τάς
3118 1237 3335 1301 ἐντολάς
3363 1235 3704 1305 πεπρᾶσθαι

2096 1337 2244 1407 λέγει
2264 1340 2378 1401 τοῖς
2398 1334 2731 1404 ἀλλογενέσι,
2754 1333 3031 1387 τουτέστιν
3064 1329 3353 1401 ἁμαρτίαις
3379 1326 3705 1392 timuit-tt;

2095 1434 2162 1503 τῇ
2191 1429 2370 1501 φύσει,
2402 1427 2562 1499 ἄχρις
2591 1425 2657 1480 ἂν
2690 1423 3116 1496 ἐπιστρέψαντες
3147 1422 3553 1493 μετανοήσωσι.
3581 1420 3707 1472 Κα-

2098 1522 2260 1594 θαρὺν
2291 1516 2384 1575 οὖν
2416 1520 2507 1575 τὸν
2534 1517 2731 1590 γάμον,
2763 1516 2954 1588 ὥσπερ
2984 1532 3040 1569 τι
3091 1514 3233 1585 ἱερὸν
3279 1512 3537 1584 ἄγαλμα,
3588 1512 3706 1565 τῶν

2101 1613 2417 1685 μιαινόντων
2453 1610 2785 1681 φυλακτέονο
2834 1606 3270 1678 ἀνεγειρομένοις
3317 1605 3421 1676 μὲν
3464 1606 3541 1657 ἐκ
3587 1601 3706 1657 τῶν

2099 1706 2284 1760 ὕπνων
2314 1703 2468 1783 ,μετά
2500 1702 2729 1775 Κυρίου,
2758 1698 2985 1755 ἀπιοῦσι
3012 1698 3070 1752 δὲ
3100 1700 3180 1762 εἰς
3209 1696 3379 1769 ὕπνον
3430 1698 3558 1767 μετ’
3608 1695 3705 1749 εὖ.

2102 1795 2411 1870 χαριστίας,
2445 1795 2541 1849 καὶ
2562 1793 2896 1866 εὐχομένοις,

2119 1996 2299 2066 Ἠμὲν
2341 1995 2425 2050 ὅτ’
2468 1992 2705 2062 εὐνάζῃ.
2737 1993 2834 2050 καὶ
2881 1990 2965 2045 ὅτ’
3007 1989 3086 2045 ἄν
3122 1987 3274 2060 φάος
3306 1987 3477 2059 ἱερὸν
3517 1987 3705 2054 ἔλθῃ,

2109 2109 2572 2184 μαρτυρουμένοις
2628 2106 2719 2160 τὸν
2771 2106 2976 2178 Κύριον
3023 2105 3156 2176 παρ’
3208 2101 3330 2158 ὅλον
3381 2100 3551 2173 ἡμῶν
3609 2102 3708 2155 τὸν

2109 2204 2222 2277 βίον
2246 2220 2261 2234 ’
2294 2204 2355 2255 τὸ
2386 2201 2482 2273 μὲν
2507 2200 2777 2253 θεοσεϐεῖν
2806 2201 2871 2269 τῇ
2897 2198 3041 2269 ψυχῇ
3076 2195 3460 2268 κεκτημένοις,
3495 2194 3563 2248 τὸ
3598 2194 3707 2247 σῶ-

2114 2313 2249 2369 φρον
2278 2294 2334 2347 δὲ
2371 2294 2533 2365 μέχρι
2576 2291 2670 2345 καὶ
2715 2289 2807 2344 τοῦ
2856 2288 3106 2361 σώματος
3148 2289 3393 2356 άγουσιν.
3428 2286 3706 2356 Θεοφιλὲς

2106 2389 2216 2461 γὰρ
2246 2385 2325 2458 τῷ
2367 2387 2480 2440 ὄντι
2514 2382 2622 2439 ἀπὸ
2656 2382 2756 2455 τῆς
2788 2380 3035 2453 γλώττης
3075 2381 3169 2434 ἐπὶ
3196 2379 3267 2433 τὰ
3295 2378 3439 2452 ἔργα
3485 2378 3550 2432 τὸ
3605 2378 3703 2431 κό-

2109 2498 2265 2555 σμιον
2283 2478 2729 2551 διαχειραγωγεῑν
2746 2492 2760 2505 ·
2781 2473 2897 2538 ὁδὸς
2918 2472 2975 2526 δὲ
3001 2473 3087 2543 ἐφ’
3116 2470 3508 2543 ἀναισχυντίαν
3539 2474 3583 2542 ἡ
3615 2473 3705 2525 αξ-

2108 2570 2400 2646 σχρολογία
2419 2586 2435 2601 ⁸
2481 2569 2576 2623 καὶ
2617 2568 2769 2630 τέλος
2810 2566 3015 2637 ἀμφοῖν
3056 2566 3091 2635 ἡ
3146 2562 3507 2635 αίσχρολογία
3550 2561 3699 2635 (15).

2110 2667 2232 2721 Ὀτι
2260 2664 2321 2721 δι
2349 2663 2547 2734 γαμεῖν
2582 2662 2619 2731 ᾐ
2672 2656 2859 2731 Γραφὴ
2898 2654 3254 2728 συμϐουλεύει
3285 2654 3406 2708 οὐδὲ
3454 2653 3701 2724 ἀφίστα-

2109 2758 2232 2815 σθαί
2260 2773 2391 2813 ποτε
2415 2756 2517 2825 τῆς
2555 2752 2813 2822 συζυγίας
2842 2750 3147 2823 ἐπιτρέπει,
3177 2748 3437 2819 ἄντικρυς
3466 2746 3703 2820 νομοθε-

2107 2853 2192 2906 τεῐ
2208 2867 2222 2881 ·
2252 2851 2373 2904 Οὐκ
2396 2846 2730 2931 ἀπολύσεις
2745 2842 3019 2915 γυναῖκα,
3045 2839 3215 2909 πλὴν
3234 2841 3287 2894 εί
3302 2838 3387 2909 μὴ
3403 2839 3509 2931 ἐπί
3531 2840 3704 2931 ⁸μάττει

2109 2941 2419 3011 πορνείας·
2464 2928 2706 3009 μοιχείαν
2736 2935 2794 2989 δὲ
2822 2937 3037 3006 ἡγεῖται
3067 2933 3127 2986 τὸ
3176 2931 3443 3002 ἐπιγῆμαι
3491 2928 3701 2994 ζῶντος

2112 3032 2341 3105 θατέρου
2368 3030 2476 3084 τῶν
2510 3028 2951 3101 κεχωρισμένων.
3006 3023 3336 3079 ’Δνύποπτον
3363 3023 3419 3076 δὲ
3448 3024 3533 3085 είς
3572 3021 3697 3073 δια-

2113 3124 2273 3197 ϐολὴν
2303 3121 2540 3177 δείκνυσι
2582 3122 2814 3189 γυναῖκα
2857 3116 2969 3189 (16)
3014 3115 3075 3170 τὸ
3125 3114 3205 3195 μὴ
3227 3111 3697 3178 καλλωπίζεσθαι,

433 3206 656 3261 natione
695 3205 920 3261 liberam
958 3208 1134 3262 reddit
1165 3207 1414 3275 uxo’rem,
1450 3216 1508 3264 ut
1548 3225 1655 3265 non
1687 3221 1914 3266 ornetur
1947 3227 2011 3267 ac

2117 3194 2249 3291 μηδὲ
2271 3216 2378 3288 μὴν
2402 3212 2721 3285 κοσμεῖσθαι
2744 3212 2889 3283 πέρα
2909 3209 3002 3263 τοῦ
3026 3194 3346 3281 πρέποντος,
3367 3206 3552 3277 εὐχαῖς
3578 3206 3697 3275 (Π)

433 3306 689 3351 comatur
710 3296 853 3367 plus,
878 3311 1042 3367 quam
1079 3298 1152 3353 sit
1171 3299 1564 3363 decorum,sed
1594 3302 1812 3357 assidue
1838 3312 2014 3357 atten-

433 3386 527 3440 dat
548 3388 799 3456 precibus
820 3395 874 3442 et
896 3389 1239 3446 orationibus
1259 3408 1274 3459 ;
1302 3401 1470 3462 utque
1493 3408 1525 3447 e
1547 3392 1714 3450 domo
1736 3410 1879 3466 saepe
1901 3409 2010 3449 non

433 3488 633 3543 exeat,
655 3493 687 3532 a
706 3479 790 3534 sui
812 3491 995 3536 autem
1017 3495 1260 3554 aspectu,
1282 3485 1459 3555 quoad
1483 3484 1598 3539 ﬁeri
1615 3494 1812 3555 potest,
1835 3486 2018 3540 exclu-

435 3566 526 3622 dat
557 3582 674 3634 eos,
702 3569 795 3637 qui
827 3571 893 3623 ad
933 3587 1054 3626 eam
1086 3589 1194 3627 non
1226 3575 1479 3640 attinent,
1514 3575 1787 3643 ducatque
1814 3576 2012 3631 domus

432 3660 742 3714 custodiam
769 3662 1168 3733 intempestivis
1187 3666 1347 3735 nugis
1377 3666 1879 3721 conducibiliorem.
1905 3666 2012 3731 Qui

438 3760 614 3805 autent
640 3752 919 3806 dimissam
951 3756 1143 3825 accipit
1172 3772 1412 3824 uxorem,
1438 3755 1747 3824 machatur,
1783 3758 1961 3829 inquit
1992 3778 2006 3814 :

441 3846 501 3905 sic
528 3842 575 3895 si
596 3843 713 3913 quis
741 3845 886 3898 enim
913 3844 1173 3898 dimiserit
1206 3860 1445 3912 uxorem,
1462 3846 1749 3901 minabatur
1776 3848 2009 3916 ipsamb,

327 3980 335 3988 .
438 3933 544 3990 hoc
577 3945 682 4001 est,
714 3936 858 4008 cogit
884 3954 1001 3991 eam
1037 3938 1321 3994 moechari.
1352 3936 1471 3993 Non
1496 3940 1672 3994 solum
1707 3950 1886 3995 autem
1914 3941 2010 4012 qui

346 4022 353 4029 ’
435 4025 667 4093 dimisit,
691 4039 776 4083 est
799 4028 919 4098 ejus
944 4045 1132 4096 causa,
1157 4030 1251 4085 sed
1277 4034 1440 4085 etiam
1465 4035 1559 4101 qui
1594 4047 1713 4087 eam
1747 4034 2007 4104 suscepit,

436 4119 681 4190 praebens
707 4122 920 4176 mulieri
952 4122 1210 4192 peccandi
1236 4126 1582 4179 occasionem
1609 4143 1623 4192 ;
1647 4125 1694 4182 si
1722 4127 1865 4182 enim
1898 4144 2006 4181 non

436 4213 724 4285 suscipiat,
758 4225 1057 4272 revertetur
1089 4216 1157 4270 ad
1207 4217 1405 4272 virum.
1444 4216 1587 4284 Quid
1640 4234 1771 4275 vero
1822 4220 1906 4274 les
1944 4220 2010 4273 εἳ

439 4306 513 4362 Ut
537 4309 796 4378 reprimat
823 4308 891 4363 ad
918 4309 1048 4362 vitia
1077 4310 1520 4380 propensionem,
1547 4310 1703 4380 jubet
1731 4311 1800 4365 de
1829 4311 2006 4368 medio

436 4398 555 4452 tolli
587 4414 731 4465 eam,
764 4415 886 4469 qua:
914 4400 1237 4464 adulterata,
1269 4410 1321 4456 et
1366 4402 1618 4457 adulterii
1664 4401 1832 4457 fuerit
1875 4416 2011 4459 con-

2114 3310 2210 3364 καὶ
2253 3307 2470 3379 δεήσεσι
2517 3304 2958 3378 προσανέχουσαν
2996 3299 3261 3364 ὲκτενῶς’
3290 3298 3389 3363 τάς
3434 3298 3537 3368 μὲν
3574 3296 3700 3363 ἐξί-

2110 3403 2232 3467 δους
2285 3401 2385 3471 τῆς
2446 3399 2623 3462 οίκίας
2670 3394 3080 3466 φυλαττομένην
3138 3393 3238 3458 τὰς
3280 3392 3505 3455 πολλὰς,
3558 3392 3702 3444 ἀπο-

2113 3494 2394 3549 κλείουσαν
2436 3490 2482 3545 δ’
2527 3490 2604 3553 ὡς
2648 3483 2759 3542 οἷον
2803 3486 2851 3540 θ’
2892 3486 3090 3557 ἑαυτὴν
3133 3486 3235 3555 τῆς
3279 3484 3416 3556 πρὸς
3457 3484 3588 3546 τοὺς
3632 3485 3694 3536 οὐ

2112 3590 2485 3660 προσήκοντας
2534 3582 2872 3654 προσόψεως,
2903 3579 3359 3654 προύργιαίτερον
3401 3576 3697 3647 τιθεμένην

2110 3679 2209 3750 τῆς
2254 3678 2483 3747 ἀκαίρου
2531 3673 2796 3746 φλυαρίας
2845 3671 2942 3744 τὴν
2975 3669 3272 3742 οἰκουρίαν.
3324 3669 3377 3722 '0
3429 3668 3500 3722 δὲ
3548 3670 3696 3722 ἁπο-

2112 3768 2456 3839 λελυμένην
2501 3764 2821 3836 λαμϐάνων
2861 3763 3116 3835 γυναῖκα
3141 3760 3445 3832 μοιχᾶται,
3492 3759 3658 3829 φησίν
3677 3776 3692 3789 ·

2111 3858 2223 3913 ἐὰν
2252 3858 2361 3930 γάρ
2401 3874 2492 3924 τις
2520 3856 2804 3924 ἀπολύσῃ
2848 3852 3121 3924 γυναῖκα,
3152 3851 3433 3923 μοιχᾶται
3476 3850 3694 3917 αὐτὴν,

2116 3953 2417 4019 τουτέστιν,
2499 3946 2799 4018 ἀναγκάζει
2851 3943 3219 4017 μοιχευθῆναι.
3265 3944 3343 4019 ρὺ
3382 3943 3551 4013 μόνον
3581 3941 3639 3995 δὲ
3667 3943 3695 3995 6

2114 4010 2598 4107 ἀπολύσαςάἴτιος
2615 4010 2628 4018 ⁷
2646 4010 2866 4109 γίνεται.
2903 4010 3118 4100 τουτου,
3322 4010 3419 4089 καὶ
3459 4036 3490 4088 6
3522 4050 3694 4106 παραο

2112 4132 2404 4204 δεξάμενος
2438 4130 2629 4203 αὐτὴν,
2663 4128 2918 4201 ἀφορμὴν
2952 4124 3211 4199 παρέχων
3248 4122 3343 4177 τοῦ
3375 4124 3693 4197 ἀμρτῆσαι

2110 4228 2176 4296 τῇ
2218 4224 2454 4293 γυναικί·
2493 4224 2541 4275 εί
2572 4222 2682 4294 γὰρ
2718 4220 2792 4292 μὴ
2819 4219 3045 4292 δέχοιτο,
3089 4214 3405 4286 ἀνακάμψει
3437 4216 3579 4288 πρὸς
3605 4214 3693 4267 τὸν

2112 4315 2300 4386 ἄνδρα.
2336 4314 2401 4369 Τί
2442 4310 2535 4369 οὖν
2568 4315 2596 4367 6
2624 4313 2817 4384 νόμος;
2849 4311 2990 4383 Πρὸς
3030 4306 3330 4378 άναστολὴν
3373 4306 3477 4378 τῆς
3520 4306 3691 4359 εὐεπι-

2112 4406 2309 4478 φορίας
2348 4403 2456 4459 τῶν
2500 4402 2687 4458 παθῶν
2724 4401 3065 4476 ἀναιρεῖσθαι
3095 4400 3421 4473 προστάττει
3447 4399 3550 4471 τὴν
3581 4414 3684 4469 μοι·

437 4491 609 4560 vieta;
639 4493 726 4547 sin
773 4505 954 4547 autem
992 4492 1154 4548 fuerit
1180 4509 1213 4548 e
1255 4492 1462 4549 familia
1502 4493 1827 4558 sacerdotis,
1856 4495 2011 4564 jubet

2113 4497 2422 4569 χευθεῖσαν,
2451 4496 2547 4551 καὶ⁸
2569 4498 2665 4550 ἐπὶ
2694 4496 2871 4567 τούτῳ
2901 4493 3265 4571 ἐλεγχθεῖσαν·
3292 4491 3391 4546 ὲάν
3429 4490 3490 4544 δὲ
3524 4491 3690 4562 ἱέρεια

433 4598 558 4636 eam
605 4583 715 4653 igni
759 4583 896 4639 tradi
936 4580 987 4638 ά.
1017 4585 1278 4640 Obruitur
1306 4595 1488 4641 autem
1536 4587 1747 4641 adulter
1792 4602 2011 4657 quoque

439 4672 731 4743 lapidibus,
765 4676 858 4729 sed
888 4692 996 4730 non
1028 4675 1083 4729 in
1112 4677 1302 4730 eodem
1330 4675 1477 4742 loco,
1509 4693 1576 4731 ne
1604 4692 1756 4734 mors
1785 4680 2009 4749 quidem

437 4766 515 4819 sit
532 4765 612 4821 eis
641 4768 970 4823 communis.
1006 4765 1360 4839 Nequaquam
1388 4769 1551 4839 igitur
1575 4770 1661 4824 lex
1684 4785 1809 4825 cum
1837 4770 2015 4826 Evan-

441 4856 587 4926 gelia
625 4869 849 4928 pugnat,
884 4861 979 4914 sed
1010 4861 1060 4914 ei
1092 4862 1389 4916 consentit.
1434 4861 1634 4929 Quidni
1682 4863 1854 4929 enim,
1886 4880 2011 4919 cum

444 4957 741 5018 utrumque
777 4965 919 5005 unus
954 4951 1317 5020 suppeditavit
1359 4952 1659 5009 Dominus?
1700 4952 1833 5021 Quae
1864 4956 2009 5010 enim

443 5046 528 5092 est
552 5038 842 5104 fornicata,
878 5040 1008 5094 vivit
1031 5040 1248 5110 quidem
1280 5049 1523 5111 peccato,
1554 5041 1653 5098 sed
1682 5052 1895 5098 mortua
1925 5042 2015 5101 Est

2106 4585 2177 4663 ᾗ,
2214 4589 2347 4660 πυρὶ
2386 4585 2771 4657 παραδίδοσθαι
2824 4576 3171 4657 προστάττει.
3219 4580 3594 4637 Διθοσολεῑται
3637 4579 3690 4632 ὁὶ

2108 4683 2204 4735 καὶ
2240 4682 2269 4733 6
2303 4680 2507 4752 μοιχός·
2560 4679 2673 4734 ἀλλ’
2694 4680 2795 4732 οὐκ
2826 4680 2883 4732 ὲν
2927 4677 3007 4748 τῷ
3048 4674 3197 4747 αὐτῷ
3226 4674 3399 4745 τόπῳ,
3430 4674 3519 4727 ἵνα
3562 4672 3687 4744 μηᾶ

2107 4776 2137 4827 6
2169 4772 2398 4835 θάνατος
2430 4772 2612 4836 αὐτοῖς
2646 4765 2904 4845 κοινὸν
2942 4771 3017 4822 Οὐ
3047 4768 3113 4840 δὴ
3145 4767 3377 4838 μάχεται
3404 4764 3487 4836 τῷ
3519 4766 3679 4831 Εὐαγ-

2108 4864 2274 4935 γελίῳ
2305 4866 2335 4918 ὁ
2362 4863 2525 4935 νόμος
2544 4879 2559 4894 °
2596 4862 2810 4935 συνᾴδει
2838 4862 2895 4915 δὲ
2922 4860 3089 4933 αὐτῷ.
3122 4858 3245 4922 Πῶς
3270 4858 3383 4931 γὰρ
3409 4857 3555 4927 οὐχὶ,
3580 4855 3686 4918 ἑνὸς

2116 4957 2266 5019 ὄντος
2299 4956 2499 5027 ἀμφοῖν
2529 4953 2766 5031 χορηγοῦ
2804 4953 2895 5007 τοῦ
2922 4953 3161 5025 Κυρίου;
3206 4938 3271 5005 ’ίί
3304 4952 3415 5022 γάρ
3443 4966 3527 5002 τοι
3560 4964 3683 5020 πορ-

2118 5049 2355 5103 νεύσασα
2382 5048 2448 5119 ζῇ
2500 5048 2598 5120 μὲν
2629 5050 2696 5118 τῇ
2740 5047 3013 5119 ἁμαρτίᾳ,
3044 5045 3280 5101 ἀπέθανε
3310 5043 3369 5097 δὲ
3400 5046 3524 5108 ταῖς
3559 5045 3688 5096 svm-

480 5184 489 5195 '
511 5170 677 5253 ᾖ
701 5171 805 5228 507
829 5172 949 5253 _ED.
981 5172 1255 5253 POTTEAR
1273 5174 1511 5253 {24.425
1542 5175 1909 5253 ED._§’AB_lS.
1979 5194 2015 5253 AI
2048 5181 2238 5239 Matth.
2276 5201 2327 5253 v,
2359 5184 2452 5252 52,
2482 5198 2599 5253 xu,
2635 5184 2703 5253 9;
2734 5183 2903 5252 Marc,
2935 5199 2994 5252 χ,
3022 5184 3111 5252 Η,
3141 5180 3242 5251 i2;
3280 5180 3414 5238 an.
3447 5196 3561 5248 ενι,
3603 5176 3681 5234 i8.

510 5240 539 5281 δ
568 5241 700 5297 Ibid.

517 5353 636 5431 (μὶ
660 5358 1021 5431 Κρύπτουσ’.
1052 5358 1337 5431 Euripides
1369 5360 1569 5417 Hecub.
1599 5379 1651 5417 ν.
1680 5363 1920 5419 569-570
1952 5383 1968 5420 :

445 5426 695 5502 I_1_0._l.lijr
708 5425 1008 5502 πρόνοιαν
1030 5425 1543 5502 sizesﬂsi'axvjpwc
1572 5433 1803 5497 πεσεῖν,

446 5496 782 5573 Ιςρύεττουω
885 5496 1167 5573 κρύπτειν
1189 5496 1696 5573 (Spuri?

449 5566 716 5640 ﬂagitant
734 5566 1143 5624 sollicitudinem
1181 5566 1386 5638 habuit,
1413 5566 1653 5627 decenter
1695 5566 1768 5626 ιὶῖ
1782 5573 2011 5640 caderet,

448 5634 519 5687 ιι
568 5637 877 5703 occultaret,
917 5655 1035 5710 qua
1077 5642 1340 5697 occultare
1374 5634 1562 5700 oculos
1605 5645 1838 5697 virorum
1888 5634 2017 5697 con;

647 5754 660 5763 .
1761 5725 1770 5767 Ι
1788 5725 1942 5767 venit.

522 5754 1083 5851 (ilifAtaxpoJoyla.
1124 5780 1335 5839 Sensus
1378 5783 1607 5854 requirit
1644 5711 2019 5856 αίσὲἔξξργία,

783 5255 806 5282 ο
829 5243 998 5300 Levit.
1033 5262 1126 5313 xx,
1156 5246 1253 5313 it);
1292 5246 1449 5302 Deut.
1474 5263 1612 5315 χχιι,
1641 5249 1731 5304 22.
1809 5249 1837 5289 ἀ
1864 5248 2035 5305 Levit.
2063 5254 2273 5321 xx:x,9

2118 5370 2202 5455 vel
2227 5378 2505 5455 contracte
2529 5370 2890 5445 αἰσχρουργία
2912 5388 2926 5401 ·
2964 5370 3112 5442 quod
3136 5369 3284 5425 'vidit
3323 5370 3491 5424 etiam
3521 5340 3675 5425 ibis:-

2121 5454 2266 5508 pres.
2301 5443 2566 5496 Svcnunc.
2664 5443 2674 5445 ἡ
2764 5443 2772 5445 ἡ

2193 5510 2304 5581 (ιβ)
2329 5509 2616 5566 Γυναῖκα.
2644 5509 2937 5581 Respicere
2961 5510 3176 5566 videtur
3198 5509 3219 5565 ι
3243 5508 3388 5581 Tim.
3420 5525 3483 5574 ιι,
3516 5510 3570 5575 9,
3591 5506 3673 5581 ιθ.

2191 5578 2303 5651 (Π)
2351 5580 2595 5651 Εὐχαῖς.
2652 5578 2947 5651 Κεέρίοειο
2993 5581 3205 5635 videtur
3255 5580 3275 5633 ι
3320 5578 3465 5634 Tim.
3505 5595 3558 5644 ν,
3602 5579 3663 5651 5}

2119 5645 2582 5793 Πρρῗλμέένείταῑς
2608 5645 2826 5724 δεήσεσι
2859 5653 2955 5708 καὶ
2982 5654 3103 5716 ταῖς
3135 5654 3464 5724 προσευχαῖς
3498 5645 3677 5706 νυκτὸς

2121 5737 2192 5774 κα
2283 5739 2323 5793 μ
2359 5739 2479 5795 ρας.
