3946 6522
476 331 613 388 “’55

1677 334 2067 393 CLEMENTIS
2102 339 2567 399 ALEXANDRIM

3608 354 3741 407 H36

472 463 763 525 postquam
810 460 990 509 autem
1036 453 1158 524 ejus
1201 455 1397 510 unitati
1435 456 1612 512 visum
1646 469 1730 514 est
1776 476 1882 516 non
1926 477 2048 518 esse

2155 463 2440 529 ἐπίπνοια,
2474 465 2566 519 καὶ
2602 465 2956 540 ἐκοινώνησεν
3013 468 3149 540 αὐτῇ
3174 511 3189 533 ,
3248 469 3343 523 καὶ
3387 469 3619 540 ἐποίησε
3653 473 3742 525 τὸν

473 548 644 603 solam
666 588 679 611 ,
710 547 843 602 exiit
870 548 939 603 ab
968 563 1033 602 eo
1060 548 1348 618 inspiratio
1368 592 1381 614 ,
1419 560 1471 605 et
1498 568 1621 606 eum
1649 568 1711 607 ea
1744 555 1866 609 iniit
1898 571 2048 609 emn-

472 640 788 695 tuunionem
814 680 827 697 ,
853 648 906 693 et
929 639 1057 693 fecit
1078 639 1359 694 dilectum.
1387 640 1600 697 Exhinc
1622 653 1802 697 autem
1827 660 2046 716 egressa

473 738 556 785 est
582 731 650 785 ab
677 732 796 801 ipso
824 732 1143 801 inspiratio.
1168 747 1292 786 cum
1320 749 1427 802 qua
1454 750 1576 789 cum
1604 738 2045 790 communionem

474 824 723 889 iniisset,
761 824 888 878 fecit
925 834 1262 894 potestates,
1303 844 1424 896 quae
1465 844 1563 882 nec
1602 839 1836 897 possunt
1873 831 2045 884 videri

476 929 575 969 nec
627 915 804 967 audiri
828 956 842 977 ,
875 934 893 965 ι
931 932 1106 986 usque
1146 917 1211 972 ad
1256 917 1416 979 illud,
1473 938 1491 969 ι
1523 935 1964 991 unamquamque
1994 925 2046 975 in

475 1005 699 1059 nomine
738 1007 981 1076 proprio.
1013 1026 1031 1058 ι
1067 1006 1123 1061 Si
1164 1009 1307 1062 enim
1359 1009 1412 1063 hi
1472 1026 1719 1079 quoque,
1772 1014 1915 1067 sicut
1947 1013 2048 1067 Va-

475 1097 760 1152 lentiniani
786 1139 801 1162 ,
866 1100 1139 1169 spiritales
1171 1101 1484 1169 posuissent
1513 1109 1571 1166 >14
1609 1107 2046 1168 communiones,

482 1190 817 1258 suscepisset
852 1190 989 1246 forte
1026 1193 1223 1263 aliquis
1254 1208 1443 1249 eorum
1474 1195 1826 1264 opinionem:
1857 1214 2049 1253 carna-

479 1283 544 1335 Iis
577 1291 759 1337 autem
793 1284 1039 1340 libidinis
1071 1286 1517 1341 communionem
1564 1287 1631 1341 ad
1676 1297 1922 1343 sanetam
1963 1291 2049 1344 in-

479 1377 678 1430 ducere
711 1377 1050 1445 prophetiam
1069 1419 1083 1443 ,
1108 1387 1192 1432 est
1220 1379 1341 1447 ejus
1393 1380 1489 1448 qui
1514 1380 1767 1449 desperat
1795 1381 2044 1437 salutem.

478 1462 631 1518 Talia
668 1466 832 1518 etiam
868 1473 1119 1520 statuunt
1158 1466 1377 1523 Prodici
1415 1483 1634 1538 quoque
1664 1471 1917 1536 asseclae,
1955 1474 2049 1543 qui

477 1556 692 1625 seipsos
743 1556 882 1611 falso
931 1559 1152 1613 nomine
1203 1568 1402 1614 vocant
1444 1559 1781 1617 Gnosticos:
1835 1565 2048 1635 seipsos

479 1648 700 1718 quidem
740 1650 983 1706 dicentes
1019 1667 1141 1706 esse
1193 1661 1389 1706 natura
1428 1653 1569 1708 lilios
1606 1655 1769 1723 primi
1805 1654 1898 1711 Dei
1930 1675 1945 1722 ;
1987 1673 2049 1712 ea

477 1756 608 1795 vero
637 1741 917 1796 nobilitate
947 1752 1001 1797 et
1027 1744 1277 1798 libertate
1304 1746 1619 1814 abutentes,
1652 1748 1840 1803 vivunt
1869 1756 1928 1803 ut
1958 1766 2052 1804 vo-

2151 556 2452 628 ἀγαπητόν.
2490 558 2584 610 Ἐκ
2607 556 2662 611 δέ
2688 557 2876 612 τούτου
2899 558 3123 631 ἐξῆλθεν
3138 561 3233 615 ἀπ’
3254 561 3420 615 αὐτοῦ
3456 561 3740 625 ἐπίπνοια,

2151 643 2185 721 ᾖ
2219 650 2550 720 κοινωνήσας
2581 650 2805 720 ἐποίησε
2828 650 3107 723 δυνάμεις,
3137 655 3273 725 μήτε
3290 653 3587 725 ὁραθῆναι,
3606 656 3743 725 μήτε

2151 738 2480 811 ἀκουσθῆναι
2495 739 2817 811 δυναμένας,
2845 742 3005 807 νέως,
3034 762 3053 793 ι
3082 743 3169 795 ἐπ’
3183 743 3451 814 ὀνόματος
3469 744 3608 797 ίδίου
3623 744 3746 798 ἑκά-

2154 847 2304 900 στην.
2327 849 2346 882 ι
2375 832 2439 885 Εἰ
2455 829 2562 903 γὰρ
2584 833 2680 885 καὶ
2702 825 2869 896 οὗτοι,
2887 833 3143 907 καθάπερ
3166 836 3216 888 οἱ
3233 835 3338 888 ἀπὸ
3354 834 3742 899 Οὐαλεντίνου,

2152 919 2522 991 πνευματικὰς
2542 920 2777 975 ἐτίθεντο
2809 924 3093 987 κοινωνίας
3111 965 3125 988 ,
3160 925 3292 988 ἴσως
3315 943 3401 989 τις
3431 925 3625 979 αὐτῶν
3649 925 3744 996 τὴν

2151 1009 2419 1081 ὑπόληψιν
2447 1010 2736 1077 ἐπεδέξατο
2755 1029 2771 1042 ο
2812 1017 3081 1085 σαρκικῆς
3120 1015 3176 1068 δὲ
3214 1015 3426 1086 ὕϐρεως
3451 1016 3747 1069 κοινωνίαν

2151 1104 2231 1166 εἰς
2260 1103 2593 1175 προφητείαν
2621 1103 2783 1172 ἁγίαν
2811 1106 3033 1173 ἀνάγειν
3065 1106 3453 1175 ἀπεγνωκότος
3488 1107 3619 1159 ἐστὶ
3651 1107 3748 1176 τὴν

2153 1194 2446 1266 σωτηρίαν.
2484 1195 2721 1248 Τοιαῦτα
2760 1195 2870 1267 (84)
2902 1198 2995 1250 καὶ
3033 1200 3082 1250 οἱ
3122 1198 3232 1251 ἀπὸ
3274 1198 3590 1269 Προδίκου,
3618 1198 3751 1265 ψευ-

2149 1287 2413 1359 δωνύμως
2444 1288 2787 1353 Γνωστικοὺς
2815 1288 2927 1358 (85)
2952 1291 3108 1358 ’σφᾶς
3145 1291 3344 1354 αὐτοὺς
3377 1290 3754 1362 ἀναγορεύον-

2150 1395 2260 1443 τες,
2308 1378 2759 1451 δογματίζουσιν·
2811 1381 2961 1445 υἱοὺς
3008 1382 3107 1452 μὲν
3165 1382 3325 1452 φύσει
3372 1381 3471 1435 τοῦ
3522 1382 3753 1452 πρώτου

2151 1469 2286 1525 Θεοῦ
2315 1471 2566 1540 λέγοντες
2603 1472 2818 1537 αὐτοὺς,
2852 1471 3263 1545 καταχρώμενοι
3292 1473 3349 1526 δέ
3377 1477 3448 1545 τῇ
3482 1474 3749 1545 εὐγενείᾳ

2152 1564 2246 1617 καὶ
2279 1566 2342 1634 τῇ
2373 1563 2656 1635 ἐλευθερίᾳ
2676 1605 2689 1628 ,
2725 1563 2889 1628 ζῶσιν
2923 1565 3000 1627 ὡς
3026 1564 3335 1634 βούλονταιο
3363 1564 3670 1635 βούλονται
3696 1564 3748 1618 δὲ

2152 1657 2447 1729 φιληδόνως
2466 1674 2478 1686 °
2514 1656 2853 1727 κρατηθῆναι
2889 1658 2981 1711 ὑπ’
3008 1657 3221 1721 οὐδενὸς
3250 1659 3622 1729 νενομικότες
3639 1700 3655 1719 ,
3678 1659 3751 1722 ὡς

2155 1748 2220 1803 ἂν
2254 1768 2272 1800 ι
2302 1748 2480 1819 κύριοι
2505 1749 2597 1802 τοῦ
2632 1748 2904 1801 σαϐϐάτου
2936 1747 3085 1818 (86),
3118 1748 3213 1801 καὶ
3245 1748 3506 1820 ὑπεράνω
3541 1748 3753 1812 παντὸς

477 1834 635 1899 lunt;
688 1833 876 1888 volunt.
915 1844 1092 1888 autem
1133 1835 1467 1904 libidinose;
1500 1853 1559 1892 se
1600 1838 1745 1893 nulla
1783 1855 1842 1896 re
1880 1843 2049 1897 teneri

2155 1840 2345 1910 γένους
2397 1840 2735 1910 πεφυκότες,
2794 1838 3057 1909 βασίλειοι
3114 1838 3337 1902 παῖδες·
3374 1837 3607 1908 βασιλεῖ
3658 1838 3746 1900 δὲ,

479 1923 764 1990 arbitrati,
801 1938 859 1979 ut
893 1943 911 1972 σ
937 1926 1143 1979 domini
1176 1926 1422 1991 sabbati,
1448 1946 1465 1977 ι
1496 1935 1549 1982 et
1580 1929 1676 1997 qui
1708 1929 1819 1983 sint
1854 1932 2052 2001 quovis

475 2035 674 2090 genere
713 2020 1065 2089 superiores,
1111 2020 1206 2074 lilii
1249 2022 1476 2092 regales.
1518 2021 1651 2093 Regi
1704 2032 1917 2089 autem,
1965 2025 2051 2079 in-

476 2112 674 2182 quiunt
696 2153 710 2176 ,
737 2112 824 2165 lex
850 2113 1051 2181 scripta
1080 2128 1187 2165 non
1212 2121 1316 2167 est.
1344 2112 1587 2168 Primum
1616 2115 1837 2184 quidem
1863 2158 1876 2179 ,
1905 2120 2051 2186 quod

476 2215 585 2255 non
626 2199 831 2255 faciant
895 2200 1080 2253 omnia
1126 2214 1259 2270 qua:
1293 2200 1523 2254 volunt:
1569 2202 1738 2254 multa
1773 2204 1917 2256 enim
1958 2218 2052 2258 eos

475 2291 881 2361 prohibebunt,
915 2291 1015 2346 etsi
1049 2292 1275 2367 cupiant
1312 2300 1367 2347 et
1400 2300 1689 2348 conentur.
1739 2292 2048 2359 Quinetiam

476 2401 599 2454 qure
638 2383 880 2452 faciunt,
923 2401 1028 2439 non
1072 2384 1280 2440 faciunt
1315 2394 1377 2441 ut
1408 2402 1597 2454 reges,
1634 2387 1727 2442 sed
1768 2398 1826 2442 ut
1863 2389 2054 2443 masti-

473 2478 577 2548 giae
601 2495 615 2529 :
650 2477 960 2532 clanculum
985 2478 1130 2531 enim
1154 2478 1508 2533 committunt
1529 2477 1796 2533 adulteria
1816 2522 1829 2545 ,
1857 2480 2053 2534 timcn-

473 2577 558 2623 tes
585 2584 654 2624 ne
682 2567 1179 2639 deprehendantur,
1247 2577 1303 2625 et
1330 2569 1563 2625 vitantes
1596 2586 1663 2624 ne
1688 2571 2054 2625 condemncn~

474 2669 581 2725 tur,
626 2669 680 2715 et
731 2669 1038 2715 metuentes
1100 2677 1167 2716 ne
1212 2661 1482 2732 supplicio
1518 2661 1842 2717 adiciantur.
1905 2662 2053 2730 Quo-

474 2754 642 2807 tnod‘o
673 2753 840 2807 etiam
871 2769 958 2808 res
989 2764 1073 2809 est
1098 2755 1270 2809 libera
1292 2796 1309 2820 ,
1344 2755 1762 2827 intemperantia
1796 2763 1849 2809 et
1879 2757 2052 2826 turpis

473 2846 692 2902 sermo?
719 2866 736 2897 ι
764 2844 955 2901 Omnis
984 2847 1162 2912 enim,
1197 2849 1290 2917 qui
1326 2857 1535 2919 peccat,
1551 2856 1635 2901 est
1670 2863 1883 2913 servus,
1912 2866 1931 2899 ι
1969 2848 2049 2902 in-

474 2941 592 3009 quit
625 2938 922 3009 Apostolus
978 2952 1024 2991 ι.
1078 2938 1181 2994 Sed
1209 2940 1489 3010 quomodo
1519 2940 1687 2993 vitam
1725 2955 1791 2992 ex
1826 2939 1936 2994 Deo
1970 2940 2054 2994 in-

475 3033 695 3098 stituit,
728 3032 823 3102 qui
857 3033 1097 3102 seipsum
1127 3031 1358 3102 praebuit
1383 3031 1689 3086 dedititium
1718 3032 1890 3086 cuivis
1920 3048 2053 3086 con-

475 3126 878 3203 cupiscentiae?
916 3141 1040 3180 eum
1085 3125 1288 3180 dixerit
1322 3123 1631 3180 Dominus:
1666 3144 1684 3175 ‹
1717 3122 1829 3195 Ego
1867 3134 2047 3179 autem

471 3218 596 3272 (fico
624 3236 637 3271 :
670 3216 747 3271 Ne
777 3216 1135 3286 concupiscas
1166 3217 1215 3269 δ.
1241 3235 1260 3268 ι
1288 3214 1487 3271 Vultne
1512 3224 1693 3270 autem
1725 3217 1923 3286 aliquis
1952 3232 2049 3271 sua

474 3319 671 3379 sponte
716 3324 977 3379 peccare,
1019 3317 1073 3362 et
1104 3308 1396 3363 decernere
1431 3308 1697 3363 adulteria
1736 3324 1857 3364 esse
1898 3324 2049 3364 com-

472 3396 784 3465 mittenda,
835 3397 1321 3469 voluptatibusque
1365 3407 1420 3452 et
1470 3397 1684 3453 deliciis
1728 3413 1786 3454 se
1831 3400 2052 3470 explen-

470 3492 638 3558 dum,
672 3501 726 3546 et
755 3490 988 3545 aliorum
1022 3491 1277 3545 violanda
1325 3491 1707 3555 matrimonia,
1746 3506 1869 3545 cum
1911 3493 2049 3546 alio-

473 3598 596 3636 rum
620 3582 787 3637 etiam
812 3622 827 3647 ,
858 3582 951 3652 qui
981 3582 1135 3635 inviti
1164 3592 1430 3659 peccant,
1462 3583 1869 3639 misereamur?
1891 3583 2047 3651 Quod

473 3675 520 3729 si
577 3675 633 3728 in
682 3684 975 3729 externum
1018 3675 1284 3728 mundum
1323 3675 1609 3742 venerint,
1641 3676 1735 3745 qui
1775 3675 1830 3730 in
1870 3676 2050 3731 alieno

452 3779 583 3820 -non
644 3764 850 3820 fuerint
889 3766 1106 3832 lideles,
1145 3782 1335 3821 verum
1378 3783 1487 3835 non
1532 3768 1830 3823 habebunt.
1869 3768 2049 3823 Allicit

473 3865 656 3912 autem
685 3856 885 3927 hospes
916 3858 1115 3930 aliquis
1143 3860 1291 3915 cives
1320 3860 1649 3914 contumelia
1671 3902 1686 3925 ,
1718 3870 1772 3915 et
1801 3861 1879 3915 eis
1905 3861 2049 3931 inju-

472 3948 614 4003 riam
649 3948 822 4014 facit;
850 3959 903 4004 et
935 3966 1044 4004 non
1081 3953 1263 4019 potius
1290 3961 1348 4006 ut
1379 3952 1727 4022 peregrinus,
1762 3961 1922 4006 utens
1955 3967 2049 4005 ne-

470 4048 762 4114 cessariis,
785 4049 947 4112 vivit,
985 4050 1135 4107 cives
1164 4065 1273 4102 non
1296 4048 1574 4103 oll'endens
1595 4049 1619 4101 ‘l
1643 4047 1931 4114 Quomodo
1952 4062 2051 4102 au-

471 4147 618 4204 tem,
649 4152 775 4193 cum
817 4139 1008 4193 eadem
1050 4136 1293 4203 faciant,
1323 4153 1390 4193 ac
1416 4137 1490 4204 ii,
1527 4152 1666 4208 quos
1702 4145 1891 4209 gentes
1922 4136 2049 4191 odio

471 4230 709 4294 habent,
741 4232 889 4301 quod
938 4230 1149 4301 legibus
1187 4230 1566 4301 obtemperare
1606 4230 1813 4295 nolint,
1856 4246 2049 4301 nempe

471 4321 678 4391 iniqui,
711 4330 764 4375 et
800 4320 1220 4375 incontinentes
1241 4364 1257 4386 ,
1285 4330 1339 4374 et
1369 4319 1548 4384 avari,
1580 4327 1632 4372 et
1666 4318 1934 4383 adulteri,
1963 4317 2049 4371 di-

469 4422 603 4467 cunt
646 4427 703 4467 se
745 4412 892 4467 solos
930 4411 1101 4466 Deum
1149 4410 1360 4465 nosse?
1394 4408 1684 4481 Oporteret
1724 4410 1868 4465 enim
1909 4425 2005 4465 eos
2029 4452 2044 4476 ,

2151 1931 2320 2002 φασὶ,
2371 1932 2535 2002 νόμος
2592 1930 2857 2003 ἄγραφος.
2912 1930 3137 2001 Πρῶτον
3186 1929 3298 1997 (87)
3349 1930 3483 2000 μὲν,
3545 1931 3639 1982 ὅτι
3690 1929 3749 1981 οῖ»

2151 2022 2395 2077 ποιοῦσιν
2425 2023 2460 2077 ἂ
2488 2021 2765 2093 βούλονται
2807 2021 2987 2074 πάντα
3006 2037 3019 2050 ·
3055 2019 3226 2073 πολλὰ
3250 2020 3359 2093 γὰρ
3387 2020 3607 2082 αὐτοὺς
3646 2036 3752 2071 κυ-

2150 2115 2301 2169 λύσει
2357 2117 2453 2168 καὶ
2506 2112 2908 2184 ἐπιθυμοῦντας
2953 2111 3049 2165 καὶ
3104 2112 3512 2182 πειρωμένους·
3566 2109 3672 2162 καὶ
3714 2107 3751 2160 ι

2152 2207 2364 2262 ποιοῦσι
2392 2207 2480 2269 δὲ,
2534 2208 2632 2276 οὐχ
2686 2205 2762 2269 ὼς
2817 2204 3089 2275 βασιλεῖς,
3144 2203 3256 2256 ἀλλ’
3304 2203 3378 2265 «'0;
3441 2199 3748 2273 μαστιγίαι

2153 2300 2394 2355 ποιοῦσι·
2420 2298 2597 2370 λάθρα
2620 2298 2728 2369 γάρ
2765 2294 3128 2369 μοιχεύουσιν,
3162 2294 3222 2348 τὸ
3249 2294 3446 2348 ἁλῶναι
3470 2292 3747 2354 δεδιότες,

2151 2395 2243 2446 καὶ
2275 2392 2336 2446 τὸ
2382 2389 2831 2460 καταγνωσθῆναι
2878 2386 3250 2449 ἐκκλίνοντες,
3283 2385 3375 2439 καὶ
3404 2383 3748 2453 φοϐούμενοι

2132 2484 2479 2555 ’κολασθῆναι
2510 2482 2642 2553 (88).
2680 2480 2803 2544 Πῶς
2831 2480 2886 2534 δέ
2922 2478 3203 2551 ἐλεύθερον
3243 2479 3277 2549 ἡ
3300 2476 3547 2548 ἀκρασία
3578 2476 3683 2529 καὶ
3712 2477 3747 2545 ἐξ

2152 2575 2527 2650 αἰσχρολογίας
2585 2594 2603 2624 ι
2641 2574 2758 2636 Πᾶς
2817 2573 2930 2643 (89)
2991 2573 3134 2643 γὰρ,
3183 2590 3201 2621 ι
3233 2570 3394 2640 φησιν
3464 2566 3619 2639 (90),
3654 2585 3677 2617 ι
3719 2570 3749 2619 6

2150 2670 2479 2743 ἁμαρτάνων
2503 2666 2685 2731 δοῦλός
2715 2669 2884 2730 ἐστιν,
2928 2685 2947 2718 ι
2975 2670 3004 2719 6
3033 2664 3349 2727 Ἀπόστολος
3369 2664 3540 2731 λέγει.
3579 2661 3750 2714 Ἀλλὰ

2151 2761 2268 2823 πῶς
2299 2759 2441 2814 κατὰ
2466 2758 2598 2811 Θεὸν
2632 2755 2970 2810 πολιτεύεται
3002 2759 3029 2809 ὁ
3050 2756 3198 2827 πάσῃ
3226 2752 3492 2823 ἐπιθυμία
3511 2750 3747 2804 sm

2151 2850 2343 2905 ἑαυτὸν
2382 2847 2701 2921 παρασχὼν,
2738 2845 2831 2900 τοῦ
2864 2846 3071 2917 Κυρίου
3107 2846 3398 2915 φήσαντος,
3440 2860 3460 2891 ι
3496 2838 3662 2908 Ἐγὼ
3688 2838 3747 2892 δι

2151 2940 2320 3008 λέγω,
2355 2939 2447 3010 Μὴ
2490 2937 2834 3009 ἐπιθυμήσῃς
2860 2952 2875 3000 ;
2906 2955 2925 2986 ι
2963 2933 3134 2988 Ἐκὼν
3170 2934 3227 2987 δέ
3266 2950 3348 2996 τις
3386 2932 3749 3001 ἁμαρτάνειν

2154 3029 2421 3101 βούλεται,
2463 3027 2557 3082 καὶ
2595 3028 2770 3099 δόγμα
2794 3027 2972 3098 τίθησι
3000 3026 3059 3080 τὸ
3095 3025 3398 3097 μοιχεύειν,
3435 3024 3533 3077 καὶ
3566 3022 3751 3092 3:101,-

2151 3120 2443 3185 δυπαθεῖν,
2506 3121 2600 3174 καὶ
2658 3118 3014 3191 λυμαίνεσθαι
3071 3120 3199 3182 τοὺς
3259 3116 3433 3172 ἄλλων
3493 3117 3747 3187 γάμους,

2154 3215 2285 3287 ὅπου
2305 3231 2366 3283 γε
2391 3213 2485 3268 καὶ
2509 3214 2633 3277 τοὺς
2660 3213 2852 3277 ἄλλους
2873 3211 3530 3281 ἄκοντας-ἁμαρτάνοντας
3547 3209 3747 3261 ἐλεοῦ-

2154 3322 2291 3378 μεν;
2340 3305 2458 3358 Κᾶν
2509 3306 2589 3368 εἰς
2626 3304 2773 3369 ξένον
2824 3305 2912 3358 τὸν
2977 3304 3180 3375 κόσμον
3240 3301 3531 3373 ἀφιγμένοι
3598 3295 3746 3363 ὦσι.Ἰ

2152 3398 2333 3451 πιστοὶ
2366 3397 2478 3468 (91)
2528 3398 2586 3450 ἐν
2615 3397 2694 3468 τῷ
2736 3396 3002 3469 ἀλλοτρίῳ
3044 3398 3121 3468 μὴ
3168 3394 3480 3466 γενόμενοι,
3514 3393 3586 3446 τὸ
3617 3394 3750 3463 ἁλη-

2151 3487 2242 3553 θὲς
2301 3486 2400 3560 οὐχ
2430 3487 2661 3554 ἕξουσιν.
2706 3488 2948 3561 ’Υϐρίζει
2974 3487 3029 3541 δέ
3076 3504 3160 3551 τις
3192 3487 3341 3553 ξένος
3366 3486 3625 3549 πολίτας,
3650 3485 3746 3539 ut

2148 3581 2371 3645 τούτους
2403 3581 2614 3635 ἀδικεῖ·
2649 3581 2771 3652 οὐχ).
2816 3580 2875 3634 δὲ
2919 3580 2995 3644 ὡς
3033 3578 3411 3652 παρεπίδημος
3448 3576 3592 3646 (9'2).
3633 3580 3745 3640 τοῖς

2149 3673 2465 3742 ἀναγκαίοις
2497 3670 2777 3745 χρώμενος
2799 3713 2813 3736 ,
2846 3672 3193 3743 ἀπρόσκοπος
3211 3672 3326 3734 τοῖς
3351 3668 3613 3733 πολίταις
3627 3667 3745 3723 8c:-

2147 3762 2285 3827 ϐιοῖς
2314 3762 2438 3827 Πῶς
2465 3763 2522 3816 δέ
2549 3763 2643 3816 καὶ
2686 3765 2800 3826 τοῖς
2828 3762 2932 3815 ὑπὸ
2954 3761 3060 3815 τῶν
3094 3760 3266 3815 ἐθνῶν
3298 3761 3739 3833 μεμισημένοις,

2147 3857 2234 3910 διὰ
2263 3857 2323 3910 τὸ
2350 3855 2423 3927 μὴ
2446 3855 2711 3927 πράσσειν
2732 3855 2800 3909 τὰ
2821 3854 2927 3908 ύπδ
2955 3853 3062 3907 τῶν
3091 3854 3276 3924 νόμων
3302 3853 3740 3926 διηγορευμένε,

2148 3948 2391 4001 τουτέστι
2423 3950 2533 4011 τοῖς
2562 3946 2787 4010 ἀδίκοις,
2809 3947 2902 4000 καὶ
2926 3946 3210 4018 ἀκρατέσι,
3234 3944 3329 3998 κα)⁵
3353 3944 3739 4011 πλεονέκταις,

2148 4040 2241 4093 καὶ
2295 4041 2501 4110 μοιχοῖς
2554 4038 2621 4093 τὰ
2662 4039 2799 4093 αὐτὰ
2850 4038 3205 4109 πράσσοντες,
3250 4037 3386 4090 Θεὸν
3426 4039 3742 4106 ἐγνωκέναι

2154 4132 2301 4200 μόνοι
2324 4130 2574 4199 λέγουσιν
2600 4148 2614 4196 ;
2666 4132 2867 4203 Ἐχρῆν
2899 4131 3007 4205 γὰρ
3033 4130 3254 4193 αὐτοὺς,
3284 4130 3380 4183 καὶ
3408 4131 3468 4183 ἐν
3497 4134 3619 4195 τοῖς
3641 4131 3739 4185 ἁλ-

2148 4222 2379 4295 λοτρίοις
2412 4223 2704 4295 παρόντας,
2748 4222 2930 4287 καλῶς
2956 4221 3125 4293 βιοῦν,
3153 4222 3241 4276 ἵνα
3284 4222 3350 4294 δὴ
3379 4222 3458 4293 τῷ
3503 4224 3629 4278 ὄντι
3680 4225 3745 4279 τι

2151 4313 2427 4384 βασιλικὸν
2464 4314 2825 4381 ἐνδείξωνται.
2884 4313 3026 4385 Ἤδη
3058 4313 3116 4367 δὲ
3172 4313 3267 4367 καὶ
3310 4317 3423 4377 τοῖς
3452 4314 3743 4387 ἀνθρωπί-

2150 4426 2259 4471 νοις
2313 4406 2629 4477 νομοθέταις
2674 4408 2769 4461 καὶ
2811 4406 2888 4478 τῷ
2932 4406 3063 4477 θείῳ
3104 4406 3256 4477 νόμῳ
3286 4405 3740 4476 ἀπεχθάνονται,

469 4518 595 4558 cum
615 4504 669 4555 in
693 4503 887 4557 alienis
905 4503 1125 4569 adsunt,
1145 4512 1287 4557 recte
1309 4503 1509 4567 vivere,
1538 4510 1597 4554 ut
1625 4517 1814 4556 revera
1843 4502 2045 4572 regiam

2155 4500 2487 4572 παρανόμως
2519 4500 2667 4570 βιοῦν
2698 4500 3124 4573 ἐπανῃρημένοι.
3162 4498 3219 4553 ’0
3243 4498 3376 4567 γοῦν
3417 4519 3435 4549 ι
3473 4502 3743 4569 ἐκκεντῆ-

551 4724 607 4783 δτᾼ
652 4717 711 4771 P.
751 4719 856 4774 525
897 4717 1441 4782 P0'f'l‘ER,438-439
1480 4718 1588 4771 ΕΙ).
1634 4717 1861 4773 PARIS.
1940 4732 1965 4758 ει
2010 4718 2049 4771 Β

2157 4758 2170 4772 .
2212 4735 2301 4781 vt,
2349 4719 2431 4773 16.
2512 4720 2539 4757 ι)
2584 4678 2846 4781 Matth.v,
2891 4718 2978 4772 28.

540 4918 959 4990 (84)-Τοιαῦτα.
989 4958 1003 4971 .
1038 4958 1052 4971 .
1086 4919 1586 4990 ίδογματιζονσιν.
1644 4916 1766 4990 [lch
1802 4934 2046 4990 comma-

467 4988 583 5045 tion
642 4988 1020 5043 Theodoretus
1083 4989 1135 5042 in
1199 5006 1361 5044 suum
1394 4988 1598 5044 Haeret.
1636 4988 1828 5042 Fabul.
1860 4990 1957 5044 lib.
1991 5005 2043 5049 t.

468 5077 587 5129 cap.
618 5059 668 5124 l,
704 5074 755 5128 p.
794 5058 888 5129 197
923 5059 1221 5113 transtulit.

541 5127 1097 5200 (85)Ψευῖδῳνύμως
1129 5130 1528 5200 Γνωστικούς.
1562 5128 1654 5185 Sic
1690 5127 2003 5200 Strom._vu
2024 5169 2042 5191 ,

468 5197 590 5291 mg.
617 5197 723 5291 7'92
749 5215 762 5251 :
797 5197 1323 5291 ΤῶνῚιρευδωνύμων
1349 5199 1797 5291 τοιξτωνῃάνόσιος
1821 5198 2040 5291 γνιῖζσις.

471 5268 606 5323 Hinc
638 5268 869 5323 lrenzeus
900 5268 1068 5322 libros
1104 5268 1235 5325 suos
1259 5271 1471 5326 vocavit
1504 5270 1762 5341 Ἔλεγχον
1788 5270 1883 5323 καὶ
1910 5270 2042 5321 ἀνα-

465 5339 671 5428 τριξὴγ
694 5340 800 5428 si?
818 5338 1508 5428 ,l?"§936t+921.v6’°aee_
1568 5418 1609 5428 ,.
1819 5424 1846 5428 _

540 5404 884 5487 (8β’),1ςρριρι
922 5408 1026 5462 τοῦ
1060 5404 1379 5487 ῥαᾷᾷᾷτου.
1416 5409 1614 5487 Ιίίομιι
1644 5408 1787 5487 intra
1819 5424 1885 5487 pi
1909 5408 2035 5487 “:3.
2089 5404 2099 5414 .

468 5480 692 5553 respicit
711 5479 900 5553 Matth.
930 5494 1027 5553 ξιι,
1057 5481 1088 5553 8
1120 5480 1364 5553 ι-Κύριος
1393 5480 1504 5552 γάρ
1526 5481 1641 5532 ἐστι
1673 5479 1768 5532 καὶ
1796 5479 1887 5531 τοῦ
1911 5479 2042 5531 σαϐ-

470 5551 635 5621 ϐάτου
665 5552 693 5602 6
711 5549 836 5621 Υἱζς
868 5548 961 5601 τοῦ
989 5548 1297 5621 ἀνθρώπου.

539 5619 650 5689 (87)
686 5618 942 5685 Πρῶτον.
976 5618 1111 5689 Ante
1131 5620 1271 5674 hanc
1286 5635 1471 5675 vocem
1493 5619 1694 5687 aliquid
1722 5619 2038 5687 huiusmodi

466 5688 654 5743 deesse
702 5690 913 5744 videtur
944 5730 958 5743 .
986 5688 1286 5743 Ψεύδονται
1312 5691 1367 5743 δὲ
1420 5693 1477 5743 ἐν
1503 5689 1731 5752 τούτοις.
1789 5708 1808 5740 ι
1841 5689 1895 5743 In
1955 5690 2039 5743 his

464 5767 645 5810 autem
683 5757 964 5812 falluntur.
1008 5778 1026 5810 ι
1480 5792 1485 5798 ι

2222 4919 2334 4991 (88)
2353 4917 2759 4991 Κολασθῆναι.
2778 4918 3034 4974 Fortasse
3061 4920 3271 4991 rectius
3285 4920 3345 4972 τὸ
3374 4920 3738 4991 κολασθῆναι,

2151 5005 2274 5113 gum
2310 4990 2561 5052 articulo,
2587 5000 2644 5043 ut
2666 4990 2717 5043 in
2750 4990 3183 5059 praecedentibus
3200 4990 3419 5045 duobus
3443 4990 3737 5044 membris.

2193 5074 2418 5113 vcsunu.

2193 5074 2418 5114 YLBURG.

2222 5130 2335 5201 (89)
2369 5126 2825 5201 HticLNoutam
2883 5128 3047 5183 verba
3098 5127 3367 5198 Apostoli,
3434 5138 3529 5201 ut_
3559 5144 3738 5200 neque

2147 5198 2459 5270 paulo'post
2492 5198 2717 5264 Christi,
2744 5214 2910 5267 quam
2932 5214 3123 5270 eorum
3154 5214 3376 5253 sensum
3402 5199 3634 5267 profert.

2220 5268 2573 5393 (90)l.dmo'lr.
2611 5269 2958 5339 Supervacua
2980 5279 3065 5323 est
3102 5269 3214 5324 haec
3246 5278 3452 5335 vox,ut
3480 5270 3736 5339 quando-

2225 5357 2254 5393 e
2286 5356 2314 5393 a
2342 5356 2441 5393 tas.

2188 5356 2254 5394 lle
2286 5356 2441 5393 anas.

2148 5355 2590 5482 flufaii'ii'amz.
2642 5406 2885 5482 Respicit
2932 5408 3067 5482 Luc.
3114 5423 3239 5482 xvi.
3268 5408 3368 5482 HA.
3402 5407 3516 5482 ii;
3554 5409 3616 5482 Et

2147 5480 2205 5531 ἐν
2228 5476 2498 5549 τῷἀδίκῳ
2536 5476 2771 5549 μαμωνᾷ
2802 5479 2991 5549 πιστοὶ
3012 5478 3113 5531 οὐκ
3136 5478 3433 5549 ἐγένεσθε,
3464 5478 3529 5531 τὸ
3556 5476 3739 5548 ἀληθι-

2146 5550 2235 5602 νὸν
2264 5548 2345 5612 τίς
2373 5548 2514 5620 ὑμῖν
2542 5548 2862 5620 πιστεύσεις
2899 5548 3006 5620 Καὶ
3034 5549 3083 5601 εί
3114 5550 3172 5620 ἐν
3203 5548 3280 5619 τῷ
3332 5548 3607 5620 άλλοτρίῳ
3648 5565 3739 5601 πι-

2148 5620 2266 5671 στο)⁵
2299 5620 2400 5672 οὐκ
2415 5617 2701 5688 ἐγένεσθε,
2729 5619 2791 5690 τὸ
2812 5618 3079 5690 ὑμέτερον
3100 5619 3185 5682 τίς
3211 5617 3339 5690 ὑμῖν
3354 5617 3556 5690 ;_

2220 5635 2266 5671 οι
2299 5635 2400 5672 ουκ
2426 5635 2701 5688 εγενεσυε,
2722 5635 2791 5701 ,το
2812 5635 3079 5742 υμετεᾶον
3100 5635 3185 5701 τις
3211 5635 3556 5700 υμινοωσει;

2220 5690 2334 5759 (92)
2378 5691 2471 5756 Ὠς
2509 5688 2938 5759 napi-2316131109.
3018 5703 3264 5758 esptcere
3295 5688 3513 5743 Videtur
3544 5684 3733 5743 chtt‘.

2148 5774 2209 5824 ιι,
2240 5760 2327 5825 Η,
2364 5759 2448 5813 12.
