3946 6574
439 379 576 434 1145

1635 377 1942 436 CLEMEN’I
1956 379 2016 435 i5
2059 380 2531 436 ALEXANDRINI

3557 369 3698 424 1144

432 507 790 568 prosperatur
821 498 886 550 αἳ
921 517 940 549 ι
985 499 1131 567 quod
1162 499 1340 554 simiie
1365 510 1449 554 est
1477 501 1549 566 ei,
1587 501 1730 570 quod
1755 502 1906 571 prius
1931 501 2004 554 al-

2117 499 2366 570 ἐπιστολῇ
2417 497 2854 568 ἀποτεινόμενος⁹
2868 495 3102 568 γράφειο
3161 511 3180 544 ι
3237 491 3348 544 Καὶ
3391 489 3476 560 μὴ
3509 487 3704 544 καθὼς

433 586 602 642 latum
645 597 729 644 est
765 605 831 644 ex
860 589 1160 646 Malachia:
1223 609 1240 641 ι
1281 590 1390 646 Deo
1423 593 1760 655 restiterunt.
1790 602 1844 648 et
1869 593 2003 647 salvi

436 678 566 733 facti
599 689 747 735 sunt.
782 698 803 732 ι
846 678 981 734 Nam
1015 684 1292 753 prophetae
1314 684 1574 739 divinitus
1601 684 1871 754 inspirati,
1897 699 2002 736 non

437 769 614 824 solum
665 785 789 840 quae
817 786 848 824 a
879 770 988 826 Deo
1019 773 1308 834 audierint.
1357 790 1416 828 se
1457 774 1602 844 loqui
1651 773 2002 841 proﬁtentur;

437 863 530 913 sed
562 870 615 913 et
639 861 741 931 ipsi
772 863 934 916 etiam
981 863 1156 917 solent
1196 880 1281 930 ea,
1332 880 1453 934 qua)
1481 866 1640 935 vulgo
1668 864 1944 934 jactantur
1973 881 2003 916 a

437 952 658 1020 populo.
716 955 1054 1022 exceptionis
1103 956 1284 1018 modo,
1335 956 1578 1021 edicere,
1641 965 1695 1009 et
1743 965 2002 1024 tanquam

437 1045 767 1112 quaestiones
798 1045 866 1098 ab
893 1045 1205 1099 hominibus
1228 1056 1402 1102 motas
1425 1046 1626 1101 referre
1655 1065 1668 1100 :
1699 1046 2004 1115 cujusmodi

437 1142 522 1188 est
556 1133 686 1186 illud
716 1135 945 1202 dictum,
985 1139 1144 1207 cujus
1175 1140 1378 1193 ruentia
1405 1139 1518 1208 jam
1551 1137 1697 1192 facta
1717 1148 1820 1194 est.
1858 1137 2009 1192 Nun-

437 1223 566 1292 quid
597 1232 778 1279 autem
804 1227 870 1279 ad
906 1227 1006 1280 hos
1034 1230 1196 1283 verba
1229 1245 1328 1284 sua
1357 1229 1615 1300 dirigens,
1643 1229 1837 1284 scribit
1865 1230 2008 1298 Apo—

437 1318 612 1372 stolus
665 1319 719 1372 in
770 1317 1008 1388 Epistola
1059 1322 1126 1375 ad
1179 1320 1497 1377 Romanos:
1547 1342 1566 1373 ι
1603 1321 1671 1376 Ει
1718 1339 1824 1376 ιιοιι
1867 1323 2010 1378 sicut

438 1409 900 1479 blaspheman‘iur,
957 1422 1010 1466 et
1055 1413 1196 1467 sicut
1223 1414 1408 1467 dicunt
1438 1413 1605 1484 aliqui
1636 1428 1736 1468 nos
1768 1419 1827 1477 ὦ
1859 1413 2005 1467 dice-

441 1516 496 1552 re
531 1519 544 1552 :
581 1498 868 1557 Faciamus
892 1503 1055 1564 mala,
1087 1513 1145 1558 ut
1180 1503 1432 1558 eveniant
1463 1503 1629 1570 bona,
1660 1519 1890 1574 quorum
1919 1503 2008 1571 ju-

438 1601 520 1644 sta
555 1594 945 1649 est'damnatio
974 1596 1040 1648 1"!
1077 1615 1097 1647 ι
1140 1594 1180 1649 li
1209 1604 1358 1661 sunt,
1404 1597 1497 1665 qui
1519 1595 1677 1650 'inter
1723 1597 2006 1664 legendum

2107 589 2720 660 βλασφημούμεθαηκαὶ
2755 586 2938 650 καθώς
2961 583 3096 656 φασί
3126 600 3266 646 τινες
3297 582 3454 652 ἡμᾶς
3487 579 3704 646 λέγειν,

2105 683 2190 736 ὅτι
2215 722 2230 746 ,
2268 683 2590 752 Ποιήσωμεν
2621 681 2688 734 τὰ
2722 680 2866 734 κακὰ
2885 721 2901 744 ,
2946 679 3034 753 ἵνα
3063 677 3190 747 ἔλθῃ
3219 677 3286 728 τὰ
3316 671 3528 742 ἀγαθὰ,
3573 693 3596 722 ι
3627 663 3704 724 ὧν

2104 775 2166 827 τὸ
2197 775 2370 846 κρίμα
2396 773 2600 828 ἔνδικόν
2623 776 2801 836 ἐστιν;
2835 768 2995 826 οὗτοι
3026 773 3163 824 εἰσιν
3185 770 3234 822 oi
3265 766 3410 822 κατὰ
3440 765 3547 835 τὴν
3561 763 3704 817 ἀνιᾶ-

2103 882 2303 936 γνωσιν
2334 867 2514 936 φωνῆς
2546 867 2684 936 τόνῳ
2721 864 3137 936 διαστρέφοντες
3163 860 3259 924 τὰς
3297 857 3532 930 Γραφὲις
3559 858 3704 924 πρὸς

2104 957 2204 1022 τὰς
2239 958 2374 1022 ἰδίας
2400 957 2610 1028 ἡδονὰς,
2650 957 2742 1010 καί
2772 972 2933 1008 τινων
2967 951 3280 1024 προσῳδιῶν
3313 950 3409 1002 καὶ
3445 945 3707 1015 στιγμῶν

2111 1049 2401 1120 μεταθέσει
2422 1049 2490 1103 τὰ
2525 1047 2972 1119 παραγγελθέντα
3005 1044 3298 1113 σωφρόνως
3327 1057 3390 1093 τε
3418 1041 3524 1092 καὶ
3555 1055 3704 1108 cup-

2111 1141 2384 1213 φερόντως
2426 1141 2734 1210 βιαζόμενοι
2777 1138 2915 1210 πρὸς
2955 1133 3288 1207 ἡδυπαθείας
3317 1131 3418 1194 τὰς
3451 1127 3704 1183 ὲαυτιῖινο

2116 1253 2134 1284 t
2177 1235 2237 1286 Οἱ
2273 1231 2663 1304 παροξύνοντες
2710 1230 2819 1300 (20)
2847 1229 2941 1282 τὸν
2973 1228 3105 1282 Θεδν
3140 1227 3258 1286 τοῖς
3297 1223 3487 1291 λόγοις
3524 1217 3706 1289 ὑμῶν,

2109 1329 2138 1380 6
2164 1324 2446 1395 Μαλαχίας
2472 1324 2626 1394 φησί,
2661 1324 2757 1376 καὶ
2777 1320 2990 1374 εἴπατε·
3034 1319 3122 1372 Ἐν
3151 1318 3256 1370 τίνι
3287 1311 3708 1388 παρωξύναμεν

2111 1417 2310 1482 αὐτόν;
2367 1418 2455 1470 Ἑν
2488 1416 2568 1488 τῷ
2596 1416 2776 1484 λέγειν
2807 1414 2980 1484 ὑμᾶς·
3036 1411 3152 1474 Πᾶς
3191 1411 3220 1461 ὁ
3251 1406 3424 1460 ποιῶν
3461 1403 3708 1472 πονηρὸν

2114 1507 2316 1575 ἀγαθὸς
2359 1506 2588 1562 ἐνώπιον
2625 1505 2852 1578 Κυρίου,
2903 1503 2998 1557 καὶ
3030 1504 3088 1556 ἐν
3129 1501 3310 1563 αὐτοῖς
3360 1495 3704 1568 ηὐδόκησεν

2117 1600 2211 1652 καὶ
2243 1599 2344 1652 ποῦ
2378 1597 2525 1652 ἐστιν
2556 1599 2586 1651 6
2617 1597 2750 1660 Θεὸς
2778 1597 2876 1665 τῆς
2905 1591 3279 1663 δικαιοσύνηςς
3311 1610 3334 1642 ›

439 1693 570 1738 tono
591 1685 740 1740 vocis
763 1695 1084 1755 pervertunt
1120 1685 1433 1756 Scripturas
1472 1687 1538 1742 ad
1593 1689 1842 1758 proprias
1880 1689 2208 1758 voluptates,
2254 1699 2308 1744 et
2360 1690 2721 1760 quorumdam
2751 1687 2910 1757 190
2935 1693 3258 1740 accentuum
3287 1694 3344 1738 et
3365 1689 3710 1753 punctorum

438 1777 876 1845 transpositione,
911 1795 1034 1848 qua:
1075 1779 1374 1848 prudenter
1437 1787 1492 1834 et
1516 1779 1719 1834 utiliter
1755 1789 2020 1850 praecepta
2051 1790 2200 1844 sunt,
2232 1781 2298 1835 ad
2330 1797 2458 1836 suas
2497 1781 2723 1836 trahunt
2755 1779 2999 1833 delicias.
3045 1794 3066 1826 ι
3106 1774 3208 1841 Qui
3241 1773 3478 1829 irritatis
3535 1769 3709 1823 Deum

435 1870 777 1946 sermonibus
833 1873 1049 1936 vestris,
1091 1893 1108 1923 ι
1144 1872 1320 1942 inquit
1369 1872 1691 1937 Malacbias,
1743 1893 1760 1924 ι
1799 1884 1853 1928 et
1883 1875 2088 1935 dicitis.
2124 1877 2176 1928 in
2208 1890 2448 1944 quonam
2497 1889 2621 1930 eum
2665 1869 3048 1926 irritavimus?
3094 1869 3228 1922 Dum
3283 1881 3390 1946 vos
3441 1863 3644 1918 dicitis
3693 1879 3710 1912 :

435 1944 760 2030 Quicunque
783 1961 906 2038 facit
941 1963 1144 2017 malum
1171 2003 1186 2028 ,
1211 1964 1384 2018 bonus
1407 1974 1491 2018 est
1511 1979 1694 2020 coram
1716 1963 1972 2030 Domino,
1999 1975 2052 2020 et
2077 1966 2192 2035 ipse
2230 1967 2286 2020 in
2316 1966 2397 2020 eis
2427 1964 2786 2035 complacuit;
2839 1972 2892 2018 et
2913 1962 3003 2017 ubi
3035 1970 3120 2016 est
3145 1959 3288 2016 Deus
3313 1958 3558 2027 iustitia:
3588 1957 3656 2008 οἳ
3686 1974 3708 2004 ι

1878 2079 2106 2134 CAPUT
2172 2080 2236 2136 ν.

581 2187 694 2240 Duo
721 2205 908 2258 genera
941 2191 1308 2244 haereticorum
1338 2201 1519 2245 notat:
1553 2195 1701 2261 prius
1732 2194 1946 2248 illorum
1973 2197 2063 2264 qui
2094 2197 2270 2249 omnia
2300 2196 2540 2248 omnibus
2563 2195 2718 2249 licere
2743 2196 3114 2264 pronuntiant,
3145 2209 3274 2264 quos
3308 2192 3544 2260 refutat.

505 2301 582 2356 Ne
609 2318 738 2374 ergo
771 2303 914 2358 hunc
959 2303 1139 2358 locum
1190 2321 1367 2375 ungue
1406 2307 1639 2376 amplius
1681 2305 2000 2372 indicantes,
2038 2321 2080 2373 Β

436 2395 672 2464 plurium
707 2395 1069 2450 absurdarum
1103 2397 1388 2452 haat'esium
1419 2399 1860 2466 meminerimus;
1913 2417 2010 2454 nec

437 2501 628 2540 rursus
649 2485 778 2539 dum
814 2486 867 2538 in
899 2486 1128 2556 singulis
1157 2487 1418 2541 adversus
1456 2503 1895 2558 unamquamque
1929 2491 2012 2543 di~

435 2593 558 2632 cere
607 2590 830 2632 necesse
886 2578 1172 2640 habemus,
1221 2589 1506 2648 propterea
1551 2581 1758 2648 pudore
1801 2581 2007 2636 allicia~

437 2685 578 2730 mur,
627 2678 678 2722 et
726 2670 890 2724 nimis
933 2671 1171 2739 prolixos
1223 2671 1323 2724 bos
1367 2669 1632 2726 faciamus
1677 2683 2016 2728 commenta~

436 2761 568 2826 rios,
607 2779 706 2829 age
738 2762 791 2814 in
825 2761 934 2816 duo
955 2760 1254 2816 dividentes
1303 2776 1493 2816 omnes
1524 2763 1784 2823 haereses.
1819 2765 1898 2819 eis
1928 2781 2014 2818 re-

433 2851 825 2920 spondeamus.
879 2851 986 2906 Aut
1030 2851 1182 2905 enim.
1220 2851 1418 2906 docent
1465 2853 1755 2909 indiscrete
1785 2856 1964 2910 vivere
1996 2875 2008 2910 :

434 2953 530 2996 aut
577 2943 798 2998 modum
853 2943 1198 3010 e‘xcedentes,
1253 2959 1348 3014 per
1390 2945 1719 3015 impietatem
1750 2949 2012 3003 etodium

435 3033 762 3102 profitentur
802 3035 1216 3092 continentiam.
1260 3036 1418 3092 Prius
1461 3053 1640 3094 autem
1671 3041 2010 3096 tractandum

429 3136 516 3180 est
558 3127 624 3181 de
677 3129 852 3198 prima
902 3139 1074 3199 parte.
1116 3128 1271 3195 Quod
1307 3132 1352 3183 si
1379 3132 1658 3200 quodlibet
1693 3135 1816 3188 vita:
1843 3151 2013 3204 genus

433 3219 564 3275 licet
596 3220 816 3290 eligere,
849 3229 960 3274 tum
997 3235 1116 3275 eam
1151 3223 1355 3276 scilicet
1389 3223 1550 3276 etiam
1585 3223 1730 3289 licet,
1777 3242 1900 3295 quae
1929 3235 2012 3280 est

440 3311 727 3366 continens
757 3330 770 3365 :
804 3319 859 3366 et
885 3313 928 3366 si
951 3313 1158 3367 electus
1190 3322 1302 3367 tute
1329 3314 1525 3382 poterit
1567 3316 1847 3384 quodlibet
1893 3315 2014 3369 vita

437 3419 606 3470 genus
633 3403 852 3468 sectari,
880 3402 1229 3458 manifestum
1259 3419 1343 3460 est
1367 3422 1508 3470 eam,
1561 3423 1683 3476 qua:
1713 3415 2016 3476 temperan-

439 3503 520 3548 ter
545 3503 600 3549 et
624 3495 923 3550 secundum
975 3497 1230 3550 virtutem
1255 3498 1456 3566 agitur,
1497 3499 1657 3567 longe
1684 3499 2011 3554 tutissimam

435 3599 576 3638 csse.
614 3582 747 3638 Nam
779 3600 903 3640 cum
943 3609 960 3638 ι
997 3585 1218 3640 domino
1245 3587 1482 3653 sabbati,
1523 3609 1544 3640 ι
1575 3589 1790 3642 etiamsi
1819 3575 2006 3643 intem-

2178 2308 2274 2359 Ἶν⁹
2321 2302 2414 2360 οὖν
2464 2306 2574 2377 (2i)
2616 2305 2722 2378 μὴ,
2758 2305 3036 2358 ἐπιπλείον
3079 2303 3419 2375 ὀνυχίζοντες
3457 2301 3587 2371 (22)
3623 2303 3718 2354 τὲν

2111 2400 2295 2463 τόπον,
2357 2397 2615 2452 πλειόνων
2661 2399 2873 2452 ἀτόπων
2921 2397 3186 2469 αἱρέσεων
3239 2395 3714 2466 ἐπιμεμνήμεθα,

2115 2492 2237 2562 μηδ’
2289 2487 2355 2545 αὖ
2398 2490 2520 2544 καθ’
2565 2490 2801 2560 ἑκάστην
2841 2489 3018 2542 αὐτῶν
3055 2487 3230 2556 λέγειν
3277 2487 3416 2560 πρὸς
3456 2487 3716 2555 ἑκάστην

2112 2579 2565 2651 ἀναγκαζόμενοι,
2589 2579 2970 2650 αἰσχυνώμεθα
2992 2596 3053 2632 τε
3082 2581 3170 2632 ἐπ’
3200 2579 3404 2641 αὐτοῖς.
3472 2579 3585 2632 καὶ

2117 2675 2382 2744 μήκιστον
2435 2671 2505 2724 τὰ
2557 2671 2923 2742 ὑπομνήματα
2971 2671 3333 2742 προάγωμεν·
3388 2670 3562 2740 φέρε,
3634 2672 3715 2732 εἰς

2111 2761 2206 2815 δύο
2248 2761 2512 2825 διελόντες
2544 2761 2842 2833 πράγματα
2873 2762 3089 2824 ἁπάσας
3123 2761 3224 2825 τὰς
3255 2761 3522 2832 αἱρέσεις,
3562 2761 3715 2814 ἁπο-

2112 2854 2424 2926 κρινώμεθα
2466 2855 2682 2916 αὐτοῖς’
2725 2853 2758 2924 ἢ
2812 2853 2918 2928 γάρ
2959 2870 3040 2906 τοι
3079 2840 3383 2924 ἀδιαφόρως
3415 2853 3521 2923 ζῇν
3557 2852 3715 2906 διδά-

2115 2963 2354 3009 σκουσιν,
2401 2946 2457 3016 ἦ,
2509 2945 2570 2998 τὸ
2609 2945 2906 3016 ὑπέρτονον
2949 2943 3202 3014 ἄγουσαι,
3241 2944 3580 3014 ἐγκράτειαν
3620 2943 3716 2998 διὰ

2113 3035 2425 3098 δυσσεϐείας
2482 3036 2576 3090 καὶ
2638 3034 3182 3108 φιλαπεχθημοσύνης
3238 3035 3711 3104 καταγγέλλουσι.

2113 3126 2381 3196 Πρότερον
2411 3125 2470 3178 δὲ
2508 3127 2636 3197 περὶ
2665 3126 2760 3180 τοῦ
2809 3125 3075 3198 προτέρου
3107 3125 3430 3197 διαληπτέον
3463 3128 3718 3196 τμήμα-

2111 3231 2230 3278 τος·
2265 3217 2314 3268 εἰ
2348 3217 2526 3270 πάντα
2557 3215 2762 3281 ἔξεστιν
2794 3215 3010 3270 ἑλέσθαι
3071 3215 3216 3287 βίον,
3263 3216 3419 3288 δῆλον
3461 3216 3551 3269 ὅτι
3590 3217 3720 3288 (2⁵)

2113 3309 2206 3360 καὶ
2236 3306 2328 3360 τὸν
2360 3308 2477 3378 μετ’
2519 3307 2869 3378 ἐγκρατείας⁹
2917 3309 3013 3361 καὶ
3049 3309 3098 3361 εἰ
3125 3309 3232 3370 πᾶς
3271 3306 3378 3377 βίος
3408 3306 3720 3374 ἀκίνδυνος

2114 3399 2389 3470 ἐκλεκτῷ,
2439 3400 2596 3471 δῆλον
2642 3401 2724 3454 ὅτι
2765 3401 2902 3472 μετὰ
2940 3401 3139 3473 ἀρετῆς
3186 3400 3281 3452 καὶ
3338 3398 3712 3470 σωφροσύνης

2113 3491 2247 3546 πολὺ
2277 3491 2473 3562 μᾶλλον
2503 3491 2782 3554 ἀκίνδυνος
2802 3508 2816 3522 ⁸
2849 3491 3096 3561 δοθείσης
3129 3490 3237 3561 γὰρ
3268 3488 3519 3554 ἐξουσίας
3561 3509 3584 3540 ι
3625 3490 3710 3559 τῷ

2113 3577 2289 3650 κυρίῳ
2331 3578 2426 3632 τοῦ
2475 3579 2765 3643 σαϐϐάτου,
2826 3599 2844 3630 ι
2900 3581 3054 3652 εἴπερ
3107 3579 3416 3644 ἀκολάστως
3472 3579 3704 3650 βιῶσαι,

437 3684 691 3744 peranter
718 3675 887 3738 vivat,
919 3677 1064 3732 nulla
1092 3679 1230 3732 ratio
1263 3679 1533 3732 reddenda
1563 3680 1652 3748 sit,
1685 3680 1857 3733 multo
1890 3695 2008 3732 ma-

2117 3671 2400 3726 άνεύθυνον
2427 3667 2587 3734 εἶναι,
2617 3671 2796 3743 πολλῷ
2827 3671 3026 3743 μᾶλλον
3049 3674 3077 3726 6
3104 3672 3344 3744 κοσμίως
3367 3671 3706 3728 πολιτευσά-

437 3767 520 3838 gis
553 3767 644 3837 qui
677 3768 839 3822 vitam
868 3770 1145 3824 moderate
1167 3779 1220 3824 et
1251 3779 1542 3840 temperate
1577 3770 1830 3836 instituit,
1873 3770 2008 3824 nulli

436 3859 540 3912 erit
579 3859 775 3914 rationi
827 3861 1111 3917 reddenda:
1153 3863 1440 3917 obnoxius.
1491 3882 1508 3914 ι
1543 3859 1736 3917 Omnia
1764 3864 1908 3917 enim
1941 3864 2008 3917 li-

438 3962 582 4016 cent,
637 3952 729 4007 sed
769 3967 886 4006 non
917 3955 1098 4008 omnia
1119 3955 1412 4023 expediunt
1437 3953 1490 4016 ά,
1532 3975 1549 4006 ι
1587 3955 1662 4008 ait
1690 3955 2001 4024 Apostolus.

439 4039 596 4107 Quod
619 4045 666 4098 si
695 4044 876 4099 omnia
907 4045 1094 4110 licent,
1144 4045 1394 4100 videlicet
1423 4045 1759 4100 moderatum
1789 4062 2006 4116 quoque

439 4149 560 4188 esse
600 4145 654 4190 et
695 4145 1108 4200 temperantem.
1169 4136 1636 4204 Quemadmodum
1682 4153 1817 4210 ergo
1851 4139 1897 4194 is
1923 4146 2008 4194 est

439 4225 766 4290 laudandus,
795 4229 887 4298 qui
930 4229 1176 4284 libertate
1216 4245 1314 4286 sua
1359 4245 1490 4284 usus
1520 4231 1688 4285 estad
1719 4232 2010 4285 vivendum

439 4332 504 4370 ex
537 4318 734 4371 virtute
767 4336 780 4372 :
817 4319 890 4372 ita
919 4320 1088 4374 multo
1141 4323 1316 4392 magis
1371 4325 1461 4393 qui
1514 4325 1660 4379 dedit
1685 4324 1844 4378 nobis
1887 4323 2015 4378 Iibe—

440 4423 557 4460 ram
585 4409 758 4482 nostri
789 4419 1130 4478 potestatem,
1163 4421 1217 4467 et
1238 4417 1510 4471 concessit
1553 4416 1730 4469 vivere
1762 4424 1820 4469 ut
1851 4415 2015 4468 velle-

441 4503 584 4561 mus,
625 4509 710 4554 est
739 4503 1076 4555 venerandus
1116 4511 1169 4556 et
1199 4504 1532 4570 adorandus,
1569 4503 1713 4574 quod
1748 4519 1852 4556 non
1887 4518 2008 4572 per-

2111 3780 2269 3834 μενος
2298 3764 2395 3832 οὐχ
2423 3763 2716 3826 ὑπεύθυνος
2747 3763 2915 3816 ἔσται.
2945 3783 2964 3814 t
2992 3762 3176 3815 Πάντα
3205 3763 3304 3832 μὲν
3325 3761 3433 3832 γὰρ
3453 3760 3702 3826 ἔξεστιν,

2111 3855 2226 3908 ἀλλ’
2260 3856 2320 3909 οὐ
2353 3857 2531 3910 πάντα
2555 3857 2844 3927 συμφέρει,
2881 3875 2898 3907 ι
2933 3857 3095 3927 φησὶν
3123 3856 3151 3907 6
3180 3853 3521 3919 ’Δπόστολος.
3551 3855 3706 3910 Εἱδὲ

2109 3950 2202 4002 καὶ
2225 3947 2617 4017 πάνταίὲξεστι,
2647 3947 2804 4018 δῆλον
2831 3949 2912 4000 ὅτι
2946 3945 3117 4000 καὶτὸ
3135 3949 3446 4016 σωφρονεῖν.
3480 3946 3708 4018 ’Ὠσπερ

2108 4037 2200 4095 οὖν
2233 4043 2261 4094 6
2291 4044 2356 4112 τῇ
2391 4041 2608 4112 ἐξουσίᾳ
2641 4042 2720 4102 είς
2751 4040 2813 4092 τὸ
2840 4041 2959 4094 κατ’
2992 4037 3192 4110 ἀρετὴν
3225 4036 3420 4107 βιῶσαι
3450 4054 3706 4110 συγκρη-

2111 4133 2344 4204 σάμενος
2371 4131 2670 4197 ἐπαινετὸς,
2704 4130 2846 4184 οὕτω
2865 4129 2996 4183 πολὺ
3035 4129 3232 4200 μᾶλλον
3255 4130 3284 4181 ὁ
3308 4126 3405 4199 τὴν
3437 4127 3702 4192 ἐξουσίαν

2117 4225 2250 4296 ἡμῖν
2275 4222 2521 4286 δεδωκὼς
2550 4221 2838 4294 ἐλευθέραν
2880 4221 2974 4275 καὶ
3014 4219 3238 4291 κυρίαν,
3274 4220 3367 4273 καὶ
3401 4223 3702 4291 συγχωρή-

2118 4335 2217 4381 σας
2246 4319 2378 4388 ἡμῖν
2413 4315 2559 4386 βιοῦν
2585 4315 2660 4379 ὡς
2692 4313 3009 4384 βουλόμεθα,
3039 4313 3234 4383 σεμνὸς
3261 4312 3356 4364 καὶ
3389 4329 3708 4383 προσκυνη-

2113 4411 2226 4474 τὸς,
2264 4410 2338 4481 μὴ
2371 4409 2534 4472 ἐάσας
2559 4406 2824 4462 δουλεύειν
2857 4408 2888 4476 ἡ
2899 4404 3015 4476 μῶν
3045 4403 3186 4458 κατὰ
3216 4405 3460 4474 ἀνάγκην
3491 4404 3694 4468 τάςαξ.

2117 4502 2294 4575 ρέσεις
2327 4502 2420 4556 καὶ
2445 4501 2544 4564 τὰς
2582 4499 2780 4570 φυγάς.
2817 4499 2880 4552 El
2909 4499 2966 4552 δὲ
2996 4499 3059 4551 τὸ
3089 4496 3243 4560 ἀδεὲς
3273 4498 3534 4570 ἑκάτερος
3555 4496 3702 4568 ἔχει,

443 4591 674 4654 miserit,
711 4603 768 4647 ut
813 4605 996 4648 nostra
1024 4597 1217 4652 electio
1239 4607 1292 4652 et
1329 4597 1514 4652 vitatio
1535 4599 1789 4667 cuiquam
1820 4614 2010 4653 ncces-

2117 4598 2142 4650 ὄ
2175 4613 2234 4648 τε
2273 4595 2538 4668 ἀκρασίαν
2582 4595 2610 4647 ὃ
2641 4611 2701 4646 τε
2737 4592 3060 4662 ἐγκράτειαν
3098 4589 3382 4661 ἐλόμενος,
3437 4588 3574 4642 ἀλλὰ
3629 4588 3699 4642 τὸ

443 4684 590 4738 sario
617 4685 862 4739 serviret.
908 4685 963 4741 Si
999 4697 1082 4742 est
1115 4697 1294 4742 autem
1329 4699 1554 4758 uterque
1579 4705 1732 4757 teque
1759 4705 2010 4753 securus,

441 4785 496 4830 et
524 4776 618 4844 qui
649 4779 1116 4845 incontinentiam,
1151 4789 1206 4832 et
1229 4780 1319 4847 qui
1347 4780 1737 4834 continentiam
1769 4780 2010 4850 elegerit,

445 4884 551 4922 non
577 4877 660 4921 est
687 4877 864 4922 tamen
888 4883 955 4923 ex
985 4885 1142 4938 aequo
1167 4870 1472 4924 ‘lionestum
1505 4878 1558 4924 et
1583 4871 1863 4925 decorum.
1905 4869 2010 4936 Qui

441 4955 586 5010 eiiim
628 4955 850 5026 impegit
898 4957 951 5012 iu
999 4957 1324 5027 voluptates,
1371 4959 1704 5027 gratiﬁcatur
1745 4961 1958 5029 corpori
1995 4979 2007 5013 :

444 5056 754 5118 temperans
795 5057 975 5102 autem
1013 5050 1251 5104 animam
1290 5052 1532 5120 corporis
1571 5051 1846 5106 dominam
1883 5052 2014 5104 libe-

447 5151 533 5193 rat
582 5155 612 5194 a
654 5140 1166 5208 perturbationibus.
1210 5141 1272 5195 Et
1309 5143 1352 5195 si
1389 5141 1574 5198 dicant
1596 5160 1694 5198 nos
1732 5161 1750 5192 ε
1790 5151 2008 5198 vocatos

409 5231 614 5286 °fuisse
656 5232 709 5285 in
750 5232 1074 5298 libertatem,
1109 5235 1454 5288 solummodo
1491 5251 1557 5287 ne
1583 5235 1920 5303 praebeamus
1946 5234 2010 5286 li-

519 5352 576 5410 ›Ῑ‹
615 5347 673 5401 Ρ.
702 5350 806 5404 529
831 5350 936 5406 EI).
960 5350 1376 5414 POTTER,445
1415 5351 1760 5408 ED.PARIS.
1789 5367 1816 5394 ι
1847 5352 2048 5408 Jerem.
2082 5367 2184 5412 xu,
2212 5351 2261 5404 l.

441 5430 521 5484 Vt,
555 5417 622 5473 15
641 5436 655 5485 ;
698 5437 755 5486 κ,
776 5420 865 5476 25.

517 5529 1130 5620 (9.0)!Hap'o5t‘5rorteg.
1181 5533 1587 5620 Παροξύναντες
1621 5535 1874 5620 Μξιιιιοῂη
1921 5534 2011 5619 ubi

447 5617 602 5676 mox,
637 5603 694 5676 ἐν
727 5607 838 5676 τοῖς
858 5603 1180 5676 λογισθείη,
1211 5603 1373 5658 καλὸν
1408 5605 1634 5660 ἐνώπιον
1665 5605 1885 5676 Κυρίου,
1924 5606 2015 5657 καὶ

447 5672 503 5722 ἐν
529 5671 720 5745 *αυτοῖς
739 5673 914 5745 -αὑ-τδς
947 5673 1226 5745 εὐδόκησε.

519 5739 895 5814 (ἫΓΙγόὖν.
929 5780 942 5814 ε
967 5739 1424 5814 ἐπιμέμνήμεθα.
1448 5744 1729 5808 Usitatius,
1761 5745 1825 5797 iv"
1852 5741 2010 5797 οὖν...

447 5809 889 5879 ἰπιμεμνώμεθα.
927 5809 1187 5870 Suebae.

2073 4691 2076 4694 ’
2113 4687 2328 4758 σεμνὸν,
2362 4687 2457 4757 οὐχ
2487 4686 2694 4756 ὅμοιον.
2740 4684 2797 4738 ’0
2831 4684 2930 4756 μὲν
2961 4681 3069 4753 γὰρ
3085 4684 3164 4744 είς
3195 4680 3385 4752 ἡδονὰς
3414 4680 3698 4745 εξοκείλας

2116 4781 2325 4850 σώματι
2355 4778 2654 4850 χαρίζεται,
2691 4779 2720 4831 ὁ
2747 4775 2803 4830 δὲ
2840 4774 3072 4847 σώφρων
3096 4774 3194 4845 τὴν
3222 4773 3420 4844 κυρίαν
3453 4773 3548 4826 τοῦ
3585 4773 3702 4826 σώ-

2118 4888 2285 4941 ματος
2317 4870 2493 4940 ψυχὴν
2527 4867 2801 4939 ἐλευθεροῖ
2831 4866 2939 4920 τῶν
2969 4865 3178 4919 παθῶν.
3213 4864 3329 4918 Κᾶν
3361 4867 3449 4918 ἐπ’
3472 4864 3694 4918 ἐλευθε-

2120 4964 2210 5034 ρίᾳ
2248 4961 2542 5032 κεκλῆσθαι
2569 4959 2798 5029 λέγωσιν
2825 4959 2994 5030 ἡμᾶς,
3032 4958 3192 5029 μόνον
3231 4955 3437 5028 μὴ-τὴν
3473 4955 3696 5009 ἐλευθεο

2119 5055 2241 5126 ρίαν
2282 5055 2361 5116 εἰς
2406 5053 2659 5124 ἀφορμὴν
2704 5053 2768 5124 τῇ
2815 5051 2979 5123 σαρκὶ
3010 5049 3360 5120 παρέχωμεν,
3411 5047 3558 5102 κατὰ
3598 5047 3698 5100 τὸν

2129 5143 2474 5196 Ἀπόστολονο
2518 5145 2567 5195 εἰ
2594 5143 2654 5196 δὲ
2683 5140 2951 5212 ἐπιθυμίᾳ
2977 5139 3284 5212 χαριστέον,
3318 5140 3413 5193 καὶ
3443 5139 3538 5192 τὸν
3565 5139 3698 5191 ἔπος

2117 5235 2376 5287 νείδιστον
2411 5234 2522 5304 βίον
2553 5233 2842 5304 ἀδιάφορον
2867 5233 3120 5303 ἡγητέον,
3143 5232 3218 5294 ὡς
3243 5231 3399 5283 αὐτοὶ
3416 5230 3696 5299 λέγουσιν,

2359 5349 2386 5388 δ
2419 5348 2576 5404 Rom.
2611 5365 2695 5404 ιιι.
2734 5348 2786 5402 8.
2866 5359 2888 5386 ε
2920 5347 3147 5402 Malacb.
3199 5363 3259 5414 ιι,
3292 5347 3377 5401 l7.
3451 5345 3480 5384 ά
3509 5345 3526 5399 Ι
3557 5347 3688 5402 Cor.

2193 5533 2309 5602 (ἓξ)
2351 5531 2769 5599 Ὀνυχίζοντες.
2810 5531 2865 5602 ld
2892 5541 2986 5602 "est
3016 5529 3534 5602 dxpt607toyoﬁwsc.
3579 5527 3690 5582 ﬂe-

2193 5546 2309 5602 tu)
2354 5546 2769 5599 ὐνυχιςοντες.
2810 5546 2865 5584 tu
2907 5546 2986 5586 est
3033 5546 3534 5654 ακὲὲοολοῖουντες.
3579 5546 3690 5582 ne-

2123 5603 2650 5682 §¥ClllU§_,‘_'0_VUxL€E,
2677 5600 3096 5682 gntpelt'bg‘égsr
3171 5617 3240 5656 ει.
3313 5599 3431 5654 linc
3465 5615 3696 5670 prover-

2125 5673 2271 5743 bium
2316 5670 2641 5743 Ἐξῌδνυῇος,
2674 5670 2865 5743 Latine
2901 5690 2918 5722 ι
2943 5671 3021 5743 Ad
3053 5685 3309 5743 unguem.
3344 5689 3364 5721 δ

2194 5742 2305 5810 (23)
2351 5736 2561 5810 Δῆλοντ
2592 5740 2696 5796 ὅτι.
2745 5740 2889 5797 Flor.
2923 5741 3048 5796 edit.
3091 5736 3383 5812 coniuncte
3420 5736 3690 5812 δηλονότι.

2126 5812 2383 5867 Susum.
