3946 6514
169 386 205 440 ί
215 388 236 439 1
247 383 325 438 ιε
1458 379 1752 439 5ΤΒΟΜΛ⁶

1864 380 1891 435 ιι
1931 379 2059 435 LIB.
2102 379 2190 435 Ill.
3321 374 3462 428 illiti

163 502 297 573 ἦτοι
315 500 491 555 πάντα
520 503 641 564 ταῖς
669 500 992 572 ἐπιθυμίαις
1016 503 1270 555 πειστέον
1299 503 1394 556 καὶ
1422 504 1471 556 εί
1491 502 1672 565 τοῦτο,
1698 502 1752 556 τὲ

1874 502 2160 567 bertatem,
2221 501 2279 555 in
2323 499 2670 556 occasionem
2720 498 2965 564 carnia,
3000 517 3022 550 ι
3076 512 3140 551 ex
3188 493 3459 551 sententia

162 592 554 662 ἀσελγέστατα
576 597 669 648 καὶ
692 593 1032 649 ἀνοσιώτατα
1060 597 1338 668 πρακτέον
1362 596 1596 659 ἅπαντα,
1636 598 1752 649 ἐπο-

1868 595 2137 664 Apostoli.
2180 591 2240 648 Si
2268 602 2453 649 autem
2497 592 2787 664 cupiditati
2815 602 2893 647 est
2925 586 3368 659 obsequendum,
3404 595 3461 641 et

167 687 378 755 μένους
412 688 527 749 τοῖς
569 685 957 741 ἀναπείθουσιν
992 689 1170 758 ἡμᾶς·
1220 688 1253 757 ἠ
1295 688 1403 742 τῶν
1454 687 1761 759 ἐπιθυμιῶν

163 794 329 841 τινας
363 777 740 849 ἐκκλινοῦμεν,
791 778 887 834 καὶ
920 780 1021 833 οὐκ
1054 780 1134 833 ἐτι
1174 780 1482 852 ἀδιαφόρως
1515 779 1760 850 βιωτέον,

164 871 297 925 οὐδὲ
350 871 576 941 ἀναίδην
623 872 937 927 δουλευτέον
978 875 1091 937 τοῖς
1135 874 1487 945 ἀτιμοτάτοις
1538 874 1763 946 μέρεσιν

165 964 355 1033 ἡμῶν,
400 965 601 1035 γαστρὶ
660 967 756 1019 καὶ
815 965 1076 1030 αἰδοίοις,
1139 966 1208 1019 δι’
1257 965 1554 1034 ἐπιθυμίαν
1608 965 1763 1018 κολα-

165 1058 443 1109 κευόντων
490 1055 585 1109 τὸν
630 1056 901 1127 ἡμέτερον
935 1056 1128 1128 νεκρόν
1160 1056 1291 1127 (Ξιί).
1339 1057 1614 1128 Τρέφεται
1650 1054 1762 1127 γὰρ

162 1146 270 1198 καὶ
300 1144 644 1209 ζωοποιεῖται
675 1146 1070 1219 διακονουμένη
1110 1150 1193 1212 εἰς
1236 1148 1537 1201 ἀπόλαυσιν
1573 1146 1761 1202 ἐπιθυ-

167 1238 307 1308 μία,
338 1237 590 1311 καθάπερ
629 1239 864 1311 ἔμπαλιν
897 1240 1225 1313 κολουομένη
1260 1240 1600 1312 μαραίνεται.
1634 1238 1761 1303 Πῶς

160 1329 231 1383 δέ
258 1332 375 1384 ἐστι
393 1330 637 1397 δυνατὸν,
675 1334 981 1404 ἡττηθέντα
999 1334 1108 1387 τῶν
1132 1332 1228 1388 τοῦ
1258 1332 1509 1405 σώματος
1533 1329 1757 1403 ἡδονῶν,

161 1421 552 1493 ἐξομοιοῦσθαι
580 1424 661 1497 τῷ
700 1427 913 1499 Κυρίῳ,
956 1427 989 1499 ἢ
1043 1424 1244 1497 γνῶσιν
1271 1426 1416 1496 ἔχειν
1447 1424 1624 1489 Θεοῦ;
1654 1424 1770 1477 Πά-

164 1532 275 1587 σης
296 1515 406 1589 γὰρ
437 1518 631 1591 ἡδονῆς
659 1520 926 1592 ἐπιθυμία
954 1522 1219 1593 κατάρχει
1237 1537 1250 1549 ο
1287 1519 1555 1590 ἐπιθυμία
1585 1518 1642 1572 δὲ
1668 1517 1761 1570 λύ-

164 1624 250 1678 πη
292 1625 377 1672 τις
432 1611 526 1663 καὶ
565 1613 809 1683 φροντὶς,
856 1613 925 1666 δι’
972 1612 1184 1667 ἔνδειαν
1233 1612 1541 1686 ὀρεγομέντι
1591 1611 1757 1674 τινός.

168 1700 328 1753 Ἵλατ’
367 1702 469 1756 οὐκ
498 1703 626 1757 ἄλλο
656 1705 710 1758 τί
740 1722 832 1776 μοι
862 1705 1115 1760 δοκοῦσιν
1151 1707 1203 1759 οι
1240 1704 1431 1759 τοῦτον
1476 1707 1758 1776 ἐπανῃρη-

166 1793 326 1862 μένοι
351 1795 444 1849 τὺν
477 1798 702 1869 τρόπον,
732 1796 846 1851 ἀλλ’
875 1798 990 1869 ἢτὸ
1017 1797 1311 1869 λεγόμενον
1341 1797 1406 1867 δὴ
1441 1797 1621 1859 τοῦτο,

1865 701 1985 755 quin
2030 685 2295 755 probrosa
2338 691 2424 740 est
2481 693 2538 740 et
2579 684 2758 754 turpis
2801 683 2913 736 vita
2942 692 3204 752 tanquam
3246 676 3459 733 indid‘e—

1866 794 1993 833 rens
2012 786 2097 833 est
2123 778 2394 849 eligenda,
2449 784 2511 832 ut
2538 774 2644 847 ipsi
2674 775 2896 840 dicunt;
2939 781 3035 828 aut
3063 771 3457 841 cupiditatibus

1863 878 1947 924 est
1977 870 2204 925 omnino
2248 868 2576 938 parendum,
2622 875 2678 922 et
2721 867 2767 919 si
2796 865 2899 919 hoc
2948 864 3022 918 ita
3052 872 3159 928 est,
3210 860 3457 917 facienda

1863 970 1993 1015 sunt
2037 961 2245 1031 quaevis
2279 966 2338 1024 ›Ῑ‹
2373 958 2811 1029 impudicissinta
2853 964 2908 1010 et
2946 955 3188 1009 maxime
3224 953 3455 1018 nefaria,

1863 1070 1959 1107 eos
1986 1052 2285 1122 sequendo,
2334 1052 2429 1122 qui
2461 1051 2625 1106 nobis
2674 1048 3006 1117 persuadent
3038 1065 3053 1101 :
3082 1054 3178 1101 ant
3207 1055 3336 1101 sunt
3358 1044 3461 1098 ali-

1863 1160 1985 1214 qua:
2013 1144 2353 1199 declinanda:
2383 1139 2738 1212 cupiditates,
2774 1149 2830 1195 et
2858 1156 2967 1195 non
2998 1148 3083 1193 est
3107 1138 3343 1208 amplius
3379 1138 3463 1190 vi-

1862 1237 2097 1291 vendum
2144 1234 2538 1299 indiil‘erenter,
2590 1248 2767 1302 neque
2813 1241 2898 1287 est
2944 1231 3291 1302 impudenter
3337 1243 3458 1283 ser-

1861 1330 2114 1385 viendum
2166 1328 2451 1384 vilissimis
2495 1335 2553 1382 et
2594 1316 2985 1394 abjectissimis
3035 1322 3237 1378 nostris
3282 1320 3455 1390 parti-

1861 1424 1988 1490 bus,
2034 1423 2207 1477 ventri
2239 1430 2294 1475 et
2323 1420 2614 1491 pudendis.
2662 1418 2795 1472 dum
2847 1416 3147 1487 cupiditate
3176 1413 3326 1468 ducti
3357 1426 3459 1466 no-

1863 1523 1982 1570 stro
2014 1513 2329 1569 blandimur
2353 1513 2630 1569 cadaveri.
2684 1510 2937 1566 Nutritnr
2961 1510 3108 1565 enim
3141 1517 3193 1563 et
3216 1504 3459 1561 viviﬁca-

1863 1609 1957 1663 tnr
2008 1606 2304 1677 cupiditas,
2369 1606 2500 1661 dum
2553 1606 2603 1659 ei
2660 1605 2967 1673 voluptates
3019 1600 3453 1656 ministrantnr:

1868 1698 2332 1770 quemadmodum
2373 1713 2570 1754 rursus
2604 1696 2651 1753 si
2683 1695 3013 1767 impediatur
3041 1702 3096 1748 et
3119 1690 3457 1748 interim-be-

1796 1790 1839 1847 Β
1870 1803 1979 1861 tur,
2018 1791 2312 1848 ﬂaccescit.
2336 1790 2628 1858 Quomodo
2657 1799 2839 1845 autem
2874 1788 2991 1842 ﬁeri
3022 1795 3222 1857 potest,
3271 1793 3332 1838 ut
3360 1781 3457 1852 qui

162 1892 351 1946 victus
402 1890 489 1948 est
543 1907 575 1946 a
623 1894 994 1964 voluptatibus
1040 1893 1310 1964 corporis,
1352 1891 1595 1947 Domino
1635 1890 1989 1952 assimiletur,
2039 1899 2135 1943 ant
2190 1886 2285 1943 Dei
2337 1887 2535 1941 habeat
2610 1882 3015 1955 cognitionem?
3065 1878 3258 1934 Omnis
3308 1880 3454 1933 enim

162 1982 467 2053 voluptatis
513 1985 843 2055 principium
893 1993 979 2041 est
1006 1984 1280 2056 cupiditas
1309 1998 1326 2037 :
1354 1983 1629 2054 cupiditas
1656 1974 1839 2037 autem
1870 1989 1953 2037 est
2000 1978 2252 2035 molestia
2280 1986 2335 2032 et
2392 1977 2731 2039 sollicitudo,
2785 1990 2909 2044 quae
2959 1980 3181 2042 propter
3232 1979 3454 2039 egesta-

165 2085 279 2130 tem
318 2078 523 2148 aliquid
551 2079 776 2149 appetit.
818 2079 1002 2145 Quare
1046 2079 1185 2134 nihil
1228 2078 1377 2133 aliud
1430 2077 1566 2132 mihi
1620 2077 1901 2139 videntur,
1928 2073 2023 2143 qui
2055 2073 2196 2128 hanc
2241 2071 2367 2125 vita:
2425 2070 2694 2125 rationem
2742 2066 3078 2136 suscipiunt,
3111 2061 3451 2134 quamqqu

165 2167 393 2235 dicitur,

243 2320 258 2331 .
305 2321 318 2333 .
362 2319 375 2332 .
421 2320 435 2332 .
481 2319 495 2335 .
525 2281 684 2349 Πρός
700 2280 750 2334 τ’
776 2280 1264 2352 αῖσχεσινᾶλγεα
1289 2280 1578 2350 πάσχειν

162 2413 505 2468 ἐπίσπαστον
544 2412 758 2475 ἑαυτοῖς
792 2411 1107 2483 αἱρούμενοι
1148 2413 1318 2466 κακὸν
1351 2411 1487 2483 (25),
1531 2410 1627 2465 νῦν
1665 2411 1760 2465 καὶ

160 2509 227 2569 ἐς
273 2503 517 2576 ὕστερον.
574 2504 638 2556 Εἰ
687 2504 788 2574 μὲν
826 2499 918 2558 οὖν
954 2504 1131 2559 πάντα
1168 2505 1330 2576 ἐξῆν,
1365 2506 1457 2559 καὶ
1491 2505 1659 2577 μηδὲν
1689 2501 1758 2577 ἦν

160 2599 285 2662 δέος
328 2599 618 2668 ἀποτυχεῖν
665 2597 765 2669 τῆς
812 2596 1025 2661 ἐλπίδος
1069 2598 1157 2652 διὰ
1210 2599 1439 2670 πράξεις
1488 2597 1754 2670 πονηρὰς,

163 2695 300 2756 tam;
325 2688 392 2764 ἦν
423 2690 488 2745 ἄν
521 2707 605 2754 τις
644 2691 828 2754 αὐτοῖς
858 2691 1131 2763 πρόφασις
1168 2691 1263 2745 τοῦ
1292 2692 1441 2763 βιοῦν
1477 2692 1664 2755 κακῶς
1689 2710 1751 2745 τε

161 2786 263 2840 καὶ
291 2784 572 2850 ἐλεεινῶς·
613 2785 735 2839 ἐπεὶ
760 2785 817 2839 δὲ
851 2784 963 2855 βίος
993 2803 1078 2849 τις
1109 2788 1240 2856 ἡμῖν
1279 2787 1551 2857 μακάριος
1574 2784 1641 2838 δι’
1674 2788 1754 2839 ἐν·

158 2877 336 2930 στολῶν
382 2878 765 2944 ἐπιδέδεικται,
817 2872 863 2947 ᾧ
907 2876 1012 2949 χρὴ
1046 2878 1253 2942 πάντας
1297 2878 1617 2949 ἑπομένους,
1675 2876 1752 2949 μὴ

163 2972 575 3045 παρακοῦοντας
600 2974 708 3027 τῶν
732 2974 1038 3047 εἰρημένων
1061 2974 1224 3039 τινὸς,
1258 2975 1394 3046 μηδὲ
1426 2973 1751 3046 ὀλιγωροῦν-

1943 2246 2098 2302 Ultra
2126 2248 2469 2320 ignominiam
2496 2251 2693 2304 sentire
2720 2248 2963 2311 dolores;

1867 2370 1927 2416 ut
1954 2362 2049 2432 qui
2078 2362 2280 2417 malum
2320 2379 2351 2417 a
2384 2377 2444 2443 se
2472 2363 2823 2427 accersitum,
2858 2376 3023 2417 nunc
3068 2367 3121 2415 et
3164 2358 3218 2414 in
3264 2365 3452 2429 poste-

1862 2469 1986 2509 rum
2036 2455 2259 2526 eligant.
2303 2453 2359 2509 Si
2394 2470 2527 2525 ergo
2585 2474 2605 2507 ι
2645 2454 2832 2510 omnia
2880 2455 3131 2517 licerent,
3164 2472 3183 2505 ι
3245 2468 3346 2507 nec
3387 2452 3456 2507 ti-

1864 2544 2122 2600 mendum
2174 2555 2320 2600 esset
2370 2562 2439 2599 ne
2472 2561 2503 2600 a
2536 2562 2633 2615 spe
2656 2547 3038 2600 excideremus
3092 2555 3310 2615 propter
3334 2550 3457 2599 'ma-

1856 2637 1942 2691 las
1987 2636 2261 2703 actiones,
2301 2644 2450 2690 esset
2497 2636 2730 2691 fortasse
2779 2637 2860 2690 eis
2887 2635 3087 2704 aliquis
3137 2644 3452 2703 praetextus,

1859 2743 1958 2783 cur
1981 2726 2123 2780 male
2152 2726 2399 2779 viverent
2426 2734 2481 2779 et
2509 2726 2913 2780 miserabiliter.
2956 2723 3232 2791 Quoniam
3269 2733 3451 2778 autem

1856 2817 1970 2872 vita
2014 2816 2175 2871 beata
2220 2815 2380 2870 nobis
2423 2824 2645 2870 Ostensa
2683 2825 2769 2871 est
2820 2831 2915 2885 per
2956 2825 3245 2885 praecepta,
3282 2831 3446 2885 quam

1857 2916 2072 2978 oportet
2117 2922 2313 2963 omnes
2345 2916 2662 2978 sequentes,
2692 2922 2791 2962 nec
2819 2907 3031 2976 aliquid
3056 2921 3273 2968 eorum,
3326 2920 3451 2974 qua:

1857 2999 2003 3054 dicta
2028 3006 2178 3062 sunt,
2210 3013 2496 3068 perperam
2529 2999 2913 3070 intelligentes,
2941 3014 3041 3053 nec
3065 3014 3281 3063 eorum,
3329 3008 3452 3066 qua:

158 3086 266 3132 τας
296 3067 403 3121 τῶν
438 3068 858 3141 προσηκόντων,
900 3068 1001 3122 κᾶν
1032 3069 1312 3140 ἐλάχιστον
1344 3064 1415 3142 ᾗ,
1458 3067 1688 3122 ἕπεσθαι
1715 3061 1751 3143 ᾖ

1864 3093 2133 3158 convenit,
2187 3091 2417 3162 aliquid,
2463 3094 2565 3148 etsi
2603 3093 2675 3147 sit
2705 3093 2791 3148 vel
2833 3091 3145 3153 minimum,
3203 3099 3451 3144 conten.»

156 3162 232 3215 ἂν
271 3164 302 3215 6
340 3162 493 3231 λόγος
537 3162 769 3233 ἡγῆταυ
804 3163 854 3215 εἰ
897 3161 1230 3233 σφαλείημεν
1262 3160 1449 3225 αὑτοῦ,
1494 3161 1750 3232 ἀθανάτῳ

159 3253 321 3326 κακῷ
349 3255 458 3327 (26)
503 3259 817 3327 περιπεσεῖν
855 3255 1098 3326 ἀνάγκη·
1150 3254 1657 3327 κατακολουθήσασι
1691 3254 1751 3308 δὲ

156 3350 230 3417 τῇ
263 3346 383 3417 θεία
415 3347 628 3417 Γραφῇ,
671 3346 740 3399 δι’
774 3342 842 3419 ἦς
878 3346 1155 3400 ὁδεύουσιν
1203 3349 1252 3400 οι
1303 3347 1747 3410 πεπιστευκότες,

158 3440 188 3492 ἐ
204 3438 545 3509 ξομοιοῦσθαι
570 3439 711 3494 κατά
740 3438 966 3508 δύναμιν
986 3438 1063 3509 τῷ
1085 3440 1294 3511 Κυρίῳ,
1322 3440 1421 3493 οὐκ
1443 3439 1751 3510 ἀδιαφόρως

161 3532 414 3602 βιωτέον,
462 3531 597 3585 ἀλλά
630 3532 995 3603 καθαρευτέον
1036 3535 1116 3596 εἰς
1148 3532 1374 3604 δύναμιν
1406 3532 1514 3584 τῶν
1546 3531 1751 3603 ἡδονῶν

159 3627 257 3678 xz".
302 3623 411 3678 τῶν
457 3624 786 3695 ἐπιθυμιῶν,
823 3625 1181 3696 ἐπιμελητέον
1227 3643 1286 3679 τε
1342 3625 1441 3694 τῆς
1477 3624 1677 3696 ψυχῆς,
1714 3618 1748 3699 ᾖ

158 3715 306 3785 πρὸς
345 3715 493 3785 μόνῳ
530 3715 609 3786 τῷ
648 3716 789 3787 Θείῳ
819 3716 1204 3770 διατελεστέον.
1242 3715 1496 3785 Καθαρὸς
1522 3714 1632 3785 γάρ
1673 3712 1749 3767 ὢν

158 3812 258 3865 καὶ
303 3811 483 3881 πάσης
534 3812 731 3875 κακίας
781 3810 1200 3881 ἀπηλλαγμένος
1236 3812 1265 3863 6
1309 3808 1455 3873 νοῦς,
1501 3808 1751 3871 δεκτικὰς

156 3918 284 3965 πως
327 3901 560 3972 ὑπάρχει
597 3903 699 3972 τῆς
728 3901 823 3955 τοῦ
868 3900 1002 3956 Θεοῦ
1044 3900 1348 3971 δυνάμεως,
1381 3898 1750 3969 ἀνισταμένης

156 4001 222 4052 ἐν
270 3997 422 4068 αὐτῷ
474 3998 575 4068 τῆς
633 3996 785 4061 θείας
829 3998 1069 4062 εἰκόνοςο
1139 4014 1157 4049 ι
1220 3997 1331 4050 Καὶ
1386 3996 1494 4058 πᾶς
1531 3997 1560 4048 6
1610 3993 1750 4064 έχων

153 4092 262 4161 τὴν
307 4089 495 4143 ἐλπίδα
542 4091 748 4161 ταύτην
797 4090 891 4144 ἐπὶ
944 4088 1024 4161 τῷ
1084 4088 1276 4160 Κυρίῳ
1322 4086 1464 4160 (27),
1515 4084 1746 4155 ἁγνίζει,

158 4183 354 4253 φησιν,
404 4183 595 4236 ἐαυτὸν
646 4181 779 4251 (‘28),
826 4181 1010 4245 καθὼς
1050 4184 1257 4245 ἐκεῖνος
1302 4180 1463 4249 ἁγνός
1512 4182 1679 4233 ἐστιν.
1724 4200 1743 4231 ι

154 4273 300 4328 Θεοῦ
332 4274 390 4328 δὲ
420 4274 622 4341 γνῶσιν
650 4274 834 4329 λαϐεῖν
865 4276 978 4338 τοῖς
1008 4274 1088 4327 ἔτι
1124 4273 1230 4327 ὑπὸ
1261 4273 1369 4326 τῶν
1399 4271 1587 4326 παθῶν
1619 4272 1750 4341 ἀγο-

158 4366 350 4440 μένοις
399 4366 690 4421 ἀδύνατον’
738 4366 933 4422 οὐκοῦν
972 4368 1091 4421 οὐδὲ
1141 4368 1241 4439 τῆς
1291 4366 1505 4431 ἐλπίδος
1541 4369 1745 4438 τυχεῖν,

1856 3192 2065 3251 nentes,
2122 3184 2276 3254 sequi
2304 3199 2415 3253 quo
2447 3185 2604 3256 logos
2626 3185 2806 3252 ducit;
2830 3185 2985 3255 quia,
3017 3185 3063 3239 si
3093 3184 3163 3237 ab
3190 3199 3255 3237 eo
3291 3184 3449 3236 abero

1854 3271 2181 3335 raverimus,
2213 3273 2267 3326 in
2299 3273 2501 3327 malum
2536 3274 2846 3328 immortale
2876 3274 3187 3328 incidamus
3225 3288 3449 3327 necesse

1851 3372 1970 3429 cst;
1999 3363 2043 3418 si
2075 3362 2317 3416 divinam
2350 3375 2533 3417 autem
2575 3361 2918 3434 Scripturam
2949 3364 3121 3418 secuti
3157 3363 3445 3427 fuerimus,

1854 3471 1948 3524 per
1976 3471 2140 3526 quam
2172 3456 2583 3527 ingrediuntur,
2631 3456 2725 3525 qui
2760 3455 3131 3521 crediderunt,
3169 3464 3226 3509 ut
3258 3455 3448 3509 Domi-

1854 3562 1945 3611 no,
1981 3546 2165 3615 quoad
2194 3545 2312 3602 ﬁeri
2341 3555 2543 3616 potest,
2579 3546 2977 3612 assimilentur,
3008 3560 3115 3600 non
3141 3555 3224 3601 est
3261 3548 3447 3601 viven-

1851 3636 1983 3691 dum
2030 3636 2425 3703 indiil'erenter,
2480 3636 2575 3691 sed
2626 3652 2737 3706 pro
2780 3635 2994 3690 viribus
3044 3635 3281 3690 mundos
3324 3649 3447 3689 esse

1852 3734 2067 3796 oportet
2092 3742 2123 3782 a
2147 3715 2522 3797 voluptatibus
2548 3736 2602 3779 et
2631 3725 3046 3795 cupiditatibus,
3095 3740 3337 3794 curaque
3363 3733 3446 3779 est

1852 3817 2090 3888 gerenda
2143 3818 2362 3884 animae,
2418 3834 2526 3888 qua
2572 3818 2715 3887 apud
2764 3818 2939 3872 solum
2991 3817 3160 3872 Deum
3194 3830 3448 3889 perseve-

1852 3912 2084 3965 randum
2137 3921 2241 3966 est.
2307 3909 2460 3965 Mens
2513 3911 2682 3975 enim,
2747 3925 2869 3979 qua:
2913 3919 2999 3964 est
3041 3910 3251 3964 munda.
3286 3917 3340 3964 et
3374 3910 3444 3963 ah

1851 4002 2003 4057 omni
2029 4002 2164 4057 vitio
2189 4003 2383 4065 libera,
2413 4012 2495 4055 cst
2522 4000 2931 4071 quodammodo
2958 4009 3081 4069 apta
3110 3999 3175 4053 ad
3202 4008 3444 4069 potesta-

1852 4104 1962 4151 tem
1997 4094 2092 4151 Dei
2122 4095 2554 4165 suscipiendam,
2603 4109 2729 4148 cum
2769 4093 2952 4147 divina
2998 4092 3054 4146 in
3097 4109 3160 4146 ea
3188 4102 3444 4161 assurgat

1854 4188 2036 4258 imago
2066 4207 2080 4241 :
2138 4205 2157 4239 ι
2188 4186 2255 4240 Ει
2289 4187 2609 4257 quicunque
2656 4185 2821 4239 habet
2866 4184 3011 4239 hanc
3047 4198 3201 4254 spem
3247 4183 3303 4237 in
3335 4182 3443 4239 Do-

1854 4279 2026 4346 mino,
2094 4278 2364 4348 seipsum,
2403 4296 2421 4328 ι
2484 4274 2689 4346 inquit,
2750 4293 2767 4327 ι
2805 4274 3069 4329 mundum
3118 4282 3441 4343 castumque

1853 4369 2004 4437 facit,
2054 4378 2326 4440 quatenus
2366 4370 2455 4423 ille
2480 4376 2566 4423 est
2594 4375 2781 4422 castus
2813 4366 2863 4420 δ.
2911 4364 2980 4420 Ut
3009 4367 3046 4419 ii
3070 4376 3253 4439 aptent
3290 4366 3440 4420 acci-

157 4459 440 4531 μηδεμίαν
484 4458 580 4513 τοῦ
622 4457 758 4512 Θεοῦ
795 4459 995 4529 γνῶσιν
1041 4459 1465 4529 πεποιημένοις⁸
1513 4455 1607 4510 καὶ
1655 4455 1749 4509 τοῦ

1864 4460 2010 4530 piant
2041 4457 2135 4515 Dei
2169 4460 2558 4530 cognitionem,
2589 4458 2681 4529 qui
2707 4458 2887 4514 adhuc
2911 4459 3188 4514 ducuntur
3214 4462 3284 4514 ab
3309 4459 3442 4514 aﬂ'e-

156 4550 266 4621 μὲν
311 4549 780 4621 ἀποτυγχάνοντος
823 4538 975 4603 τοῦδε
1022 4548 1120 4602 τοῦ
1166 4548 1358 4613 τέλους
1402 4550 1435 4620 ἡ
1468 4546 1565 4602 τοῦ
1613 4546 1749 4601 Θεοῦ

151 4640 354 4708 ἄγνοια
385 4643 712 4713 κατηγορεῖν
742 4640 911 4693 ἐοικε’
940 4640 1004 4693 τὸ
1027 4640 1085 4693 δὲ
1107 4642 1321 4708 ἀγνοεῖν
1333 4641 1425 4693 τὸν
1439 4639 1573 4693 Θεὸν
1598 4641 1631 4710 ἡ
1653 4638 1749 4692 τοῦ

153 4734 280 4806 βίου
315 4733 557 4790 πολιτεία
589 4735 936 4808 παρίστησιν.
987 4736 1311 4791 Παντάπασι
1344 4734 1454 4808 γάρ
1489 4734 1749 4790 ἀδύνατον

150 4826 282 4899 ἅμα
312 4844 374 4881 τε
402 4828 496 4882 καὶ
526 4829 871 4899 ἐπιστήμονα
916 4824 1056 4881 εἶναι
1075 4866 1090 4891 ,
1124 4827 1219 4881 καί
1241 4826 1338 4898 τὴν
1371 4827 1467 4880 τοῦ
1494 4824 1749 4896 σώματος

233 4950 297 5009 νβ
324 4932 691 5001 ῘῖἿὶῦθἘῐ).
738 4942 1033 5010 POTTER,
1089 4944 1196 4999 LM
1240 4942 1348 4998 ΕΙ).
1390 4943 1616 5001 PARIS.
1689 4956 1752 4991 ιιι

1864 4958 1925 5003 ιι.
1956 4965 2008 5016 v,
2046 4950 2131 5004 i5.

231 5059 347 5123 (2.!)
386 5060 634 5127 Νεκρόν.
674 5057 768 5112 Sic
794 5059 1092 5112 humanum
1145 5073 1346 5128 corpus
1394 5060 1657 5128 appellat,
1684 5070 1741 5115 ut

147 5130 416 5196 superius
449 5146 502 5198 p.
531 5130 638 5183 456
667 5130 797 5183 edit.
833 5129 1007 5183 Paris.

230 5200 349 5271 (:25)
408 5197 925 5271 Ἐπίσπασζον....
978 5198 1191 5271 ειιικόν.
1237 5197 1463 5255 Phrasis
1508 5203 1739 5270 poetica.

149 5267 674 5342 llottiet'us_,0dyss.
707 5270 766 5332 Σ,
805 5285 947 5324 vers.
978 5267 1076 5322 7'2:

228 5380 310 5439 Ἦ
330 5383 485 5451 τάχα
506 5378 671 5453 Ἶρος
696 5383 862 5452 ᾶῑρος
892 5383 1277 5438 ἐπίσπαστον
1306 5388 1496 5437 κακὸν
1525 5384 1670 5449 ἕξει.

231 5474 390 5533 Certe
428 5476 533 5529 cito
580 5474 703 5530 Irus
756 5476 946 5545 infelix
1007 5477 1325 5529 accersitum
1380 5475 1742 5599 arzebnzaﬁum

1413 5573 1421 5599 l
1472 5563 1502 5599 a
1539 5561 1567 5599 ϐ
1604 5563 1619 5599 ι
1651 5585 1666 5599 .

1413 5561 1666 5617 inanem.

152 5663 471 5735 Hesychius
506 5680 518 5713 :
563 5662 947 5735 Ἐπίσπαστον,
999 5661 1513 5735 αὐθαίρετονηὸπερ
1543 5660 1745 5735 ⁸ιέιιιυτῷ

150 5732 598 5796 *εντ’ἐπισπᾶται
646 5732 833 5787 κακόν.
886 5732 1257 5802 Metaphoram
1318 5732 1473 5802 aiunt
1524 5732 1743 5802 ductam

152 5816 272 5860 απο
328 5803 435 5856 τῶν
493 5802 719 5874 ὀρνίθων
778 5801 1199 5874 δελεαζομένων,
1262 5801 1355 5854 καὶ
1397 5802 1608 5865 ἑαυτοῖς
1655 5801 1746 5855 τὸν

155 5874 387 5947 ὄλεθρον
417 5874 835 5945 ἐπισπωμένων.

1859 4553 2058 4621 ctibus,
2086 4553 2310 4608 minime
2333 4561 2512 4623 potest
2537 4551 2651 4607 ﬁeri
2685 4570 2698 4606 :
2730 4568 2859 4623 ergo
2883 4568 2984 4607 nec
3013 4561 3070 4607 ut
3094 4554 3258 4608 linem
3288 4568 3442 4608 asse-

1858 4658 2119 4718 quantur,
2149 4663 2276 4703 cum
2313 4648 2517 4702 nullam
2544 4647 2783 4703 habeant
2806 4644 2903 4700 Dei
2948 4646 3337 4717 cognitionem.
3374 4643 3441 4699 Et

1857 4752 1980 4791 eum
2000 4738 2243 4807 quidem,
2260 4738 2353 4807 qui
2368 4738 2514 4792 hunc
2526 4738 2689 4793 ﬁnem
2704 4754 2815 4793 non
2829 4737 3165 4808 assequitur,
3178 4752 3439 4792 accusare

1859 4829 2071 4884 videtur
2093 4828 2187 4884 Dei
2212 4829 2508 4900 ignoratio;
2542 4839 2599 4885 ut
2620 4829 2763 4887 Deus
2790 4841 2972 4886 autem
2996 4827 3298 4900 ignoretur,
3324 4828 3438 4883 eili-

2221 4950 2248 4988 ¹³
2273 5005 2285 5015 ,
2330 4951 2488 5008 Joan.
2520 4966 2600 5016 ιιι,
2632 4952 2685 5005 5.

1939 5062 2029 5134 26)
2104 5065 2394 5135 Ἀθανάτῳ
2457 5064 2640 5130 κακῷ.
2716 5064 2938 5119 Pbrasis
2987 5060 3435 5135 Homerica,__ex

1851 5132 2045 5204 Odyss.
2094 5137 2172 5201 M,
2220 5132 2371 5193 vers.
2410 5137 2509 5201 18,
2568 5136 2656 5189 ubi
2703 5136 2770 5188 de
2814 5133 3086 5204 Charybdi
3135 5133 3253 5187 hanc
3303 5132 3438 5186 dicit

1851 5213 2009 5272 poeta
2028 5223 2040 5259 :

1930 5320 1998 5375 ἰι
2022 5317 2090 5374 δέ
2113 5337 2200 5374 τοι
2223 5324 2298 5377 οὐ
2322 5322 2538 5391 θνητὴ,
2574 5322 2712 5375 ἀλλ’
2733 5319 3035 5374 ἀθάνατον
3061 5317 3250 5372 κακόν
3277 5317 3430 5371 ἐστι.

1916 5412 2027 5467 Ilia
2057 5431 2183 5469 sane
2218 5431 2320 5468 non
2348 5414 2609 5477 mortalis,
2641 5412 2730 5466 sed
2764 5410 3062 5465 immortale
3090 5410 3291 5463 malum
3326 5418 3425 5465 est.

1940 5528 2032 5595 27)
2072 5528 2197 5583 Ἐπὶ
2229 5527 2309 5594 τῷ
2331 5529 2545 5596 Κυρίῳ.
2593 5528 2710 5580 Ἐπ’
2738 5527 2907 5596 αὐτῷ.
2940 5524 3139 5596 Joann.

1941 5594 2031 5667 9.8)
2074 5594 2661 5667 'Arm'c'st....'éavzdr.
2712 5594 2974 5667 Didymus
3016 5599 3075 5667 in
3096 5594 3428 5667 Comment.:

1858 5685 1875 5738 ι
1917 5664 2050 5720 Dum
2102 5664 2231 5735 ergo
2279 5676 2460 5737 speret
2507 5664 2885 5738 unusquisque
2938 5666 3171 5738 similem
3227 5682 3286 5720 te
3317 5664 3431 5718 fore

1852 5735 1998 5798 Deo,
2031 5758 2049 5789 ι
2109 5735 2373 5791 castilicct
2420 5735 2811 5807 semetipsum,
2861 5755 2880 5787 ι
2915 5737 3077 5791 sicuti
3118 5745 3201 5792 est
3243 5746 3428 5791 castus

1853 5807 1961 5862 ille.
1996 5827 2014 5859 ι
2062 5810 2329 5862 COLLECT.
