3946 6526
531 319 696 376 ”1163

1629 306 2016 382 CLEMENTIS
2058 328 2530 388 ALEXANDRINI

3673 338 3801 393 1164

551 442 763 514 inquit,
812 445 1199 514 sustinuisset,
1250 455 1370 502 erat
1405 447 1731 516 continens,
1775 451 2102 508 divinitatea

2223 456 2331 526 τῷ’
2371 457 2491 510 ἐπεὶ
2523 456 2584 510 τὸ
2616 454 2931 529 φθείρεσθαι
2989 455 3152 520 αὐτὸς
3208 455 3310 509 οὐκ
3346 451 3514 526 εἶχεν.
3559 473 3581 508 ι
3620 454 3806 525 Ἡμεξς

551 539 652 594 sibi
690 542 1024 609 comparavit
1050 538 1212 597 Jesus
1239 560 1253 608 ;
1285 540 1481 596 edebat
1507 551 1561 597 et
1588 542 1810 600 bibebat
1854 547 2116 616 peculiari

550 631 713 686 modo
734 674 748 698 ,
780 648 888 688 nou
921 634 1151 689 reddens
1185 634 1338 690 cibos
1367 652 1382 701 ;
1414 643 1564 690 tanta
1592 637 1643 690 ei
1678 637 1853 692 inerat
1883 640 1966 695 vis
1994 655 2121 696 con-

525 728 820 794 'tiuenti:e,
869 737 931 783 ut
971 730 1135 782 etiam
1176 731 1573 787 nutrimentum
1618 733 1673 788 in
1703 748 1768 787 eo
1797 748 1906 788 non
1952 735 2118 790 inter-

556 818 714 885 ierit,
764 821 1020 888 quoniam
1059 820 1174 888 ipse
1223 837 1332 876 nou
1375 823 1566 878 habuit
1607 824 1906 879 interitum.
1940 845 1959 877 ι
2005 825 2116 883 Nos

547 926 680 980 ergo
712 921 935 980 propter
964 912 1314 969 dilectionem
1349 915 1403 969 in
1441 915 1766 982 Dominum,
1799 927 1853 972 et
1895 931 2118 990 propter

545 1005 726 1073 ipsum
759 1004 1082 1072 honestum,
1116 1007 1496 1075 amplectimur
1521 1009 1911 1066 continentiam
1933 1053 1948 1077 ,
1981 1022 2116 1068 tem-

553 1100 705 1168 plum
737 1097 977 1168 Spiritus
1008 1103 1434 1159 sanctiﬁcantes.
1476 1103 1773 1160 Honestum
1818 1107 1962 1160 enim
2000 1117 2112 1170 est,

543 1211 561 1242 ι
597 1200 824 1260 propter
859 1208 1085 1263 regnum
1135 1195 1397 1250 malorum
1428 1203 1667 1272 scipsum
1688 1204 1929 1250 Castrare
1948 1203 1974 1233 α
2002 1211 2021 1246 ι
2048 1201 2116 1256 ab

533 1283 685 1337 omni
731 1285 1064 1354 cupiditate,
1138 1293 1192 1338 et
1252 1305 1270 1340 ι
1312 1289 1610 1346 emundare
1659 1292 2046 1346 conscientiam
2083 1309 2113 1346 a

536 1374 775 1428 mortuis
809 1375 1097 1444 operibus,
1126 1376 1192 1430 ad
1239 1378 1587 1434 serviendum
1630 1379 1740 1436 Deo
1770 1382 1971 1436 viventi
2008 1383 2057 1436 δ.
2090 1402 2108 1434 ι

535 1463 639 1530 Qui
666 1478 858 1522 "autem
888 1477 1106 1537 propter
1132 1469 1317 1524 odium
1358 1472 1621 1528 adversus
1667 1489 1884 1529 carnem
1928 1489 2116 1530 susce~

537 1566 690 1626 ptum
737 1574 768 1614 a
815 1560 1088 1630 conjuguli
1121 1561 1529 1631 conjunctione,
1559 1572 1614 1618 et
1638 1578 1828 1618 eorum
1857 1566 1951 1635 qui
1983 1580 2114 1620 con-

532 1650 765 1703 veniunt
815 1651 1067 1704 ciborum
1119 1652 1574 1722 participatione,
1626 1653 1847 1708 liberari
1897 1656 2115 1711 deside-

535 1752 695 1806 rant,
733 1743 936 1797 indueti
968 1752 1096 1797 sunt
1126 1753 1180 1798 et
1207 1744 1358 1814 impii
1384 1785 1398 1810 ,
1428 1754 1482 1800 et
1505 1745 1713 1816 absque
1739 1747 1950 1802 ratione
1980 1763 2115 1802 con-

2223 547 2321 619 μὲν
2353 544 2444 601 οὖν
2473 547 2538 602 δι’
2573 549 2795 619 ἀγάπην
2820 547 2918 619 τὴν
2958 546 3094 619 πρὸς
3123 547 3214 601 τὸν
3247 547 3451 620 Κύριον
3482 547 3585 599 καὶ
3622 545 3693 598 δι’
3721 549 3806 599 αὑ-

2217 639 2362 692 τὸτὸ
2396 639 2554 692 καλὸν
2598 640 2922 711 ἐγκράτειαν
2967 638 3358 708 ἀσπαζόμεθα,
3397 638 3496 691 τὸν
3540 636 3690 691 νεὼν
3723 638 3806 690 τοῦ

2219 728 2534 800 Πνεύματος
2563 729 2672 800 (98)
2707 729 3022 798 ἀγιάζοντες
3041 747 3054 760 ·
3085 730 3246 783 καλὸν
3279 729 3388 801 γάρ
3415 749 3432 780 ι
3468 728 3563 782 διὰ
3597 730 3707 800 τὴν
3731 729 3812 799 βσ-

2219 821 2423 875 σιλείαν
2449 821 2555 876 τῶν
2581 821 2824 893 οὐρανῶν
2849 821 3179 892 εὐνουχίζειν
3206 823 3313 890 (99)
3340 822 3541 874 ἑαυτὸν
3580 842 3602 873 ι
3640 821 3810 888 πάσης

2217 915 2512 986 ἐπιθυμίας
2531 957 2545 981 ,
2587 935 2606 966 ι
2651 916 2744 969 καὶ
2768 913 3084 987 καθαρίζειν
3120 915 3220 985 τὴν
3246 915 3556 986 συνείδησιν
3586 915 3708 968 ἀπὸ
3738 932 3810 967 va-

2215 1006 2364 1078 κρῶν
2390 1006 2563 1078 ἔργων
2589 1009 2668 1071 είς
2697 1007 2760 1060 τὸ
2783 1005 3061 1079 λατρεύειν
3085 1007 3204 1078 Θεῷ
3237 1007 3420 1072 ζῶντι.
3462 1027 3483 1059 ι
3521 1008 3588 1060 Οἱ
3632 1007 3693 1059 ἃ
3733 1007 3808 1060 διὰ

2217 1099 2277 1152 τὸ
2306 1102 2461 1170 μῖσος
2476 1099 2536 1152 τὸ
2567 1099 2706 1171 πρὸς
2731 1098 2827 1169 τὴν
2865 1099 3045 1171 σάρκα
3086 1100 3185 1170 τῆς
3219 1099 3356 1154 κατὰ
3393 1099 3579 1170 γάμον
3616 1097 3807 1152 συναλ-

2215 1191 2384 1263 λαγῆς
2419 1193 2511 1246 καὶ
2529 1194 2626 1264 τῆς
2661 1193 2769 1246 τῶν
2814 1192 3159 1264 καθηκόντων
3214 1192 3528 1264 βρωμάτων
3571 1192 3807 1261 patuli;-

2213 1283 2360 1353 ψεως
2405 1284 2713 1356 ἀχαρίστως
2750 1285 3188 1339 ἀπαλλάττεσθαι
3233 1283 3533 1346 ποθοῦντες
3581 1283 3807 1354 ἀμαθεξ

2214 1393 2273 1428 τε
2308 1376 2402 1430 καὶ
2445 1375 2613 1440 ἄθεοι,
2665 1376 2873 1444 ἀλόγως
2910 1375 3398 1446 ὲγκρατευόμενοι,
3445 1374 3721 1445 καθάπερ
3749 1376 3806 1427 τὰ

2217 1464 2445 1519 πλεῖστα
2477 1465 2584 1518 τῶν
2607 1464 2780 1520 ἄλλων
2813 1465 3000 1519 ἐθνῶν.
3037 1467 3359 1538 Βραχμᾶναι
3395 1465 3475 1535 (1)
3515 1465 3657 1533 γοῦν
3694 1465 3806 1520 οὔτε

2217 1556 2456 1628 ἔμψυχον
2490 1556 2757 1611 ἐσθίουσιν
2777 1599 2791 1623 ,
2838 1557 2960 1611 οὔτε
2991 1554 3130 1610 οἶνον
3157 1560 3400 1611 πίνουσιν
3420 1575 3434 1588 ’
3480 1557 3604 1611 ἀλλ’
3632 1561 3684 1611 οἱ
3720 1559 3807 1628 μὲν

2217 1648 2394 1703 αὐτῶν
2428 1650 2550 1703 καθ’
2585 1651 2821 1722 ἑκάστην
2856 1651 3089 1722 ἡμέραν,
3115 1650 3189 1714 ὡς
3230 1651 3391 1719 ἡμεῖς
3410 1687 3425 1712 ν
3467 1650 3578 1721 τὴν
3609 1651 3807 1720 τρο-τεὴν

2219 1741 2553 1811 προσίενται,
2608 1741 2735 1795 ἔνιοι
2767 1741 2810 1794 δ’
2842 1742 3019 1795 αὐτῶν
3067 1741 3154 1795 διὰ
3205 1740 3373 1814 τριῶν
3427 1740 3692 1812 ἡμερῶν,
3740 1741 3807 1802 ὡς

535 1835 806 1900 tineutes,
844 1836 986 1890 sicut
1033 1837 1153 1890 aliae
1194 1846 1383 1907 gentes
1426 1838 1696 1908 plurimae.
1748 1839 2102 1896 Brachmanes

2219 1809 2381 1904 φησιν
2410 1832 2756 1906 Ἀλέξανδρος
2783 1835 2812 1886 ό
2845 1834 3162 1906 Πολυῖστωρ
3224 1809 3281 1886 έν
3319 1809 3802 1897 τοῖςνλιίκέτυιοῖς⁵

533 1929 752 1998 quidem
804 1940 1173 1999 certemeque
1218 1930 1516 1984 animatum
1567 1931 1892 1998 comedunt,
1940 1948 2116 2003 neque

531 2021 726 2074 viuum
761 2021 956 2075 bibunt
985 2039 1000 2087 ;
1035 2021 1128 2075 sed
1160 2021 1329 2091 aliqui
1359 2021 1579 2092 quidem
1614 2039 1680 2077 ex
1743 2023 1811 2079 iis
1870 2025 2114 2094 quotidie

537 2112 680 2166 sicut
709 2128 809 2166 nos
843 2112 1003 2184 194.
1025 2113 1207 2166 cibum
1244 2114 1470 2182 capiunt
1497 2131 1511 2178 ;
1556 2115 1802 2169 nonnulli
1832 2125 2014 2169 autem
2042 2131 2106 2171 ex

530 2205 602 2260 iis
637 2206 803 2260 tertio
836 2222 1057 2276 quoque
1086 2206 1208 2273 die,
1243 2215 1304 2260 ut
1330 2207 1406 2260 ait
1449 2206 1760 2262 Alexander
1802 2207 2112 2280 Polyhistor

537 2301 596 2358 )14
630 2297 682 2349 in
713 2294 954 2361 Indicis;
982 2305 1209 2350 mortem
1241 2305 1421 2352 autem
1446 2306 1822 2364 contemnunt,
1858 2308 1912 2352 et
1933 2299 2114 2355 vivere

532 2389 690 2443 nihili
727 2388 969 2456 faciunt;
1010 2388 1238 2444 credunt
1266 2389 1411 2443 enim
1449 2405 1575 2445 esse
1609 2391 2109 2460 regenerationem;

533 2481 703 2551 aliqui
755 2488 937 2533 autem
974 2481 1162 2535 colunt
1195 2478 1480 2534 Herculem
1511 2489 1564 2534 et
1596 2479 1818 2535 Panem.
1866 2481 1970 2548 Qui
2013 2498 2113 2536 au-

533 2583 640 2626 tem
672 2587 738 2626 ex
771 2571 916 2626 ludis
945 2579 1211 2625 vocantur
1241 2571 1440 2640 Σεμνοί
1459 2610 1474 2635 ,
1514 2571 1618 2625 hoc
1659 2580 1764 2637 est,
1805 2573 2109 2640 venerandi,

508 2664 666 2718 vnudi
727 2673 894 2718 totam
936 2663 1103 2717 vitam
1157 2663 1496 2733 transigunt:
1551 2663 1590 2718 ii
1639 2664 1919 2719 veritatem
1952 2680 2111 2720 exer-

532 2765 689 2818 cent,
753 2764 806 2809 et
845 2754 1026 2809 futura
1090 2754 1426 2824 praedicunt,
1489 2762 1543 2808 et
1593 2755 1778 2809 colunt
1818 2755 2108 2825 quamdam

505 2847 886 2919 pyramidem,
940 2848 1042 2902 sub
1070 2863 1178 2917 qua
1226 2847 1545 2901 existimant
1591 2847 1824 2917 alicujus
1869 2847 1955 2901 dei
1986 2863 2112 2902 ossa

2216 1926 2617 1998 καταφρονοῦσι
2664 1926 2720 1978 δὲ
2765 1925 3031 1992 θανάτου,
3064 1927 3158 1980 καὶ
3191 1926 3320 1997 παρ’
3353 1926 3512 1979 οὐδὲν
3554 1925 3804 1996 ἡγοῦνται

2211 2019 2270 2071 τὸ
2305 2017 2434 2089 ζῇν·
2476 2017 2748 2073 πείθονται
2790 2017 2899 2096 γὰρ
2932 2014 3068 2072 εἶναι
3102 2017 3558 2086 παλιγγενεσίαν
3596 2017 3632 2071 ἀ
3653 2017 3710 2070 δὲ
3738 2017 3803 2084 (2}

2214 2110 2460 2164 σέϐουσιν
2495 2110 2768 2183 Ἡρακλέα
2799 2111 2895 2164 καὶ
2927 2110 3102 2163 Πᾶνα.
3137 2110 3200 2162 Οί
3225 2108 3563 2180 καλούμενοι
3589 2108 3650 2162 δὲ
3673 2107 3802 2176 Σεμ-

2213 2205 2294 2257 νοὶ
2320 2203 2427 2257 τῶν
2457 2203 2636 2257 Ἰνδῶν
2680 2202 2875 2274 γυμνοὶ
2921 2200 3232 2257 διαιτῶνται
3275 2199 3366 2254 τὸν
3421 2202 3616 2255 πάντα
3666 2199 3799 2269 βίον·

2213 2289 2357 2349 οὗτοι
2385 2296 2481 2367 τὴν
2511 2295 2774 2368 ἀλήθειαν
2801 2292 3053 2358 ἀσκοῦσι,
3082 2296 3177 2348 καὶ
3201 2293 3330 2367 περὶ
3354 2292 3468 2345 τῶν
3509 2291 3802 2363 μελλόντων

2215 2389 2622 2461 προμηνύουσι,
2671 2389 2765 2444 καὶ
2805 2389 3022 2442 σέϐουσί
3071 2403 3194 2442 τινα
3238 2384 3578 2457 πυραμίδα,
3622 2381 3801 2450 ὑγῇν

2216 2480 2378 2534 ὀστέα
2409 2480 2554 2544 τινὸς
2600 2479 2723 2533 θεοῦ
2765 2480 3076 2551 νομίζουσιν
3115 2474 3466 2533 ἀποκεῖσθαι.
3505 2474 3652 2529 Οῦτε
3687 2473 3800 2526 δέοι

2220 2570 2652 2642 Γυμνοσοφισταὶ
2672 2569 2783 2624 οὔθ’
2805 2573 2853 2624 οἱ
2878 2569 3158 2640 λεγόμενοι
3173 2569 3239 2620 Σε
3249 2566 3370 2638 μνοὶ
3387 2564 3622 2634 γυναιξὶ

2218 2680 2324 2716 ται·
2364 2662 2515 2736 παρὰ
2540 2663 2699 2733 φύσιν
2750 2663 2858 2735 γὰρ
2888 2662 3046 2717 τοῦτο
3077 2662 3171 2715 καὶ
3211 2661 3539 2731 παράνομον
3564 2656 3796 2710 δοκοῦσι’

2217 2755 2283 2808 δι’
2321 2755 2388 2827 ἢν
2414 2756 2589 2810 αἰτίαν
2645 2757 2785 2824 σφᾶς
2816 2756 3010 2819 αὐτοὺς
3046 2755 3241 2823 ἁγνοὺς
3276 2751 3552 2824 τηροῦσν
3609 2749 3797 2821 παρθε-

2218 2846 2430 2900 νεύουσι
2461 2848 2517 2901 δὲ
2542 2847 2637 2900 καὶ
2667 2847 2887 2918 Σεμναί.
2913 2845 3213 2900 Δοκοῦσιδὲ
3246 2846 3610 2916 παρατηρεῖν
3638 2843 3706 2894 τά
3721 2842 3800 2892 οὐ·

530 2942 786 3011 reposita.
836 2939 1022 3011 Neque
1058 2955 1187 2994 vero
1218 2938 1692 3012 Gymnosopltistaa
1712 2978 1727 3003 ,
1774 2953 1875 2994 nec
1905 2939 1998 3010 qui
2030 2939 2102 2994 di-

2224 2940 2402 3010 ράνια,
2435 2941 2528 2992 καὶ
2559 2939 2646 2993 διὰ
2669 2939 2768 3009 τῆς
2797 2938 2998 2992 τούτων
3033 2936 3386 3009 σημειώσεως
3434 2935 3554 2988 τῶν
3595 2932 3803 3005 μελλόν-

500 3041 728 3088 “cuntur
756 3032 970 3104 Σεμνοί,
1005 3039 1234 3086 utuntur
1265 3030 1607 3098 mulieribus,
1653 3030 1759 3086 hoc
1795 3031 1942 3085 enim
1977 3045 2102 3100 prte-

2214 3047 2323 3084 των
2350 3030 2819 3103 προμαντεύεσθαί
2844 3047 2982 3083 τινα.

473 3139 890 3185 -ιιοι-ιιοιιιιιιιη
935 3138 988 3183 et
1038 3128 1287 3198 iniquum
1350 3143 1472 3182 esse
1517 3128 1878 3194 existimant;
1931 3142 2038 3198 qua
2094 3127 2161 3182 de
2210 3142 2376 3182 causa
2439 3130 2647 3198 seipsos
2705 3136 2886 3182 castos
2933 3131 3278 3181 conservant.
3319 3119 3586 3194 Virgines
3635 3131 3799 3175 autem

516 3230 658 3275 sunt
678 3220 841 3275 etiam
870 3219 1150 3282 mulieres,
1187 3234 1310 3288 qua:
1356 3218 1614 3274 dicuntur
1672 3219 1913 3290 Σεμναί,
1954 3219 2059 3274 hoc
2106 3226 2211 3283 est,
2270 3221 2595 3274 t'enerandw.
2625 3218 2888 3274 Videntur
2948 3227 3129 3273 autem
3181 3217 3487 3272 observare
3540 3215 3800 3276 owlestia.

500 3325 582 3366 «et
608 3328 703 3383 per
729 3329 917 3368 eorum
969 3311 1422 3384 signiﬁcationem
1475 3314 1722 3384 quaedam
1757 3313 1938 3370 futura
1972 3314 2285 3384 praedicere.

1947 3489 2175 3548 CAPUT
2215 3490 2351 3546 Vlll.

510 3610 669 3664 Loca
703 3609 762 3664 S.
799 3611 1088 3678 Scriptura:
1115 3610 1177 3662 ab
1208 3611 1553 3693 liceret-icisjn
1588 3611 1904 3693 vituperium
1934 3613 2262 3693 matrimonii
2291 3611 2526 3693 adducta
2555 3612 2818 3693 explicat;
2857 3619 2907 3693 et
2949 3610 3119 3680 primo
3155 3607 3308 3663 verba
3350 3606 3608 3676 Apostcli
3652 3605 3792 3658 Rom.

1214 3696 1288 3747 νι,
1323 3680 1413 3743 Μ,
1435 3680 1498 3734 ab
1530 3680 1898 3735 Itazreticowm
1928 3697 2166 3751 perversa
2196 3684 2626 3753 interpretatione
2658 3683 2908 3737 vindicat.

599 3789 868 3858 Quoniam
907 3797 1087 3844 autem
1121 3789 1215 3860 qui
1257 3791 1613 3846 introducunt
1644 3791 2059 3848 inditferentiam
2081 3833 2096 3857 ,

514 3896 730 3952 paucas
755 3883 1020 3953 quasdam
1062 3881 1372 3953 Seripturas
1407 3884 1818 3956 detorquentes,
1862 3887 2098 3941 titillauti

524 3960 638 4028 suae
665 3972 926 4043 voluptati
963 3988 1058 4028 eas
1102 3975 1388 4046 sutl‘ragari
1416 3977 1762 4044 existimant;
1803 3990 1918 4033 tum
1957 3994 2100 4048 prae-

522 4067 682 4136 cipue
730 4062 875 4120 illam
917 4081 1168 4138 quoque:
1211 4085 1230 4119 ι
1269 4067 1559 4124 Peccatum
1600 4069 1745 4125 enim
1775 4071 1940 4126 vestri
1991 4086 2098 4125 non

519 4157 922 4224 dominabitur;
954 4173 1059 4213 non
1089 4159 1218 4214 estis
1242 4160 1386 4214 enim
1418 4160 1520 4214 sub
1549 4161 1686 4230 lege,
1719 4161 1812 4215 sed
1847 4161 1948 4216 sub
1977 4177 2100 4232 gra-

522 4250 594 4305 tia
632 4260 654 4290 ο
685 4269 699 4316 ;
743 4269 762 4302 ι
797 4259 852 4306 et
883 4251 1094 4320 aliquas
1135 4251 1271 4305 alias
1318 4250 1668 4320 huiusmodi,
1704 4267 1936 4321 quarum
1977 4262 2102 4322 post

2276 3795 2432 3850 Ἐπεὶ
2462 3796 2518 3850 δὲ
2553 3796 2603 3850 oi
2637 3795 2736 3867 τὴν
2761 3790 3082 3864 ἀδιαφορίαν
3105 3791 3434 3860 εἰσάγοντες,
3479 3787 3796 3858 augmen:

2205 3905 2358 3951 τινας
2395 3887 2578 3956 ὀλίγας
2617 3885 2869 3958 Γραφάς,
2916 3885 3234 3955 συνηγορεῖν
3265 3878 3444 3933 αὐτῶν
3483 3882 3554 3949 τῇ
3594 3879 3803 3948 ἡδυπα-

2207 3977 2328 4050 θείᾳ
2357 3979 2576 4032 οῖονταν
2612 3977 2750 4049 ἀτὰρ
2781 3977 2845 4047 δὴ
2877 3975 3153 4047 κάκείνην·
3189 3991 3207 4024 ι
3253 3971 3522 4045 Ἀμαρτία
3569 3968 3687 4042 γὰρ
3720 3970 3796 4039 (3}

2208 4069 2361 4142 ῥμῶν
2409 4070 2467 4123 ού
2513 4069 2828 4142 κυριεύσει·
2869 4068 2930 4121 οὐ
2964 4068 3072 4137 γάρ
3105 4067 3226 4118 ἐστε
3261 4065 3364 4118 ὑπὸ
3425 4062 3634 4132 νόμον,
3682 4061 3795 4116 ω.

2214 4135 2233 4158 ⁸
2247 4135 2259 4140 ⁷
2585 4135 2597 4142 ⁷
3045 4135 3054 4137 “
3242 4158 3254 4173 ρ
3409 4150 3438 4174 τ
3761 4156 3776 4168 ο

2209 4162 2312 4216 ὑπὸ
2347 4163 2526 4234 χάρινο
2569 4182 2585 4213 ι
2614 4162 2706 4218 καί
2736 4179 2884 4226 τινας
2916 4161 3080 4224 ἄλλας
3104 4175 3375 4221 τοιαύτας,
3400 4175 3480 4210 ων
3504 4159 3606 4211 ἐπὶ
3634 4177 3795 4213 τοισι-

2206 4272 2315 4318 τοις
2334 4253 2645 4325 μεμνῆσθαι
2672 4255 2771 4308 οὐκ
2796 4252 3031 4322 εύλογονο
3053 4251 3135 4321 (οὐ
3169 4250 3276 4320 γὰρ
3299 4249 3654 4312 ὲπισκευάζω
3669 4247 3792 4301 ναῦν

521 4346 637 4398 haec
676 4353 892 4399 nonest
920 4343 1114 4399 rationi
1147 4353 1572 4399 consentaneum
1626 4355 1686 4399 ut
1721 4344 1915 4400 faciam
1947 4361 2097 4399 men-

2214 4344 2572 4417 πειρατικήν·)
2606 4345 2736 4416 φέρε
2760 4343 2822 4416 δὴ
2847 4344 2932 4398 διὰ
2961 4343 3208 4416 βραχέων
3233 4341 3578 4412 διακόψωμεν
3615 4341 3790 4392 αὐτῶν

519 4435 721 4491 tionem
758 4435 902 4507 (non
942 4436 1087 4490 enim
1119 4450 1313 4490 navem
1355 4435 1566 4490 instruo
1605 4435 1961 4506 piraticam),
1999 4451 2098 4504 age

517 4526 707 4594 paucis
736 4541 926 4581 eorum
947 4536 1324 4596 argumentum
1355 4527 1766 4598 pcrl'ringamus.
1804 4529 1923 4597 Ipse
1948 4529 2091 4583 enim

515 4618 764 4688 egregius
793 4619 1084 4688 Apostolus
1109 4619 1163 4673 in
1184 4619 1386 4684 verbis,
1420 4634 1541 4689 qum
1571 4619 1841 4688 praedicta:
1868 4619 2091 4674 dictioni

515 4707 833 4779 subjungit,
887 4709 1138 4763 intentati
1183 4708 1432 4764 criminis
1479 4707 1665 4764 afferet
1715 4709 2084 4764 solutionem:

518 4819 538 4851 ι
575 4799 717 4866 Quid
764 4801 936 4869 ergo?
991 4801 1376 4870 peccabimus,
1428 4801 1557 4870 quia
1597 4816 1704 4855 non
1749 4816 1941 4856 sumus
1985 4800 2088 4854 sub

509 4891 650 4962 lege,
680 4891 774 4947 sed
798 4892 900 4948 sub
924 4891 1132 4960 gratia?
1163 4891 1317 4946 Absit
1343 4890 1394 4944 ά.
1433 4911 1451 4942 ι
1487 4891 1637 4947 Adeo
1662 4892 1841 4947 divine
1876 4901 1930 4946 et
1958 4907 2085 4961 pro-

509 4983 724 5052 phetice
749 4998 780 5038 e
807 4983 1032 5054 vestigio
1069 4982 1319 5038 dissolvit
1357 4992 1529 5039 artem
1563 4983 1853 5053 voluptatis
1895 4982 2074 5052 sophi-

646 5107 670 5136 α
713 5100 904 5156 Matth.
937 5116 1061 5166 XIX,
1094 5100 1183 5156 12.

501 5169 531 5208 ε
553 5171 725 5238 me,
757 5171 842 5227 ts.

2205 4435 2302 4505 τὴν
2336 4435 2667 4507 ἐγχείρησιν·
2702 4436 2864 4498 αὐτὸς
2897 4435 3006 4507 γὰρ
3036 4435 3064 4486 ὁ
3093 4437 3338 4503 γενναῖος
3365 4432 3703 4495 ’Δπόστολος
3723 4435 3789 4500 τῇ

2202 4543 2426 4597 προειρη
2438 4526 2570 4597 μένῃ
2597 4525 2738 4591 λέξει
2768 4528 3044 4599 ἐπιφέρων
3066 4524 3392 4580 ἀπολύσεται
3411 4523 3475 4575 τὸ
3502 4523 3682 4594 ἐγκλη
3690 4539 3785 4594 μα·

2204 4635 2224 4666 ι
2254 4617 2317 4669 Τί
2348 4613 2473 4682 οῦν;
2509 4619 2912 4690 ἁμαρτήσωμεν
2958 4617 3062 4688 (4),
3107 4618 3189 4670 ὅτι
3229 4615 3328 4672 οὒκ
3358 4617 3522 4684 ἐσμεν
3560 4615 3678 4667 ὑπὸ
3715 4615 3788 4668 νόι

2200 4725 2317 4778 μον.
2346 4709 2457 4762 ἀλλ’
2498 4711 2604 4762 ὑπὸ
2634 4711 2827 4781 χάριν;
2869 4710 2960 4782 Μὴ
3005 4709 3231 4778 γένοιτο.
3285 4729 3302 4758 ι
3353 4708 3538 4770 Οὕτως
3583 4709 3785 4771 ὲνθέως

2195 4801 2288 4852 καὶ
2325 4802 2675 4872 προφητικῶς
2715 4801 2972 4856 καταλύει
3018 4800 3360 4873 παραχρῆμα
3403 4800 3506 4871 τὴν
3534 4815 3784 4869 σοφιστι-

2191 4893 2292 4963 κὴν
2326 4894 2423 4965 τῆς
2457 4894 2650 4965 ἡδονῆς
2680 4895 2896 4966 τέχνην.
2929 4895 3003 4948 Οὐ
3044 4894 3301 4946 συνίεισιν
3337 4889 3450 4956 οῦν,
3476 4893 3552 4956 ὡς
3581 4893 3780 4950 ἔοικεν,

2187 4985 2270 5037 ὅτι
2317 5004 2336 5037 ι
2375 4987 2512 5050 Τοὺς
2530 4987 2736 5051 πάντας
2762 4989 2910 5058 ἡμᾶς
2936 4986 3314 5059 φανερωθῆναι
3355 4985 3436 5038 δεῖ
3466 4985 3781 5057 ἔμπροσθεν

1287 5099 1315 5140 ι)
1357 5099 1518 5156 Hebr.
1547 5117 1634 5168 Ix,
1671 5102 1754 5156 14.
1796 5108 1855 5165 >3
1921 5100 1980 5154 P.
2007 5100 2102 5156 5'59

2214 5103 2246 5154 ι.
2277 5101 2575 5169 POTTER,
2608 5105 2735 5172 451,
2767 5105 2874 5160 45⁵2
2902 5104 3010 5159 ΕΙ).
3037 5103 3258 5158 PARIS.
3315 5114 3337 5142 ε
3374 5102 3532 5158 Rom.
3567 5119 3652 5167 vr,
3697 5103 3774 5158 ΙᾹ.

575 5287 687 5359 (98)
711 5289 837 5343 Τὸν
858 5290 1012 5342 νεὼν
1031 5287 1135 5341 τοῦ
1163 5289 1525 5358 Πνεύματος.
1559 5287 1721 5343 Conf.
1760 5287 1779 5341 Ι
1814 5288 1940 5343 Cor.
1980 5304 2074 5352 tn,

2214 5285 2304 5359 .0;_
2334 5284 2588 5340 Clemens
2636 5283 3068 5351 noster,Strom.
3121 5300 3179 5348 ι,
3238 5297 3364 5352 pag.
3433 5283 3575 5348 505,
3640 5285 3769 5339 edit-

507 5359 1118 5497 1θίξιθῖἰυίἰ’)νουχίιζέιν.
1149 5427 1391 5496 Respicit
1421 5428 1616 5482 Matth.
1647 5443 1759 5492 xix,
1803 5427 1868 5479 12
1894 5428 2074 5480 εΕίσὶν

505 5497 747 5586 εὐγοῦχοι
767 5536 782 5560 ,
817 5499 1017 5586 οῖτινεξ
1048 5497 1360 5568 εὐνούχισαν
1393 5500 1618 5562 ἑαυτοὺς
1640 5498 1726 5551 διὰ
1773 5498 1872 5568 τὴν
1926 5497 2077 5566 βασις

505 5568 650 5629 λείαν
679 5568 788 5620 τῶν
817 5568 1076 5639 οὐρανῶν.

577 5636 650 5708 (Ι)
695 5636 1058 5708 Βραχμᾱνᾳι.
1133 5636 1207 5692 De
1249 5637 1618 5708 jhilosopbis
1669 5635 1868 5692 Iudicis
1924 5637 2069 5691 conf.

504 5704 946 5776 Stralto,'Geogr.
968 5706 1078 5776 ιιι).
1113 5723 1212 5771 xv;
1247 5704 1782 5776 Eusebiué.Praepar.
1813 5709 2068 5774 ευαιιῃνί..

495 5778 599 5833 ω).
632 5792 706 5840 γι,
731 5791 780 5831 c.
820 5775 917 5845 l0;
945 5775 1308 5845 Recognition.
1344 5777 1636 5831 Clementis
1691 5777 1784 5831 lib.
1822 5794 1872 5830 Ix
1895 5816 1909 5843 ,
1945 5795 2066 5850 cap.

2183 5355 2387 5416 Paris.,
2416 5365 2522 5410 etc.

2258 5425 2332 5496 (2)
2361 5429 2420 5496 Ἃ
2460 5425 2546 5478 δέ.
2575 5425 2768 5494 Aptius
2806 5425 3050 5495 legemus
3083 5425 3134 5477 οἱ
3163 5424 3242 5488 δέ.
3271 5424 3359 5482 vel
3385 5423 3520 5490 οἵδε,
3557 5434 3616 5478 ιιι
3644 5439 3766 5478 mox

2189 5491 2350 5550 οὗτοι.
2384 5491 2648 5551 Smwno.

2259 5567 2336 5636 (5)
2367 5566 2511 5634 Γάρ.
2545 5567 2632 5629 Δέ,
2666 5567 2825 5621 Rom.

2258 5637 2332 5718 tt)
2375 5636 2841 5718 Ἃμιιρτήσωέιεγ.
2877 5635 3304 5718 gnnvenientius
3347 5635 3760 5718 ἀμαρτήςρξιςγ.

2185 5702 2348 5762 indic.
2385 5702 2569 5771 multo,
2607 5702 2670 5762 ἰιι
2705 5702 2858 5777 Vulg.
2895 5702 3012 5761 Bib.
3059 5705 3212 5777 Rom.
3247 5720 3324 5759 vt.
3355 5702 3760 5760 Eadetn'Bi'blia

2184 5777 2222 5831 ll
2255 5778 2376 5831 (lor.
2413 5794 2464 5843 v,
2493 5779 2562 5830 τὰ
2591 5778 2675 5831 διὰ
2708 5775 3100 5850 τοῦσώματος.
3131 5775 3396 5832 δηιιωιῦ.
