3946 6528
189 334 330 387 H65

1471 329 1909 390 STROMATUM
1948 332 2078 386 LIB.
2121 331 2207 386 ιιι.

3315 329 3454 386 4166

180 455 277 509 τοῦ
316 455 560 527 βήματος
590 452 682 510 τοῦ
708 455 966 529 Χριστοῦ,
992 455 1079 509 ἵνα
1109 453 1400 527 κομίσηται
1430 455 1657 520 ἕκαστος
1676 455 1763 510 διὰ

1873 455 2084 511 sticam.
2108 453 2227 510 Non
2257 455 2564 529 intelligunt
2593 469 2743 527 ergo,
2775 465 2833 510 ut
2857 455 3090 517 videtur,
3113 453 3259 524 quod
3285 472 3303 503 ι
3333 470 3462 506 oni-

178 547 276 603 τοῦ
318 547 566 619 σώματος
609 548 752 619 ’πρὸς
795 547 1106 621 ἂ·ἒπραξεν
1137 550 1246 602 εἴτε
1277 545 1481 617 ἀγαθὸν
1521 546 1630 601 εἴτε
1658 563 1757 602 κα-

178 640 296 694 κόνο
331 659 350 692 ι
387 641 477 694 ἵνα
505 640 540 694 ἀ
562 640 651 694 διὰ
671 640 766 694 τοῦ
800 638 1051 712 σώματος
1081 638 1283 712 ἔπραξέ
1330 657 1414 702 τις
1434 679 1449 702 ,
1489 638 1756 711 ἀπολάϐῃ.

180 753 201 782 σ
223 734 386 786 ’Ὥστε
410 732 465 786 εί
483 751 565 797 τις
584 734 640 786 ἐν
665 731 904 806 Χριστῷ,
931 732 1094 803 καινὴ
1117 731 1452 796 κτίσις,ιοὺκ
1473 731 1550 784 ἐτι
1578 732 1758 805 ἀμαρ-

173 826 396 898 τητική.
429 842 448 876 ι
485 825 566 879 Τὰ
599 826 800 897 ἀρχαῖα
831 824 1132 898 παρῆλθεν,
1173 843 1192 877 ι
1221 823 1641 895 ἀπελουσάμεθα
1669 824 1760 877 τὸν

177 918 297 988 βίον
317 917 407 972 τὸν
424 918 672 972 παλαιόν’
693 939 710 969 ι
732 918 866 972 Ἰδοὺ
888 918 966 987 (5)
993 917 1102 990 γὰρ
1126 917 1316 986 γέγονε
1334 918 1516 981 καινὰ,
1533 937 1550 969 ι
1570 918 1761 986 ἁγνεία

174 1008 242 1060 ἐκ
281 1008 534 1080 πορνείας
553 1047 567 1071 ,
603 1007 698 1062 καὶ
727 1007 1025 1079 ἐγκράτεια
1056 1007 1115 1076 ἐξ
1154 1008 1422 1080 ἀκρασίας
1445 1049 1460 1073 ,
1489 1007 1762 1062 δικαιοσύ-

175 1115 242 1171 νη
279 1098 338 1164 ἐξ
367 1098 600 1162 ἀδικίας.
641 1117 660 1150 ι
694 1096 790 1160 Τίς
818 1096 926 1168 γάρ
944 1097 1145 1168 μετοχὴ
1173 1096 1488 1168 δικαιοσύνῃ
1519 1096 1614 1148 καὶ
1640 1098 1762 1150 ἀνο-

176 1191 315 1266 μίᾳς
356 1191 388 1264 ἦ
426 1193 510 1256 τίς
535 1191 610 1260 (6)
645 1193 900 1247 κοινωνία
943 1191 1082 1261 φωτὶ
1115 1190 1251 1262 πρὸς
1305 1191 1529 1255 σκότος;
1576 1190 1660 1253 τίς
1703 1191 1758 1243 δὲ

175 1283 535 1355 συμφώνησις
555 1284 788 1355 Χριστοῦ
833 1283 969 1355 πρὸς
1002 1281 1234 1354 Βελίαρ;
1262 1281 1345 1344 τίς
1380 1281 1539 1353 μερὶς
1562 1279 1637 1352 (⁵1)
1674 1301 1761 1334 πι-

177 1376 294 1446 στῷ
331 1375 448 1446 μετ’
499 1374 762 1440 ἀπίστους
806 1375 888 1439 τίς
933 1375 989 1428 δὲ
1029 1372 1426 1443 συγκατάθεσις
1470 1372 1585 1445 ναῷ
1625 1373 1760 1428 Θεοῦ

172 1469 304 1537 μετ’
349 1464 615 1530 εἰδώλωνς
653 1464 872 1528 Ταύτας
894 1461 986 1519 οὖν
1024 1464 1239 1535 ἔχοντες
1278 1464 1377 1528 τὰς
1406 1465 1758 1534 ἐπαγγελίας,

174 1558 566 1630 καθαρίσωμεν
599 1558 826 1621 ἑαυτοὺς
863 1557 969 1610 ἀπὸ
1001 1556 1200 1620 παντὸς
1247 1557 1524 1628 μολυσμοῦ
1559 1557 1761 1628 σαρκὸς

173 1649 277 1703 καὶ
334 1647 676 1719 πνεύματος,
726 1647 1102 1712 ἐπιτελοῦντες
1156 1648 1468 1721 ἁγιωσύνην
1512 1651 1568 1702 ἐν
1610 1649 1762 1719 φόϐῳ

170 1741 336 1794 Θεοῦ.
371 1759 389 1793 ι

1865 563 1963 602 nes
1998 562 2099 603 nos
2123 556 2335 618 oportet
2368 545 2704 603 manifestari
2729 557 2854 602 ante
2889 546 3127 602 tribunal
3149 545 3377 611 Christi,
3401 555 3460 599 ut

1864 639 2062 695 referat
2088 639 2465 710 unusquisque
2493 654 2590 709 per
2623 654 2824 709 corpus
2875 653 2939 694 ea
2977 655 3100 710 qua:
3133 637 3298 704 fecit,
3345 637 3462 692 sive

1862 731 2068 786 bonum
2093 773 2108 798 ,
2143 733 2257 786 sive
2292 732 2496 786 malum
2532 742 2594 784 ιε
2640 750 2660 782 ι
2695 740 2754 784 ut
2783 747 2905 801 quae
2950 746 3046 801 per
3087 744 3292 800 corpus
3333 725 3462 783 fecit

1863 823 2061 894 aliquis
2087 864 2102 886 ,
2148 825 2395 894 recipiat.
2445 842 2464 876 ι
2507 822 2687 890 Quare
2724 823 2769 879 si
2807 824 2932 893 quis
2981 832 3068 878 est
3119 823 3173 876 in
3203 822 3458 886 Christo,

1863 931 2002 970 nova
2049 925 2298 970 creatura
2324 925 2440 980 est,
2488 933 2506 968 ι
2557 932 2657 972 nec
2684 917 2920 986 amplius
2956 916 3193 985 peccatis
3245 913 3458 968 dedita:

1871 1027 1889 1058 ι
1925 1006 2119 1063 Vetera
2150 996 2548 1078 prmtcrierunt,
2584 1027 2602 1060 ι
2634 1010 2801 1062 vitam
2845 1008 3126 1078 antiquam
3159 1006 3416 1061 exuimus
3441 1045 3456 1058 .

1871 1119 1889 1150 ι
1931 1098 2074 1155 Ecce
2105 1101 2250 1154 enim
2288 1117 2426 1155 nova
2459 1100 2604 1157 faeta
2641 1110 2770 1156 sunt
2799 1101 2849 1165 ιι,
2881 1121 2900 1154 ›
2931 1101 3156 1156 castitas
3195 1115 3258 1154 ex
3291 1097 3462 1152 forni-

1863 1194 2100 1256 catione,
2143 1201 2197 1248 et
2237 1195 2569 1251 continentia
2607 1211 2674 1249 ex
2707 1193 3125 1258 incontinentia,
3153 1192 3363 1261 iustitia
3393 1206 3460 1245 ex

1862 1282 2153 1352 injustitia.
2191 1302 2209 1335 ι
2251 1283 2383 1351 Quae
2425 1296 2507 1341 est
2545 1286 2694 1341 enim
2744 1285 3090 1355 participatio
3134 1284 3365 1354 justitim
3410 1294 3464 1338 et

1864 1376 2180 1447 injustithe?
2207 1389 2302 1432 aut
2331 1395 2453 1448 quae
2484 1380 2589 1434 lnci
2616 1395 2740 1434 cum
2769 1378 3013 1434 tenebris
3038 1376 3308 1432 societas?
3339 1391 3464 1448 quae

1863 1477 1947 1523 est
1975 1477 2154 1523 autem
2184 1471 2473 1524 conventio
2504 1468 2726 1524 Christo
2764 1485 2887 1524 cum
2927 1469 3129 1523 Belial?
3165 1485 3286 1539 qme
3333 1483 3462 1537 pars

1863 1569 1946 1614 est
1995 1560 2139 1615 ﬁdeli
2191 1577 2317 1616 cum
2362 1561 2606 1616 infideli?
2647 1577 2770 1631 qua:
2815 1571 2898 1616 est
2937 1570 3118 1615 autem
3172 1557 3464 1614 coasensio

1867 1649 2065 1719 templo
2105 1649 2200 1705 Dei
2242 1666 2367 1705 cum
2420 1651 2626 1706 idolisc
2665 1651 2689 1705 ?
2725 1651 2834 1706 Has
2867 1669 2998 1723 ergo
3035 1652 3297 1705 habentes
3338 1665 3465 1720 pro-

1865 1745 2178 1807 missiones,
2215 1743 2546 1798 mundemus
2589 1758 2690 1799 nos
2736 1744 2887 1813 ipsos
2919 1743 2988 1798 ab
3018 1745 3168 1798 omni
3210 1743 3470 1816 inquina-

176 1847 367 1888 mento
395 1834 577 1889 carnis
604 1846 656 1889 et
683 1835 930 1904 spiritus,
963 1833 1305 1903 perﬁcientes
1337 1833 1678 1889 sanctitatem
1709 1833 1762 1888 in
1794 1818 1837 1873 Β
1867 1836 2063 1890 timore
2097 1835 2192 1888 Dei
2226 1834 2277 1890 ἀ.
2320 1853 2338 1885 ι

1646 2007 1876 2065 CAPUT
1919 2010 2006 2064 IX.

378 2127 590 2182 Dictum
626 2126 828 2182 Christi
859 2127 928 2179 ad
961 2124 1208 2180 Salomen
1238 2127 1472 2196 exponit.
1507 2125 1646 2196 quod
1675 2134 1926 2249 ttlzlnqugm
1962 2128 2014 2179 in
2043 2124 2356 2195 vimperium
2396 2128 2703 2192 nuptiarum
2738 2121 3009 2191 prolatum
3038 2122 3271 2177 Itarcti.'i

1664 2213 1694 2248 a
1743 2214 1835 2249 caa
1875 2207 1988 2249 aut.

1664 2207 1988 2266 allegabaul.

246 2311 310 2362 υί
348 2308 405 2362 δέ
447 2307 892 2379 ἀντιτασσόμενοι
939 2309 1004 2379 τῇ
1051 2305 1224 2360 κτίσει
1258 2305 1352 2362 τοῦ
1377 2305 1512 2360 Θεοῦ
1546 2306 1636 2360 διὰ
1665 2307 1765 2376 τῆς

165 2401 427 2471 εὐφήμου
471 2399 798 2470 ἐγκρατείας
837 2398 1066 2451 κάκεῖνα
1101 2394 1410 2464 λέγουσιτά
1436 2394 1570 2466 πρὸς
1591 2394 1769 2448 Σαλώ-

173 2509 290 2562 μην
317 2489 604 2562 είρημένα,
635 2481 711 2543 ὧν
739 2488 1006 2560 πρότερον
1033 2486 1107 2558 (8)
1142 2484 1514 2556 ἐμνήσθημεν·
1543 2483 1766 2555 φέρεται

162 2583 263 2646 δὲ,
307 2578 493 2654 οἶμαι,
535 2584 593 2635 ἐν
635 2581 713 2653 τῷ
749 2579 870 2633 κατ’
905 2576 1236 2647 Αἰγυπτίους
1266 2574 1600 2645 Εὐαγγελίῳ.
1629 2577 1768 2630 Φασὶ

166 2674 308 2745 γὰρ,
351 2674 431 2727 ὅτι
473 2673 634 2737 αὐτὸς
677 2667 830 2725 εἶπεν
871 2673 899 2724 6
932 2667 1144 2740 Σωτήρ’
1177 2686 1196 2718 ι
1228 2662 1432 2720 Ἦλθον
1467 2665 1768 2719 καταλῦσαι

166 2767 243 2820 τὰ
290 2764 426 2836 ἔργα
465 2765 564 2835 τῆς
605 2764 838 2835 θηλείας·
883 2782 901 2815 ι
941 2761 1159 2834 θηλείας
1194 2759 1290 2830 μὲν
1315 2758 1416 2828 τῆς
1450 2757 1765 2829 ἐπιθυμίας,

169 2856 316 2927 ἔργα
347 2856 403 2908 δὲ
427 2857 680 2926 γέννησιν
702 2855 798 2908 καὶ
827 2852 1052 2924 φθοράν.
1082 2851 1146 2904 Τί
1175 2845 1266 2904 οὖν
1286 2849 1352 2904 ἂν
1375 2851 1611 2914 εἶποιενς
1651 2851 1767 2904 Κα-

167 2945 373 3018 τελύθη
397 2949 429 3018 ἡ
452 2946 714 3016 διοίκησις
753 2943 927 3014 αῦτη;
963 2943 1076 2996 Ούκ
1111 2941 1176 2995 ἂν
1206 2941 1454 3010 φήσαιεν·
1484 2938 1635 3010 μένει
1659 2939 1767 3011 γὰρ

1945 2307 2048 2374 Qui
2085 2317 2264 2363 autem
2296 2306 2390 2364 Dei
2422 2315 2689 2362 creaturae
2728 2305 2997 2362 resistunt
3034 2321 3131 2377 per
3162 2307 3466 2376 speciosam

1874 2401 2022 2454 illam
2059 2400 2488 2464 continentiam,
2540 2399 2633 2454 illa
2676 2413 2897 2469 quoque
2954 2399 3178 2466 dicunt,
3234 2415 3356 2470 qua:
3401 2402 3466 2454 ad

1874 2489 2129 2545 Salomen
2173 2491 2316 2546 dicta
2367 2499 2530 2558 sunt,
2575 2504 2815 2559 quorum
2864 2489 3018 2560 prius
3076 2491 3464 2546 meminimus:

1875 2579 2146 2635 habentur
2179 2595 2386 2647 autem,
2430 2590 2492 2636 ut
2531 2581 2809 2645 existimo,
2846 2581 2898 2634 in
2939 2579 3232 2651 Evangelia
3273 2597 3470 2636 secun-

1873 2670 2004 2726 dum
2041 2673 2098 2737 »Χι
2133 2671 2438 2743 Egyptios.
2492 2673 2662 2727 Aiunt
2688 2673 2832 2728 enim
2879 2672 3060 2743 ipsum
3095 2673 3300 2728 dixisse
3338 2673 3468 2728 Ser-

1873 2777 2151 2820 vatorcm:
2193 2784 2210 2815 ι
2261 2764 2390 2820 Veni
2419 2765 2487 2820 ad
2519 2766 2930 2821 dissolvendum
2960 2781 3127 2836 opera
3160 2767 3412 2834 femitta’;
3445 2787 3463 2818 ι

1875 2855 2092 2912 feminae
2125 2858 2382 2927 quidem,
2411 2859 2757 2928 cupiditatis;
2803 2876 2968 2930 opera
3013 2870 3195 2915 autem
3243 2877 3470 2930 genera-

1875 2949 2076 3004 tionem
2134 2959 2189 3004 et
2242 2951 2546 3006 interitum.
2607 2952 2748 3018 Quid
2777 2968 2907 3022 ergo
2959 2953 3244 3007 dixerint?
3305 2953 3470 3007 llesiit

168 3040 272 3092 ἐπὶ
305 3039 403 3108 τῆς
445 3038 616 3108 αὐτῆς
654 3037 963 3108 οἰκονομίας
995 3039 1023 3090 6
1063 3035 1286 3106 κόσμος.
1318 3031 1457 3086 Ἀλλ’
1482 3035 1581 3086 οὐκ
1619 3031 1765 3102 ἐψεύ-

1879 3042 1996 3097 haec
2059 3042 2512 3098 administratio?
2563 3042 2682 3100 Non
2736 3045 3009 3100 dixerint:
3074 3055 3257 3099 manet
3319 3046 3467 3100 enim

171 3145 315 3183 σατο
342 3131 371 3182 6
397 3127 617 3200 Κύριοςο
651 3128 728 3200 τῷ
761 3130 874 3183 δντι
905 3128 1013 3200 γὰρ
1041 3127 1108 3182 τά
1133 3128 1233 3197 τῆς
1271 3124 1571 3196 ἐπιθυμίας
1598 3125 1764 3190 κατέ-

167 3221 339 3276 λυσεν
363 3221 520 3295 ἔργα,
549 3220 930 3292 φιλαργυρίαν,
951 3219 1302 3289 φιλονεικίαν,
1330 3217 1765 3288 φιλοδοξίαν,γυ-

166 3313 558 3383 ναικομανίαν,
584 3312 996 3384 παιδεραστίαν,
1021 3312 1346 3382 ὀψοφαγίαν,
1383 3311 1645 3373 ἀσωτίαν,
1673 3314 1767 3364 καὶ

165 3406 243 3460 τὰ
281 3404 489 3468 τούτοις
532 3406 711 3476 ὃμοια.
752 3403 970 3456 Τούτων
1012 3403 1068 3456 δὲ
1116 3405 1149 3474 ἡ
1198 3403 1411 3471 γένεσις
1449 3402 1624 3476 φθορὰ
1669 3403 1768 3472 τῆς

167 3494 448 3566 ψυχῆς,εἱ⁹
471 3511 535 3563 γε
575 3512 594 3544 ι
628 3493 811 3564 νεκροὶ
840 3492 918 3563 (9)
962 3495 1074 3556 τοῖς
1112 3492 1521 3563 παραπτώμασι
1571 3513 1589 3545 ι
1625 3493 1770 3562 γινό-

172 3587 344 3659 μεθα·
377 3587 472 3641 καὶ
501 3586 639 3658 αῦτη
667 3588 700 3656 ἡ
727 3585 916 3656 θήλεια
948 3585 1189 3656 ἀκρασία
1215 3581 1302 3657 ἦν.
1330 3585 1549 3639 Γένεσιν
1588 3586 1645 3640 δὲ
1674 3586 1769 3639 καὶ

169 3678 388 3750 φθορὰν
414 3678 510 3750 τὴν
535 3681 591 3731 ὲν
608 3677 782 3732 κτίσει
818 3679 1252 3749 προηγουμένως
1282 3677 1530 3747 γίνεσθαι
1555 3677 1770 3747 ἀνάγκη

171 3772 349 3843 μέχρι
394 3768 692 3833 παντελοῦς
750 3768 1076 3841 διακρίσεως
1131 3769 1227 3823 καὶ
1273 3770 1771 3832 ἀποκαταστάσεως

168 3862 430 3932 ἐκλογῆς,
462 3861 532 3914 δι’
561 3861 626 3932 ἢν
651 3859 745 3913 καὶ
776 3860 833 3913 αἱ
863 3858 940 3929 τῷ
973 3859 1165 3928 κόσμῳ
1190 3859 1653 3930 συμπεφυρμέναι
1683 3861 1772 3912 ού-

170 3956 298 4014 σίαι
332 3958 396 4026 τῇ
429 3954 722 4024 οίκειότητι
765 3953 1186 4025 προσνέμονται.
1211 3952 1376 4006 Ὅθεν
1402 3953 1650 4017 εἰκότως,
1685 3972 1775 4008 πε·

170 4050 232 4121 ρὶ
259 4047 572 4112 συντελείας
610 4046 946 4119 μηνύσαντος
979 4044 1070 4099 τοῦ
1111 4045 1307 4114 Λόγου,
1333 4049 1367 4117 ἡ
1405 4045 1639 4118 Σαλώμη
1671 4066 1773 4118 φη-

171 4142 266 4196 σί’
308 4159 326 4192 ι
361 4141 542 4212 Μέχρι
574 4140 719 4204 τίνος
759 4141 808 4193 οἱ
842 4138 1122 4210 ἄνΟρωποι
1168 4137 1594 4204 ἀποθανοῦνται;
1621 4160 1640 4192 ι
1675 4140 1770 4193 ἀν-

167 4231 400 4302 θρωπον
443 4231 501 4284 δὲ
544 4229 694 4285 καλεῖ
721 4234 754 4302 ή
797 4229 988 4303 Γραφὴ
1016 4229 1128 4300 (10)
1157 4228 1341 4300 διχῶς,
1368 4230 1457 4284 τόν
1494 4248 1554 4284 τε
1582 4233 1770 4302 φαινό-

175 4340 347 4396 μενον
377 4323 472 4376 καὶ
515 4323 613 4394 τὴν
660 4322 870 4394 ψυχήνο
915 4322 1078 4376 πάλιν
1129 4339 1188 4374 τε
1227 4317 1292 4376 αὖ
1332 4322 1423 4376 τὸν
1464 4320 1772 4394 σωζόμενον

1869 3132 2108 3188 mundus
2141 3133 2194 3187 in
2228 3134 2417 3189 eadem
2449 3135 2777 3191 (economia.
2817 3134 2924 3191 Sed
2961 3154 3069 3190 non
3103 3136 3301 3191 falsum
3330 3136 3471 3190 dixat

1869 3224 2168 3294 Dominus;
2222 3243 2411 3283 revera
2448 3229 2592 3283 enim
2637 3244 2805 3300 opera
2843 3229 3097 3284 dissolvit
3126 3228 3468 3299 cupiditatis,

1869 3320 2178 3384 avaritiam,
2210 3320 2648 3384 contentionem,
2694 3321 2883 3392 gloriae
2921 3322 3307 3392 cupiditatem,
3343 3337 3465 3375 mu-

1873 3409 2072 3464 lierum
2103 3410 2362 3465 insanum
2394 3426 2669 3478 amorem,
2708 3411 3033 3482 ptedicatum
3058 3452 3073 3476 ,
3140 3411 3470 3482 ingluviem,

1871 3500 2063 3555 luxum
2110 3510 2165 3556 et
2199 3501 2612 3573 profusionem,
2659 3516 2715 3556 et
2764 3517 2889 3571 quas
2937 3510 3067 3560 sunt
3106 3501 3192 3556 his
3247 3500 3470 3556 similia.

1876 3591 2087 3648 Horum
2115 3603 2302 3650 autem
2337 3605 2516 3659 ortus,
2547 3603 2631 3650 est
2654 3594 3169 3650 animze‘interitus:
3199 3592 3470 3664 siquidem

1877 3704 1896 3736 ι
1937 3687 2150 3744 delictis
2178 3687 2380 3742 mortui
2423 3706 2442 3739 ι
2479 3686 2744 3742 eﬂicimur
2776 3698 2821 3742 ε.
2858 3685 2933 3740 Ea
2980 3701 3111 3741 vero
3151 3684 3354 3742 femina
3391 3693 3476 3741 est

1873 3777 2308 3853 intemperantia.
2343 3777 2536 3834 Ortum
2561 3790 2743 3835 autem
2784 3788 2837 3834 et
2871 3779 3155 3834 interitum
3193 3787 3476 3832 creatura-

1871 3886 1996 3924 rum
2045 3881 2264 3940 propter
2317 3871 2563 3941 ipsorum
2606 3880 2832 3925 naturas
2908 3869 3027 3924 fieri
3084 3883 3308 3924 necesse
3355 3877 3473 3934 est,

1873 3977 2050 4031 usque
2083 3963 2151 4017 ad
2193 3962 2492 4033 perfectam
2546 3963 2954 4018 distinctionem
2985 3969 3037 4017 et
3073 3961 3472 4016 restitutionem

1872 4053 2180 4118 electionis,
2222 4071 2319 4124 per
2355 4070 2544 4126 quam,
2577 4070 2702 4124 qua:
2739 4053 2905 4109 etiam
2940 4062 3071 4108 sunt
3101 4052 3308 4106 mundo
3339 4067 3469 4122 per-

1872 4143 2051 4199 mistze
2079 4153 2133 4200 et
2161 4143 2405 4200 confusae
2437 4145 2779 4209 substantiae,
2812 4144 3130 4214 proprietati
3161 4159 3275 4198 sua:
3310 4144 3471 4198 resti-

1874 4245 2125 4292 tuuntur.
2158 4235 2313 4292 Unde
2341 4237 2540 4292 merito
2575 4253 2700 4292 cum
2746 4237 2815 4293 de
2859 4234 3336 4292 consummatione
3368 4233 3475 4290 Lo-

1873 4345 1968 4400 gos
2015 4330 2230 4386 locutus
2279 4331 2491 4398 fuerat,
2533 4331 2609 4384 ait
2643 4331 2892 4385 Salome:
2935 4347 2955 4380 ι
3003 4328 3306 4399 Quousque
3350 4344 3471 4382 mu-

169 4415 277 4468 καὶ
300 4415 389 4467 τὸν
425 4415 518 4485 μή.
548 4412 658 4466 Καὶ
689 4411 918 4474 θάνατος
956 4410 1134 4482 ψυχῆς
1173 4412 1206 4481 ἡ
1242 4409 1488 4481 ἁμαρτία
1526 4410 1765 4480 λέγεται.

1877 4423 2085 4478 rientur
2134 4424 2428 4479 homines?
2482 4443 2502 4475 ι
2553 4422 2839 4478 Hominem
2876 4433 3059 4477 autem
3111 4431 3269 4477 vocat
3319 4421 3475 4476 Scri-

162 4505 274 4560 Διὸ
321 4508 417 4560 καὶ
470 4503 1005 4576 παρατετηρημένως
1050 4502 1405 4573 ἀποκρίνεται
1453 4504 1481 4556 6
1529 4503 1766 4576 Κύριος·

176 4615 201 4652 σ
234 4596 451 4670 Μέχρις
481 4595 592 4668 (11)
627 4595 692 4650 ἂν
732 4596 988 4649 τίκτωσιν
1028 4596 1086 4648 αἱ
1131 4597 1388 4663 γυναῖκες
1409 4636 1423 4659 ,
1465 4616 1484 4646 ι
1519 4596 1769 4650 τουτέστι

1882 4525 2047 4585 ptura
2076 4517 2397 4587 dupliciter:
2445 4526 2499 4572 et
2527 4533 2677 4579 eum,
2711 4517 2804 4586 qui
2835 4525 3080 4586 apparet,
3108 4525 3162 4571 et
3193 4515 3472 4580 animam;

1878 4615 1934 4659 et
1977 4621 2103 4661 eum
2144 4623 2374 4670 rursus,
2421 4607 2515 4678 qui
2576 4617 2859 4672 servatur,
2911 4615 2965 4660 ct
3015 4621 3141 4661 eum
3197 4605 3293 4677 qui
3340 4621 3472 4661 non.

263 4747 293 4806 ᾳ
322 4733 366 4787 ιι
418 4734 550 4806 (.03,
578 4733 793 4806 “te,
829 4732 1165 4806 blbi_d.,16,
1205 4733 1300 4806 t7.
1371 4743 1393 4772 c
1425 4732 1467 4788 ιι
1493 4732 1617 4793 Cor.
1651 4750 1724 4797 vt,
1762 4758 1765 4765 ι

1885 4739 1971 4804 15,
2007 4741 2094 4796 16.
2153 4739 2179 4780 ἀ
2209 4739 2253 4794 ll
2279 4741 2404 4796 Cor.
2439 4757 2537 4806 vn,
2597 4741 2648 4795 1.
2685 4746 2743 4805 ›Ῑ‹
2783 4739 2844 4796 Ρ.
2880 4739 2986 4796 540
3013 4739 3125 4795 El).
3164 4735 3470 4802 POTTER,

166 4805 312 4869 439,
342 4806 448 4860 455
478 4803 586 4858 ED.
618 4803 840 4859 PARIS.
882 4815 904 4842 ε
940 4802 1144 4874 Ephes.
1176 4819 1238 4869 ιι,
1271 4803 1326 4858 5.

248 4948 331 5016 (5)
371 4945 686 5000 760133160")
719 4946 934 5016 γέγονεᾼ
947 4943 1108 4998 καινά
1140 4943 1208 4998 τὰ
1248 4944 1441 4998 πάντα.
1472 4945 1515 4999 ll
1556 4944 1683 4999 Cor.
1710 4961 1758 4998 v.

271 5016 327 5084 6)
356 5019 423 5070 Ἠ
454 5018 564 5082 τίς.
597 5017 693 5079 Τίς
724 5017 803 5070 δέ.
833 5016 870 5068 ΙΙ
897 5014 1024 5067 Cor.
1061 5031 1134 5068 VI.

271 5028 327 5084 6)
357 5028 419 5070 Ἡ
454 5028 564 5082 τις.
598 5028 693 5079 ἰ’ίς
724 5028 803 5070 οε.
833 5028 870 5068 ll
897 5028 1024 5067 Cor.
1061 5031 1134 5068 VI.

247 5028 331 5158 (7)
366 5087 618 5156 Βελίαρς
666 5087 756 5153 τίς
779 5105 843 5158 μ.
875 5085 1104 5158 Βελίαλς
1137 5083 1170 5155 ἦ
1197 5084 1281 5158 τίς
1309 5103 1374 5158 μ.
1397 5082 1443 5136 ll
1491 5084 1620 5140 Cor.
1690 5102 1765 5148 vi,

251 5105 331 5158 (ι)
366 5105 618 5156 uutap;
666 5105 843 5208 τις
877 5105 1104 5149 υεΑιαΑς
1137 5105 1170 5155 η
1198 5105 1281 5148 τις
1309 5105 1366 5154 μ.
1401 5105 1405 5136 l

169 5160 270 5213 ubi
294 5173 420 5210 mox
447 5159 545 5220 τὰς
574 5161 780 5224 ὲπαγγε
821 5158 925 5220 ίας,
944 5155 1242 5224 ἀγαπητοὶ,
1279 5154 1405 5208 καθ.

211 5226 665 5352 ό(8)ι1ἷρότερον.
691 5225 893 5296 Nempe
921 5241 973 5295 p.
995 5226 1100 5280 445
1118 5226 1246 5280 edit.
1270 5224 1469 5286 Paris.,
1504 5225 1592 5278 ubi
1616 5225 1764 5286 conf.

252 5313 326 5350 no
353 5314 381 5350 a
412 5313 464 5351 a.

168 5308 464 5354 ldnotata.

249 5368 332 5436 (9)
355 5367 589 5435 Νεκροί.
621 5366 871 5437 Βρερίεἱί
893 5367 1090 5435 Ephes.
1123 5383 1180 5431 ιι,
1207 5367 1264 5421 5:
1294 5366 1405 5419 Καὶ
1435 5363 1763 5437 δνταςήμᾶς

165 5435 410 5520 νεκροὺς
451 5440 565 5520 τοῖς
615 5435 1023 5510 παραπτώμασι
1070 5437 1502 5505 συνεζωοποίησε
1531 5435 1610 5506 τῷ
1633 5435 1760 5508 Χρι-

170 5525 316 5563 στω.

243 5526 369 5650 ’(ἶό)
391 5578 622 5650 Γραφή.
652 5577 696 5631 11
717 5579 855 5650 Cyr.
889 5595 960 5632 tv.
995 5578 1074 5650 Ad
1100 5577 1315 5650 dictum
1347 5578 1771 5650 demortcpern

165 5647 318 5705 tinet
349 5649 495 5704 istud
524 5647 683 5703 Pauli
714 5648 734 5702 l
759 5649 899 5702 Tim.
932 5665 964 5701 v
991 5667 1004 5701 :
1049 5648 1112 5700 Ἦ
1134 5648 1189 5700 δὲ
1239 5647 1572 5702 σπαταλῶσα
1618 5647 1768 5712 ζῶσα

164 5718 441 5788 τέθνηκε·
479 5729 532 5774 et
583 5721 697 5773 hazc
740 5719 986 5772 Philonis
1014 5735 1136 5788 pag.
1169 5719 1265 5772 M:
1306 5718 1469 5772 Φύσει
1525 5718 1624 5788 μὲν
1669 5719 1770 5769 οὐκ

172 5791 298 5844 εστι
331 5789 580 5855 θάνατος,
610 5789 806 5843 καθ’ὃν
839 5789 1130 5860 χωρίζεται
1155 5789 1300 5859 ψυχὴ
1330 5789 1439 5842 ἀπὸ
1469 5789 1718 5860 σώματος
1746 5805 1759 5818 °

169 5861 294 5933 6’66
325 5861 418 5913 ἐπὶ
448 5861 686 5932 τιμωρίᾳ
734 5860 1064 5925 συνίσταται,
1097 5862 1226 5913 ὅταν
1270 5863 1302 5931 ὴ
1338 5860 1482 5931 ψυχὴ
1515 5860 1604 5913 τὸν
1635 5861 1762 5931 ἀρσ-

1863 4950 1972 5019 τῆςᾼ
1993 4945 2107 5019 βίον
2136 4946 2346 5019 θνήσκῃ
2366 4987 2380 5011 ,
2407 4945 2498 5019 τὸν
2531 4946 2588 5019 δὲ
2625 4946 2826 5019 κακίας
2855 4946 2930 5019 Δζῇ
2968 4943 3150 5019 μόνον.
3286 4939 3344 4994 δὲ
3381 4943 3475 5019 καί

1867 5009 2278 5088 ὁἮράκλειτός,
2305 5009 2447 5088 κατά
2478 5017 2633 5070 τοῦτο
2666 5009 3367 5088 Μωῦσέωςίάκολουθήσας
3396 5009 3475 5080 τῷ

1868 5081 2120 5158 δόγματι,
2152 5089 2303 5158 φησί·
2334 5087 2522 5158 Ζῶμεν
2554 5088 2661 5158 τὸν,
2677 5087 2900 5139 ἐκείνων
2934 5085 3186 5149 θάνατον,
3215 5081 3476 5153 τεθνήκα·

1875 5155 2052 5228 μενδὲ
2084 5155 2176 5211 τὸν
2201 5155 2434 5228 ἐκείνων
2457 5157 2590 5226 βίον.
2631 5155 2896 5228 S_vutuno.

1952 5229 2054 5297 (Η)
2086 5229 2328 5296 Μέχρις.
2373 5223 2515 5280 lnl‘i'a
2544 5228 2596 5280 in
2641 5225 2888 5297 Excerpt.
2923 5240 2988 5277 ex
3025 5223 3466 5297 Theo_dot.,_pa:z.

1874 5291 1998 5360 799,
2018 5291 2148 5353 edit.
2172 5291 2345 5367 P—aris.
2369 5317 2382 5352 :
2405 5299 2572 5350 Ὅταν
2594 5299 2622 5348 6
2866 5297 3003 5367 πρὸς
3027 5291 3294 5364 Σαλώμην
3314 5292 3469 5367 λέγῃ,

1885 5337 1976 5353 ..ιν
2018 5337 2148 5353 νυ...
2172 5337 2190 5350 .
2215 5337 2345 5354 ...μη
2369 5339 2382 5352 .
2433 5337 2569 5350 ν.-.
2595 5337 2622 5348 ν
2643 5337 2777 5348 ...κη
3027 5337 3178 5347 -..ηπ
3234 5337 3244 5344 .
3277 5337 3289 5344 .
3315 5337 3372 5345 η-
3417 5337 3428 5345 .
3456 5337 3469 5355 ,

1878 5340 2092 5440 «Μέχρι
2124 5369 2245 5422 τότε
2274 5365 2414 5440 εἶναι
2444 5368 2694 5440 θάνατον,
3025 5369 3080 5418 αί
3111 5337 3368 5440 γυῖαίκες
3387 5337 3472 5440 iii-

1867 5434 2090 5510 κτωσὶν,
2125 5461 2149 5510 ν»
2185 5440 2246 5493 οὐ
2281 5439 2380 5510 τὴν
2404 5437 2616 5510 γένεσιν
2639 5434 2878 5510 κακίζων
2899 5435 3086 5510 ἔλεγεν
3108 5475 3123 5498 ,
3166 5434 3474 5510 ἀναγκαίαν

1865 5507 2032 5564 οὖσαν
2061 5509 2149 5564 διὰ
2180 5510 2280 5578 τὴν
2316 5506 2592 5578 σωτηρίαν
2621 5507 2730 5578 τέῦν
2765 5506 3148 5578 πιστευόντωνο
3187 5522 3204 5555 ι
3237 5507 3474 5570 Quando

1870 5582 2126 5636 Servator
2163 5574 2397 5633 Salomze
2424 5574 2590 5630 dixit:
2627 5574 2706 5628 Eo
2739 5593 2900 5646 usque
2931 5577 3043 5646 fore
3079 5583 3321 5635 mortem,
3349 5591 3475 5645 quo-
3540 5603 3543 5605 -

1868 5667 2039 5723 usque
2062 5650 2307 5704 mulieres
2335 5657 2602 5723 parerent,
2642 5663 2750 5700 non
2781 5645 2999 5723 locutus
3038 5655 3123 5700 est
3160 5647 3262 5699 ista
3292 5645 3346 5723 in
3379 5648 3468 5701 Vl:-

1872 5717 2144 5791 tuperium
2197 5717 2587 5791 generationis,
2638 5733 2759 5785 qua
2804 5719 2992 5789 utique
3043 5717 3349 5772 necessaria
3383 5727 3468 5771 est

1875 5789 2092 5862 propter
2123 5791 2352 5846 salutem
2383 5789 2638 5842 fidelium.
2689 5807 2708 5841 ι
