3946 6526
166 418 311 477 1109

1436 420 1874 479 STROMATUM
1906 420 2036 477 LIB.
2069 419 2157 479 ΙΙΙ.

3272 415 3418 470 Ητιπ

160 536 255 597 διὰ
282 538 380 604 τὰς
415 538 689 612 χρειώδεις
711 543 986 614 ἀσχολίας.
1004 544 1096 616 Μὴ
1116 544 1296 617 φέρων
1322 544 1366 598 6'
1401 540 1555 609 οὗτος
1580 544 1719 599 εὺκὰ

1841 543 2150 608 tiuentiam,
2180 542 2266 598 vel
2300 542 2467 603 etiam
2504 532 2937 608 matrimonium;
2967 537 3193 609 etquod
3219 537 3415 594 matri-

159 628 277 697 λως
304 632 395 701 τὸν
427 634 635 707 μονήρη
670 634 810 705 βίον,
842 634 1098 708 ἐπιθυμεῖ
1124 636 1218 690 τοῦ
1256 635 1463 708 γάμου·
1517 636 1639 692 ἐπεὶ
1676 636 1739 693 τὸ

159 724 459 796 εὐάρεστον
514 726 653 797 μετά
695 727 1046 799 σωφροσύνης
1096 728 1361 795 ἀϐλαϐὲς,
1415 730 1508 783 καὶ
1551 729 1740 802 κύριος

158 815 395 881 lucto;
421 819 575 890 ἡμῶν
602 820 859 891 τυγχάνει
889 821 987 892 τῆς
1017 822 1146 893 περὶ
1174 822 1379 876 τέκνων
1407 822 1570 893 γονῆς
1591 822 1742 893 αἱρέ-

158 922 325 972 σεως.
355 909 569 981 Συνορῶ
591 911 637 964 δ’
662 912 811 977 ὅπως
838 916 906 986 τῇ
935 914 1209 985 προφάσει
1236 914 1329 968 τοῦ
1361 915 1539 985 γάμου
1563 915 1613 968 οἱ
1639 914 1737 985 μὲν

158 996 526 1069 ἀπισχημένοι
560 1001 669 1072 (2i)
707 1003 894 1057 τούτου
931 1003 1005 1075 μὴ
1044 1004 1185 1058 κατά
1214 1005 1314 1077 τὴν
1350 1004 1513 1075 ἀγίαν
1535 1004 1738 1073 γνῶσιν

157 1084 251 1147 εἰς
297 1087 709 1162 μισανθρωπίαν
744 1092 1126 1165 ὑπερρύησαν,
1164 1094 1257 1148 καὶ
1290 1093 1352 1147 τὸ
1389 1093 1489 1165 τῆς
1520 1094 1739 1165 ἀγάπης

152 1176 370 1247 οἴχεται
396 1180 526 1251 παρ’
548 1182 748 1245 αὐτοῖς·
779 1185 828 1237 oi
855 1184 931 1247 δὲ,
966 1184 1310 1256 ὲνσχεθέντες
1329 1186 1423 1240 καὶ
1457 1184 1737 1257 ἡδυπαθή-

154 1281 353 1332 σαντςς
391 1275 455 1343 τῇ
487 1272 584 1326 τοῦ
618 1274 782 1345 νόμου
822 1279 1204 1350 συμπεριφορᾷ
1236 1277 1379 1346 (22),
1409 1275 1486 1342 ὥς
1517 1293 1679 1349 φησιν
1709 1277 1740 1332 6

150 1355 478 1433 Προφήτης,
515 1365 989 1439 παρωμοιώθησαν
1010 1369 1422 1441 τοῖςκτήνεσιν.

1844 635 2089 689 monium
2131 632 2399 689 creationi
2449 631 2654 702 aliquid
2702 631 2857 687 aﬂ‘ert
2902 629 3113 698 auxilii,
3147 638 3411 700 praeterea

1843 728 2146 797 explicans.
2182 724 2260 782 Ne
2276 726 2403 798 quis
2430 740 2561 797 ergo
2603 741 2730 781 eum
2766 725 3062 795 deliquisse
3110 723 3407 791 existimet,

1844 820 1939 889 qui
1988 818 2288 875 secundum
2350 817 2538 891 Logon
2574 816 2999 877 .matrimonium
3042 815 3246 880 inierit,
3303 811 3410 868 nisi

1841 910 2121 966 existimet
2179 924 2423 964 amaram
2497 922 2619 964 esse
2675 906 2913 961 ﬁliorum
2978 903 3406 959 educationem:

1840 1012 2032 1059 contra
2085 999 2619 1070 tamen,'permultis
2670 999 2881 1054 videtur
2922 1010 3043 1052 esse
3087 992 3413 1050 molestissi-

1841 1110 1992 1153 mum
2031 1093 2217 1149 liberis
2255 1106 2460 1148 carere.
2494 1088 2680 1161 Neque
2719 1103 2905 1146 amara
2944 1088 3198 1157 cuiquam
3230 1083 3441 1151 ridea-l

1842 1195 1935 1241 tur
1971 1186 2269 1241 liberorum
2307 1184 2636 1255 procreatio,
2673 1197 2739 1238 eo
2773 1180 2921 1251 quod
2965 1178 3198 1249 negotiis
3225 1173 3409 1245 impli-

1842 1291 1995 1335 catos
2026 1294 2059 1334 a
2096 1276 2297 1333 divinis
2322 1277 2624 1334 abstrahat.
2658 1274 2756 1329 Est
2782 1272 2952 1335 enim,
2989 1270 3083 1340 qui
3113 1268 3283 1322 vitam
3314 1280 3407 1318 so-

1841 1367 2081 1425 litariam
2127 1369 2285 1427 facile
2332 1368 2475 1425 ferre
2506 1384 2613 1424 non
2648 1367 2858 1431 valens,
2889 1364 3097 1435 expetit
3126 1359 3411 1415 matrimo—

150 1449 316 1515 nium
344 1468 358 1504 :
390 1454 828 1526 quandoquidem
876 1474 964 1514 res
1001 1468 1176 1529 grata,
1218 1475 1326 1532 qua
1372 1460 1497 1531 quis
1547 1468 1915 1530 temperanter
1960 1461 2186 1527 fruitur,
2224 1471 2280 1519 et
2321 1462 2545 1518 innoxia
2577 1481 2591 1518 :
2626 1470 2680 1517 et
2716 1460 3096 1530 unusquisque
3160 1463 3409 1511 nostrum

144 1553 387 1599 eatenus
418 1546 502 1600 sui
532 1546 789 1605 dominus
819 1559 921 1610 est.
957 1562 1017 1605 ut
1044 1551 1229 1623 eligat,
1257 1567 1327 1606 an
1361 1552 1492 1607 velit
1525 1551 1728 1608 liberos
1794 1568 2105 1623 procreare.
2156 1555 2403 1627 Intelligo
2451 1565 2655 1620 autem,
2721 1552 2866 1623 quod
2913 1549 3084 1619 aliqui
3135 1544 3355 1617 quidem
3390 1582 3407 1606 ,

154 1637 261 1709 Qui
303 1648 566 1706 praetextu
637 1643 975 1699 matrimonii
1023 1644 1398 1701 ditiicultatum
1453 1646 1523 1701 ab
1579 1660 1646 1702 eo
1697 1645 2098 1713 abstinuerunt,
2150 1661 2261 1705 non
2310 1648 2693 1706 convenienter
2742 1653 2942 1702 sancta:
3000 1634 3296 1710 cognitioni
3341 1631 3406 1685 ad

146 1727 614 1788 inhumanitatem
653 1742 708 1789 et
742 1735 928 1791 odium
960 1737 1245 1793 hominum
1293 1736 1663 1805 deﬂuxerunt,
1719 1744 1775 1793 et
1824 1737 1966 1807 perit
2021 1737 2164 1809 apud
2204 1738 2353 1809 ipsos
2392 1738 2666 1804 cbaritas;
2714 1735 2805 1791 alii
2844 1743 3025 1788 autem
3054 1723 3407 1785 matrimonio

144 1820 331 1893 ligati,
358 1835 412 1879 et
453 1827 602 1882 luxui
653 1843 720 1884 ac
776 1832 1142 1902 voluptatibus
1196 1832 1363 1890 dediti
1400 1871 1418 1900 ,
1483 1832 1603 1904 lege
1654 1830 2060 1904 quodammodo
2105 1848 2204 1890 eos
2254 1833 2566 1898 comitante.
2610 1830 2851 1895 fuerunt,
2891 1834 2953 1885 ut
2996 1825 3073 1880 ait
3111 1820 3403 1892 PrOphela.

151 1934 181 1968 ι
216 1914 506 1971 assimilati
530 1917 794 1988 iumentis
820 1932 871 1976 ι.
910 1940 932 1974 ι

1597 2035 1827 2095 CAPUT
1867 2036 1937 2090 X.

1052 2149 1217 2206 Verba
1243 2150 1442 2209 Christi
1467 2150 1659 2208 Matth.
1726 2166 1887 2217 xvm,
1914 2151 2010 2213 20,
2040 2148 2258 2221 mystice
2274 2147 2507 2218 exponit.

221 2255 382 2321 Τίνες
406 2258 462 2312 δὲ
496 2278 516 2312 ι
537 2263 584 2314 oi
611 2260 705 2315 δύο
734 2262 829 2316 καὶ
854 2266 1007 2337 τρεῖς
1030 2264 1388 2338 ὑπάρχουσιν,
1419 2268 1486 2321 ὲν.
1506 2265 1719 2338 ὀνόματι

1902 2263 2141 2333 Quinam
2174 2269 2304 2319 sunt
2336 2267 2521 2316 autem
2571 2257 2651 2316 illi
2680 2275 2702 2310 ι
2733 2256 2846 2312 duo
2886 2262 2941 2310 et
2968 2261 3103 2319 tres,
3132 2251 3226 2322 qui
3263 2265 3398 2306 con—

138 2348 390 2420 Χριστοῦ
446 2352 836 2424 συναγόμενοι,
881 2373 902 2407 ι
943 2355 1074 2428 παρ’
1118 2351 1200 2421 οἷς
1244 2375 1264 2409 ι
1299 2356 1463 2429 μέσος
1509 2357 1658 2410 ἐστὶν
1700 2356 1731 2409 6

138 2438 391 2510 Κύριοςς
423 2459 443 2493 ι
481 2442 513 2513 ἢ
548 2444 670 2515 οὐχὶ
696 2446 865 2518 ἀνδρα
890 2446 984 2501 καὶ
1009 2450 1243 2516 γυναῖκα
1268 2448 1363 2503 καὶ
1391 2448 1578 2502 τέκνον
1604 2447 1729 2512 τοὺς

134 2533 303 2603 τρεῖς
347 2530 529 2602 λέγει;
585 2535 671 2589 ὅτι
703 2536 858 2610 ἀνδρὶ
889 2539 1026 2611 γυνὴ
1077 2539 1165 2594 διά
1204 2540 1338 2595 Θεοῦ
1406 2541 1724 2614 ἁρμόζεται.

155 2623 325 2677 Ἀλλά
360 2624 459 2680 κᾶν
488 2625 722 2693 εὖξωνὸς
767 2647 854 2695 τις
887 2626 1027 2687 εἶναι
1062 2630 1222 2706 Θὲλῃ,
1262 2634 1361 2705 οὐχ
1409 2633 1729 2706 αἱρούμενος

135 2713 254 2780 τὴν
306 2717 644 2774 παιδοποιίαν
695 2721 784 2776 διὰ
826 2722 924 2794 τὴν
974 2725 1032 2776 ὲν
1075 2724 1390 2797 παιδοποιίᾳ
1434 2725 1725 2795 ἀσχολίαν,

137 2807 414 2873 Μενέτω,
452 2810 614 2882 φησὶν
650 2813 680 2866 6
743 2814 1063 2879 Ἀπόστολος
1086 2854 1102 2879 ,
1141 2815 1351 2887 ἄγαμος
1398 2816 1509 2888 (25)
1531 2855 1547 2880 ,
1595 2835 1615 2868 ι
1652 2816 1728 2881 ὡς

138 2898 329 2966 κάγώ.
355 2919 374 2952 ι
413 2901 702 2957 Βούλεσθαι
742 2906 850 2976 γὰρ
892 2906 1071 2976 λέγειν
1104 2907 1194 2962 τὸν
1239 2907 1441 2980 Κύριον
1474 2907 1729 2979 ἐξηγοῦν-

133 3005 261 3052 ται,
300 2992 436 3060 μετά
479 2993 580 3064 μὲν
618 2994 726 3049 τῶν
757 2996 1048 3065 πλειόνων,
1080 2999 1173 3053 τὸν
1219 3001 1555 3074 Δημιουργὸν
1588 2996 1726 3056 εἶναι

134 3079 243 3131 τὸν
275 3086 653 3157 γενεσιουργδν
688 3087 841 3152 Θεὸν,
879 3089 1017 3160 μετά
1049 3091 1106 3145 δὲ
1148 3091 1241 3145 τοῦ
1274 3092 1410 3157 ἐνὸς,
1443 3091 1537 3146 τοῦ
1575 3091 1726 3145 ὲκλε-

135 3171 307 3235 κτοῦ,
334 3173 425 3227 τὸν
468 3177 716 3251 Σωτῆρα,
750 3180 911 3234 ἄλλου
940 3181 1179 3253 δηλονότι
1225 3182 1360 3236 Θεοῦ
1391 3182 1485 3237 τοῦ
1520 3181 1724 3254 ἀγαθοῦ

135 3260 282 3315 Υίὸν
314 3265 609 3332 πεφυκότα.
644 3268 716 3321 Τὸ
743 3268 787 3321 δ’
817 3270 913 3341 οὐχ
937 3270 1112 3337 οὕτως
1153 3271 1263 3344 ἔχει
1283 3290 1297 3303 ⁵
1334 3272 1449 3326 ἀλλ’
1480 3271 1594 3326 ἔστι
1626 3274 1725 3345 μὲν

133 3354 243 3408 καὶ
280 3355 418 3425 μετὰ
466 3356 574 3412 τῶν
619 3362 908 3432 σωφρόνως
951 3363 1247 3434 γημάντων
1286 3363 1380 3416 καὶ
1410 3380 1726 3438 τεκνοποιη-

135 3447 362 3501 σάντων
391 3451 419 3502 6
444 3449 573 3514 Θεὸς
596 3450 664 3504 δι’
700 3452 829 3506 Υίοῦ
848 3470 860 3483 ·
888 3452 1003 3507 ἔστι
1032 3454 1089 3508 δὲ
1123 3455 1219 3508 καὶ
1247 3453 1385 3526 μετά
1406 3455 1501 3509 τοῦ
1524 3457 1725 3528 ἐγκρα-

130 3541 481 3611 τευσαμένου
503 3541 775 3611 λογικῶςὸ
799 3544 959 3608 αὐτὸς
976 3544 1237 3611 ὡσαύτως
1267 3546 1420 3611 Θεός.
1434 3541 1559 3602 Εἶεν
1581 3547 1626 3601 δ’
1655 3547 1721 3602 ἂν

1830 2362 2125 2427 gregantur
2154 2354 2210 2410 in
2233 2366 2454 2408 nomine
2486 2349 2723 2414 Domini,
2750 2350 2804 2403 in
2834 2366 2855 2400 ι
2889 2359 3125 2417 quorum
3164 2346 3224 2406 >11
3244 2357 3262 2390 ι
3289 2357 3404 2394 me-

1828 2446 1925 2503 dio
1961 2464 1981 2500 ι
2021 2454 2107 2503 est
2149 2444 2415 2501 Dominus
2435 2443 2464 2485 ι’
2486 2444 2511 2499 'I
2534 2456 2716 2498 annon
2745 2440 2924 2495 virum
2953 2445 3007 2493 et
3036 2434 3318 2491 mulierem
3349 2443 3404 2487 et

1828 2538 2005 2595 tilium
2052 2547 2164 2595 tres
2207 2536 2361 2603 dicit,
2410 2534 2671 2606 quoniam
2726 2532 2923 2588 mulier
2966 2544 3090 2585 cum
3136 2526 3257 2581 viro
3304 2540 3403 2596 per

1828 2628 2001 2685 Deum
2050 2627 2439 2700 coniungitur?
2483 2625 2639 2694 Quod
2687 2624 2733 2679 si
2783 2622 3065 2680 accinctus
3105 2618 3232 2690 quis
3276 2631 3402 2672 esse

1826 2719 1960 2775 velit
1997 2727 2053 2775 et
2091 2718 2399 2789 expeditus,
2435 2732 2546 2773 non
2600 2715 2790 2772 volens
2840 2726 3126 2786 procreare
3167 2710 3395 2774 liberos,

1828 2818 2054 2882 propter
2085 2822 2228 2875 eam,
2261 2823 2384 2878 qua:
2417 2816 2503 2863 est
2541 2807 2597 2861 in
2644 2803 3000 2877 procreandis
3032 2800 3241 2868 liberis,
3275 2815 3398 2855 mo-

1828 2904 2042 2960 lestiam
2072 2910 2127 2959 et
2152 2900 2589 2972 occupationem,
2632 2917 2653 2952 ι
2685 2906 2924 2963 maneat,
2952 2914 2973 2949 ι
3023 2894 3203 2965 inquit
3250 2892 3396 2961 Apo-

1826 2996 2023 3061 stolus,
2071 2995 2279 3065 absque
2341 3008 2511 3047 uxore
2565 2999 2677 3047 tut
2727 3000 2931 3062 θεοῦ.»
2983 2985 3215 3053 Quidam
3268 2998 3398 3038 vero

1827 3088 2050 3147 eﬂ'atum
2074 3086 2289 3142 Domini
2332 3092 2634 3155 exponunt,
2667 3098 2731 3137 ac
2764 3083 2809 3137 si
2842 3081 3091 3146 dixisset,
3124 3091 3248 3133 cum
3274 3075 3399 3146 plu-

1826 3178 1981 3234 ribus
2011 3177 2230 3248 quidem
2255 3190 2378 3231 esse
2405 3174 2719 3229 Creatorem
2766 3187 2832 3228 ac
2860 3169 3145 3243 praesidem
3170 3181 3398 3240 genera-

1826 3270 1993 3327 tionis
2028 3268 2238 3336 Deum;
2287 3282 2411 3322 cum
2443 3280 2554 3321 uno
2584 3273 2786 3329 autem,
2822 3277 3015 3333 nempe
3040 3261 3233 3328 electo,
3268 3257 3394 3313 Ser-

1827 3368 2091 3425 vatorem,
2115 3358 2207 3429 qui
2249 3356 2496 3423 alterius,
2519 3355 2648 3411 boni
2695 3354 2921 3417 scilicet,
2956 3350 3053 3407 Dei
3083 3350 3254 3405 Filius
3298 3349 3391 3404 sit.

1826 3450 1940 3508 lloc
1989 3459 2169 3506 autem
2218 3465 2327 3505 non
2366 3449 2439 3504 ita
2483 3448 2688 3503 habet:
2717 3447 2811 3503 sed
2853 3455 2936 3501 est
2978 3444 3195 3516 quidem
3227 3442 3391 3498 etiam

1824 3561 1947 3600 cum
1982 3546 2073 3609 iis,
2098 3545 2193 3615 qni
2230 3544 2461 3600 honeste
2500 3556 2565 3598 ac
2610 3541 2890 3598 moderate
2935 3540 2990 3594 in
3040 3536 3393 3594 matrimonio

130 3633 244 3687 καὶ
258 3606 431 3698 ἄλλως
458 3637 505 3689 οἱ
531 3606 630 3705 μεν
649 3639 796 3709 τρεῖς
826 3606 1119 3709 θυμὸςβι)
1139 3655 1198 3693 τε
1215 3606 1321 3693 *καὶ
1338 3606 1601 3712 ἐπιθυμία
1623 3644 1719 3698 καὶ

1829 3637 2025 3694 versati
2083 3644 2232 3703 sunt,
2279 3646 2337 3691 et
2392 3634 2595 3690 liberos
2644 3638 3024 3700 susceperunt,
3091 3628 3237 3685 Deus
3295 3643 3394 3699 per

128 3724 424 3795 λογισμὸς,
447 3725 584 3798 σὰρξ
597 3724 707 3797 (25)
723 3727 779 3780 δὲ
806 3728 1065 3799 καὶψυχὴ
1090 3729 1183 3782 καὶ
1198 3729 1411 3801 πνεῦμα
1426 3732 1543 3785 κατ’
1559 3731 1716 3788 ἄλλον

129 3816 332 3885 λόγον’
360 3818 500 3888 τάχα
527 3818 583 3874 δὲ
620 3819 713 3873 καὶ
743 3818 842 3891 τὴν
872 3819 1064 3891 κλῆσιν
1097 3822 1197 3892 τήν
1232 3838 1293 3874 τε
1324 3821 1551 3893 ἐκλογὴν
1591 3824 1713 3878 δευ-

125 3908 329 3979 τέραν,
354 3912 450 3964 καὶ
471 3912 653 3983 τρίτον
678 3912 739 3966 τὸ
768 3914 848 3977 εἰς
871 3912 972 3983 τὴν
998 3912 1222 3985 πρώτην
1243 3914 1408 3985 τιμὴν
1441 3932 1715 3971 κατατασ-

130 4000 373 4071 σύμενον
425 4003 619 4071 γένος,
671 4004 971 4061 αἰνίσσεται
1012 4007 1046 4076 ή
1103 4005 1471 4079 προειρημένη
1524 4008 1710 4080 τριάς⁶

130 4092 265 4164 μεθ’
302 4085 376 4146 ὧν
414 4094 448 4165 ἠ
497 4095 899 4161 πανεπίσκοπος
928 4095 1022 4151 τοῦ
1061 4094 1197 4151 Θεοῦ
1229 4096 1456 4169 δύναμις
1493 4098 1716 4172 ἀμερῶς
1767 4147 1777 4159 .

132 4185 400 4256 μεριστὴ.
450 4184 506 4238 ’0
547 4185 722 4239 τοίνυν
756 4187 877 4251 ταῖς
910 4186 1051 4240 κατά
1091 4187 1250 4255 φύσιν
1293 4185 1590 4258 ἐνεργείαις
1615 4186 1717 4257 τῆς

124 4274 324 4346 ψυχῆς
366 4277 424 4328 ὲν
455 4275 623 4330 δέοντι
668 4275 950 4349 χρώμενος
998 4276 1255 4349 ἐπιθυμεῖ
1300 4277 1398 4348 μὲν
1442 4276 1552 4331 τῶν
1593 4275 1713 4333 κατ’

125 4363 391 4435 ἀλλήλων
428 4365 560 4435 (26),
599 4369 749 4438 μισεῖ
778 4366 833 4419 δὲ
864 4367 933 4422 τὰ
963 4366 1287 4438 βλάπτοντα,
1325 4365 1505 4432 καθὼς
1533 4369 1589 4421 αἱ
1626 4370 1713 4421 ὲν-

125 4456 295 4525 στολαὶ
344 4457 452 4529 (27)
496 4458 949 4531 προστάττουσιν·
989 4476 1009 4512 ι
1055 4458 1459 4531 Ἐνευλογήσεις
1499 4476 1519 4510 ι
1570 4457 1710 4531 γὰρ,

218 4568 402 4626 ιΡεοΙ.
429 4584 594 4627 ιινιιι
612 4607 628 4634 ,
691 4571 783 4628 21.

210 4684 1140 4760 (21)-ξᾼπισχημένοιη-υείιιιιίιιε
1198 4688 1599 4760 ἀπεσχημένοι,
1655 4697 1716 4743 ιιι

123 4756 265 4829 cum
288 4756 589 4829 _ahhi._tum
622 4756 743 4829 pag.
776 4758 899 4825 I96,
928 4759 1053 4814 238.
1088 4756 1354 4829 Symunc;

1826 3729 2023 3785 Filium
2055 3736 2177 3784 :est
2214 3735 2397 3783 autem
2428 3727 2596 3791 etiam
2638 3740 2762 3781 cum
2809 3739 2898 3789 eo,
2942 3723 3038 3795 qui
3089 3721 3390 3779 secundum

1823 3824 2007 3893 lognu,
2071 3836 2167 3877 seu
2217 3819 2508 3885 rationem,
2556 3817 2659 3873 fuit
2690 3816 3002 3884 continens,
3047 3814 3190 3870 idem
3220 3812 3390 3869 Deus.

1820 3913 2049 3968 Fuerint
2078 3919 2260 3966 autem
2306 3910 2463 3966 aliter
2494 3924 2714 3980 quoque
2752 3917 2862 3963 tres
2891 3907 3132 3977 quidem,
3161 3906 3262 3971 ira,
3290 3919 3401 3959 cuo-

1820 4006 2039 4075 piditas,
2076 4011 2131 4058 et
2167 4002 2308 4057 ratio
2340 4019 2354 4056 :
2401 4015 2530 4055 caro
2556 4007 2739 4054 autem
2768 4006 2823 4053 et
2854 3997 3037 4051 anima
3063 4005 3116 4050 et
3139 3995 3387 4065 spiritus.

1821 4096 1925 4150 alia
1953 4096 2184 4150 ratione.
2210 4092 2377 4149 Forte
2394 4102 2579 4147 autem
2616 4100 2673 4145 et
2704 4089 3042 4145 vocationem
3072 4096 3127 4141 et
3162 4086 3387 4140 electio-

1821 4202 1946 4241 nem
1976 4185 2293 4251 secundam,
2334 4191 2389 4238 et
2431 4182 2650 4237 tertium
2705 4195 2900 4252 genus,
2926 4179 3074 4249 quod
3125 4177 3180 4231 in
3212 4175 3389 4247 primo

1821 4276 2031 4331 honore
2078 4275 2399 4338 collocatur,
2440 4275 2619 4329 innuit
2653 4271 2787 4328 trias
2838 4272 2992 4341 prius
3025 4269 3173 4325 dicta
3210 4286 3224 4323 :
3259 4284 3385 4323 cum

1820 4367 2020 4437 quibus
2055 4373 2158 4431 est,
2202 4379 2325 4435 qua:
2373 4365 2561 4419 omnia
2613 4362 2939 4428 considerat,
2982 4360 3079 4416 Dei
3122 4367 3384 4430 potestas,

1819 4456 2336 4528 absque-divisione
2376 4456 2578 4511 cadens
2618 4455 2674 4510 in
2714 4453 3063 4509 divisionem.
3098 4451 3204 4520 Qui
3251 4464 3387 4518 ergo

863 4570 997 4638 μιν.
1022 4572 1126 4628 542
1150 4571 1257 4628 ΕΙ).
1293 4570 1589 4639 POTTER,
1615 4572 1719 4629 454

1829 4572 1863 4626 5
1892 4570 2000 4629 ΕΙ).
2032 4569 2256 4628 PARIS.
2332 4570 2363 4613 ιι
2388 4569 2581 4627 Matth.
2607 4586 2765 4634 xvut,
2787 4569 2880 4627 9.0.
2955 4580 2980 4613 θ
3004 4568 3033 4625 ι
3049 4568 3177 4626 Cor.
3202 4584 3303 4635 vn,
3325 4571 3381 4625 7.

1818 4685 2213 4769 “rasum:
2241 4684 2378 4769 θὶεῷ
2401 4686 2995 4769 “summum-

1890 4757 2005 4827 (24)
2033 4754 2273 4828 Θὺμόςί
2293 4754 2536 4828 Respicit
2566 4754 2899 4814 Platonicam
2933 4757 3132 4812 anima
3157 4754 3383 4812 divisio-

210 4826 1565 4924 t’itnecesse.balistae
1581 4830 1712 4924 2?}-

1829 4842 1941 4909 nem
1969 4828 2032 4924 ‘in
2062 4826 2266 4924 partem
2298 4826 2796 4924 concupiscibilen‘t.
2822 4828 3384 4924 ir'ascibilembegra-

124 4912 268 4961 nor,
298 4896 688 4967 indulgentiam
724 4896 962 4966 plurium
1000 4896 1241 4967 uxorum
1289 4896 1541 4953 Pat'ribns
1577 4896 1710 4954 con-

124 4980 354 5046 cessam
380 5007 396 5030 ,
529 4983 648 5046 pag.
695 4968 819 5046 461.
863 4968 1085 5025 Lowru.
1109 4966 1295 5046 -Υει
1332 4969 1385 5023 id
1421 4970 1705 5046 intelligit.

61 5078 65 5091 .
123 5037 283 5108 qurozl
334 5035 387 5088 in
437 5035 625 5091 Latina
679 5040 926 5094 versione
978 5039 1371 5108 expressimus,
1414 5035 1707 5095 nonnullos

125 5106 372 5165 scilicet,
412 5119 670 5177 praetextu
722 5106 1090 5170 matrimonii,
1121 5124 1183 5162 ac
1216 5107 1438 5177 proinde
1471 5109 1613 5176 lege,
1648 5118 1707 5164 ttt

125 5176 241 5232 sibi
272 5176 625 5244 persuadent,
661 5180 1026 5246 permittente,
1057 5176 1227 5232 carui
1250 5179 1478 5232 nimium
1525 5178 1703 5233 indul-

119 5264 286 5370 gere:
314 5262 436 5300 cum
468 5256 722 5312 econtra,
752 5258 807 5304 ut
831 5265 863 5317 p
888 5259 1016 5302 'stra
1041 5251 1206 5301 dicit:
1231 5248 1527 5318 Σωφρόνως
1553 5249 1707 5302 ἐϐού-

157 5335 258 5370 ετο
305 5318 426 5370 ταῖς
472 5321 738 5370 γαμεταῖς
782 5320 1015 5370 vei-206a:
1065 5320 1191 5370 τοὺς
1219 5318 1435 5370 ἄνδρας.
1477 5319 1571 5370 καὶ
1616 5318 1707 5370 ἐπὶ

157 5335 258 5390 ετο
305 5318 431 5390 ταῖς
472 5321 749 5390 γαμεταῖς
782 5320 1015 5390 χρῆσθαι
1065 5320 1191 5381 τοὺς
1219 5318 1435 5389 ἄνδρας,
1477 5319 1571 5371 καὶ
1616 5318 1708 5371 ἐπὶ

124 5387 275 5459 μόνῃ
309 5385 639 5459 παιδοποιίᾳ·
683 5409 700 5440 ι
737 5385 841 5443 Lex
878 5385 1039 5444 'viros
1086 5385 1361 5445 moderate
1396 5400 1449 5442 et
1486 5400 1709 5458 propter

120 5457 312 5512 solum
364 5457 655 5511 liberorum
704 5461 1133 5525 procreationem
1182 5459 1446 5513 uxoribus
1498 5457 1707 5511 uti'vo-

119 5528 275 5598 luit;
300 5526 488 5598 ι).ιὸίῖ
523 5528 650 5582 edit.
674 5528 853 5598 Paris.
885 5529 1040 5584 Conf.
1076 5528 1292 5598 Pa’dog.
1325 5529 1417 5582 lib.
1444 5543 1501 5590 It,
1533 5543 1580 5582 C.
1617 5527 1703 5582 lO.

201 5597 322 5661 (2'5)
358 5597 626 5665 Ἀγυιέως.
661 5597 784 5652 llaec
806 5616 905 5655 vox
932 5616 1036 5653 non
1062 5597 1391 5654 soluturum
1441 5599 1707 5665 signiﬁcat

117 5669 224 5737 qui
263 5681 544 5734 uttnquam
594 5684 816 5722 uxorem
863 5670 1038 5734 duxit,
1068 5671 1165 5723 sed
1204 5669 1364 5723 etiam
1404 5682 1526 5737 eum
1587 5669 1703 5737 qui,

118 5736 310 5793 uxore
337 5747 587 5806 mortua,
622 5739 781 5791 aliam
814 5756 920 5794 non
956 5740 1111 5793 duxit
1149 5758 1161 5793 :
1200 5748 1256 5792 ut
1279 5738 1418 5806 apud
1460 5736 1704 5803 Latinos,

116 5804 572 5880 κη’(εὸ-εηιλὶοιξ.
626 5824 723 5868 vn,
781 5808 867 5880 10,
920 5804 1421 5880 Η.Παραγγέλλω
1476 5811 1707 5880 γυναῖκα

118 5876 242 5933 ἀπὸ
271 5873 469 5948 ἀνδρὸς
503 5875 576 5947 μὴ
609 5877 960 5951 χωρισθῆναιο
992 5879 1085 5933 δάν
1108 5873 1162 5934 δέ
1194 5873 1286 5934 καὶ
1314 5873 1575 5950 χωρισθῇ,
1613 5894 1707 5949 με·

1816 4896 2115 4971 tionalem;
2144 4897 2211 4952 de
2246 4913 2354 4967 qua
2395 4896 2648 4969 superius
2692 4898 2762 4953 ad
2794 4899 3121 4971 principium
3156 4896 3376 4964 Ptedag.

1812 4968 1907 5022 lib.
1938 4983 2020 5032 Ill,
2044 4968 2243 5021 dictum
2268 4978 2371 5022 est.

1883 5038 1995 5105 (~25)
2025 5035 2204 5105 Σάρατ.
2235 5037 2351 5092 Alia
2380 5039 2632 5094 humanae
2656 5048 2866 5094 naturae
2889 5038 3107 5094 divisio.
3138 5035 3229 5091 Sic
3254 5035 3381 5091 Cle-

1812 5107 2011 5162 mentis
2047 5107 2349 5177 discipulus
2390 5106 2651 5174 Origeues
2696 5109 2962 5163 Philocul.
3003 5125 3054 5175 p.
3087 5108 3119 5161 8
3153 5123 3166 5159 :
3205 5108 3261 5159 '0
3290 5107 3383 5177 ἀν-

1813 5177 2030 5250 θρωπος
2062 5175 2386 5251 συνέστηκεν
2412 5180 2476 5231 ὲκ
2508 5178 2755 5250 σώματος
2782 5182 2874 5233 καὶ
2896 5179 3073 5249 ψυχῆς
3093 5178 3191 5251 καὶ
3222 5175 3383 5228 πνεύ-

1817 5247 2003 5319 μάτος-
2044 5267 2061 5299 ι
2110 5247 2285 5302 ΙΙοηιό
2310 5266 2377 5303 ex
2418 5247 2675 5317 corpore,
2723 5247 3003 5303 anima‘et
3026 5247 3227 5319 spiritu
3245 5263 3379 5301 cou-

1812 5318 1935 5373 Stat.
1972 5336 1991 5369 ι
2027 5319 2259 5374 ΙΓΘηίΡυδ
2286 5319 2378 5373 lib.
2412 5335 2474 5384 v,
2504 5319 2659 5373 initio
2686 5335 2734 5373 c.
2762 5321 2795 5373 9
2820 5336 2833 5372 :
2870 5340 2887 5370 ι
2915 5318 3192 5373 Perfectus
3220 5318 3382 5371 homo

1812 5397 2024 5458 constat
2048 5404 2234 5453 carne,
2260 5391 2442 5443 animo
2475 5397 2529 5442 et
2557 5389 2771 5458 Spiritu.
2806 5408 2824 5440 ι
2853 5389 2989 5441 Ante
3024 5390 3124 5458 hos
3158 5386 3216 5438 D.
3247 5385 3384 5458 Pau-

1813 5458 1898 5511 lus
1926 5457 1944 5509 l
1974 5457 2167 5514 Thess.
2194 5475 2248 5523 v,
2272 5459 2363 5515 εδ.
2393 5458 2565 5511 dixit:
2592 5457 2768 5522 Αὐτὸς
2799 5459 2855 5512 δὲ
2893 5461 2921 5513 6
2947 5457 3078 5520 Θεὸς
3104 5458 3201 5527 τῆς
3232 5457 3384 5527 εἰρήτ

1810 5529 2153 5600 νηςᾲάγιάσαι
2185 5530 2328 5599 ὑμᾶς
2359 5527 2651 5600 ὁλοτελεῖςί
2691 5530 2783 5583 καὶ
2813 5529 3101 5600 ὁλόκληρον
3138 5523 3301 5600 ὖμῷν’
3320 5523 3385 5600 τί)

1809 5598 2023 5669 πνεῦμα
2068 5601 2160 5654 καὶ
2174 5598 2231 5680 ’ἡ
2262 5599 2407 5721 diuth
2448 5599 2542 5651 καὶ
2573 5598 2632 5651 τὸ
2672 5600 2829 5670 σῶμα
2872 5598 3191 5670 ἀμέμπτως
3222 5599 3280 5649 ὲν
3311 5598 3378 5667 τῇ

1808 5670 2079 5738 παρουσίᾳ
2108 5687 2201 5723 του
2232 5670 2350 5738 Κυρ
2374 5685 2433 5721 ου
2465 5667 2755 5738 τηρηθείηι
3088 5692 3093 5697 ο
3246 5734 3257 5738 _
3278 5734 3291 5738 _
3326 5735 3333 5738 Α

1899 5710 2755 5809 Semifer?biiﬁh'alrf'iié‘éﬁlik'
2781 5739 3071 5809 conjuncte
3104 5734 3378 5807 καταλλή-

1810 5807 1937 5870 λων,
1968 5807 1987 5859 ι
2023 5810 2486 5865 convenientium.
2521 5827 2539 5861 ι
2573 5808 2836 5865 δτιιιυιιο.

1883 5879 2088 5951 (ἩλΑΙ
2116 5879 2374 5935 ὲιτολαί.
2396 5876 2520 5940 Huic
2546 5880 2598 5935 in
2628 5878 2684 5935 S.
2717 5878 2994 5950 Scriptura
3009 5877 3215 5949 fruit“,
3232 5892 3379 5950 qi??-
3486 5946 3489 5949 _
