3946 6530
167 402 304 460 H73

1429 398 1864 458 STROMATUM
1901 398 2028 455 LIB:
2066 396 2157 456 lll.’

3270 384 3424 443 117t-

165 526 290 590 τοὺς
319 522 515 596 ἄνδρας
546 525 576 576 6
613 523 778 594 νόμος
823 523 917 577 καὶ
948 523 1042 577 ἐπὶ
1077 521 1213 596 μόνῃ
1243 520 1356 588 (3‘2)
1404 520 1735 591 παιδοποιίᾳ,

1842 529 2062 589 propter
2119 515 2293 572 solam
2355 514 2652 571 liberorum
2715 514 3115 585 susceptionem
3142 553 3158 578 ,
3218 526 3286 566 ex
3339 523 3407 564 eo

165 617 321 688 δῆλον
348 619 412 671 ἐκ
435 615 528 670 τοῦ
561 615 788 670 κωλύειν
821 617 916 687 μὲν
949 619 1012 687 τῇ
1043 634 1061 668 ι
1099 613 1426 687 αἰχμαλώτῳ
1451 633 1470 666 ι
1500 615 1612 683 ('55)
1635 631 1736 668 πα·-

171 710 424 783 ραχρῆμα
467 709 852 781 ἐπιμίγνυσθαι
897 709 989 762 τὸν
1021 709 1230 780 ἄγαμον
1253 725 1266 737 ·
1304 705 1737 778 ἐπιθυμήσαντος

166 801 226 855 δὲ
256 799 417 868 ἅπαξ,
448 801 739 873 τριάκοντα
769 799 984 854 πενθεῖν
1011 800 1324 871 ἐπιτρέπειν
1355 799 1586 870 ἡμέρας,
1621 816 1736 852 κει-

171 893 371 965 ραμένη
403 893 494 946 καὶ
526 892 623 956 τὰς
654 893 843 966 τρίχας
863 910 876 923 ⁸
909 894 957 945 εξ
989 893 1045 946 δέ
1073 892 1194 964 μηδ’
1221 891 1392 956 οῦτως
1427 891 1739 963 μαραίνοιτο

165 986 206 1056 ἡ
237 985 514 1056 ἐπιθυμία,
540 985 662 1039 τότε
688 984 1134 1047 παιδοποιεῖσθαι,
1162 985 1621 1056 δεδοκιμασμένης
1637 984 1738 1055 τῆς

165 1079 339 1150 ὁρμῆς
382 1077 480 1148 τῆς
534 1077 890 1149 κυριευούσης
936 1078 1079 1132 κατὰ
1121 1077 1218 1150 τὴν
1266 1077 1605 1150 προθεσμίαν
1642 1075 1736 1130 τοῦ

166 1172 375 1243 χρόνον,
409 1173 489 1235 είς
527 1171 707 1243 δρεξιν
740 1170 978 1241 εὔλογον.
1016 1169 1177 1224 Ὅθεν
1221 1171 1282 1224 οὐ
1314 1169 1545 1236 δείξειας
1571 1168 1736 1238 ἐγκύ-

171 1279 289 1331 μονι
325 1261 700 1332 πλησιάσαντα
729 1261 840 1316 τῶν
883 1262 1269 1334 πρεσϐυτέρων
1316 1260 1438 1316 τινὰ
1464 1260 1604 1315 κατὰ
1640 1259 1738 1330 τήν

164 1354 414 1427 Γραφήν·
452 1355 566 1408 ἀλλ’
598 1353 825 1426 ὕστερον
860 1355 998 1426 μετά
1027 1373 1086 1409 τε
1117 1355 1216 1427 τὴν
1254 1354 1548 1428 κυοφορίαν
1602 1352 1740 1424 μετά

164 1463 225 1500 τε
254 1446 346 1518 τὴν
386 1445 479 1501 τοῦ
513 1448 788 1517 τεχθέντος
819 1448 1215 1519 γαλακτουχίαν
1258 1447 1438 1520 εῦροις
1480 1446 1546 1500 ἂν
1579 1446 1739 1499 πάλιν

167 1537 302 1607 πρὸς
324 1535 427 1590 τῶν
451 1537 659 1609 ἀνδρῶν
679 1538 1087 1608 γινωσκομένας
1105 1538 1204 1602 τὰς
1225 1540 1508 1606 γυναῖκας.
1534 1536 1739 1590 Αὐτίκα

165 1627 350 1682 τοῦτον
398 1629 651 1704 εὑρήσεις
705 1629 796 1682 τὸν
837 1631 1036 1684 σκοπὸν
1083 1629 1176 1683 καὶ
1219 1629 1310 1682 τὸν
1336 1627 1429 1682 τοῦ
1462 1628 1739 1691 Μωῦσέως

165 1721 374 1794 πατέρα
427 1721 786 1790 φυλάσσοντα,
819 1722 1060 1795 τριετίαν
1107 1721 1422 1776 διαλιπόντα
1473 1720 1608 1792 μετὰ
1642 1720 1738 1792 τὴν

159 1811 258 1866 τοῦ
327 1811 534 1883 Ἀαρὼν
585 1812 910 1883 ἀποκύησιν,
967 1812 1300 1883 γεννήσαντα
1345 1810 1436 1864 τὸν
1477 1810 1734 1868 Μωῦσέα.

165 1903 242 1957 Ἥ
269 1921 327 1958 τε
361 1899 426 1958 αὖ
456 1905 712 1978 Λευῖτικὴ
744 1905 906 1977 φυλὴ,
935 1903 1124 1957 τοῦτον
1151 1903 1494 1973 φυλάσσουσα
1527 1902 1618 1956 τὸν
1637 1903 1736 1974 τῆς

160 1995 376 2066 φύσεως
405 1998 566 2069 νόμον
595 2000 658 2052 ἐκ
686 1998 851 2063 Θεοῦ,
895 1997 1132 2051 ἐλάττων
1179 1997 1270 2050 τὸν
1307 1995 1540 2069 ἀριθμὸν
1587 1995 1740 2068 παρὰ

157 2088 260 2153 τὰς
287 2088 450 2152 ἄλλας
485 2091 565 2154 είς
607 2090 703 2161 τὴν
751 2089 1309 2162 προκατηγγελμένην
1352 2088 1566 2158 εἰσῆλθε
1591 2089 1693 2158 γῆν
1716 2103 1733 2118 ο

155 2181 222 2233 οὐ
252 2179 357 2251 γὰρ
388 2181 582 2253 ῥᾳδίως
610 2181 828 2246 αὐξάνει
853 2181 1008 2250 γένος
1041 2182 1122 2245 εἰς
1155 2179 1547 2251 πολυπληθίαν,
1585 2195 1738 2232 σπει-

160 2272 369 2346 ράντων
416 2274 514 2344 μὲν
558 2273 666 2328 τῶν
708 2274 919 2345 ἀνδρῶν
951 2273 1060 2327 τῶν
1103 2273 1196 2327 τὸν
1226 2272 1366 2328 κατὰ
1391 2275 1517 2336 τοὺς
1539 2273 1739 2344 νόμους

154 2367 336 2436 γάμον
366 2365 802 2437 ἁναδεδεγμένων
822 2407 837 2431 ,
877 2366 1255 2438 ἀναμενόντων
1293 2365 1350 2418 δὲ
1381 2365 1442 2418 οὐ
1487 2365 1588 2437 τὴν
1609 2382 1740 2419 κυοο

158 2460 354 2530 φορίαν
390 2460 570 2530 μόνον,
604 2459 738 2514 ἀλλὰ
774 2460 867 2514 καὶ
901 2460 997 2531 τήν
1025 2458 1440 2530 γαλακτουχίαν.
1475 2458 1634 2512 Ὅθεν
1660 2459 1737 2511 εί-

155 2553 334 2618 κότως
359 2553 452 2606 καὶ
473 2554 500 2605 6
529 2553 790 2622 Μωῦσῆς,
815 2553 933 2605 κατ’
951 2552 1130 2621 ὀλίγον
1156 2554 1234 2615 είς
1260 2549 1584 2621 ἐγκράτειαν
1606 2566 1740 2620 προ-

155 2645 397 2711 διδάξων
429 2645 556 2708 τοὺς
587 2643 1074 2716 Ἰουδαίους,τριῶν
1105 2642 1328 2716 ἡμερῶν
1353 2640 1493 2695 κατὰ
1518 2641 1579 2695 τὸ
1611 2640 1738 2711 ἑξῆς

151 2739 572 2810 ἀπεσχημένους
604 2737 914 2809 ἀφροδισίου
965 2736 1176 2807 ἡδονῆς,
1223 2734 1554 2809 προσέταξεν
1605 2735 1740 2788 ἐπα-

149 2832 343 2887 κούειν
374 2832 479 2887 τῶν
504 2833 662 2887 θείων
694 2831 887 2901 λόγων.
917 2850 936 2882 ι
980 2831 1169 2902 Ἡμεῖς
1198 2826 1290 2884 οῦν
1327 2829 1443 2883 ναοὶ
1469 2828 1562 2882 τοῦ
1601 2828 1735 2882 Θεοῦ

152 2927 349 2997 ἔσμεν,
381 2923 560 2989 καθὼς
590 2920 739 2977 εἶπεν
771 2925 799 2976 6
836 2923 1118 2994 προφήτης
1147 2921 1258 2989 (⁸54)
1280 2964 1294 2988 ,
1317 2923 1400 2975 ὅτι
1444 2921 1737 2991 Ἐνοικήσω

153 3019 220 3072 ὲν
248 3018 427 3081 αὐτοῖς
450 3018 542 3071 καὶ
563 3016 1014 3088 ἐμπεριπατήσωδ
1041 3015 1135 3068 καὶ
1163 3014 1356 3084 ἔσομαι
1384 3013 1562 3068 αὐτῶν
1581 3013 1733 3076 Θεὸς,

151 3110 255 3162 καὶ
286 3109 436 3162 αὐτοὶ
464 3108 673 3161 ἔσονταί
705 3126 805 3178 μου
829 3107 957 3171 λαός
976 3124 989 3136 ·
1029 3125 1046 3156 ι
1094 3105 1190 3160 ἐὰν
1218 3106 1357 3159 κατὰ
1391 3105 1490 3170 τὰς
1519 3105 1736 3168 ἐντολὰς

1767 1875 1814 1930 Β

1836 611 2046 666 clarum
2083 619 2186 676 est,
2219 609 2364 680 quod
2413 609 2664 678 prohibet
2706 608 2922 680 quidem
2957 621 3105 674 eum,
3154 604 3248 676 qui
3295 619 3408 658 non

1837 704 1999 761 habet
2021 719 2272 772 uxorem,
2315 703 2498 760 statim
2537 719 2662 758 cum
2699 721 2718 754 ι
2756 703 2964 774 captiva
2996 723 3015 756 ι
3049 700 3249 756 habere
3276 715 3409 755 con-

1837 797 2182 853 suetudinem
2210 808 2261 850 ο.
2313 795 2470 862 Quod
2533 795 2580 850 si
2639 795 2807 851 semel
2864 792 3273 857 desideraverit,
3334 787 3406 854 ei,

1837 906 1962 945 cum
2027 898 2184 944 tonsa
2239 887 2407 943 fuerit
2453 887 2701 958 capillos,
2752 887 3067 957 permittere
3111 891 3170 938 ut
3225 883 3410 951 lugeat

1840 981 2062 1052 triginta
2090 980 2304 1036 diebus.
2337 978 2394 1035 Si
2442 991 2623 1035 autem
2670 995 2740 1036 ne
2773 980 2853 1034 sic
2906 977 3125 1048 quidem
3163 987 3408 1031 emarce—

1838 1083 1956 1130 scat
1984 1073 2276 1144 cupiditas,
2309 1082 2440 1129 tunc
2471 1073 2660 1129 liberis
2697 1087 2916 1144 operam
2947 1062 3099 1139 dare,
3125 1085 3250 1126 cum
3287 1083 3410 1139 quae

1837 1167 2153 1224 dominatur
2198 1167 2476 1237 impulsio,
2505 1167 2734 1238 probata
2765 1168 2835 1222 sit
2871 1165 3137 1238 prtetinito
3167 1176 3411 1234 tempore

1837 1270 2207 1317 consentanea
2237 1262 2436 1317 rationi
2469 1261 2753 1333 appetitio.
2787 1259 2944 1316 Unde
2983 1260 3191 1314 nullum
3229 1274 3296 1314 ex
3323 1273 3411 1312 ve-

1839 1353 2048 1410 teribus
2101 1369 2170 1410 ex
2229 1353 2513 1424 Scriptura
2567 1353 2894 1419 ostenderis,
2941 1353 3034 1423 qui
3082 1367 3206 1407 cum
3268 1364 3410 1421 prae-

1837 1455 2039 1518 gnante
2079 1463 2196 1504 rem
2230 1448 2530 1504 habuerit:
2569 1447 2662 1503 sed
2697 1455 2984 1518 postquam
3022 1444 3253 1517 gestavit
3294 1452 3413 1498 ute-

1836 1558 1983 1608 rum,
2015 1551 2070 1598 et
2113 1551 2406 1614 postquam
2460 1540 2665 1596 editum
2722 1539 2889 1594 fetum
2937 1554 2967 1592 a
3013 1537 3151 1592 lacte
3181 1535 3418 1606 depulit,-

1839 1649 2031 1690 rursus
2074 1648 2105 1689 a
2154 1635 2290 1690 viris
2319 1633 2568 1704 cognitas
2619 1631 2792 1688 fuisse
2835 1645 3058 1686 uxores.
3091 1626 3210 1682 Jam
3268 1627 3414 1681 hunc

1845 1727 2007 1800 196
2041 1743 2264 1799 scopum
2325 1734 2380 1784 et
2434 1726 2745 1795 institutum
2800 1723 3042 1780 invenies
3104 1733 3411 1778 servantem

1838 1823 2041 1898 Moysis
2067 1835 2296 1897 patrem,
2325 1841 2450 1880 cum
2489 1822 2785 1881 triennium
2826 1830 2949 1892 post
2977 1826 3247 1874 Aaronem
3291 1817 3409 1872 edi-

1837 1922 1955 1970 tum
2010 1916 2422 1982 intermisisset,
2471 1915 2729 1986 genuisse
2783 1913 3046 1988 Moysem.
3106 1911 3172 1966 Et
3217 1926 3412 1967 rursus

1838 2005 2077 2063 Levitica
2115 2009 2564 2075 tribus,servans
2591 2009 2732 2063 hanc
2761 2015 2970 2062 natura:
3000 2007 3174 2077 legem
3221 2019 3252 2059 a
3299 2004 3412 2060 Deo

1839 2099 2118 2160 traditam,
2162 2099 2286 2154 aliis
2339 2113 2570 2154 numero
2607 2098 2786 2153 minor
2821 2097 3069 2168 ingressa
3099 2103 3182 2151 est
3211 2094 3264 2148 in
3296 2103 3409 2149 ter-

1837 2206 1954 2246 ram
2002 2191 2354 2262 promissam.
2403 2191 2527 2246 Non
2592 2191 2738 2247 enim
2797 2189 2955 2245 facile
3011 2189 3411 2259 multiplicatur

1837 2297 2030 2352 genus,
2058 2298 2183 2338 eum
2221 2281 2325 2336 viri
2372 2282 2595 2350 quidem
2631 2279 2927 2344 seminant,
2967 2277 3210 2348 legitimo
3235 2275 3406 2346 juncti

1838 2376 2221 2443 matrimonio;
2269 2381 2592 2445 exspectant
2631 2381 2811 2428 autem
2862 2385 2974 2425 non
3031 2368 3210 2424 solum
3271 2366 3413 2421 uteri

1837 2469 2217 2540 gestationem,
2251 2467 2345 2523 sed
2380 2467 2547 2522 etiam
2583 2481 2614 2520 a
2655 2464 2794 2520 lacte
2825 2460 3223 2533 depulsionem.
3258 2457 3414 2514 Unde

1837 2562 2035 2617 merito
2060 2560 2274 2633 Moyses
2309 2574 2531 2631 quoque
2573 2557 2792 2614 Iudaeos
2819 2554 3078 2628 paulatim
3104 2552 3413 2623 provehens

1837 2655 1903 2709 ad
1931 2654 2346 2719 continentiam,
2387 2668 2511 2709 cum
2543 2656 2603 2716 ᾖ
2645 2670 2665 2703 ι
2701 2651 2878 2706 tribus
2915 2649 3108 2705 diebus
3135 2649 3163 2688 ι)
3203 2666 3222 2698 ι
3257 2646 3414 2701 dein-

1837 2761 1965 2817 ceps
1994 2747 2457 2818 consequentibus
2479 2761 2511 2801 a
2545 2759 2775 2801 venerea
2807 2743 3081 2812 voluptate
3109 2736 3414 2795 abstinuis-

1837 2848 1978 2905 sent,
2003 2839 2170 2910 jussit
2195 2840 2387 2896 audire
2413 2840 2579 2895 verba
2603 2839 2717 2894 Dei.
2750 2858 2768 2890 ι
2797 2836 2908 2893 Nos
2939 2851 3069 2908 ergo
3094 2835 3185 2890 Dei
3212 2831 3413 2902 templa

1838 2947 2052 2996 sumus,
2074 2934 2218 2988 sicut
2262 2934 2399 2989 dixit
2425 2933 2692 3004 propheta
2729 2951 2742 2986 :
2785 2929 3103 2986 lnhabitabo
3138 2929 3191 2982 in
3223 2927 3326 2990 eis,
3361 2934 3415 2979 et

1838 3024 2212 3090 inambulabo,
2239 3036 2293 3080 et
2314 3039 2408 3080 ero
2435 3038 2627 3079 eorum
2658 3021 2824 3085 Deus,
2853 3029 2908 3076 et
2932 3019 3036 3089 ipsi
3070 3023 3231 3072 erunt
3257 3030 3414 3070 meus

1836 3116 2092 3186 populus,
2123 3135 2142 3168 ι
2176 3119 2222 3172 si
2255 3131 2319 3170 ex
2350 3115 2637 3186 praeceptis
2669 3113 2835 3167 vitam
2877 3111 3246 3174 instituamus,
3296 3106 3414 3160 sive

152 3199 597 3270 πολιτευώμεθα,
634 3198 742 3251 εἴτε
772 3199 800 3251 6
847 3197 965 3251 καθ’
1007 3197 1237 3250 ’ἕκαστον
1281 3195 1458 3268 ήμῶν,
1485 3196 1592 3249 εἴτε
1643 3195 1735 3249 καὶ

1843 3208 2043 3279 singuli
2076 3217 2350 3273 nostrum,
2384 3208 2499 3262 sive
2530 3215 2643 3261 tota
2681 3204 2845 3260 simul
2879 3201 3140 3257 Ecclesia.
3174 3218 3192 3251 ι
3230 3198 3411 3266 Quare

150 3292 388 3364 ἀθρόα-ἡ
434 3289 744 3360 Ἐκκλησία.
781 3309 799 3339 ι
836 3289 925 3341 Διὸ
969 3288 1209 3353 ἐξέλθετε
1244 3290 1308 3341 ἐκ
1355 3287 1518 3358 μέσου
1557 3286 1736 3340 αὐτῶν

149 3379 255 3432 καὶ
297 3377 623 3448 ἀφορίσθητε
649 3417 663 3441 ,
705 3376 851 3444 λέγει
893 3376 1124 3448 Κύριος·
1180 3377 1273 3430 καὶ
1314 3375 1620 3446 ἀκαθάρτου
1663 3375 1738 3447 μὴ

149 3471 431 3525 ἅπτεσθε·
476 3470 627 3541 κάγὼ
655 3470 960 3540 εἰσδέξομαι
1005 3471 1183 3540 ὑμᾶς,
1230 3471 1325 3525 καὶ
1372 3469 1564 3542 ἔσομαι
1610 3471 1740 3541 ὑμῖν

146 3565 240 3628 εἰς
270 3564 499 3636 πατέρα,
531 3565 622 3617 καὶ
647 3565 802 3635 ὑμεῖς
831 3564 1017 3618 ἔσεσθέ
1051 3582 1141 3635 μοι
1171 3566 1250 3628 είς
1279 3565 1430 3628 υἱοὺς
1457 3566 1550 3618 καὶ
1577 3563 1738 3633 θυγα-

143 3655 346 3726 τέρας,
367 3654 514 3724 λέγει
548 3655 749 3728 Κύριος
787 3655 1201 3726 παντοκράτωρ.
1238 3675 1256 3706 ι
1298 3655 1372 3708 υύ
1426 3655 1534 3709 τῶν
1573 3672 1738 3724 γεγα-

152 3744 437 3818 μηκότων,
470 3745 544 3810 ὦς
571 3763 752 3815 φασιν,
786 3745 920 3800 ἀλλὰ
951 3745 1060 3798 τῶν
1088 3745 1258 3798 ἐθνῶν
1290 3746 1398 3800 τῶν
1426 3748 1482 3800 ὲν
1511 3747 1739 3820 πορνείᾳ⁴

151 3835 421 3909 βιούντων
441 3837 543 3900 ἔτι,
572 3838 705 3909 πρὸς
732 3838 789 3890 δὲ
806 3839 899 3891 καὶ
913 3836 1017 3890 τῶν
1038 3838 1450 3909 προειρημένων
1474 3839 1736 3908 αἱρέσεων

144 3928 631 4000 ἁφορισθῆναι,ὼς
661 3929 984 4002 ἀκαθάρτων
1011 3931 1106 3982 καὶ
1132 3929 1327 3987 ἀθέων.
1359 3929 1569 3983 κελεύει
1607 3948 1738 4001 προε-

144 4020 406 4091 φητικῶς
422 4021 586 4091 ἡμᾶς.
607 4021 768 4074 Ὅθεν
790 4021 882 4075 καὶ
897 4023 925 4075 6
950 4021 1160 4085 Παῦλος
1197 4022 1330 4094 πρὸς
1361 4023 1486 4086 τοὺς
1519 4023 1738 4093 ὁμοίους

140 4113 576 4184 ἀποτεινόμενος
587 4117 697 4179 τοῖς
725 4117 843 4187 είρη
854 4117 1050 4186 μένοις,
1064 4135 1081 4168 ‹
1106 4116 1324 4179 Ταύτας
1337 4111 1430 4169 οῦν
1457 4115 1607 4186 ἔχετε
1625 4115 1734 4186 (55)

140 4207 256 4272 τάς
309 4207 670 4277 ἐπαγγελίας,
727 4208 891 4278 φησὶν
919 4249 933 4271 ,
987 4209 1293 4280 ἀγαπητοί·
1352 4208 1737 4280 καθαρίσωμεν

140 4299 371 4354 ἑαυτῶν
413 4299 510 4363 τὰς
548 4298 776 4371 καρδίας
811 4298 921 4352 ἀπὸ
967 4299 1170 4364 παντὸς
1215 4299 1490 4372 μολυσμοῦ
1538 4300 1738 4370 σαρκὸς

140 4393 255 4446 καὶ
309 4390 614 4463 πνεύματος
638 4434 652 4457 ,
704 4389 1077 4455 ἐπιτελοῦντες
1135 4392 1440 4463 ἁγιωσύνην
1482 4394 1538 4445 ἐν
1589 4391 1736 4464 φόϐῳ

140 4482 318 4537 Θεοῦ.
349 4482 507 4554 Ζηλῶ
538 4483 644 4556 γὰρ
676 4484 818 4554 ὑμᾶς
853 4481 988 4536 Θεοῦ
1037 4483 1215 4554 ζήλῳο
1266 4484 1594 4555 ἡρμοσάμην
1626 4483 1734 4556 γὰρ

140 4575 305 4645 ὑμᾶς
332 4575 413 4629 ἐνὶ
437 4575 613 4645 ἀνδρὶ,
642 4575 907 4646 παρθένον
930 4575 1100 4646 ἁγνὴν
1145 4575 1492 4648 παραστῆσαι
1524 4575 1633 4647 (56)
1657 4574 1733 4646 τῷ
1767 4558 1809 4612 Ῑ)

135 4662 398 4736 Χριστῷ.
439 4683 457 4714 ι
503 4663 866 4734 Ἐκκλησίαδέ
893 4663 1048 4718 ἄλλον
1068 4664 1128 4717 ού
1166 4667 1361 4734 γαμεῖ,
1383 4665 1474 4718 τὸν
1507 4665 1737 4736 νυμφίον

136 4756 472 4828 κεκτημένη
493 4773 506 4786 ·
538 4756 651 4810 ἀλλ’
681 4757 709 4808 6
737 4756 856 4809 καθ’
882 4756 1112 4809 ’ἑκαστον
1140 4756 1315 4828 ἡμῶν,
1349 4757 1416 4828 ἣν
1439 4757 1505 4812 ἂν
1546 4758 1736 4830 βούλη-

133 4867 243 4905 ται
280 4849 422 4903 κατὰ
465 4849 553 4902 τὸν
587 4849 750 4920 νόμον
796 4852 1022 4920 γαμεῖν,
1068 4849 1160 4904 τὸν
1213 4850 1428 4920 πρῶτον
1461 4853 1602 4922 λέγω
1630 4853 1731 4923 γά-

137 4959 258 5016 μον
287 4942 418 5013 (57),
463 4941 576 5013 ἔχει
613 4942 709 5013 τὴν
736 4941 1001 5006 ἐξουσίαν.
1044 4961 1061 4991 ι
1103 4943 1376 5014 Φοϐοῦμαι
1401 4945 1458 4999 δὲ
1514 4948 1731 5017 μήπως,

130 5034 230 5100 ὡς
265 5036 297 5089 6
325 5033 448 5104 ὄφις
487 5034 828 5107 ἐξηπάτησεν
862 5033 1006 5088 Εὕαν
1048 5035 1160 5107 (58)
1207 5037 1266 5089 ἐν
1306 5040 1372 5108 τῇ
1407 5040 1730 5111 πανουργία,

224 5182 256 5212 ι
290 5132 448 5224 net...
478 5187 592 5233 xx}.
624 5171 827 5236 “.12,
864 5171 949 5224 ιδ.

135 5256 229 5308 γι,
265 5238 357 5308 16,
404 5240 607 5309 17,18.
682 5241 709 5281 ά
739 5240 781 5294 ll
804 5241 931 5296 Cor.
972 5256 1069 5307 vn,
1103 5241 1155 5298 1.
1237 5252 1260 5281 ο
1300 5240 1342 5294 ll
1371 5241 1500 5297 Cor.
1542 5260 1620 5307 xl,
1651 5246 1706 5300 2.

218 5371 343 5446 (δ’ξ)
385 5375 508 5428 Ἐπὶ
530 5376 690 5446 μόνῃ
729 5389 791 5430 π.
823 5376 980 5432 Conf.
1017 5376 1260 5446 Pwdag.,
1298 5376 1391 5430 lib.
1437 5393 1508 5441 ιι,
1553 5393 1603 5432 c.
1641 5380 1727 5444 l0,

128 5461 201 5517 p.
232 5444 356 5517 192
385 5446 514 5500 edit.
547 5445 722 5517 Paris.

123 5515 345 5643 ἔθετε)
377 5515 755 5586 Αἰχμαλὼτφ.
782 5515 942 5571 Cont.
983 5515 1180 5572 Strom.
1212 5534 1273 5582 ll,
1308 5533 1431 5587 pag,
1463 5518 1574 5571 599
1595 5519 1724 5573 edit.

185 5599 332 5640 arts.

216 5654 342 5727 (54)
371 5654 578 5727 ᾉἨμεῗς
694 5656 1022 5727 apag/(tne.
1060 5657 1247 5727 Ὑμεῖς
1289 5657 1400 5727 γὰρ
1441 5657 1565 5719 ναὸς
1593 5656 1729 5710 Θεοῦ

131 5723 282 5779 ἔστε
325 5723 554 5791 ζῶντος,
599 5723 782 5790 καθὼς
811 5723 989 5782 ἐἷπεν
1019 5729 1048 5780 6
1089 5723 1250 5791 Θεὸς,
1288 5723 1332 5783 ll
1371 5723 1498 5783 Cor.
1528 5741 1606 5792 vl,
1634 5727 1728 5783 ubi

135 5794 557 5871 mo_§_,_€gowa(
597 5814 700 5871 μοι
713 5796 762 5850 λ.

215 5865 342 5929 (35)
381 5865 608 5933 Ἔχετε(
639 5869 888 5936 Ἔχοντες
911 5867 1098 5924 llCor.
1134 5884 1228 5935 vn,
1257 5867 1346 5923 ubi
1377 5884 1520 5938 mox,
1559 5865 1724 5923 καθα-

1838 3301 2160 3372 egredimini
2203 3316 2235 3357 e
2280 3301 2462 3355 medio
2501 3299 2767 3369 ipsorum,
2799 3305 2853 3352 et
2898 3293 3250 3364 separamini,
3279 3290 3415 3345 dicit

1838 3391 2126 3460 Dominus,
2174 3401 2229 3448 et
2281 3392 2621 3447 immundum
2671 3405 2741 3444 ne
2781 3389 3051 3460 tangatis;
3092 3396 3146 3441 et
3183 3400 3282 3457 ego
3314 3399 3414 3438 vos

1838 3482 2156 3553 suscipiam,
2211 3491 2266 3538 et
2311 3497 2408 3538 ero
2436 3482 2592 3536 vobis
2641 3481 2694 3535 in
2736 3491 2966 3550 patrem,
3018 3488 3073 3533 et
3110 3492 3209 3531 vos
3258 3475 3413 3531 eritis

1836 3575 1972 3629 mihi
2033 3575 2087 3629 in
2131 3574 2275 3630 tilios
2315 3584 2370 3629 et
2429 3574 2590 3640 tilias,
2643 3572 2778 3627 dicit
2830 3571 3094 3626 Dominus
3161 3567 3412 3637 omnipo-

1837 3677 2028 3722 tens°.
2078 3689 2096 3720 ι
2151 3665 2271 3722 Non
2326 3667 2396 3722 ab
2443 3666 2531 3732 iis,
2593 3664 2688 3736 qui
2762 3679 2960 3719 uxores
3015 3663 3309 3725 duxerunt,
3353 3666 3416 3712 ut

1838 3757 2011 3824 aiunt,
2045 3758 2137 3813 sed
2165 3773 2196 3812 a
2237 3758 2510 3827 gentibus,
2545 3771 2668 3826 quae
2699 3755 2881 3810 adhuc
2911 3754 3168 3808 vivebant
3213 3752 3268 3805 in
3301 3749 3414 3804 for-

1837 3852 2132 3917 nicatione,
2162 3859 2427 3921 prteterea
2477 3859 2658 3905 autem
2715 3865 2748 3904 a.
2793 3849 2947 3920 prius
2984 3861 3203 3917 quoque
3251 3843 3414 3899 dictis

1838 3943 2164 4007 haaresibus,
2195 3954 2257 3998 ut
2304 3943 2604 3997 immundis
2635 3949 2689 3996 et
2729 3941 2934 4011 impiis,
2957 3938 3272 4010 prophetice
3303 3950 3405 3991 nos

1832 4032 1986 4103 jubet
2025 4033 2291 4102 separari.
2344 4031 2495 4088 Unde
2543 4033 2706 4087 etiam
2747 4031 2953 4086 Paulus
2991 4041 3210 4099 quoque
3246 4030 3434 4085 verba

1832 4125 2073 4195 dirigens
2099 4125 2167 4180 ad
2217 4141 2337 4194 eos,
2363 4128 2458 4197 qui
2483 4136 2641 4182 erant
2671 4126 2763 4197 iis,
2791 4126 2885 4195 qui
2918 4123 3048 4183 dicti
3082 4129 3232 4188 sunt,
3257 4119 3422 4175 simi--~

1837 4219 1917 4275 les
1973 4237 1987 4273 :
2049 4238 2068 4272 ι
2125 4217 2236 4275 Has
2291 4234 2422 4290 ergo
2475 4216 2871 4290 promissiones
2930 4213 3162 4278 habete,
3210 4210 3407 4280 inquit,

1836 4311 2055 4367 dilecti:
2110 4313 2440 4368 mundemus
2490 4311 2655 4366 corda
2702 4317 2889 4364 nostra
2933 4308 3001 4362 ab
3039 4305 3190 4361 omni
3227 4302 3409 4374 inqui-

1839 4413 2100 4460 namento
2121 4405 2306 4459 carnis
2333 4412 2388 4458 et
2413 4402 2661 4472 spiritus,
2691 4399 3031 4471 perficientes
3063 4395 3410 4452 sanctitatem

1839 4483 1895 4551 in
1926 4497 2126 4552 timore
2157 4495 2254 4551 Dei
2274 4494 2324 4548 δ.
2368 4493 2496 4550 Zelo
2543 4493 2688 4548 enim
2714 4506 2812 4548 vos
2838 4491 2953 4546 zelo
2979 4489 3113 4556 Dei;
3149 4485 3414 4558 despondi

1839 4589 2010 4645 enim'
2044 4603 2144 4643 vos
2198 4587 2295 4642 uni
2353 4586 2505 4653 viro,
2567 4584 2835 4655 virginem
2884 4589 3093 4638 castam
3151 4579 3412 4636 exhibere

1839 4678 2058 4735 Christo
2085 4688 2166 4732 θ.)
2201 4675 2270 4731 Ει
2309 4675 2552 4732 Ecclesia
2611 4674 2829 4744 quidem
2870 4671 2963 4727 alii
3009 4685 3117 4725 non
3165 4667 3414 4740 jungitur

1837 4770 2208 4837 matrimonio,
2236 4785 2359 4825 cum
2405 4782 2667 4839 sponsum
2698 4766 2898 4821 habeat
2927 4784 2940 4818 :
2981 4763 3075 4819 sed
3113 4760 3414 4830 unusquis-

1839 4876 1946 4932 que
1999 4869 2249 4916 nostrum
2285 4859 2447 4914 habet
2474 4863 2790 4928 potestatem
2826 4855 3080 4918 ducendi,
3107 4867 3412 4924 quamcun-

1838 4968 1946 5024 que
1979 4953 2127 5019 velit,
2161 4951 2460 5024 legitimam
2499 4964 2749 5014 uxorem,
2801 4948 2856 5002 in
2905 4946 3118 5017 primis.
3161 4944 3407 5014 inquam,

1841 5046 2067 5116 nuptiis.
2109 5065 2127 5098 ‹
2165 5044 2370 5102 Vereor
2402 5052 2606 5108 autem,
2633 5045 2721 5107 ne',
2755 5040 2898 5096 sicut
2941 5051 3164 5107 serpens
3195 5033 3413 5090 seduxit

1099 5176 1157 5245 ᾗ
1194 5170 1253 5224 P.
1291 5171 1529 5245 anno.
1564 5173 1735 5229 non

1843 5221 1866 5245 ,.
1891 5179 2133 5236 456-457
2158 5176 2266 5232 ΕΙ).
2289 5174 2512 5230 PARIS.
2589 5173 2619 5213 ι)
2647 5170 2815 5226 Exod.
2847 5185 2961 5233 XIX,
2990 5169 3080 5222 20.
3159 5177 3182 5206 ε
3218 5166 3260 5220 ll
3282 5167 3410 5221 Cor.

1839 5380 2076 5452 ρίσωμεν
2105 5380 2331 5452 ἑαυτοὺς
2355 5377 2454 5452 ἀπ.

1907 5439 2019 5518 (36)
2051 5439 2358 5518 Παρθένον
2386 5444 2582 5515 ἁγνὴν
2621 5441 3025 5510 παραστῆσαι.
3069 5439 3411 5495 Subaudicn-

1835 5519 1965 5576 dum
1999 5519 2159 5573 ὥστε.
2194 5519 2456 5573 Svt.nunc.

1837 5658 1879 5714 ι
1911 5591 2024 5659 ('57)
2059 5589 2171 5644 Τὸν
2198 5587 2430 5658 πρῶτον
2457 5589 2517 5640 .1.
2549 5581 2757 5655 γάμον.
2783 5581 2940 5637 Conf.
2977 5596 3028 5651 p.
3061 5580 3167 5637 428
3197 5592 3252 5636 et
3275 5578 3420 5642 .461-

1883 5676 2064 5714 OWTII.

1883 5676 1967 5715 0W
1974 5677 2042 5714 ’1Ἱί
2050 5699 2064 5714 ο
3459 5697 3462 5701 .

1905 5729 2018 5804 (58)
2058 5728 2334 5804 ‘EEngtdt:
2367 5723 3033 5804 Eﬁ.AEbgv-_é§nﬂdtﬂ6£‘l
3081 5724 3140 5777 ἐν
3177 5721 3246 5793 τῇ
3271 5732 3406 5774 παν·

1835 5794 2031 5875 ουργίᾲ
2056 5794 2243 5866 αὑτοῦ,
2273 5796 2414 5854 οὕτω
2439 5796 2640 5867 φθαρῇ.
2666 5794 2706 5849 ll
2730 5796 2856 5851 Cor.
2880 5808 2954 5848 xt.
