3934 6516
463 370 585 428 1211

1617 376 2012 435 οιειιεΝΤιε
2048 374 2515 432 ALEXANDRINI

3580 366 3710 421 1'!!!

449 495 604 552 ciunt
626 470 796 549 ι.›”-
815 515 833 547 ι
852 494 941 552 Va:
965 495 1173 553 homini
1201 498 1301 564 illi,
1335 519 1353 551 ι
1392 500 1568 570 inquit
1598 500 1922 568 Dominus“
1941 479 2031 556 bo-

2148 497 2313 552 Ὀθεν
2342 496 2606 566 γενναίως
2634 494 2663 547 6
2702 491 3043 556 ⁹Δπόστολος,
3063 488 3354 561 «Ἔγραψα
3391 488 3581 559 ὑμῖν,›
3617 503 3714 558 φη-

449 599 583 639 nnm
607 594 751 640 esset
776 586 847 649 ei,
881 587 927 642 si
956 603 1063 642 non
1103 600 1266 644 natus
1286 601 1452 655 esset,
1486 606 1651 660 quam
1682 601 1742 646 ut
1768 607 1936 646 unum
1966 607 2035 648 ex

448 674 634 730 electis
661 675 793 731 meis
821 676 1219 734 scandalizarct
1247 678 1297 733 ι).
1340 678 1533 735 Melius
1547 689 1714 743 esset,
1734 689 1795 735 ut
1816 680 1867 736 ei
1889 680 2032 736 mola

448 766 992 836 circumponeretur,
1021 779 1075 825 et
1101 770 1156 824 in
1187 770 1324 825 mari
1367 771 1775 842 demergeretur
1798 813 1814 837 ,
1864 787 2033 843 quam

450 866 512 911 ut
546 874 712 914 unum
754 875 822 915 ex
863 862 1002 917 meis
1030 871 1369 932 perverteret
1405 875 1451 917 ο.
1496 860 1708 920 Nomen
1745 866 1893 919 enim
1937 864 2033 921 Dei

450 946 860 1018 blasphematur
918 962 1139 1022 propter
1175 954 1325 1023 ipsos
1373 954 1424 1009 ά.
1475 974 1494 1006 ι
1558 953 1714 1010 Unde
1770 956 2033 1026 praeclare

450 1040 795 1109 Apostolus:
833 1042 1125 1114 «Scripsig
1182 1046 1379 1116 inquit,
1436 1046 1623 1101 «vobis
1678 1047 1734 1101 in
1770 1048 2029 1117 epistola,

450 1147 559 1187 non
600 1136 911 1189 conversari
958 1151 1083 1191 cum
1123 1136 1551 1194 fornicatoribus
1583 1150 1607 1178 ο
1630 1180 1646 1204 ,
1684 1158 1703 1191 ι
1740 1154 1917 1209 usque
1961 1139 2032 1195 ad

451 1224 587 1279 illud
619 1244 633 1279 :
673 1244 693 1277 ι
731 1224 944 1296 Corpus
983 1239 1166 1283 autem
1199 1244 1307 1284 non
1361 1228 1751 1295 fornicationi,
1790 1231 1885 1286 sed
1916 1229 2030 1285 Βοσ-

450 1317 601 1372 mino
624 1359 640 1384 ,
673 1330 728 1373 et
754 1318 1019 1375 Dominus
1050 1322 1269 1390 corpori
1324 1320 1369 1375 τ.
1407 1339 1428 1374 ι
1462 1319 1527 1375 Ει
1556 1322 1711 1392 quod
1746 1320 2031 1376 matrimo-

449 1409 603 1464 nium
642 1425 751 1464 non
780 1411 928 1465 dicat
968 1412 1127 1482 203
1159 1411 1615 1477 fornicationem,
1663 1412 1906 1468 ostendit
1937 1427 2026 1479 eo,

447 1500 593 1568 quod
624 1500 935 1569 subjungit:
969 1519 988 1553 ι
1020 1501 1105 1554 Αιι
1151 1501 1378 1557 nescitis
1407 1543 1423 1568 ,
1471 1502 1619 1571 quod
1650 1501 1745 1571 qui
1793 1502 2032 1557 adhaeret

449 1591 742 1657 meretrici,
768 1608 937 1646 unum
966 1601 1049 1648 est
1064 1608 1263 1663 corpus
1295 1594 1355 1647 8?
1388 1613 1408 1645 ι
1427 1596 1512 1647 An
1542 1593 1880 1648 meretricem
1905 1592 2031 1662 quis

448 1680 592 1734 dicet
609 1681 892 1751 virginem,
908 1683 1227 1753 priusquam
1249 1683 1454 1738 nubat?
1478 1702 1498 1735 ι
1519 1682 1586 1737 Ει
1599 1699 1666 1736 ne
1680 1681 1970 1749 fraudetis,
2004 1702 2023 1735 ι

448 1773 646 1843 inquit,
670 1792 689 1824 ι
713 1774 1078 1841 vosinvicem,
1094 1775 1199 1829 nisi
1221 1790 1288 1829 ex
1312 1790 1584 1830 consensu
1614 1775 1682 1829 ad
1713 1776 2022 1844 tempushu

2112 594 2242 677 etv,
2280 594 2367 646 ιὲν
2386 595 2453 663 τῇ
2484 590 2760 662 ἐπιστολῇ,
2799 590 2874 661 μὴ
2905 584 3404 677 συναναμίγνυσθαι
3424 583 3707 677 animum,»

2132 685 2238 749 ἕως
2284 704 2302 737 ι
2334 684 2408 737 Τὸ
2436 683 2495 737 δὲ
2543 681 2724 754 σῶμα,
2751 682 2811 734 οὐ
2836 684 2903 752 τῇ
2940 679 3183 752 πορνείᾳ,
3218 676 3353 731 ἀλλά
3375 674 3460 746 τῷ
3490 673 3711 746 Κυρίῳ,

2134 779 2228 833 καὶ
2250 778 2280 830 6
2309 776 2512 848 Κύριος
2538 774 2617 846 τῷ
2640 773 2873 846 σώματι.
2899 792 2917 824 ι
2934 772 3044 826 Καὶ
3073 770 3235 823 ὅτιοὺ
3264 769 3358 822 τὸν
3387 767 3573 837 γάμον
3591 782 3715 836 τωρ-

2133 868 2281 922 νείαν
2308 867 2477 937 λέγει,
2514 864 2784 937 ἐπιφέρει·
2814 884 2833 916 ι
2880 865 2953 917 Ἦ
2984 863 3084 916 οὐκ
3109 860 3308 925 οἴδατε,
3338 860 3423 913 ὅτι
3457 859 3488 911 6
3514 854 3713 910 κολλώ-

2136 976 2296 1031 μενος
2321 961 2389 1030 τῇ
2413 959 2585 1031 πόρνῃ
2607 956 2664 1010 ἓν
2693 940 2852 1027 σῶμά
2878 957 3064 1019 ὲστιν;
3104 972 3123 1004 ι
3166 953 3239 1006 Ἢ
3263 951 3477 1023 πόρνην
3494 966 3586 1011 τις
3609 948 3715 1019 ἐρεῖ

2131 1046 2234 1118 τὴν
2256 1045 2545 1119 παρθένον,
2573 1045 2700 1117 πρὶν
2724 1044 2756 1117 ἢ
2793 1044 3001 1115 γῆμαις
3040 1042 3180 1095 (Καὶ
3208 1040 3283 1113 μὴ
3297 1041 3710 1110 ἀποστερεῖτε,»

2141 1137 2328 1207 φησὶν,
2367 1136 2688 1209 «ἀλλήλους,
2741 1136 2789 1188 εί
2828 1135 2901 1207 μὴ
2932 1135 2997 1188 ὲκ
3052 1132 3163 1203 (69)
3221 1131 3523 1204 συμφώνου
3590 1130 3715 1200 πρὸς

2137 1224 2347 1298 καιρόν·
2380 1245 2400 1277 ι
2429 1224 2520 1279 διά
2546 1224 2647 1295 τῆς
2673 1243 2691 1275 ι
2716 1224 3071 1294 ἀποστερεῖτε
3095 1240 3114 1272 ι
3140 1218 3338 1286 λέξεως
3357 1218 3423 1272 τὸ
3442 1215 3714 1286 ὀφείλημα

2129 1316 2224 1370 τοῦ
2262 1318 2443 1388 γάμου
2487 1317 2588 1388 τὴν
2628 1315 2970 1370 παιδοποιίαν
3008 1314 3320 1386 ἐμφαίνων·
3349 1313 3494 1383 ὅπερ
3520 1312 3581 1364 ὲν
3611 1311 3714 1374 τοῖς

2130 1404 2439 1478 ἔμπροσθεν
2462 1408 2758 1479 ἐδήλωσεν,
2778 1404 2967 1461 εἰπών·
2995 1426 3012 1458 ι
3039 1408 3117 1478 Τῇ
3143 1404 3364 1475 γυναικὶ
3393 1406 3425 1457 6
3447 1403 3601 1474 ἀνὴρ
3626 1401 3716 1472 τὴν

2128 1496 2349 1569 ὀφειλὴν
2379 1498 2490 1565 (70)
2515 1497 2830 1551 ἀποδιδότω·
2856 1496 3054 1569 ὁμοίως
3079 1497 3138 1550 δὲ
3159 1495 3253 1549 καὶ
3284 1496 3317 1566 ἡ
3341 1493 3489 1565 γυνὴ
3529 1491 3609 1563 τῷ
3630 1493 3715 1545 ἀν-

2129 1591 2235 1662 δρί·
2264 1609 2282 1641 ι
2323 1589 2439 1661 μεθ’
2466 1590 2532 1661 ἢν
2559 1590 2764 1643 ἔκτισιν
2797 1588 2940 1643 κατά
2962 1588 3060 1660 τὴν
3083 1586 3363 1659 οἰκουρίαν
3396 1586 3503 1639 καὶ
3536 1585 3636 1656 τὴν
3664 1586 3715 1636 ἐν

2129 1679 2354 1753 Χριστῷ
2394 1681 2576 1734 πίστιν
2621 1680 2832 1751 βοηθός.
2873 1679 2988 1733 Καὶ
3019 1678 3099 1732 ἔτι
3141 1679 3481 1750 σαφέστερον
3532 1673 3712 1729 εἰπών·

2136 1791 2154 1823 ι
2187 1773 2311 1835 Τοῖς
2341 1771 2685 1843 γεγαμηκόσι
2713 1769 3093 1841 παραγγέλλω,
3116 1769 3217 1822 οὐκ
3241 1767 3372 1837 ἐγὼ,
3398 1768 3530 1821 ἀλλ’
3563 1770 3593 1821 ὁ
3618 1765 3720 1820 Κύ-

448 1878 543 1933 per
572 1865 891 1941 dictionem,
927 1884 947 1917 ι
984 1865 1285 1931 fraudetis,
1312 1885 1332 1917 ι
1367 1866 1665 1921 ostendens
1691 1865 2027 1921 matrimonii

2137 1880 2264 1936 ριος,
2312 1866 2545 1931 γυναῖκα
2578 1860 2686 1915 ἀπὸ
2716 1860 2907 1932 ἀνδρὸς
2938 1857 3011 1931 μὴ
3038 1858 3389 1929 χωρισθῆναι·
3425 1856 3614 1911 ὲάνδὲ
3637 1855 3717 1910 καὶ

446 1955 688 2009 debitum
718 1971 840 2012 esse
871 1957 1168 2012 liberorum
1209 1958 1640 2027 procreationem
1687 1976 1700 2011 :
1739 1957 1884 2026 quod
1906 1956 2031 2026 qui-
2082 1980 2089 1992 ·

446 2045 571 2100 dem
609 2047 661 2105 in
692 2047 780 2113 iis,
814 2062 938 2116 quae
962 2048 1295 2117 praecedunt,
1325 2048 1587 2114 ostendit,
1609 2048 1828 2102 dicens:
1868 2067 1887 2099 ι
1913 2047 2031 2102 Mu-

447 2135 569 2190 lieri
620 2136 702 2190 vir
753 2138 995 2192 debitum
1050 2139 1267 2203 reddat;
1299 2138 1552 2196 similiter
1601 2148 1785 2192 autem
1832 2138 2031 2192 mulier

446 2242 668 2297 quoque
688 2228 808 2282 viro
843 2231 860 2268 ί
886 2246 901 2294 ;
937 2248 956 2280 ι
987 2238 1111 2299 post
1138 2244 1303 2299 quam
1338 2228 1836 2295 exsolutionem,in
1864 2229 2030 2283 domo

449 2318 834 2385 custodienda,
864 2329 920 2373 et
957 2320 1012 2373 in
1047 2335 1108 2375 ea
1147 2335 1269 2390 qua:
1291 2330 1375 2375 est
1399 2320 1453 2374 in
1472 2320 1693 2376 Christo
1709 2320 1837 2387 fide,
1869 2320 2031 2390 adju-

450 2408 559 2462 trix
609 2418 709 2464 est.
743 2409 1026 2466 Et-adhuc
1056 2412 1322 2481 apertius,
1357 2411 1573 2467 dicens:
1599 2431 1617 2462 ι
1656 2413 1748 2480 lis,
1778 2412 1873 2484 qui
1902 2420 2032 2467 sunt

442 2500 621 2581 iuncti
675 2503 1045 2568 matrimonio,
1102 2504 1393 2573 praecipio,
1462 2503 1668 2574 inquit,
1752 2520 1862 2560 non
1907 2520 2027 2575 ego,

447 2592 541 2646 sed
572 2589 855 2659 Dominus,
887 2611 1112 2649 uxorem
1144 2611 1175 2650 a
1208 2586 1328 2650 viro
1367 2611 1476 2650 non
1510 2596 1788 2665 separari;
1819 2596 1902 2652 sin
1931 2612 2029 2650 au-

447 2694 557 2738 tem
589 2695 840 2754 separata
872 2686 1059 2752 fuerit,
1093 2697 1314 2743 maneat
1346 2689 1607 2758 innupta,
1650 2690 1732 2744 vel
1782 2689 1900 2745 viro
1943 2706 2030 2745 rc-

450 2776 803 2844 concilietur;
840 2788 894 2833 et
925 2780 1105 2834 virum
1137 2795 1365 2834 uxorem
1399 2796 1507 2836 non
1545 2781 1840 2835 dimittere.
1884 2779 2025 2835 Reli-

445 2869 572 2938 quis
613 2879 795 2924 autem
843 2871 967 2927 dico
1007 2887 1147 2941 ego,
1181 2887 1289 2927 non
1319 2871 1614 2930 Dominus:
1649 2872 1706 2926 Si
1748 2872 1874 2942 quis
1918 2871 2030 2925 fra-

448 2970 531 3014 ter
550 2960 579 3000 ¹ι
599 3002 614 3027 ,
637 2979 656 3013 ι
679 2976 854 3032 usque
881 2963 949 3017 ad
980 2963 1111 3018 illud
1134 2982 1146 3017 :
1169 2983 1188 3016 ι
1214 2961 1371 3018 Nunc
1398 2972 1582 3018 autem
1617 2972 1808 3019 sancta
1826 2972 1912 3017 est
1934 2961 1954 3002 1
1970 3003 1984 3018 .
2000 2981 2018 3014 ι

446 3048 588 3114 Quid
623 3059 804 3104 autem
836 3052 903 3106 ad
941 3052 1057 3107 haec
1088 3052 1301 3119 dicunt,
1332 3053 1428 3122 qui
1462 3052 1517 3106 in
1544 3053 1718 3121 legem
1757 3053 2030 3107 invehun-

445 3150 557 3205 tur,
590 3139 724 3195 etin
750 3141 1189 3207 matrimonium,
1221 3142 1382 3212 quasi
1406 3141 1478 3219 sit
1501 3141 1680 3197 solum
1704 3158 1735 3197 a
1763 3143 1881 3213 lege
1901 3157 2031 3197 con-

447 3246 665 3285 cessum
694 3271 710 3296 ,
764 3248 875 3287 non
929 3242 1115 3288 autem
1145 3233 1313 3288 etiam
1362 3234 1416 3288 in
1450 3231 1605 3288 Novo
1634 3231 2029 3290 Testamento?
2058 3209 2099 3266 θ

385 3312 409 3339 ⁸
438 3321 588 3387 Quid
624 3321 691 3375 ad
715 3323 815 3376 has
854 3324 999 3394 leges
1032 3324 1173 3379 latas
1203 3334 1437 3394 possunt
1465 3325 1669 3392 dicere,
1721 3325 1814 3395 qui
1865 3325 2033 3381 satio-

448 3426 572 3467 nem
591 3411 896 3467 abhorrent
923 3413 1436 3483 etgeneralionem?
1459 3427 1584 3468 cum
1618 3431 1636 3464 ι
1660 3413 1977 3482 episcopum
2007 3430 2026 3464 ι

447 3517 689 3571 quoque,
729 3521 748 3553 ι
785 3502 879 3572 qui
950 3503 1141 3558 domui
1184 3513 1330 3558 recte
1369 3503 1553 3573 praesit
1588 3513 1661 3568 ⁸³,
1704 3522 1723 3553 ι
1773 3500 2034 3556 Ecclesiae

448 3594 643 3648 ducem
684 3599 1016 3662 constituat;
1073 3601 1131 3659 vis
1173 3596 1397 3650 domum
1442 3603 1624 3649 autem
1681 3593 2025 3648 Dominicam

454 3705 474 3737 α
506 3686 670 3741 unius
690 3686 937 3742 mulieris
965 3706 985 3739 ι
1006 3688 1307 3742 constituat
1345 3687 1689 3757 conjugium.
1725 3704 1744 3737 ι
1785 3684 1980 3740 Omnia
2006 3703 2025 3737 ι

446 3792 577 3845 ergo
605 3776 736 3831 dicit
761 3792 883 3832 esse
925 3796 943 3827 ‹
985 3777 1189 3832 munda
1213 3778 1467 3845 mundis;
1502 3777 1726 3847 pollutis
1772 3784 1953 3831 autem
1982 3784 2036 3830 et

447 3867 763 3922 infidelibus
790 3868 927 3923 nihil
952 3876 1038 3924 est
1063 3870 1351 3934 mundum,
1380 3870 1473 3924 sed
1493 3869 1698 3938 polluta
1726 3878 1811 3924 est
1842 3882 2031 3921 eorum

448 3971 503 4014 ct
533 3975 711 4025 mens,
743 3969 798 4015 et
818 3962 1157 4016 conscientia
1185 3971 1237 4015 ιι.
1272 3981 1291 4014 ›
1327 3961 1403 4016 De
1430 3976 1495 4016 ea
1520 3971 1702 4017 autem
1735 3959 2031 4029 voluptate,

448 4068 571 4121 quae
583 4061 669 4107 est
683 4062 877 4122 praeter
893 4052 1135 4123 regulam
1156 4051 1512 4120 :rNeerretis,
1528 4071 1546 4104 ι
1558 4052 1755 4122 inquit;
1767 4070 1785 4102 ι
1797 4066 1898 4106 nec
1920 4048 2037 4106 for-

449 4144 741 4210 nicatores,
754 4160 856 4200 nec
875 4144 1305 4210 idololatrze,nec
1321 4144 1683 4211 adulteri,nec
1700 4144 1914 4207 molles,
1934 4157 2034 4197 nec

448 4237 819 4299 masculorum
848 4234 1260 4304 concubitores,
1306 4251 1488 4307 neque
1513 4237 1699 4305 avari,
1741 4252 1919 4306 neque
1945 4234 2036 4290 fu-

448 4342 560 4394 res,
588 4344 766 4399 neque
786 4330 1024 4399 ebriosi,
1045 4345 1049 4348 '
1073 4345 1254 4402 neque
1284 4330 1563 4397 maledici,
1618 4344 1721 4384 nec
1759 4336 2030 4398 raptores,

408 4492 413 4505 Ι
448 4434 676 4490 regnum
708 4419 803 4475 Dei
835 4423 1226 4492 possidebunt;
1268 4428 1323 4477 et
1351 4437 1452 4477 nos
1483 4420 1704 4492 quidem
1738 4420 1911 4476 ahluti
1941 4436 2036 4476 su-

2132 1956 2396 2028 χωρισθῇ,
2429 1956 2636 2027 μενέτω
2656 1954 2888 2024 ἄγαμος,
2918 1952 2950 2023 ἢ
2983 1951 3063 2022 τῷ
3099 1951 3253 2023 ἀνδρὶ
3278 1950 3713 2020 καταλλαγήτω·

2133 2047 2227 2100 καὶ
2246 2046 2415 2118 ἄνδρα
2433 2048 2668 2115 γυναῖκα
2703 2044 2777 2117 μὴ
2802 2044 3040 2114 ἀφιέναι.
3072 2044 3199 2106 Τοῖς
3242 2041 3298 2095 δὲ
3322 2042 3549 2105 λοιποῖς
3582 2040 3715 2108 λέγω

2131 2135 2243 2203 ἐγὼ
2276 2136 2411 2203 (71),
2446 2136 2590 2206 οὑχό
2623 2134 2845 2206 Κύριος·
2872 2132 2941 2186 Εἴ
2961 2150 3043 2197 τις
3066 2132 3313 2202 ἀδελφὸς,
3347 2151 3367 2183 ι
3396 2131 3542 2193 ἕως·
3578 2149 3599 2180 ‹
3633 2128 3716 2181 νῦν

2130 2226 2189 2280 δὲ
2224 2226 2355 2294 ἁγία
2379 2225 2492 2297 (72)
2512 2224 2648 2279 ἐστί.
2690 2244 2709 2277 ›
2748 2224 2814 2277 Τί
2854 2223 2912 2277 δὲ
2940 2222 3159 2292 λέγουσι
3185 2222 3322 2293 πρὸς
3346 2221 3537 2275 ταῦτα
3560 2223 3609 2272 οἰ
3632 2217 3717 2272 τοῦ

2131 2317 2297 2386 νόμου
2332 2315 2762 2387 κατατρέχοντες
2786 2315 2880 2367 καὶ
2908 2311 3004 2366 τοῦ
3030 2314 3233 2383 γάμου,
3266 2312 3342 2376 ὡς
3375 2312 3533 2365 κατά
3567 2311 3718 2382 νόμον

2133 2406 2647 2479 συγκεχωρημένου,
2694 2407 2973 2478 μονονουχὶ
3017 2406 3075 2459 δὲ
3120 2406 3213 2459 καὶ
3268 2404 3379 2474 (75)
3418 2403 3579 2457 κατὰ
3631 2402 3720 2475 τὴν

2130 2498 2407 2569 Διαθήκην
2439 2497 2540 2568 τὴν
2573 2497 2819 2567 Καινήν;
2847 2496 2912 2549 Τί
2942 2495 3077 2567 πρὸς
3091 2494 3295 2558 ταύτας
3331 2495 3523 2546 εἰπεῖν
3547 2493 3719 2565 ἔχουσι

2129 2587 2230 2652 τὰς
2262 2585 2575 2658 νομοθεσίας
2607 2588 2655 2639 oi
2679 2586 2778 2657 τὴν
2803 2584 3010 2656 σπορὰν
3050 2585 3141 2638 καὶ
3161 2585 3259 2655 τὴν
3279 2583 3505 2652 γένεσιν
3534 2598 3720 2654 μυσατ-

2130 2676 2343 2747 τόμενοι
2364 2692 2378 2741 ;
2398 2675 2551 2729 Ἐπεὶ
2571 2674 2667 2728 κα)⁸
2685 2675 2777 2728 τὸν
2807 2693 2825 2726 ε
2854 2674 3154 2727 ἐπίσκοπον
3179 2672 3293 2743 (74)
3310 2672 3408 2726 τοῦ
3441 2674 3607 2726 οἴκου
3632 2688 3719 2725 κα-

2131 2767 2241 2832 λῶς
2283 2768 2681 2841 προϊστάμενον
2711 2787 2729 2820 ι
2760 2766 3041 2838 νομοθετεῖ
3061 2762 3181 2834 ςτῆς
3207 2761 3552 2835 Ἐκκλησίας
3584 2765 3717 2833 ὰςηο

2132 2860 2375 2931 γεῖσθαι·
2399 2855 2545 2914 οἶκον
2572 2859 2629 2912 δὲ
2654 2860 2931 2930 Κυριακὸν
2958 2858 3070 2929 (75)
3108 2859 3236 2930 μιᾶς
3266 2858 3543 2927 γυναικὸς
3580 2856 3723 2911 συνί-

2133 2969 2292 3023 στησι
2318 2950 2571 3022 συζυγία.
2603 2970 2623 3004 ι
2663 2952 2850 3005 Πάντα
2883 2946 2977 3005 οὖν
3008 2945 3225 3021 καθαρά
3248 2952 3364 3013 τοῖς
3396 2952 3672 3020 καθαροῖς
3696 2966 3716 2998 ι

2132 3045 2300 3114 λέγει·
2326 3063 2344 3096 ι
2378 3046 2493 3107 τοῖς
2517 3043 2574 3097 δὲ
2604 3044 3004 3116 μεμιασμένοις
3034 3043 3129 3097 καὶ
3157 3042 3409 3105 ἀπίστοις
3437 3043 3603 3096 οὐδὲν
3630 3060 3719 3096 κα·-

2134 3140 2317 3212 θαρὺν,
2353 3138 2487 3194 ἀλλά
2517 3139 2808 3211 μεμίανται
2844 3138 3021 3193 αὐτῶν
3047 3138 3145 3193 καὶ
3195 3139 3223 3191 6
3256 3137 3383 3201 νοῦς
3410 3140 3510 3191 καὶ
3538 3139 3576 3209 ἡ
3610 3154 3722 3192 συν-

2133 3231 2356 3303 είδησις.
2396 3250 2416 3282 ›
2470 3231 2593 3283 Ἐπὶ
2637 3230 2694 3283 δὲ
2738 3229 2841 3301 τῆς
2889 3228 3039 3301 παρά
3090 3228 3183 3283 τὸν
3231 3228 3438 3282 κανόνα
3496 3228 3714 3300 ἡδονῆς·

2140 3323 2261 3395 «Μὴ
2284 3321 2612 3388 πλανᾶσθε,›
2635 3321 2820 3393 φησίν·
2861 3321 3015 3375 «οὔτε
3033 3322 3243 3394 πόρνοι,
3281 3321 3406 3375 οῦτε
3434 3321 3720 3375 είδωλολα-

2132 3434 2281 3490 τραι,
2317 3414 2440 3469 οὔτε
2468 3417 2667 3487 μοιχοὶ,
2708 3414 2833 3468 οὔτε
2866 3415 3121 3486 μαλακοὶ,
3152 3414 3277 3468 οὔτε
3315 3416 3719 3485 ἀρσενοκοῖται,

2132 3508 2255 3563 οὔτε
2284 3509 2625 3573 πλεονέκται,
2660 3507 2782 3561 οὔτε
2819 3507 3070 3573 κλέπται,
3118 3508 3181 3561 οὑ
3220 3508 3448 3579 μέθυσοι
3482 3507 3626 3577 (76),
3665 3507 3720 3558 οὗ

2133 3600 2381 3672 λοίδοροι,
2411 3600 2512 3670 οὐχ
2539 3600 2789 3672 ἅρπαγες
2811 3599 3085 3671 βασιλείαν
3111 3598 3247 3652 Θεοῦ
3286 3600 3348 3652 οὐ
3380 3599 3724 3671 κληρονομή-

2136 3709 2343 3746 σουσιν·
2390 3692 2485 3745 καὶ
2516 3694 2681 3763 ἡμεῖς
2707 3691 2807 3763 μὲν
2858 3690 3333 3762 ἀπελουσάμεθα,›
3352 3693 3401 3744 oi
3424 3694 3484 3744 ἐν
3516 3690 3722 3750 τούτοις

2140 3785 2452 3856 γενόμενοι·
2488 3785 2536 3843 οἱ
2570 3782 2628 3836 δὲ
2661 3784 2743 3847 είς
2776 3782 2979 3854 ταύτην
3023 3781 3381 3846 ἀπολούοντες
3417 3783 3522 3854 τὴν
3569 3773 3722 3836 ἀσέλ-

2138 3893 2292 3945 γειαν
2326 3876 2392 3929 ὲκ
2422 3873 2779 3945 σωφροσύνης
2810 3875 2891 3936 είς
2923 3872 3181 3944 πορνείαν
3212 3869 3573 3943 βαπτίζουσι,
3611 3872 3723 3932 ταῖς

2137 3968 2353 4040 ἡδοναῖς
2394 3966 2488 4021 καὶ
2522 3968 2636 4029 τοῖς
2673 3955 2872 4018 πάθεσι
2918 3963 3235 4036 χαρίζεσθαι
3279 3962 3719 4033 δογματίζοντες,

2139 4062 2403 4132 ἀκρατεῖς
2444 4061 2509 4112 ὲκ
2558 4057 2851 4129 σωφρόνων
2896 4052 3037 4111 εἷναι
3075 4055 3454 4119 διδάσκοντες,
3490 4057 3595 4108 καὶ
3631 4053 3721 4124 τὴν

2135 4150 2324 4206 ἐλπίδα
2351 4150 2449 4221 τὴν
2472 4148 2621 4219 σφῶν
2634 4152 2753 4213 ταῖς
2771 4146 2880 4202 τῶν
2902 4147 3105 4219 μορίων
3126 4146 3543 4217 ἀναισχυντίαις
3554 4161 3721 4217 προσ-

2132 4244 2444 4315 ανέχοντες·
2484 4239 2903 4311 ἀποκηρύκτους
2958 4235 3099 4292 εἶναι
3143 4239 3243 4309 τῆς
3276 4237 3591 4308 ’βασιλείας
3634 4236 3723 4290 τοῦ

2135 4334 2295 4399 Θεοῦ,
2314 4334 2429 4390 ἀλλ’
2458 4333 2558 4386 οὐκ
2579 4331 2909 4405 ἐγγράφους,
2943 4331 3070 4395 τοὺς
3095 4329 3354 4401 φοιτητὰς
3375 4327 3723 4399 παρασκευά-

2139 4426 2345 4489 ζοντες·
2376 4420 2728 4493 ψευδωνύμου
2762 4417 3019 4488 γνώσεως
3043 4418 3407 4491 προσηγορίᾳ,
3435 4417 3540 4488 τὴν
3572 4420 3652 4479 είς
3671 4416 3725 4467 τὸ

452 4526 574 4566 mus
601 4518 649 4577 °,
675 4531 696 4565 ι
728 4513 824 4583 qui
861 4514 916 4568 in
943 4514 1030 4570 his
1060 4530 1317 4580 eramus;
1347 4515 1444 4584 qui
1472 4521 1656 4568 autem
1678 4513 1731 4566 in
1758 4513 1899 4567 hanc
1926 4511 2031 4566 tin-

2140 4515 2406 4586 ἐξώτερον
2442 4513 2635 4576 σκότος
2666 4511 2974 4583 ὁδοιπορίαν
3002 4508 3430 4581 ἐπανῃρημένοι.
3464 4528 3484 4559 ι
3516 4508 3592 4561 T6
3618 4506 3723 4558 λοι-

449 4610 586 4671 gunt
612 4602 1087 4674 intemperantiam
1111 4647 1127 4674 ,
1166 4622 1234 4660 ex
1272 4605 1637 4675 temperantia
1685 4603 1741 4658 in
1781 4601 2025 4658 fornica-

526 4751 586 4810 >Ῑ4
619 4745 680 4801 Ρ.
715 4746 821 4801 562
843 4747 950 4803 ΕΙ).
974 4748 1270 4813 POTTER,
1293 4749 1399 4805 475
1420 4749 1527 4804 ΕΙ).
1559 4747 1782 4804 PARIS.
1857 4761 1883 4790 ι
1917 4747 2028 4803 Pro

2137 4765 2174 4809 ς.
2232 4744 2437 4815 £8.19.
2510 4743 2558 4815 ἦ
2580 4740 2955 4815 Ma_ttl_1._xxvt,
2982 4739 3077 4815 ει,
3186 4747 3217 4815 _°
3235 4739 3451 4815 μιμῇ.
3485 4751 3663 4815 ινφ...

1744 4819 1764 4858 ἲ
1791 4818 1814 4873 Ι
1840 4819 1967 4873 Cor.
1998 4835 2029 4873 v

2145 4804 2199 4873 3.
2279 4804 2464 4870 s'ibid.
2502 4813 2590 4884 ιβ.
2668 4805 3454 4884 h_l_Cor.vn,‘5.__i_lbid.3.
3534 4804 3719 4859 nam.

451 4830 635 4955 ῗῧίὲῗί,
667 4816 1159 4947 ῗεῗοὛιιέἒξιῗἏ.

521 5001 635 5081 (ﬁ?)
666 5007 735 5081 ΕΞ
768 5004 969 5081 μὴίὲκ·
1001 5008 1065 5081 Εἰ
1098 5009 1254 5081 ini-“
1284 5007 1350 5081 ἂν
1378 5007 1515 5081 ἐκνηι
1540 5007 1671 5064 ὕοι·-
1702 5024 1799 5081 XI!-

551 5072 640 5142 70)
682 5075 734 5127 ‘0
770 5072 976 5143 eam.
1031 5072 1243 5147 Ὀφεὶλο
1291 5079 1416 5150 ένην
1442 5072 1673 5144 εὔνοιαν,
1703 5078 1836 5134 Ibid.

524 5072 637 5207 $71)
671 5093 837 5207 Λέφγω
860 5146 996 5207 ἐγώ.
1044 5148 1186 5207 Ἐγὼ
1208 5097 1372 5207 lgna.
1404 5149 1540 5204 Ibid.

547 5142 611 5218 ῃ
622 5147 637 5218 )
671 5142 837 5218 ᾼέγω
860 5142 996 5217 ἐγώ.
1044 5142 1186 5218 Ἐγὼ
1208 5142 1384 5217 ityn,“
1404 5149 1540 5204 Ibid.

527 5213 640 5288 (72)
689 5213 866 5285 Ἅγια.
900 5213 1443 5288 Βοήὴθίιάωοᾶγια
1481 5220 1536 5273 in
1590 5219 1735 5288 plur.
1786 5235 2039 5287 numero,

451 5302 518 5341 ex
536 5283 730 5359 lgor.
757 5283 766 5285 “
791 5304 890 5351 vn,
921 5289 1007 5359 14,
1031 5290 1123 5344 ubi
1155 5290 1220 5343 ad
1252 5283 1562 5359 praecedens
1588 5283 1754 5344 τέκνα
1783 5283 2038 5345 refertur.

526 5352 655 5476 (7δέ
678 5355 774 5422 Ὡς
802 5356 953 5412 κατὰ
979 5352 1171 5429 νόμον
1213 5352 1780 5429 σὺγκεχωρημένου,
1824 5376 2042 5429 μονον-

533 5423 590 5476 γὶ
654 5423 686 5476 ὲ
719 5443 775 5476 κ.
802 5427 1201 5476 Scrihrmdnm-
1247 5429 1323 5476 ὼε
1373 5430 1513 5476 κατὰ
1556 5429 1721 5476 νόμον
1764 5446 2042 5476 cmmemo-

453 5423 597 5500 ουχὶ⁸
618 5423 686 5478 δὲ
719 5423 1166 5500 x._Scribendum
1186 5470 1202 5491 ,
1247 5423 1323 5493 ὼς
1373 5423 2044 5500 κατάίνόμονᾲσυῖγκεχω-

456 5493 693 5565 ρημένου
712 5496 907 5631 ἄλλον,
933 5499 1054 5579 οὐχ).
1081 5500 1138 5552 δὲ
1171 5500 1268 5552 καὶ
1295 5501 1435 5554 κατά
1482 5499 1585 5571 τὴν
1622 5493 1903 5572 Ὰιαθήκην
1937 5493 2037 5571 τὴν

458 5566 680 5631 καινήν;
763 5569 867 5623 uod
892 5568 1088 5624 Latine
1119 5585 1338 5624 versum
1370 5579 1473 5625 est.

458 5568 680 5632 καινήν;
712 5568 867 5631 Quod
892 5568 1088 5624 Latine
1119 5585 1338 5624 versum
1370 5579 1473 5625 est.

681 5636 920 5708 Ἱσξπίσκ.
971 5638 1057 5693 Cf.
1098 5654 1220 5707 sup.
1260 5652 1315 5708 p.
1357 5639 1462 5695 459
1485 5649 1540 5694 et
1569 5638 1675 5693 464
1695 5638 1826 5693 edit.
1860 5636 2033 5694 Paris.

529 5702 850 5777 (75)_01’xor
884 5750 899 5764 .
932 5748 946 5762 .
977 5702 1322 5776 .Kvptdxd'r.
1351 5710 1442 5764 Sic
1467 5710 1692 5777 templa,
1727 5723 1824 5763 seu
1853 5708 2028 5763 eccle-

456 5772 575 5836 siae,
625 5772 1376 5848 Christianorum'appellari
1427 5772 1711 5834 solebant:
1757 5786 2035 5833 verumta-

457 5859 603 5914 men,
629 5854 690 5902 ut
717 5845 1061 5907 Balsamonis
1096 5845 1278 5906 verbis
1308 5849 1374 5907 ad
1421 5864 1543 5907 can.
1593 5848 1660 5905 74
1718 5848 1939 5907 concilii
1974 5847 2031 5904 in

1204 4831 1229 4860 ο
1263 4819 1430 4874 ICor.
1468 4836 1520 4885 ν,
1554 4821 1639 4875 11.

1265 4902 1304 4930 ω
1332 4889 1353 4943 ι
1378 4882 1521 4945 Tim.
1550 4906 1633 4958 in,
1667 4890 1723 4956 2,
1755 4893 1825 4957 4;
1866 4887 1973 4943 Tit.
2003 4905 2041 4955 ι,
2060 4882 2121 4943 ’6.
2211 4895 2240 4924 ιι
2266 4885 2374 4941 Tit.
2407 4901 2448 4951 ι,
2481 4882 2570 4938 15.

2139 4605 2264 4669 πὺν,
2290 4602 2531 4673 ἀδελφοὶ,
2562 4601 2664 4654 ὅσα
2683 4598 2858 4671 ἀληθῆ
2886 4598 3022 4670 (77),
3049 4598 3148 4651 ὅσα
3165 4594 3362 4667 σεμνὰ,
3386 4596 3496 4651 ὅσα
3520 4595 3727 4660 δίκαια,

3194 4747 3217 4775 ε
3250 4734 3451 4791 Matth.
3485 4751 3645 4795 mn,
3670 4732 3721 4799 6,

2647 4889 2673 4917 °
2706 4880 2880 4936 ICor.
2909 4895 2984 4947 vi,
3009 4879 3064 4943 9,
3105 4876 3194 4943 l0,
3226 4876 3312 4931 Η.

2147 5005 2339 5061 Trullo
2364 5003 2535 5059 habiti
2560 5010 2717 5056 utar:
2748 5002 2865 5073 Πᾶς
2888 5000 3052 5073 τόπος
3072 4997 3280 5073 Κυρίῳ-
3306 4994 3720 5073 ἀνατεθειμένος

2141 5074 2422 5149 Κυριακρς
2449 5073 2688 5149 λέγεται,
2719 5071 2824 5126 κᾶν
2856 5069 2931 5142 μὴ
2967 5066 3445 5149 ἐκκλησίαςὲστίν·
3486 5066 3721 5149 τραποῦ

2143 5135 2302 5202 Ιοοὶιε
2347 5135 2593 5219 Domino
2665 5135 3022 5219 consecratus
3056 5135 3415 5219 Dominicus
3475 5135 3715 5219 dicitur,

2144 5216 2363 5272 etiamsi
2389 5229 2498 5269 non
2526 5213 2598 5267 sit
2623 5212 2854 5268 ecclesia
2881 5229 2895 5266 :
2921 5229 2944 5262 ι.
2974 5224 3038 5264 ac
3060 5207 3290 5279 proinde
3318 5207 3721 5279 domuscujus-

2144 5288 2228 5342 vis
2254 5284 2554 5341 Christiani
2581 5282 2908 5355 ,;pra:9_ipue
2940 5273 3077 5355 vero
3101 5277 3309 5355 clerici,
3334 5285 3507 5355 atque
3535 5273 3720 5355 impri-

2145 5359 2251 5412 mis
2276 5354 2544 5426 episcOpi,
2573 5344 2719 5417 οἶκος
2748 5344 3047 5422 Κυριακός,
3079 5367 3099 5400 ι
3119 5349 3321 5404 domus
3341 5344 3631 5401 Dominica
3664 5360 3711 5406 ,ι

2146 5426 2345 5479 merito
2372 5423 2678 5479 vocabitur.

2146 5440 2345 5482 merito
2372 5440 2678 5482 γοοθυιιυν.

2219 5495 2332 5565 (76)
2369 5497 2519 5551 Οῠτε
2539 5495 2645 5565 am.
2685 5532 2699 5546 .
2784 5531 2798 5544 .
2828 5489 3105 5565 péOpqm.
3136 5484 3274 5541 Οὔτε
3292 5484 3534 5565 κλέπται
3552 5524 3569 5547 ,
3597 5483 3723 5540 οὔτε

2147 5555 2488 5630 πλεονέκται,
2513 5562 2637 5617 οὕτε
2665 5555 2907 5632 μέθυσοι,
2938 5559 2960 5613 1
2993 5557 3120 5632 903‘.
3147 5572 3222 5619 VI,
3255 5555 3346 5632 υ.ῢί
3375 5570 3526 5632 mo},
3547 5595 3572 5632 _.
3607 5594 3621 5632 ς
3658 5593 3674 5606 .
3702 5598 3713 5609 .

2145 5637 2204 5688 οὑ
2235 5620 2735 5706 κληρονομήσουσιν
2752 5648 2766 5662 ·
2798 5620 3094 5685 καὶταῦτά
3108 5642 3252 5691 τινες
3272 5620 3373 5697 ἦτε
3390 5643 3405 5656 ·
3434 5623 3573 5680 ἀλλά
3596 5625 3720 5679 ἀπε-

2145 5705 2431 5760 λούσασθε.
2452 5714 2558 5760 etc.

2144 5705 2431 5770 λούσασθε,
2452 5714 2558 5760 etc.

2215 5776 2327 5845 (77)
2368 5764 2516 5830 ’όσα
2545 5775 2645 5829 ἀλ.
2684 5775 2823 5845 Ὅσα
2840 5772 2988 5845 ἐστὶν
3016 5769 3104 5823 ἀλ.
3136 5767 3332 5845 Philip.
3362 5782 3437 5845 tv,
3458 5764 3716 5845 ubimux,

2143 5846 2177 5905 ἃ
2207 5835 2585 5919 καὶ’ἐμάθετε,
2614 5844 2707 5900 καὶ
2732 5841 3065 5914 παρελάϐετε
3106 5839 3200 5894 καὶ
3221 5835 3313 5909 ηιξ.
3354 5838 3446 5892 καὶ
3474 5835 3643 5891 εἴδετε
