3934 6508
186 409 314 465 €313

1444 401 1881 460 STROMATUM
1913 403 2041 458 LIB.
2086 402 2173 456 IV.

3284 394 3421 450 12H

185 530 275 582 ὅσα
301 524 453 595 ἁγνὰ,
485 525 585 578 ὅσα
625 522 917 595 προσφιλῆ,
961 522 1064 576 ὅσα
1097 519 1339 591 εὔφημαο
1366 521 1419 573 εἴ
1443 537 1526 583 τις
1554 521 1744 593 ἀρετὴ,

1856 522 2054 576 tionem
2101 520 2417 589 haptizant,
2457 520 2832 590 voluptatibus
2875 529 2930 573 et
2979 514 3265 572 affectibus
3302 529 3425 568 esse

185 621 272 674 καὶ
304 617 356 670 εἷ
376 634 460 680 τις
492 616 731 680 ἔπαινος,
775 613 949 670 ταῦτα
991 611 1295 683 λογίζεσθε,
1327 613 1428 665 ὅσα
1461 614 1554 666 καὶ
1607 612 1746 683 ἐμά-

187 711 328 764 θετε·
360 709 396 764 ἃ
445 709 541 763 καὶ
588 707 924 778 παρελάϐετε
965 706 1060 759 καὶ
1095 703 1366 773 ἠκούσατε
1400 703 1494 756 καὶ
1522 703 1660 757 ῐδετε
1691 703 1748 755 ὲν

187 807 322 877 ἐμοὶ,
346 804 514 860 ταῦτα
549 805 842 878 πράσσετε’
871 805 964 860 καὶ
998 808 1026 860 ὁ
1053 805 1187 869 Θεὸς
1212 807 1311 876 τῆς
1338 805 1560 874 εἰρήνης
1597 801 1750 854 ἔσται

191 897 301 967 μεθ’
334 896 506 968 ὑμῶν.
559 916 577 947 ι
623 896 734 950 Καὶ
780 899 808 949 ὁ
861 895 1067 967 Πέτρος
1108 896 1167 948 ὲν
1219 897 1286 964 τῇ
1346 891 1634 961 Ἐπιστολῇ
1683 889 1753 942 τὰ

187 991 340 1060 ὃμοια
386 988 552 1057 λέγει·
595 1007 613 1038 ι
659 989 820 1041 Ὥστε
859 989 958 1060 τὴν
1010 987 1194 1041 πίστιν
1231 983 1384 1056 ὑμῶν
1426 983 1519 1037 καὶ
1563 981 1753 1035 ἐλπίδα

189 1076 318 1133 εἶναι
339 1082 416 1142 εἰς
441 1079 591 1133 Θεόν·
621 1079 718 1144 τὰς
741 1079 920 1150 ψυχὰς
944 1078 1097 1150 ὑμῶν
1129 1077 1412 1148 ἡγνικότες
1445 1078 1501 1130 ὲν
1524 1078 1588 1146 τῇ
1614 1075 1754 1128 ὑπα-

189 1172 283 1240 κοῇ
309 1171 407 1240 τῆς
430 1169 704 1241 ἀληθείαςο
739 1171 816 1231 ὡς
847 1169 1016 1222 τέκνα
1063 1168 1332 1237 ὑπακοῆς,
1367 1167 1440 1237 μὴ
1475 1181 1756 1234 συσχημα-

189 1260 450 1331 τιζόμενοι
485 1264 606 1325 ταῖς
647 1261 908 1332 πρότερον
943 1261 1000 1332 ἐν
1034 1262 1098 1330 τῇ
1141 1257 1330 1330 ἀγνοίᾳ
1367 1257 1518 1328 ὑμῶν
1571 1253 1757 1306 ἐπιθυ-

194 1353 353 1423 μίαις·
379 1352 514 1407 ἀλλά
527 1352 668 1406 κατά
694 1353 785 1407 τὸν
813 1351 1118 1404 καλέσαντα
1137 1351 1282 1421 ὑμᾶς
1316 1344 1466 1416 ἅγιον
1492 1346 1584 1399 καὶ
1605 1344 1756 1398 αὐτοὶ

191 1444 326 1512 ἅγιοι
376 1446 434 1499 ἐν
477 1446 628 1518 πάσῃ
675 1445 986 1514 ἀναστροφῇ
1028 1441 1332 1512 γενήθητεο
1369 1438 1503 1492 διότι
1559 1435 1758 1507 γέγρα-

187 1554 330 1590 πται·
382 1539 571 1606 Ἀτιοι
609 1538 827 1592 ἔσεσθε
861 1536 993 1605 (78),
1022 1535 1170 1588 διότι
1202 1532 1317 1602 ἐγὼ
1338 1531 1557 1600 ἅγιος.)
1601 1527 1760 1581 Ἀλλά

185 1632 290 1703 γὰρ
319 1629 463 1702 πέρα
493 1629 586 1684 τοῦ
611 1629 875 1702 δέοντοςή
915 1628 1050 1700 πρὸς
1089 1627 1216 1690 τοὺς
1240 1623 1480 1696 ψευδωνύ
1491 1639 1624 1693 μους
1662 1621 1760 1691 τῆς

186 1722 434 1793 γνώσεως
467 1722 767 1794 ὑποκριτὰς
791 1721 1065 1790 ἀναγκαία
1089 1718 1353 1789 λεγομένη
1383 1712 1658 1782 ἀντιλογία
1681 1713 1761 1775 εἰς

192 1815 394 1887 μακρὸν
431 1815 719 1886 ἀπήγαγεν
741 1813 908 1884 ἡμᾶς,
934 1811 1026 1865 κα)⁸
1051 1809 1284 1875 ἐξέτεινε
1316 1807 1406 1860 τὸν
1438 1805 1612 1873 λόγον·
1639 1802 1760 1856 ὅθεν

1852 613 2242 682 indulgendum
2271 611 2654 675 decernentes,
2700 611 3103 664 incontinentes
3127 621 3194 661 ex
3225 595 3425 660 [modco

1852 707 1985 761 ratis
2019 706 2133 760 ﬁeri
2163 705 2444 770 docentes,
2475 693 2530 758 et'
2552 703 2605 757 in
2637 704 2732 772 spe
2761 719 2858 757 sua
2888 701 3260 756 membrorum
3295 713 3397 752 suo
3424 733 3427 735 -

1851 814 1973 852 rum
2006 797 2359 867 impudentia:
2402 796 2579 862 allixi;
2611 807 2672 849 ut
2700 811 2729 848 a
2757 809 2927 864 regno
2960 793 3053 847 Dei
3081 791 3424 864 abdicentur,

1853 905 1964 944 non
2014 900 2195 944 autem
2234 898 2290 944 ut
2335 889 2738 952 inscribantur,
2776 886 2869 954 qui
2901 885 2966 938 ad
3017 899 3113 937 eos
3138 881 3425 943 ventitant,

1853 981 2179 1046 etﬁeientes;
2216 981 2319 1035 sub
2357 979 2498 1035 falso
2543 979 2834 1034 nominatae
2880 974 3212 1045 cognitionis
3245 971 3426 1032 titulo,

1853 1087 1998 1134 eam,
2024 1086 2144 1140 quae
2172 1069 2239 1124 ad
2264 1071 2565 1125 exteriores
2592 1068 2742 1122 ducit
2767 1067 3045 1129 tenebras,
3073 1065 3217 1116 viam
3248 1061 3432 1130 ingreo

1855 1159 2283 1227 dientes.cQuod
2303 1161 2571 1232 reliquum
2583 1158 2717 1220 est.f
2718 1167 3262 1224 ratres,qua2cunque
3281 1165 3430 1214 vera,

1856 1269 2196 1324 quaecunque
2223 1253 2476 1319 honesta,
2511 1263 2851 1321 quaecunque
2869 1248 3041 1317 justa,
3085 1249 3440 1313 quaecunque

1857 1356 2029 1411 casta,
2047 1361 2386 1418 quzecunque
2404 1344 2680 1408 amabilia,
2697 1355 3040 1412 qumcunque
3059 1338 3216 1392 bona:
3238 1334 3430 1399 famae;

1859 1440 1904 1495 si
1930 1455 2037 1509 qua
2060 1439 2254 1500 virtus,
2284 1445 2338 1492 et
2363 1437 2532 1507 siqua
2557 1436 2700 1499 laus,
2730 1450 2796 1489 ea
2829 1431 3208 1494 considerate;
3237 1443 3360 1498 qua:
3382 1436 3437 1480 et

1858 1530 2148 1595 didicistis;
2163 1544 2284 1599 quae
2297 1528 2456 1582 etiam
2484 1526 2775 1596 accepistis
2796 1535 2848 1580 et
2875 1522 3128 1577 audiistis
3148 1531 3202 1574 et
3224 1517 3436 1574 vidistis

1862 1623 2036 1690 inme,
2066 1640 2129 1679 ea
2167 1623 2367 1688 facite;
2397 1631 2450 1676 et
2478 1621 2624 1676 Deus
2651 1621 2803 1691 pacis
2833 1620 2935 1673 erit
2966 1617 3248 1671 vobiscum
3269 1627 3350 1668 α.»
3371 1613 3440 1666 Et

1860 1713 2055 1770 Petrus
2090 1714 2290 1770 similia
2329 1714 2462 1768 dicit
2499 1713 2553 1767 in
2595 1710 2874 1782 Epistola:
2921 1730 2938 1761 ι
2978 1707 3050 1763 Ut
3089 1707 3224 1762 lides
3256 1714 3438 1760 vestra

1861 1817 1916 1863 et
1953 1823 2078 1877 spes
2105 1807 2177 1861 sit
2207 1807 2260 1860 in
2288 1805 2480 1870 Deum,
2509 1820 2633 1860 cum
2664 1804 2877 1858 animas
2904 1809 3115 1856 vestras
3144 1805 3325 1854 castas
3353 1795 3438 1850 ef-

186 1878 277 1958 ;tai
305 1878 344 1957 ’ὁ
371 1878 572 1974 τρίτος-
600 1878 732 1974 ἡμῖν
763 1878 889 1954 ⁷τῶν
927 1900 1068 1954 κατὰ
1089 1897 1188 1970 τὴν
1220 1897 1394 1968 ἀληθῆ
1437 1892 1755 1964 φιλοσοφίαν

1860 1898 2101 1953 feceritis
2132 1898 2187 1952 in
2233 1897 2541 1952 obedientia
2574 1895 2820 1951 veritatis
2867 1900 2934 1955 ος
2986 1890 3144 1961 quasi
3185 1889 3278 1943 (iiii
3309 1887 3441 1941 obe-

185 1997 496 2065 γνωστικῶν
528 1993 937 2067 ὑπομνημάτων
973 1991 1336 2066 Στρωματεὺς
1375 1987 1531 2041 τοῦτο
1558 1985 1672 2056 ἔχει
1695 1985 1757 2038 τὸ

184 2093 374 2164 πέρας.

1861 1991 2079 2046 ὀίθηῑὶαι
2100 2031 2113 2054 ,
2148 2007 2260 2044 non
2312 1989 2638 2060 conligurati
2671 1987 2948 2058 prioribus
2980 1981 3287 2042 desideriis,
3320 1993 3441 2046 qua:

1862 2075 2084 2132 fuerunt
2113 2078 2166 2131 in
2193 2078 2502 2148 ignorantia
2527 2096 2541 2144 ;
2576 2077 2668 2132 sed
2698 2075 2999 2130 secundum
3027 2088 3174 2135 eum,
3215 2071 3307 2139 qui
3342 2084 3443 2122 vo-

185 2189 323 2242 cavit
351 2203 469 2252 vos,
497 2193 771 2249 sanctum,
819 2194 874 2240 et
914 2184 1015 2254 ipsi
1050 2181 1225 2237 sancti
1289 2179 1408 2234 sitis
1453 2177 1506 2231 in
1554 2174 1712 2230 'omni
1759 2173 2192 2229 conversatione.
2227 2172 2494 2240 Quoniam
2531 2173 2793 2243 scriptum
2826 2180 2951 2225 est:
2991 2187 3009 2219 ι
3050 2166 3237 2222 Sancti
3263 2164 3438 2226 eritis,

186 2279 440 2354 quoniam
488 2293 589 2348 ego
621 2286 845 2332 sanctus
875 2291 996 2330 sum
1025 2286 1106 2329 ο.»
1166 2271 1554 2348 Verumtamen
1579 2283 1702 2339 qua:
1738 2265 2001 2320 adversus
2029 2279 2147 2330 eos,
2176 2266 2268 2336 qui
2291 2265 2662 2336 cognitionem
2705 2262 2844 2317 falso
2887 2259 3106 2316 nomine
3159 2256 3439 2313 simulant.

189 2370 494 2425 necessario
524 2377 779 2439 suscepta
811 2354 978 2423 est'a
1020 2365 1181 2421 nobis
1233 2345 1554 2431 disputatio,
1610 2374 1710 2414 nos
1772 2356 2008 2426 longius,
2047 2372 2210 2426 quam
2262 2373 2361 2427 par
2400 2357 2504 2423 sit,
2545 2353 2802 2417 abduxit,
2842 2363 2895 2406 et
2921 2351 3225 2406 orationem
3268 2345 3447 2406 eﬂ'cci:

187 2464 555 2540 prolixiorem.
586 2460 741 2517 Unde
772 2460 967 2515 tertius
995 2471 1216 2530 quoque
1249 2455 1388 2510 liber
1433 2451 1774 2508 Stromateus
1819 2463 2033 2516 eorum,
2092 2465 2215 2520 qua:
2263 2457 2392 2504 sunt
2422 2449 2489 2504 de
2519 2463 2648 2503 vera
2681 2445 3024 2517 philosophia
3049 2487 3064 2511 ,
3108 2448 3445 2498 commenta‘

188 2558 412 2620 rioruni,
442 2555 588 2609 hunc
624 2553 788 2609 ﬁnem
830 2551 1044 2607 habeat.

258 2682 285 2711 ι
311 2667 450 2722 Phil.
478 2665 635 2733 1v,-8,
661 2665 714 2720 9.
777 2664 806 2704 δ
836 2663 858 2717 Ι
886 2662 1032 2718 Petr.
1066 2677 1106 2726 1,
1130 2659 1223 2727 21,
1245 2658 1336 2713 22.
1415 2661 1439 2690 °
1463 2654 1600 2714 Ibid.
1628 2654 1715 2718 14,
1749 2653 1836 2718 15,
1865 2651 1952 2705 16.

262 2807 372 2880 (78)
409 2808 587 2876 Ἅγιοι
609 2805 701 2859 ἕσ.
731 2803 752 2857 l
779 2803 926 2859 Petr.
956 2819 994 2868 ι,
1027 2802 1128 2857 16ε
1167 2802 1350 2869 Ἀγιοι
1387 2797 1643 2867 γένεσθε,
1681 2797 1762 2850 ὅτι
1802 2790 1914 2863 ἐγὼ
1946 2791 2098 2862 ἆγιός
2127 2793 2261 2862 εἰμι.

249 2989 1856 3024 Μ

1857 2970 3424 3006 ________________.________.——-

990 3126 2711 3346 ΚΛΗΜΕΝΤΟΣ

701 3476 1138 3650 ΤΟΥ
1284 3449 2939 3643 ΑΛΕΞΑΝΔΡΕΩΣ

1249 3766 2376 3911 ΣΤΡΩΜΑΤΕΩΝ
2442 3873 2454 3882 .

870 4050 1098 4138 ΤΩΝ
1170 4045 1344 4132 ΕΙΣ
1417 4038 1724 4129 ΟΚΤΩ
1776 4032 2144 4125 ΛΟΓΟΣ
2198 4025 2786 4116 ΤΕΤΑΡΤΟΣ.

582 4399 1338 4572 CLEMEN
1346 4393 1650 4550 TIS
1766 4379 2540 4554 ALEXAN
2553 4375 3012 4532 DRIN
3025 4374 3096 4523 Ι

1143 4761 1170 4794 ι
1340 4686 2208 4824 STROMATU
2213 4686 2334 4807 Μ

1205 4947 1634 5042 LIBER
1747 4935 2438 5048 QUARTUS.

1828 5179 1834 5187 ι

1416 5288 1752 5345 CAPUT
1814 5280 2257 5342 PRIMUM.

1603 5411 1746 5468 Ordo
1775 5409 2136 5479 dicendorum.

287 5535 609 5594 Ἀκόλουθον
632 5535 676 5590 δ’
699 5534 785 5601 ἂν,
816 5529 970 5606 οἴμαι
989 5574 1004 5599 ,
1037 5531 1164 5604 περί
1187 5548 1247 5584 τε
1279 5527 1578 5600 μαρτυρίου
1609 5523 1761 5580 διαλα

1856 5533 1859 5596 ζ
1962 5523 2321 5590 Consequens
2353 5519 2536 5570 autem
2573 5509 2830 5578 deinceps
2855 5521 2982 5562 esse
3007 5501 3279 5565 existimo,
3305 5509 3368 5553 ut
3399 5497 3466 5552 de

185 5589 471 5696 σειᾷξζαι
500 5589 643 5693 τιξδ
665 5589 906 5690 τέλέιοςι·
949 5589 1032 5688 of;
1076 5589 1613 5694 ὲξιπεριληξοθήσεται
1644 5618 1761 5673 κατέ

1856 5593 1859 5596 ’
1891 5589 2515 5684 martyrioitraetemus,
2544 5613 2600 5662 et
2629 5601 2884 5672 quisnam
2914 5599 2984 5654 sit
3013 5595 3310 5668 perfectus.
3344 5589 3465 5647 Una

186 5724 305 5796 τὴν
328 5693 624 5793 ἀπαίτησιν
647 5719 756 5774 τῶν
775 5717 1188 5789 λεχθησομένων
1205 5714 1274 5768 τὰ
1292 5713 1664 5786 παρεπόμενα,
1690 5715 1761 5764 κα

1893 5716 2073 5761 autem
2099 5718 2223 5759 cum
2248 5701 2334 5755 his
2355 5695 2884 5768 comprehendentur
2902 5703 3243 5761 quaecunque
3268 5693 3464 5739 natura

327 5776 535 5886 ὁμοίως
565 5831 625 5866 τε
665 5776 1048 5882 φιλοσοξρητέον
1075 5806 1245 5878 δούλῳ
1276 5823 1335 5860 τε
1369 5776 1464 5865 icui.
1497 5776 1761 5874 έλευθέρῳ

1893 5797 2249 5855 dicendorum
2280 5792 2449 5869 exigit
2476 5810 2490 5857 ;
2521 5799 2581 5853 ut
2609 5789 2772 5845 etiam
2805 5785 2949 5856 quod
2980 5797 3133 5852 teque
3175 5779 3246 5834 sit
3288 5776 3464 5846 philo-

195 5867 312 5960 ;a'v
338 5867 531 5982 Lupi
560 5867 694 5974 γυνη
718 5904 779 5958 τὸ
810 5867 963 5972 γένος
991 5867 1264 5971 τυγχάνη·
1299 5897 1368 5954 τά
1397 5913 1456 5952 τε
1491 5894 1635 5966 ἑξῆς,

1896 5887 2235 5964 sophandum
2261 5893 2314 5942 et
2346 5867 2503 5940 servo
2529 5890 2581 5938 et
2610 5881 2801 5946 libero,
2831 5878 2942 5933 sive
2973 5875 3039 5930 sit
3072 5873 3155 5928 vir
3187 5883 3318 5927 sexu
3350 5867 3464 5921 sive
