  <div class='ocr_page' id='page_1' title='image "/cluster/home/n/w/nwhite01/storage/ocr_20150623/8/hvd.32044019206622/619.png"; bbox 0 0 3934 6516; ppageno 0'>
   <div class='ocr_carea' id='block_1_1' title="bbox 442 365 575 421">
    <p class='ocr_par' dir='ltr' id='par_1_1' title="bbox 442 365 575 421">
     <span class='ocr_line' id='line_1_1' title="bbox 442 365 575 421; baseline 0.008 -1"><span class='ocrx_word' id='word_1_1' title='bbox 442 365 575 421; x_wconf 69' lang='grc'><strong>1215</strong></span> 
     </span>
    </p>
   </div>
   <div class='ocr_carea' id='block_1_2' title="bbox 1607 362 2496 419">
    <p class='ocr_par' dir='ltr' id='par_1_2' title="bbox 1607 362 2496 419">
     <span class='ocr_line' id='line_1_2' title="bbox 1607 362 2496 419; baseline -0.002 -1"><span class='ocrx_word' id='word_1_2' title='bbox 1607 363 1994 419; x_wconf 70' lang='lat' dir='ltr'><strong>CLEMENTIS</strong></span> <span class='ocrx_word' id='word_1_3' title='bbox 2031 362 2496 419; x_wconf 74' lang='lat' dir='ltr'><strong>ALEXANDRIN.‘</strong></span> 
     </span>
    </p>
   </div>
   <div class='ocr_carea' id='block_1_3' title="bbox 3566 364 3704 418">
    <p class='ocr_par' dir='ltr' id='par_1_3' title="bbox 3566 364 3704 418">
     <span class='ocr_line' id='line_1_3' title="bbox 3566 364 3704 418; baseline 0.029 -4"><span class='ocrx_word' id='word_1_4' title='bbox 3566 364 3704 418; x_wconf 70' lang='grc' dir='ltr'>νεισ</span> 
     </span>
    </p>
   </div>
   <div class='ocr_carea' id='block_1_4' title="bbox 440 481 2037 556">
    <p class='ocr_par' dir='ltr' id='par_1_4' title="bbox 440 485 2017 556">
     <span class='ocr_line' id='line_1_4' title="bbox 440 485 2017 556; baseline 0.002 -19"><span class='ocrx_word' id='word_1_5' title='bbox 440 487 663 542; x_wconf 68' lang='lat' dir='ltr'><strong>femina.</strong></span> <span class='ocrx_word' id='word_1_6' title='bbox 693 485 760 539; x_wconf 85' lang='lat' dir='ltr'><strong>Et</strong></span> <span class='ocrx_word' id='word_1_7' title='bbox 789 500 914 540; x_wconf 90' lang='lat' dir='ltr'><strong>cum</strong></span> <span class='ocrx_word' id='word_1_8' title='bbox 944 501 1066 556; x_wconf 73' lang='lat' dir='ltr'><strong>quae</strong></span> <span class='ocrx_word' id='word_1_9' title='bbox 1093 486 1351 555; x_wconf 79' lang='lat' dir='ltr'><strong>deinceps</strong></span> <span class='ocrx_word' id='word_1_10' title='bbox 1378 495 1702 556; x_wconf 79' lang='lat' dir='ltr'><strong>sequuntur,</strong></span> <span class='ocrx_word' id='word_1_11' title='bbox 1732 495 1786 540; x_wconf 89' lang='lat' dir='ltr'><strong>et</strong></span> <span class='ocrx_word' id='word_1_12' title='bbox 1814 487 1880 540; x_wconf 90' lang='lat' dir='ltr'><strong>de</strong></span> <span class='ocrx_word' id='word_1_13' title='bbox 1913 487 2017 540; x_wconf 80' lang='lat' dir='ltr'><strong>fide</strong></span> 
     </span>
    </p>
   </div>
   <div class='ocr_carea' id='block_1_5' title="bbox 2143 481 3708 556">
    <p class='ocr_par' dir='ltr' id='par_1_5' title="bbox 2143 481 3708 555">
     <span class='ocr_line' id='line_1_5' title="bbox 2143 481 3708 555; baseline 0.002 -22"><span class='ocrx_word' id='word_1_14' title='bbox 2143 503 2177 538; x_wconf 71' lang='lat' dir='ltr'><strong>re</strong></span> <span class='ocrx_word' id='word_1_15' title='bbox 2207 485 2439 548; x_wconf 81' lang='grc' dir='ltr'>πίστεως</span> <span class='ocrx_word' id='word_1_16' title='bbox 2453 484 2560 554; x_wconf 85' lang='grc'><strong>(79)</strong></span> <span class='ocrx_word' id='word_1_17' title='bbox 2595 484 2687 537; x_wconf 80' lang='grc' dir='ltr'>καὶ</span> <span class='ocrx_word' id='word_1_18' title='bbox 2713 485 2840 555; x_wconf 70' lang='grc' dir='ltr'>περὶ</span> <span class='ocrx_word' id='word_1_19' title='bbox 2866 481 2958 537; x_wconf 80' lang='grc' dir='ltr'><strong>τοῦ</strong></span> <span class='ocrx_word' id='word_1_20' title='bbox 2992 483 3196 555; x_wconf 80' lang='grc' dir='ltr'><strong>ζητεῖν,</strong></span> <span class='ocrx_word' id='word_1_21' title='bbox 3220 483 3708 555; x_wconf 78' lang='grc' dir='ltr'>προσαποπληρώ-</span> 
     </span>
    </p>
   </div>
   <div class='ocr_carea' id='block_1_6' title="bbox 439 575 2012 647">
    <p class='ocr_par' dir='ltr' id='par_1_6' title="bbox 439 575 2012 647">
     <span class='ocr_line' id='line_1_6' title="bbox 439 575 2012 647; baseline 0.002 -20"><span class='ocrx_word' id='word_1_22' title='bbox 439 583 491 627; x_wconf 76' lang='lat' dir='ltr'><strong>et</strong></span> <span class='ocrx_word' id='word_1_23' title='bbox 516 576 582 630; x_wconf 90' lang='lat' dir='ltr'><strong>de</strong></span> <span class='ocrx_word' id='word_1_24' title='bbox 602 575 978 644; x_wconf 79' lang='lat' dir='ltr'><strong>inquisitione,</strong></span> <span class='ocrx_word' id='word_1_25' title='bbox 1004 577 1426 642; x_wconf 86' lang='lat' dir='ltr'><strong>absolverimus,</strong></span> <span class='ocrx_word' id='word_1_26' title='bbox 1453 592 1628 646; x_wconf 80' lang='lat' dir='ltr'><strong>genus</strong></span> <span class='ocrx_word' id='word_1_27' title='bbox 1653 577 2012 647; x_wconf 82' lang='lat' dir='ltr'><strong>symbolicum</strong></span> 
     </span>
    </p>
   </div>
   <div class='ocr_carea' id='block_1_7' title="bbox 441 667 2018 738">
    <p class='ocr_par' dir='ltr' id='par_1_7' title="bbox 441 667 2018 738">
     <span class='ocr_line' id='line_1_7' title="bbox 441 667 2018 738; baseline 0.003 -19"><span class='ocrx_word' id='word_1_28' title='bbox 441 667 813 733; x_wconf 83' lang='lat' dir='ltr'><strong>adducemus;</strong></span> <span class='ocrx_word' id='word_1_29' title='bbox 843 677 901 722; x_wconf 95' lang='lat' dir='ltr'><strong>ut</strong></span> <span class='ocrx_word' id='word_1_30' title='bbox 925 684 1050 723; x_wconf 92' lang='lat' dir='ltr'><strong>cum</strong></span> <span class='ocrx_word' id='word_1_31' title='bbox 1077 669 1380 723; x_wconf 88' lang='lat' dir='ltr'><strong>orationem</strong></span> <span class='ocrx_word' id='word_1_32' title='bbox 1404 711 1418 734; x_wconf 91' lang='lat'><strong>,</strong></span> <span class='ocrx_word' id='word_1_33' title='bbox 1445 685 1569 738; x_wconf 75' lang='lat' dir='ltr'><strong>quae</strong></span> <span class='ocrx_word' id='word_1_34' title='bbox 1595 670 1660 724; x_wconf 91' lang='lat' dir='ltr'><strong>ad</strong></span> <span class='ocrx_word' id='word_1_35' title='bbox 1689 685 1866 724; x_wconf 92' lang='lat' dir='ltr'><strong>mores</strong></span> <span class='ocrx_word' id='word_1_36' title='bbox 1894 686 2018 738; x_wconf 88' lang='lat' dir='ltr'><strong>per-</strong></span> 
     </span>
    </p>
   </div>
   <div class='ocr_carea' id='block_1_8' title="bbox 443 759 2018 824">
    <p class='ocr_par' dir='ltr' id='par_1_8' title="bbox 443 759 2018 824">
     <span class='ocr_line' id='line_1_8' title="bbox 443 759 2018 824; baseline 0.001 -10"><span class='ocrx_word' id='word_1_37' title='bbox 443 759 612 824; x_wconf 85' lang='lat' dir='ltr'><strong>tinet,</strong></span> <span class='ocrx_word' id='word_1_38' title='bbox 649 761 858 815; x_wconf 86' lang='lat' dir='ltr'><strong>cursim</strong></span> <span class='ocrx_word' id='word_1_39' title='bbox 896 761 1370 824; x_wconf 88' lang='lat' dir='ltr'><strong>concluserimus,</strong></span> <span class='ocrx_word' id='word_1_40' title='bbox 1415 763 1734 814; x_wconf 75' lang='lat' dir='ltr'><strong>summatim</strong></span> <span class='ocrx_word' id='word_1_41' title='bbox 1770 762 2018 816; x_wconf 88' lang='lat' dir='ltr'><strong>ostenda-</strong></span> 
     </span>
    </p>
   </div>
   <div class='ocr_carea' id='block_1_9' title="bbox 444 852 2018 921">
    <p class='ocr_par' dir='ltr' id='par_1_9' title="bbox 444 852 2018 921">
     <span class='ocr_line' id='line_1_9' title="bbox 444 852 2018 921; baseline 0.003 -17"><span class='ocrx_word' id='word_1_42' title='bbox 444 867 603 917; x_wconf 87' lang='lat' dir='ltr'><strong>mus,</strong></span> <span class='ocrx_word' id='word_1_43' title='bbox 646 861 849 921; x_wconf 87' lang='lat' dir='ltr'><strong>quanta</strong></span> <span class='ocrx_word' id='word_1_44' title='bbox 897 853 1104 906; x_wconf 80' lang='lat' dir='ltr'><strong>utilitas</strong></span> <span class='ocrx_word' id='word_1_45' title='bbox 1155 853 1320 906; x_wconf 88' lang='lat' dir='ltr'><strong>allata</strong></span> <span class='ocrx_word' id='word_1_46' title='bbox 1373 853 1441 907; x_wconf 89' lang='lat' dir='ltr'><strong>sit</strong></span> <span class='ocrx_word' id='word_1_47' title='bbox 1482 852 1686 908; x_wconf 62' lang='lat' dir='ltr'><strong>Graecis</strong></span> <span class='ocrx_word' id='word_1_48' title='bbox 1720 869 1748 906; x_wconf 91' lang='lat' dir='ltr'><strong>a</strong></span> <span class='ocrx_word' id='word_1_49' title='bbox 1786 853 2018 908; x_wconf 87' lang='lat' dir='ltr'><strong>barbara</strong></span> 
     </span>
    </p>
   </div>
   <div class='ocr_carea' id='block_1_10' title="bbox 445 940 2020 1013">
    <p class='ocr_par' dir='ltr' id='par_1_10' title="bbox 445 940 2020 1013">
     <span class='ocr_line' id='line_1_10' title="bbox 445 940 2020 1013; baseline 0.004 -21"><span class='ocrx_word' id='word_1_50' title='bbox 445 940 814 1010; x_wconf 82' lang='lat' dir='ltr'><strong>philosophia.</strong></span> <span class='ocrx_word' id='word_1_51' title='bbox 849 941 1023 1008; x_wconf 84' lang='lat' dir='ltr'><strong>Quam</strong></span> <span class='ocrx_word' id='word_1_52' title='bbox 1056 942 1274 1011; x_wconf 87' lang='lat' dir='ltr'><strong>quidem</strong></span> <span class='ocrx_word' id='word_1_53' title='bbox 1312 952 1604 1012; x_wconf 78' lang='lat' dir='ltr'><strong>postquam</strong></span> <span class='ocrx_word' id='word_1_54' title='bbox 1637 945 1811 998; x_wconf 91' lang='lat' dir='ltr'><strong>oculis</strong></span> <span class='ocrx_word' id='word_1_55' title='bbox 1838 944 2020 1013; x_wconf 91' lang='lat' dir='ltr'><strong>subje-</strong></span> 
     </span>
    </p>
   </div>
   <div class='ocr_carea' id='block_1_11' title="bbox 446 1034 2019 1110">
    <p class='ocr_par' dir='ltr' id='par_1_11' title="bbox 446 1034 2019 1110">
     <span class='ocr_line' id='line_1_11' title="bbox 446 1034 2019 1110; baseline 0.004 -24"><span class='ocrx_word' id='word_1_56' title='bbox 446 1048 573 1088; x_wconf 87' lang='lat' dir='ltr'><strong>cero</strong></span> <span class='ocrx_word' id='word_1_57' title='bbox 596 1075 612 1099; x_wconf 87' lang='lat'><strong>,</strong></span> <span class='ocrx_word' id='word_1_58' title='bbox 645 1043 699 1087; x_wconf 91' lang='lat' dir='ltr'><strong>et</strong></span> <span class='ocrx_word' id='word_1_59' title='bbox 728 1035 1000 1089; x_wconf 86' lang='lat' dir='ltr'><strong>adversus</strong></span> <span class='ocrx_word' id='word_1_60' title='bbox 1032 1034 1250 1091; x_wconf 71' lang='lat' dir='ltr'><strong>Grzecos</strong></span> <span class='ocrx_word' id='word_1_61' title='bbox 1281 1045 1334 1091; x_wconf 90' lang='lat' dir='ltr'><strong>et</strong></span> <span class='ocrx_word' id='word_1_62' title='bbox 1365 1037 1629 1092; x_wconf 85' lang='lat' dir='ltr'><strong>adversus</strong></span> <span class='ocrx_word' id='word_1_63' title='bbox 1658 1035 1877 1110; x_wconf 72' lang='lat' dir='ltr'><strong>Judazos</strong></span> <span class='ocrx_word' id='word_1_64' title='bbox 1907 1048 2019 1092; x_wconf 85' lang='lat' dir='ltr'><strong>tra-</strong></span> 
     </span>
    </p>
   </div>
   <div class='ocr_carea' id='block_1_12' title="bbox 447 1123 2021 1199">
    <p class='ocr_par' dir='ltr' id='par_1_12' title="bbox 447 1123 2021 1199">
     <span class='ocr_line' id='line_1_12' title="bbox 447 1123 2021 1199; baseline 0.004 -22"><span class='ocrx_word' id='word_1_65' title='bbox 447 1123 610 1179; x_wconf 84' lang='lat' dir='ltr'><strong>detur</strong></span> <span class='ocrx_word' id='word_1_66' title='bbox 635 1128 1019 1196; x_wconf 87' lang='lat' dir='ltr'><strong>compendiosa</strong></span> <span class='ocrx_word' id='word_1_67' title='bbox 1047 1127 1452 1198; x_wconf 88' lang='lat' dir='ltr'><strong>Scripturarum</strong></span> <span class='ocrx_word' id='word_1_68' title='bbox 1486 1129 1776 1198; x_wconf 82' lang='lat' dir='ltr'><strong>expositio,</strong></span> <span class='ocrx_word' id='word_1_69' title='bbox 1800 1139 1852 1184; x_wconf 89' lang='lat' dir='ltr'><strong>et</strong></span> <span class='ocrx_word' id='word_1_70' title='bbox 1877 1145 2021 1199; x_wconf 63' lang='lat' dir='ltr'><strong>quaa-</strong></span> 
     </span>
    </p>
   </div>
   <div class='ocr_carea' id='block_1_13' title="bbox 447 1216 2022 1288">
    <p class='ocr_par' dir='ltr' id='par_1_13' title="bbox 447 1216 2022 1288">
     <span class='ocr_line' id='line_1_13' title="bbox 447 1216 2022 1288; baseline 0.004 -19"><span class='ocrx_word' id='word_1_71' title='bbox 447 1230 665 1284; x_wconf 89' lang='lat' dir='ltr'><strong>cunque</strong></span> <span class='ocrx_word' id='word_1_72' title='bbox 707 1216 759 1270; x_wconf 91' lang='lat' dir='ltr'><strong>in</strong></span> <span class='ocrx_word' id='word_1_73' title='bbox 809 1217 965 1273; x_wconf 86' lang='lat' dir='ltr'><strong>libris</strong></span> <span class='ocrx_word' id='word_1_74' title='bbox 1013 1218 1482 1288; x_wconf 66' lang='lat' dir='ltr'><strong>prmcedentihus,</strong></span> <span class='ocrx_word' id='word_1_75' title='bbox 1529 1235 1650 1288; x_wconf 72' lang='lat' dir='ltr'><strong>qua:</strong></span> <span class='ocrx_word' id='word_1_76' title='bbox 1699 1219 1920 1288; x_wconf 83' lang='lat' dir='ltr'><strong>quidem</strong></span> <span class='ocrx_word' id='word_1_77' title='bbox 1967 1220 2022 1278; x_wconf 87' lang='lat' dir='ltr'><strong>in</strong></span> 
     </span>
    </p>
   </div>
   <div class='ocr_carea' id='block_1_14' title="bbox 449 1308 2024 1379">
    <p class='ocr_par' dir='ltr' id='par_1_14' title="bbox 449 1308 2024 1379">
     <span class='ocr_line' id='line_1_14' title="bbox 449 1308 2024 1379; baseline 0.006 -22"><span class='ocrx_word' id='word_1_78' title='bbox 449 1308 703 1375; x_wconf 87' lang='lat' dir='ltr'><strong>prooemii</strong></span> <span class='ocrx_word' id='word_1_79' title='bbox 751 1308 998 1379; x_wconf 80' lang='lat' dir='ltr'><strong>ingressu</strong></span> <span class='ocrx_word' id='word_1_80' title='bbox 1047 1324 1156 1363; x_wconf 94' lang='lat' dir='ltr'><strong>uno</strong></span> <span class='ocrx_word' id='word_1_81' title='bbox 1204 1311 1598 1364; x_wconf 86' lang='lat' dir='ltr'><strong>commentario</strong></span> <span class='ocrx_word' id='word_1_82' title='bbox 1640 1311 2024 1366; x_wconf 85' lang='lat' dir='ltr'><strong>statuissemus</strong></span> 
     </span>
    </p>
   </div>
   <div class='ocr_carea' id='block_1_15' title="bbox 453 1399 2026 1472">
    <p class='ocr_par' dir='ltr' id='par_1_15' title="bbox 453 1399 2026 1472">
     <span class='ocr_line' id='line_1_15' title="bbox 453 1399 2026 1472; baseline 0.004 -19"><span class='ocrx_word' id='word_1_83' title='bbox 453 1399 772 1466; x_wconf 80' lang='lat' dir='ltr'><strong>absolvere,</strong></span> <span class='ocrx_word' id='word_1_84' title='bbox 817 1402 911 1455; x_wconf 90' lang='lat' dir='ltr'><strong>sed</strong></span> <span class='ocrx_word' id='word_1_85' title='bbox 957 1412 1175 1472; x_wconf 83' lang='lat' dir='ltr'><strong>propter</strong></span> <span class='ocrx_word' id='word_1_86' title='bbox 1216 1417 1399 1457; x_wconf 85' lang='lat' dir='ltr'><strong>rerum</strong></span> <span class='ocrx_word' id='word_1_87' title='bbox 1444 1403 1887 1470; x_wconf 89' lang='lat' dir='ltr'><strong>multitudinem,</strong></span> <span class='ocrx_word' id='word_1_88' title='bbox 1935 1405 2026 1459; x_wconf 89' lang='lat' dir='ltr'><strong>cui</strong></span> 
     </span>
    </p>
   </div>
   <div class='ocr_carea' id='block_1_16' title="bbox 451 1492 2028 1564">
    <p class='ocr_par' dir='ltr' id='par_1_16' title="bbox 451 1492 2028 1564">
     <span class='ocr_line' id='line_1_16' title="bbox 451 1492 2028 1564; baseline 0.003 -20"><span class='ocrx_word' id='word_1_89' title='bbox 451 1492 768 1544; x_wconf 89' lang='lat' dir='ltr'><strong>necessario</strong></span> <span class='ocrx_word' id='word_1_90' title='bbox 795 1494 1139 1547; x_wconf 78' lang='lat' dir='ltr'><strong>serviendum</strong></span> <span class='ocrx_word' id='word_1_91' title='bbox 1175 1493 1276 1548; x_wconf 81' lang='lat' dir='ltr'><strong>fuit</strong></span> <span class='ocrx_word' id='word_1_92' title='bbox 1300 1535 1313 1556; x_wconf 86' lang='lat'><strong>,</strong></span> <span class='ocrx_word' id='word_1_93' title='bbox 1343 1511 1448 1549; x_wconf 90' lang='lat' dir='ltr'><strong>non</strong></span> <span class='ocrx_word' id='word_1_94' title='bbox 1487 1495 1639 1548; x_wconf 88' lang='lat' dir='ltr'><strong>licuit</strong></span> <span class='ocrx_word' id='word_1_95' title='bbox 1671 1495 2028 1564; x_wconf 83' lang='lat' dir='ltr'><strong>comprehen—</strong></span> 
     </span>
    </p>
   </div>
   <div class='ocr_carea' id='block_1_17' title="bbox 452 1579 2026 1656">
    <p class='ocr_par' dir='ltr' id='par_1_17' title="bbox 452 1579 2026 1656">
     <span class='ocr_line' id='line_1_17' title="bbox 452 1579 2026 1656; baseline 0.004 -23"><span class='ocrx_word' id='word_1_96' title='bbox 452 1579 600 1635; x_wconf 88' lang='lat' dir='ltr'><strong>dere.</strong></span> <span class='ocrx_word' id='word_1_97' title='bbox 637 1580 765 1636; x_wconf 86' lang='lat' dir='ltr'><strong>Post</strong></span> <span class='ocrx_word' id='word_1_98' title='bbox 792 1583 905 1638; x_wconf 67' lang='lat' dir='ltr'><strong>haec</strong></span> <span class='ocrx_word' id='word_1_99' title='bbox 935 1598 963 1636; x_wconf 90' lang='lat' dir='ltr'><strong>a</strong></span> <span class='ocrx_word' id='word_1_100' title='bbox 993 1584 1182 1650; x_wconf 86' lang='lat' dir='ltr'><strong>nobis,</strong></span> <span class='ocrx_word' id='word_1_101' title='bbox 1217 1586 1396 1654; x_wconf 83' lang='lat' dir='ltr'><strong>quoad</strong></span> <span class='ocrx_word' id='word_1_102' title='bbox 1440 1585 1557 1639; x_wconf 86' lang='lat' dir='ltr'><strong>ﬁeri</strong></span> <span class='ocrx_word' id='word_1_103' title='bbox 1590 1595 1798 1656; x_wconf 88' lang='lat' dir='ltr'><strong>potest,</strong></span> <span class='ocrx_word' id='word_1_104' title='bbox 1843 1601 2026 1640; x_wconf 91' lang='lat' dir='ltr'><strong>rerum</strong></span> 
     </span>
    </p>
   </div>
   <div class='ocr_carea' id='block_1_18' title="bbox 454 1673 2031 1746">
    <p class='ocr_par' dir='ltr' id='par_1_18' title="bbox 454 1673 2031 1746">
     <span class='ocr_line' id='line_1_18' title="bbox 454 1673 2031 1746; baseline 0.006 -23"><span class='ocrx_word' id='word_1_105' title='bbox 454 1673 860 1740; x_wconf 85' lang='lat' dir='ltr'><strong>propositarum</strong></span> <span class='ocrx_word' id='word_1_106' title='bbox 897 1674 1118 1744; x_wconf 89' lang='lat' dir='ltr'><strong>impleta</strong></span> <span class='ocrx_word' id='word_1_107' title='bbox 1149 1677 1542 1739; x_wconf 84' lang='lat' dir='ltr'><strong>declarationc,</strong></span> <span class='ocrx_word' id='word_1_108' title='bbox 1567 1693 1689 1746; x_wconf 66' lang='lat' dir='ltr'><strong>quae</strong></span> <span class='ocrx_word' id='word_1_109' title='bbox 1715 1677 1781 1732; x_wconf 86' lang='lat' dir='ltr'><strong>de</strong></span> <span class='ocrx_word' id='word_1_110' title='bbox 1811 1687 2031 1732; x_wconf 86' lang='lat' dir='ltr'><strong>natura-</strong></span> 
     </span>
    </p>
   </div>
   <div class='ocr_carea' id='block_1_19' title="bbox 455 1762 2026 1833">
    <p class='ocr_par' dir='ltr' id='par_1_19' title="bbox 455 1762 2026 1833">
     <span class='ocr_line' id='line_1_19' title="bbox 455 1762 2026 1833; baseline 0.002 -17"><span class='ocrx_word' id='word_1_111' title='bbox 455 1762 598 1816; x_wconf 81' lang='lat' dir='ltr'><strong>libus</strong></span> <span class='ocrx_word' id='word_1_112' title='bbox 645 1762 925 1833; x_wconf 85' lang='lat' dir='ltr'><strong>principiis</strong></span> <span class='ocrx_word' id='word_1_113' title='bbox 965 1772 1019 1819; x_wconf 91' lang='lat' dir='ltr'><strong>et</strong></span> <span class='ocrx_word' id='word_1_114' title='bbox 1060 1781 1090 1818; x_wconf 89' lang='lat' dir='ltr'><strong>a</strong></span> <span class='ocrx_word' id='word_1_115' title='bbox 1140 1764 1343 1820; x_wconf 64' lang='lat' dir='ltr'><strong>Graecis</strong></span> <span class='ocrx_word' id='word_1_116' title='bbox 1375 1775 1428 1819; x_wconf 89' lang='lat' dir='ltr'><strong>et</strong></span> <span class='ocrx_word' id='word_1_117' title='bbox 1460 1766 1528 1820; x_wconf 89' lang='lat' dir='ltr'><strong>ab</strong></span> <span class='ocrx_word' id='word_1_118' title='bbox 1569 1765 1692 1820; x_wconf 90' lang='lat' dir='ltr'><strong>aliis</strong></span> <span class='ocrx_word' id='word_1_119' title='bbox 1739 1765 2026 1830; x_wconf 87' lang='lat' dir='ltr'><strong>barbaris,</strong></span> 
     </span>
    </p>
   </div>
   <div class='ocr_carea' id='block_1_20' title="bbox 2117 573 3705 648">
    <p class='ocr_par' dir='ltr' id='par_1_20' title="bbox 2117 573 3705 648">
     <span class='ocr_line' id='line_1_20' title="bbox 2117 573 3705 648; baseline -0.003 -16"><span class='ocrx_word' id='word_1_120' title='bbox 2117 595 2328 642; x_wconf 80' lang='grc' dir='ltr'><strong>σαντες,</strong></span> <span class='ocrx_word' id='word_1_121' title='bbox 2366 578 2424 630; x_wconf 85' lang='grc' dir='ltr'><strong>τὸ</strong></span> <span class='ocrx_word' id='word_1_122' title='bbox 2452 576 2776 648; x_wconf 83' lang='grc' dir='ltr'>συμϐολικὸν</span> <span class='ocrx_word' id='word_1_123' title='bbox 2799 573 2938 639; x_wconf 84' lang='grc' dir='ltr'>εἶδος</span> <span class='ocrx_word' id='word_1_124' title='bbox 2971 575 3076 647; x_wconf 86' lang='grc'>(80)</span> <span class='ocrx_word' id='word_1_125' title='bbox 3107 573 3580 647; x_wconf 78' lang='grc' dir='ltr'>παραθησόμεθα⁶</span> <span class='ocrx_word' id='word_1_126' title='bbox 3620 578 3705 639; x_wconf 80' lang='grc' dir='ltr'>ἶν’,</span> 
     </span>
    </p>
   </div>
   <div class='ocr_carea' id='block_1_21' title="bbox 2115 667 3707 740">
    <p class='ocr_par' dir='ltr' id='par_1_21' title="bbox 2115 667 3707 740">
     <span class='ocr_line' id='line_1_21' title="bbox 2115 667 3707 740; baseline -0.001 -19"><span class='ocrx_word' id='word_1_127' title='bbox 2115 669 2190 731; x_wconf 83' lang='grc' dir='ltr'><strong>ὡς</strong></span> <span class='ocrx_word' id='word_1_128' title='bbox 2237 670 2294 722; x_wconf 87' lang='grc' dir='ltr'><strong>ἐν</strong></span> <span class='ocrx_word' id='word_1_129' title='bbox 2343 669 2608 740; x_wconf 75' lang='grc' dir='ltr'><strong>ἐπιδρομῇ</strong></span> <span class='ocrx_word' id='word_1_130' title='bbox 2643 670 2733 722; x_wconf 85' lang='grc' dir='ltr'><strong>τὸν</strong></span> <span class='ocrx_word' id='word_1_131' title='bbox 2782 668 2968 737; x_wconf 76' lang='grc' dir='ltr'>ἠθικὸν</span> <span class='ocrx_word' id='word_1_132' title='bbox 3006 669 3488 740; x_wconf 78' lang='grc' dir='ltr'>συμπεραναμενοι</span> <span class='ocrx_word' id='word_1_133' title='bbox 3519 667 3707 736; x_wconf 76' lang='grc' dir='ltr'>λόγον,</span> 
     </span>
    </p>
   </div>
   <div class='ocr_carea' id='block_1_22' title="bbox 2117 760 3711 834">
    <p class='ocr_par' dir='ltr' id='par_1_22' title="bbox 2117 760 3711 834">
     <span class='ocr_line' id='line_1_22' title="bbox 2117 760 3711 834; baseline -0.001 -19"><span class='ocrx_word' id='word_1_134' title='bbox 2117 760 2499 830; x_wconf 71' lang='grc' dir='ltr'><strong>κεφαλαιωδῶς</strong></span> <span class='ocrx_word' id='word_1_135' title='bbox 2531 765 2966 834; x_wconf 79' lang='grc' dir='ltr'><strong>παραστήσωμεν</strong></span> <span class='ocrx_word' id='word_1_136' title='bbox 2989 761 3085 832; x_wconf 81' lang='grc' dir='ltr'>τὴν</span> <span class='ocrx_word' id='word_1_137' title='bbox 3117 765 3195 826; x_wconf 84' lang='grc' dir='ltr'><strong>είς</strong></span> <span class='ocrx_word' id='word_1_138' title='bbox 3218 762 3488 833; x_wconf 82' lang='grc' dir='ltr'>Ἕλληνας</span> <span class='ocrx_word' id='word_1_139' title='bbox 3518 763 3590 815; x_wconf 79' lang='grc' dir='ltr'>ἐκ</span> <span class='ocrx_word' id='word_1_140' title='bbox 3610 762 3711 830; x_wconf 74' lang='grc' dir='ltr'><strong>τῆς</strong></span> 
     </span>
    </p>
   </div>
   <div class='ocr_carea' id='block_1_23' title="bbox 2121 853 3710 924">
    <p class='ocr_par' dir='ltr' id='par_1_23' title="bbox 2121 853 3710 924">
     <span class='ocr_line' id='line_1_23' title="bbox 2121 853 3710 924; baseline 0 -18"><span class='ocrx_word' id='word_1_141' title='bbox 2121 853 2398 924; x_wconf 80' lang='grc' dir='ltr'>βαρϐάρου</span> <span class='ocrx_word' id='word_1_142' title='bbox 2427 853 2736 923; x_wconf 78' lang='grc' dir='ltr'>φιλοσοφίας</span> <span class='ocrx_word' id='word_1_143' title='bbox 2763 853 3094 908; x_wconf 86' lang='grc' dir='ltr'>διαδοθεῖσαν</span> <span class='ocrx_word' id='word_1_144' title='bbox 3142 855 3432 923; x_wconf 74' lang='grc' dir='ltr'>ὠφέλειαν.</span> <span class='ocrx_word' id='word_1_145' title='bbox 3470 855 3616 908; x_wconf 78' lang='grc' dir='ltr'>Μεθ’</span> <span class='ocrx_word' id='word_1_146' title='bbox 3647 856 3710 924; x_wconf 76' lang='grc' dir='ltr'>ἦν</span> 
     </span>
    </p>
   </div>
   <div class='ocr_carea' id='block_1_24' title="bbox 2121 944 3712 1017">
    <p class='ocr_par' dir='ltr' id='par_1_24' title="bbox 2121 944 3712 1017">
     <span class='ocr_line' id='line_1_24' title="bbox 2121 944 3712 1017; baseline -0.001 -19"><span class='ocrx_word' id='word_1_147' title='bbox 2121 945 2468 998; x_wconf 82' lang='grc' dir='ltr'>ὑποτύπωσιν</span> <span class='ocrx_word' id='word_1_148' title='bbox 2495 946 2528 1017; x_wconf 83' lang='grc' dir='ltr'>ἦ</span> <span class='ocrx_word' id='word_1_149' title='bbox 2555 963 2613 998; x_wconf 86' lang='grc' dir='ltr'><strong>τε</strong></span> <span class='ocrx_word' id='word_1_150' title='bbox 2642 944 2776 1017; x_wconf 81' lang='grc' dir='ltr'>πρὸς</span> <span class='ocrx_word' id='word_1_151' title='bbox 2800 946 2925 1010; x_wconf 76' lang='grc' dir='ltr'>τοὺς</span> <span class='ocrx_word' id='word_1_152' title='bbox 2950 945 3214 1016; x_wconf 84' lang='grc' dir='ltr'>’Έλληνας</span> <span class='ocrx_word' id='word_1_153' title='bbox 3235 946 3380 1016; x_wconf 71' lang='grc' dir='ltr'>καὶὴ</span> <span class='ocrx_word' id='word_1_154' title='bbox 3410 946 3553 1016; x_wconf 75' lang='grc' dir='ltr'>πρὸς</span> <span class='ocrx_word' id='word_1_155' title='bbox 3585 947 3712 1010; x_wconf 58' lang='lat' dir='ltr'><strong>toﬁ;</strong></span> 
     </span>
    </p>
   </div>
   <div class='ocr_carea' id='block_1_25' title="bbox 2134 1036 3715 1108">
    <p class='ocr_par' dir='ltr' id='par_1_25' title="bbox 2134 1036 3715 1108">
     <span class='ocr_line' id='line_1_25' title="bbox 2134 1036 3715 1108; baseline -0.001 -19"><span class='ocrx_word' id='word_1_156' title='bbox 2134 1036 2414 1101; x_wconf 81' lang='grc' dir='ltr'>Ἰουδαίους</span> <span class='ocrx_word' id='word_1_157' title='bbox 2444 1038 2564 1090; x_wconf 80' lang='grc' dir='ltr'>κατ’</span> <span class='ocrx_word' id='word_1_158' title='bbox 2596 1037 2859 1108; x_wconf 80' lang='grc' dir='ltr'>ἐπιτομὴν</span> <span class='ocrx_word' id='word_1_159' title='bbox 2891 1037 3000 1090; x_wconf 84' lang='grc' dir='ltr'><strong>τῶν</strong></span> <span class='ocrx_word' id='word_1_160' title='bbox 3021 1039 3060 1089; x_wconf 92' lang='grc' dir='ltr'><strong>Γ</strong></span> <span class='ocrx_word' id='word_1_161' title='bbox 3067 1037 3252 1108; x_wconf 71' lang='grc' dir='ltr'>ραφῶν</span> <span class='ocrx_word' id='word_1_162' title='bbox 3276 1037 3497 1099; x_wconf 78' lang='grc' dir='ltr'>ἐκθεσις</span> <span class='ocrx_word' id='word_1_163' title='bbox 3535 1054 3715 1107; x_wconf 85' lang='grc' dir='ltr'>παρα-</span> 
     </span>
    </p>
   </div>
   <div class='ocr_carea' id='block_1_26' title="bbox 2121 1127 3715 1199">
    <p class='ocr_par' dir='ltr' id='par_1_26' title="bbox 2121 1127 3715 1199">
     <span class='ocr_line' id='line_1_26' title="bbox 2121 1127 3715 1199; baseline 0 -19"><span class='ocrx_word' id='word_1_164' title='bbox 2121 1128 2433 1199; x_wconf 84' lang='grc' dir='ltr'><strong>δοθήσεται,</strong></span> <span class='ocrx_word' id='word_1_165' title='bbox 2462 1129 2554 1182; x_wconf 74' lang='grc' dir='ltr'>καὶ</span> <span class='ocrx_word' id='word_1_166' title='bbox 2584 1129 2682 1180; x_wconf 85' lang='grc' dir='ltr'><strong>ὅσα</strong></span> <span class='ocrx_word' id='word_1_167' title='bbox 2711 1129 2768 1180; x_wconf 86' lang='grc' dir='ltr'><strong>ἐν</strong></span> <span class='ocrx_word' id='word_1_168' title='bbox 2793 1131 2904 1191; x_wconf 86' lang='grc' dir='ltr'>τοῖς</span> <span class='ocrx_word' id='word_1_169' title='bbox 2937 1127 3044 1198; x_wconf 80' lang='grc' dir='ltr'><strong>πρὸ</strong></span> <span class='ocrx_word' id='word_1_170' title='bbox 3086 1127 3274 1180; x_wconf 82' lang='grc' dir='ltr'>τούτου</span> <span class='ocrx_word' id='word_1_171' title='bbox 3309 1128 3715 1198; x_wconf 58' lang='grc' dir='ltr'>Στρωμδατεῦα</span> 
     </span>
    </p>
   </div>
   <div class='ocr_carea' id='block_1_27' title="bbox 2124 1218 3717 1293">
    <p class='ocr_par' dir='ltr' id='par_1_27' title="bbox 2124 1218 3717 1293">
     <span class='ocr_line' id='line_1_27' title="bbox 2124 1218 3717 1293; baseline -0.002 -20"><span class='ocrx_word' id='word_1_172' title='bbox 2124 1219 2264 1275; x_wconf 87' lang='grc' dir='ltr'><strong>κατά</strong></span> <span class='ocrx_word' id='word_1_173' title='bbox 2306 1220 2405 1290; x_wconf 80' lang='grc' dir='ltr'>τὴν</span> <span class='ocrx_word' id='word_1_174' title='bbox 2449 1219 2544 1272; x_wconf 77' lang='grc' dir='ltr'><strong>τοῦ</strong></span> <span class='ocrx_word' id='word_1_175' title='bbox 2583 1219 2868 1293; x_wconf 74' lang='grc' dir='ltr'>προοιμίου</span> <span class='ocrx_word' id='word_1_176' title='bbox 2915 1219 3162 1292; x_wconf 74' lang='grc' dir='ltr'>εἰσϐολὴν</span> <span class='ocrx_word' id='word_1_177' title='bbox 3211 1221 3266 1272; x_wconf 87' lang='grc' dir='ltr'><strong>ἐν</strong></span> <span class='ocrx_word' id='word_1_178' title='bbox 3307 1219 3386 1271; x_wconf 73' lang='grc' dir='ltr'><strong>ἐνὶ</strong></span> <span class='ocrx_word' id='word_1_179' title='bbox 3431 1218 3717 1289; x_wconf 74' lang='grc' dir='ltr'>προθεμέ-</span> 
     </span>
    </p>
   </div>
   <div class='ocr_carea' id='block_1_28' title="bbox 2122 1306 3717 1380">
    <p class='ocr_par' dir='ltr' id='par_1_28' title="bbox 2122 1306 3717 1380">
     <span class='ocr_line' id='line_1_28' title="bbox 2122 1306 3717 1380; baseline -0.001 -20"><span class='ocrx_word' id='word_1_180' title='bbox 2122 1325 2245 1371; x_wconf 87' lang='grc' dir='ltr'>νους</span> <span class='ocrx_word' id='word_1_181' title='bbox 2285 1307 2393 1380; x_wconf 70' lang='grc'><strong>(81)</strong></span> <span class='ocrx_word' id='word_1_182' title='bbox 2437 1306 2743 1361; x_wconf 88' lang='grc' dir='ltr'>τελειώσειν</span> <span class='ocrx_word' id='word_1_183' title='bbox 2785 1308 3172 1378; x_wconf 82' lang='grc' dir='ltr'><strong>ὑπομνήματι,</strong></span> <span class='ocrx_word' id='word_1_184' title='bbox 3223 1306 3300 1378; x_wconf 79' lang='grc' dir='ltr'>τῷ</span> <span class='ocrx_word' id='word_1_185' title='bbox 3347 1307 3554 1378; x_wconf 76' lang='grc' dir='ltr'>πλήθει</span> <span class='ocrx_word' id='word_1_186' title='bbox 3610 1308 3717 1358; x_wconf 59' lang='grc' dir='ltr'>τῶν</span> 
     </span>
    </p>
   </div>
   <div class='ocr_carea' id='block_1_29' title="bbox 2125 1398 3720 1471">
    <p class='ocr_par' dir='ltr' id='par_1_29' title="bbox 2125 1398 3720 1471">
     <span class='ocr_line' id='line_1_29' title="bbox 2125 1398 3720 1471; baseline -0.001 -19"><span class='ocrx_word' id='word_1_187' title='bbox 2125 1399 2465 1470; x_wconf 82' lang='grc' dir='ltr'><strong>πραγμάτων</strong></span> <span class='ocrx_word' id='word_1_188' title='bbox 2498 1399 2809 1466; x_wconf 81' lang='grc' dir='ltr'>ἀναγκαίως</span> <span class='ocrx_word' id='word_1_189' title='bbox 2858 1399 3197 1462; x_wconf 87' lang='grc' dir='ltr'>δουλεύσασι,</span> <span class='ocrx_word' id='word_1_190' title='bbox 3243 1398 3567 1471; x_wconf 81' lang='grc' dir='ltr'>περιλαϐεῖν</span> <span class='ocrx_word' id='word_1_191' title='bbox 3618 1400 3720 1451; x_wconf 73' lang='grc' dir='ltr'><strong>οὐκ</strong></span> 
     </span>
    </p>
   </div>
   <div class='ocr_carea' id='block_1_30' title="bbox 2127 1487 3719 1560">
    <p class='ocr_par' dir='ltr' id='par_1_30' title="bbox 2127 1487 3719 1560">
     <span class='ocr_line' id='line_1_30' title="bbox 2127 1487 3719 1560; baseline -0.001 -20"><span class='ocrx_word' id='word_1_192' title='bbox 2127 1487 2422 1556; x_wconf 82' lang='grc' dir='ltr'>ἐξεγένετο.</span> <span class='ocrx_word' id='word_1_193' title='bbox 2463 1488 2585 1540; x_wconf 78' lang='grc' dir='ltr'><strong>Ἐπὶ</strong></span> <span class='ocrx_word' id='word_1_194' title='bbox 2608 1487 2817 1551; x_wconf 77' lang='grc' dir='ltr'>τούτοις</span> <span class='ocrx_word' id='word_1_195' title='bbox 2847 1487 3092 1560; x_wconf 80' lang='grc' dir='ltr'>ὓστερον,</span> <span class='ocrx_word' id='word_1_196' title='bbox 3119 1488 3502 1560; x_wconf 79' lang='grc' dir='ltr'><strong>πληρωθείσης</strong></span> <span class='ocrx_word' id='word_1_197' title='bbox 3535 1489 3622 1553; x_wconf 79' lang='grc' dir='ltr'>ὡς</span> <span class='ocrx_word' id='word_1_198' title='bbox 3642 1489 3719 1540; x_wconf 69' lang='grc' dir='ltr'><strong>ἐνί</strong></span> 
     </span>
    </p>
   </div>
   <div class='ocr_carea' id='block_1_31' title="bbox 2132 1577 3718 1651">
    <p class='ocr_par' dir='ltr' id='par_1_31' title="bbox 2132 1577 3718 1651">
     <span class='ocr_line' id='line_1_31' title="bbox 2132 1577 3718 1651; baseline 0 -19"><span class='ocrx_word' id='word_1_199' title='bbox 2132 1577 2361 1648; x_wconf 78' lang='grc' dir='ltr'>μάλιστα</span> <span class='ocrx_word' id='word_1_200' title='bbox 2389 1579 2485 1650; x_wconf 82' lang='grc' dir='ltr'>τῆς</span> <span class='ocrx_word' id='word_1_201' title='bbox 2516 1578 2656 1632; x_wconf 89' lang='grc' dir='ltr'><strong>κατά</strong></span> <span class='ocrx_word' id='word_1_202' title='bbox 2675 1577 2745 1630; x_wconf 80' lang='grc' dir='ltr'>τὰ</span> <span class='ocrx_word' id='word_1_203' title='bbox 2767 1579 3100 1651; x_wconf 75' lang='grc' dir='ltr'>προκείμενα</span> <span class='ocrx_word' id='word_1_204' title='bbox 3121 1582 3250 1650; x_wconf 80' lang='grc' dir='ltr'>ημῖν</span> <span class='ocrx_word' id='word_1_205' title='bbox 3280 1579 3718 1644; x_wconf 77' lang='grc' dir='ltr'>ύποτυπὼσεως,</span> 
     </span>
    </p>
   </div>
   <div class='ocr_carea' id='block_1_32' title="bbox 2129 1669 3720 1743">
    <p class='ocr_par' dir='ltr' id='par_1_32' title="bbox 2129 1669 3720 1743">
     <span class='ocr_line' id='line_1_32' title="bbox 2129 1669 3720 1743; baseline 0.001 -21"><span class='ocrx_word' id='word_1_206' title='bbox 2129 1671 2197 1724; x_wconf 85' lang='grc' dir='ltr'><strong>τά</strong></span> <span class='ocrx_word' id='word_1_207' title='bbox 2228 1671 2354 1741; x_wconf 75' lang='grc' dir='ltr'>περὶ</span> <span class='ocrx_word' id='word_1_208' title='bbox 2383 1669 2567 1742; x_wconf 83' lang='grc' dir='ltr'>ἀρχῶν</span> <span class='ocrx_word' id='word_1_209' title='bbox 2605 1671 3060 1741; x_wconf 76' lang='grc' dir='ltr'>φυσιολογηθέντα</span> <span class='ocrx_word' id='word_1_210' title='bbox 3092 1677 3205 1736; x_wconf 88' lang='grc' dir='ltr'>τοῖς</span> <span class='ocrx_word' id='word_1_211' title='bbox 3235 1690 3293 1726; x_wconf 89' lang='grc' dir='ltr'>τε</span> <span class='ocrx_word' id='word_1_212' title='bbox 3326 1673 3559 1743; x_wconf 80' lang='grc' dir='ltr'>Ἕλλησι</span> <span class='ocrx_word' id='word_1_213' title='bbox 3610 1676 3720 1737; x_wconf 74' lang='grc' dir='ltr'>τοῖς</span> 
     </span>
    </p>
   </div>
   <div class='ocr_carea' id='block_1_33' title="bbox 2130 1759 3718 1836">
    <p class='ocr_par' dir='ltr' id='par_1_33' title="bbox 2130 1759 3718 1836">
     <span class='ocr_line' id='line_1_33' title="bbox 2130 1759 3718 1836; baseline 0.001 -22"><span class='ocrx_word' id='word_1_214' title='bbox 2130 1779 2189 1814; x_wconf 92' lang='grc' dir='ltr'><strong>τε</strong></span> <span class='ocrx_word' id='word_1_215' title='bbox 2220 1761 2395 1825; x_wconf 79' lang='grc' dir='ltr'>ἄλλοις</span> <span class='ocrx_word' id='word_1_216' title='bbox 2431 1761 2725 1834; x_wconf 84' lang='grc' dir='ltr'>βαρϐάροις</span> <span class='ocrx_word' id='word_1_217' title='bbox 2749 1801 2763 1825; x_wconf 92' lang='grc'><strong>,</strong></span> <span class='ocrx_word' id='word_1_218' title='bbox 2807 1763 2930 1817; x_wconf 83' lang='grc' dir='ltr'>ὅσον</span> <span class='ocrx_word' id='word_1_219' title='bbox 2959 1759 3093 1834; x_wconf 84' lang='grc' dir='ltr'>ἦκον</span> <span class='ocrx_word' id='word_1_220' title='bbox 3133 1766 3213 1828; x_wconf 87' lang='grc' dir='ltr'><strong>είς</strong></span> <span class='ocrx_word' id='word_1_221' title='bbox 3255 1766 3397 1836; x_wconf 77' lang='grc' dir='ltr'>ἡμᾶς</span> <span class='ocrx_word' id='word_1_222' title='bbox 3445 1766 3505 1818; x_wconf 77' lang='grc' dir='ltr'>αἱ</span> <span class='ocrx_word' id='word_1_223' title='bbox 3542 1765 3718 1832; x_wconf 72' lang='grc' dir='ltr'>δόξαι,</span> 
     </span>
    </p>
   </div>
   <div class='ocr_carea' id='block_1_34' title="bbox 457 1832 2037 1927">
    <p class='ocr_par' dir='ltr' id='par_1_34' title="bbox 457 1855 2025 1925">
     <span class='ocr_line' id='line_1_34' title="bbox 457 1855 2025 1925; baseline 0.003 -19"><span class='ocrx_word' id='word_1_224' title='bbox 457 1863 612 1922; x_wconf 84' lang='lat' dir='ltr'><strong>prout</strong></span> <span class='ocrx_word' id='word_1_225' title='bbox 647 1855 711 1908; x_wconf 89' lang='lat' dir='ltr'><strong>ad</strong></span> <span class='ocrx_word' id='word_1_226' title='bbox 741 1871 840 1909; x_wconf 93' lang='lat' dir='ltr'><strong>nos</strong></span> <span class='ocrx_word' id='word_1_227' title='bbox 876 1864 1246 1924; x_wconf 87' lang='lat' dir='ltr'><strong>pervenerunt</strong></span> <span class='ocrx_word' id='word_1_228' title='bbox 1275 1856 1597 1925; x_wconf 59' lang='lat' dir='ltr'><strong>Opiniones,</strong></span> <span class='ocrx_word' id='word_1_229' title='bbox 1633 1856 1829 1910; x_wconf 88' lang='lat' dir='ltr'><strong>tradita</strong></span> <span class='ocrx_word' id='word_1_230' title='bbox 1866 1865 2025 1919; x_wconf 86' lang='lat' dir='ltr'><strong>sunt,</strong></span> 
     </span>
    </p>
   </div>
   <div class='ocr_carea' id='block_1_35' title="bbox 2143 1832 3724 1927">
    <p class='ocr_par' dir='ltr' id='par_1_35' title="bbox 2143 1854 3724 1927">
     <span class='ocr_line' id='line_1_35' title="bbox 2143 1854 3724 1927; baseline 0.002 -20"><span class='ocrx_word' id='word_1_231' title='bbox 2143 1855 2520 1926; x_wconf 72' lang='grc' dir='ltr'>ὲξιστορητέον,</span> <span class='ocrx_word' id='word_1_232' title='bbox 2556 1855 2650 1908; x_wconf 75' lang='grc' dir='ltr'><strong>καὶ</strong></span> <span class='ocrx_word' id='word_1_233' title='bbox 2681 1855 2820 1926; x_wconf 81' lang='grc' dir='ltr'>πρὸς</span> <span class='ocrx_word' id='word_1_234' title='bbox 2851 1854 2917 1908; x_wconf 86' lang='grc' dir='ltr'>τὰ</span> <span class='ocrx_word' id='word_1_235' title='bbox 2941 1855 3248 1927; x_wconf 82' lang='grc' dir='ltr'>κυριώτατα</span> <span class='ocrx_word' id='word_1_236' title='bbox 3277 1857 3384 1909; x_wconf 81' lang='grc' dir='ltr'><strong>τῶν</strong></span> <span class='ocrx_word' id='word_1_237' title='bbox 3419 1861 3536 1921; x_wconf 82' lang='grc' dir='ltr'>τοίς</span> <span class='ocrx_word' id='word_1_238' title='bbox 3573 1857 3724 1926; x_wconf 72' lang='grc' dir='ltr'>φιλο-</span> 
     </span>
    </p>
   </div>
   <div class='ocr_carea' id='block_1_36' title="bbox 457 1947 2024 2017">
    <p class='ocr_par' dir='ltr' id='par_1_36' title="bbox 457 1947 2024 2017">
     <span class='ocr_line' id='line_1_36' title="bbox 457 1947 2024 2017; baseline 0.003 -21"><span class='ocrx_word' id='word_1_239' title='bbox 457 1956 672 2014; x_wconf 80' lang='lat' dir='ltr'><strong>oportet</strong></span> <span class='ocrx_word' id='word_1_240' title='bbox 711 1961 1040 2012; x_wconf 89' lang='lat' dir='ltr'><strong>recensere;</strong></span> <span class='ocrx_word' id='word_1_241' title='bbox 1076 1958 1128 2002; x_wconf 88' lang='lat' dir='ltr'><strong>et</strong></span> <span class='ocrx_word' id='word_1_242' title='bbox 1171 1947 1435 2002; x_wconf 79' lang='lat' dir='ltr'><strong>adversus</strong></span> <span class='ocrx_word' id='word_1_243' title='bbox 1482 1948 1754 2017; x_wconf 65' lang='lat' dir='ltr'><strong>praecipua</strong></span> <span class='ocrx_word' id='word_1_244' title='bbox 1803 1964 2024 2009; x_wconf 90' lang='lat' dir='ltr'><strong>corum,</strong></span> 
     </span>
    </p>
   </div>
   <div class='ocr_carea' id='block_1_37' title="bbox 458 2039 2028 2109">
    <p class='ocr_par' dir='ltr' id='par_1_37' title="bbox 458 2039 2028 2109">
     <span class='ocr_line' id='line_1_37' title="bbox 458 2039 2028 2109; baseline 0.001 -19"><span class='ocrx_word' id='word_1_245' title='bbox 458 2053 578 2105; x_wconf 77' lang='lat' dir='ltr'><strong>qua:</strong></span> <span class='ocrx_word' id='word_1_246' title='bbox 607 2045 735 2090; x_wconf 90' lang='lat' dir='ltr'><strong>sunt</strong></span> <span class='ocrx_word' id='word_1_247' title='bbox 789 2039 1095 2106; x_wconf 70' lang='lat' dir='ltr'><strong>excogitata</strong></span> <span class='ocrx_word' id='word_1_248' title='bbox 1144 2054 1174 2092; x_wconf 91' lang='lat' dir='ltr'><strong>a</strong></span> <span class='ocrx_word' id='word_1_249' title='bbox 1225 2039 1598 2108; x_wconf 83' lang='lat' dir='ltr'><strong>philosophis,</strong></span> <span class='ocrx_word' id='word_1_250' title='bbox 1638 2039 2028 2109; x_wconf 80' lang='lat' dir='ltr'><strong>argumentari.</strong></span> 
     </span>
    </p>
   </div>
   <div class='ocr_carea' id='block_1_38' title="bbox 463 2119 2033 2200">
    <p class='ocr_par' dir='ltr' id='par_1_38' title="bbox 463 2119 2033 2200">
     <span class='ocr_line' id='line_1_38' title="bbox 463 2119 2033 2200; baseline 0.002 -20"><span class='ocrx_word' id='word_1_251' title='bbox 463 2129 679 2193; x_wconf 85' lang='lat' dir='ltr'><strong>Quibus</strong></span> <span class='ocrx_word' id='word_1_252' title='bbox 727 2119 889 2182; x_wconf 76' lang='lat' dir='ltr'><strong>fuerit</strong></span> <span class='ocrx_word' id='word_1_253' title='bbox 947 2145 1334 2198; x_wconf 82' lang='lat' dir='ltr'><strong>consequens,</strong></span> <span class='ocrx_word' id='word_1_254' title='bbox 1382 2139 1443 2184; x_wconf 91' lang='lat' dir='ltr'><strong>ut</strong></span> <span class='ocrx_word' id='word_1_255' title='bbox 1484 2143 1770 2200; x_wconf 82' lang='lat' dir='ltr'><strong>postquam</strong></span> <span class='ocrx_word' id='word_1_256' title='bbox 1826 2130 2033 2183; x_wconf 73' lang='lat' dir='ltr'><strong>theolo—</strong></span> 
     </span>
    </p>
   </div>
   <div class='ocr_carea' id='block_1_39' title="bbox 460 2221 2030 2292">
    <p class='ocr_par' dir='ltr' id='par_1_39' title="bbox 460 2221 2030 2292">
     <span class='ocr_line' id='line_1_39' title="bbox 460 2221 2030 2292; baseline 0.003 -20"><span class='ocrx_word' id='word_1_257' title='bbox 460 2221 603 2289; x_wconf 84' lang='lat' dir='ltr'><strong>giam</strong></span> <span class='ocrx_word' id='word_1_258' title='bbox 637 2223 842 2276; x_wconf 90' lang='lat' dir='ltr'><strong>cursim</strong></span> <span class='ocrx_word' id='word_1_259' title='bbox 882 2223 1346 2291; x_wconf 87' lang='lat' dir='ltr'><strong>pcrcurrcrimus,</strong></span> <span class='ocrx_word' id='word_1_260' title='bbox 1378 2238 1470 2286; x_wconf 89' lang='lat' dir='ltr'><strong>ea,</strong></span> <span class='ocrx_word' id='word_1_261' title='bbox 1505 2239 1627 2291; x_wconf 71' lang='lat' dir='ltr'><strong>quae</strong></span> <span class='ocrx_word' id='word_1_262' title='bbox 1657 2223 1722 2276; x_wconf 90' lang='lat' dir='ltr'><strong>de</strong></span> <span class='ocrx_word' id='word_1_263' title='bbox 1751 2221 2030 2292; x_wconf 83' lang='lat' dir='ltr'><strong>prophetia</strong></span> 
     </span>
    </p>
   </div>
   <div class='ocr_carea' id='block_1_40' title="bbox 463 2312 2030 2382">
    <p class='ocr_par' dir='ltr' id='par_1_40' title="bbox 463 2312 2030 2382">
     <span class='ocr_line' id='line_1_40' title="bbox 463 2312 2030 2382; baseline 0.002 -17"><span class='ocrx_word' id='word_1_264' title='bbox 463 2312 659 2365; x_wconf 85' lang='lat' dir='ltr'><strong>tradita</strong></span> <span class='ocrx_word' id='word_1_265' title='bbox 691 2321 850 2376; x_wconf 86' lang='lat' dir='ltr'><strong>sunt,</strong></span> <span class='ocrx_word' id='word_1_266' title='bbox 881 2321 1214 2375; x_wconf 84' lang='lat' dir='ltr'><strong>tractemus;</strong></span> <span class='ocrx_word' id='word_1_267' title='bbox 1245 2321 1303 2366; x_wconf 91' lang='lat' dir='ltr'><strong>ut</strong></span> <span class='ocrx_word' id='word_1_268' title='bbox 1330 2329 1453 2368; x_wconf 91' lang='lat' dir='ltr'><strong>cum</strong></span> <span class='ocrx_word' id='word_1_269' title='bbox 1489 2313 1651 2367; x_wconf 88' lang='lat' dir='ltr'><strong>etiam</strong></span> <span class='ocrx_word' id='word_1_270' title='bbox 1683 2313 1993 2382; x_wconf 77' lang='lat' dir='ltr'><strong>Scripturas</strong></span> <span class='ocrx_word' id='word_1_271' title='bbox 2015 2353 2030 2378; x_wconf 91' lang='lat'><strong>,</strong></span> 
     </span>
    </p>
   </div>
   <div class='ocr_carea' id='block_1_41' title="bbox 463 2404 2036 2475">
    <p class='ocr_par' dir='ltr' id='par_1_41' title="bbox 463 2404 2036 2475">
     <span class='ocr_line' id='line_1_41' title="bbox 463 2404 2036 2475; baseline -0.001 -17"><span class='ocrx_word' id='word_1_272' title='bbox 463 2404 664 2473; x_wconf 88' lang='lat' dir='ltr'><strong>quibus</strong></span> <span class='ocrx_word' id='word_1_273' title='bbox 693 2405 1060 2469; x_wconf 86' lang='lat' dir='ltr'><strong>credidimus,</strong></span> <span class='ocrx_word' id='word_1_274' title='bbox 1098 2405 1303 2460; x_wconf 80' lang='lat' dir='ltr'><strong>validas</strong></span> <span class='ocrx_word' id='word_1_275' title='bbox 1335 2421 1400 2460; x_wconf 91' lang='lat' dir='ltr'><strong>ac</strong></span> <span class='ocrx_word' id='word_1_276' title='bbox 1437 2414 1583 2460; x_wconf 89' lang='lat' dir='ltr'><strong>ratas</strong></span> <span class='ocrx_word' id='word_1_277' title='bbox 1625 2421 1745 2460; x_wconf 90' lang='lat' dir='ltr'><strong>esse</strong></span> <span class='ocrx_word' id='word_1_278' title='bbox 1785 2406 2036 2475; x_wconf 85' lang='lat' dir='ltr'><strong>omnipo-</strong></span> 
     </span>
    </p>
   </div>
   <div class='ocr_carea' id='block_1_42' title="bbox 464 2495 2034 2564">
    <p class='ocr_par' dir='ltr' id='par_1_42' title="bbox 464 2495 2034 2564">
     <span class='ocr_line' id='line_1_42' title="bbox 464 2495 2034 2564; baseline -0.001 -15"><span class='ocrx_word' id='word_1_279' title='bbox 464 2495 596 2549; x_wconf 87' lang='lat' dir='ltr'><strong>tenti</strong></span> <span class='ocrx_word' id='word_1_280' title='bbox 625 2495 957 2549; x_wconf 87' lang='lat' dir='ltr'><strong>auctoritate</strong></span> <span class='ocrx_word' id='word_1_281' title='bbox 985 2495 1421 2560; x_wconf 85' lang='lat' dir='ltr'><strong>ostenderimus,</strong></span> <span class='ocrx_word' id='word_1_282' title='bbox 1453 2495 1596 2549; x_wconf 88' lang='lat' dir='ltr'><strong>serie</strong></span> <span class='ocrx_word' id='word_1_283' title='bbox 1629 2497 1907 2564; x_wconf 86' lang='lat' dir='ltr'><strong>possimus</strong></span> <span class='ocrx_word' id='word_1_284' title='bbox 1938 2509 2034 2563; x_wconf 87' lang='lat' dir='ltr'><strong>per</strong></span> 
     </span>
    </p>
   </div>
   <div class='ocr_carea' id='block_1_43' title="bbox 466 2585 2035 2656">
    <p class='ocr_par' dir='ltr' id='par_1_43' title="bbox 466 2585 2035 2656">
     <span class='ocr_line' id='line_1_43' title="bbox 466 2585 2035 2656; baseline 0 -16"><span class='ocrx_word' id='word_1_285' title='bbox 466 2585 614 2654; x_wconf 86' lang='lat' dir='ltr'><strong>ipsas</strong></span> <span class='ocrx_word' id='word_1_286' title='bbox 648 2587 933 2656; x_wconf 72' lang='lat' dir='ltr'><strong>progredi,</strong></span> <span class='ocrx_word' id='word_1_287' title='bbox 967 2596 1021 2641; x_wconf 86' lang='lat' dir='ltr'><strong>et</strong></span> <span class='ocrx_word' id='word_1_288' title='bbox 1051 2587 1179 2653; x_wconf 89' lang='lat' dir='ltr'><strong>hinc</strong></span> <span class='ocrx_word' id='word_1_289' title='bbox 1223 2588 1483 2642; x_wconf 89' lang='lat' dir='ltr'><strong>omnibus</strong></span> <span class='ocrx_word' id='word_1_290' title='bbox 1522 2587 1823 2641; x_wconf 77' lang='lat' dir='ltr'><strong>Incresibus</strong></span> <span class='ocrx_word' id='word_1_291' title='bbox 1867 2602 2035 2640; x_wconf 91' lang='lat' dir='ltr'><strong>unum</strong></span> 
     </span>
    </p>
   </div>
   <div class='ocr_carea' id='block_1_44' title="bbox 466 2675 2036 2750">
    <p class='ocr_par' dir='ltr' id='par_1_44' title="bbox 466 2675 2036 2750">
     <span class='ocr_line' id='line_1_44' title="bbox 466 2675 2036 2750; baseline 0.003 -22"><span class='ocrx_word' id='word_1_292' title='bbox 466 2675 634 2731; x_wconf 87' lang='lat' dir='ltr'><strong>Deum</strong></span> <span class='ocrx_word' id='word_1_293' title='bbox 666 2679 971 2744; x_wconf 88' lang='lat' dir='ltr'><strong>ostendere,</strong></span> <span class='ocrx_word' id='word_1_294' title='bbox 1001 2689 1054 2732; x_wconf 90' lang='lat' dir='ltr'><strong>ct</strong></span> <span class='ocrx_word' id='word_1_295' title='bbox 1084 2679 1374 2732; x_wconf 90' lang='lat' dir='ltr'><strong>Dominum</strong></span> <span class='ocrx_word' id='word_1_296' title='bbox 1404 2677 1566 2750; x_wconf 67' lang='grc'><strong>204</strong></span> <span class='ocrx_word' id='word_1_297' title='bbox 1589 2679 2036 2748; x_wconf 88' lang='lat' dir='ltr'><strong>omnipotentem,</strong></span> 
     </span>
    </p>
   </div>
   <div class='ocr_carea' id='block_1_45' title="bbox 466 2755 2042 2840">
    <p class='ocr_par' dir='ltr' id='par_1_45' title="bbox 466 2755 2042 2840">
     <span class='ocr_line' id='line_1_45' title="bbox 466 2755 2042 2840; baseline 0.004 -20"><span class='ocrx_word' id='word_1_298' title='bbox 466 2769 560 2839; x_wconf 87' lang='lat' dir='ltr'><strong>qui</strong></span> <span class='ocrx_word' id='word_1_299' title='bbox 591 2785 686 2838; x_wconf 90' lang='lat' dir='ltr'><strong>per</strong></span> <span class='ocrx_word' id='word_1_300' title='bbox 721 2771 890 2840; x_wconf 81' lang='lat' dir='ltr'><strong>legem</strong></span> <span class='ocrx_word' id='word_1_301' title='bbox 921 2780 977 2824; x_wconf 89' lang='lat' dir='ltr'><strong>ct</strong></span> <span class='ocrx_word' id='word_1_302' title='bbox 1007 2755 1306 2840; x_wconf 83' lang='lat' dir='ltr'><strong>prophetas</strong></span> <span class='ocrx_word' id='word_1_303' title='bbox 1335 2783 1388 2826; x_wconf 91' lang='lat' dir='ltr'><strong>et</strong></span> <span class='ocrx_word' id='word_1_304' title='bbox 1422 2773 1644 2826; x_wconf 81' lang='lat' dir='ltr'><strong>beatum</strong></span> <span class='ocrx_word' id='word_1_305' title='bbox 1671 2774 1834 2826; x_wconf 88' lang='lat' dir='ltr'><strong>ctiam</strong></span> <span class='ocrx_word' id='word_1_306' title='bbox 1863 2771 2042 2826; x_wconf 79' lang='lat' dir='ltr'><strong>Evan-</strong></span> 
     </span>
    </p>
   </div>
   <div class='ocr_carea' id='block_1_46' title="bbox 467 2861 2041 2932">
    <p class='ocr_par' dir='ltr' id='par_1_46' title="bbox 467 2861 2041 2932">
     <span class='ocr_line' id='line_1_46' title="bbox 467 2861 2041 2932; baseline 0.003 -17"><span class='ocrx_word' id='word_1_307' title='bbox 467 2863 668 2932; x_wconf 75' lang='lat' dir='ltr'><strong>gelium</strong></span> <span class='ocrx_word' id='word_1_308' title='bbox 715 2861 816 2916; x_wconf 81' lang='lat' dir='ltr'><strong>fuit</strong></span> <span class='ocrx_word' id='word_1_309' title='bbox 860 2865 1072 2917; x_wconf 86' lang='lat' dir='ltr'><strong>sincere</strong></span> <span class='ocrx_word' id='word_1_310' title='bbox 1115 2865 1461 2932; x_wconf 71' lang='lat' dir='ltr'><strong>prmdicatus.</strong></span> <span class='ocrx_word' id='word_1_311' title='bbox 1508 2864 1670 2918; x_wconf 88' lang='lat' dir='ltr'><strong>Multa</strong></span> <span class='ocrx_word' id='word_1_312' title='bbox 1727 2875 1904 2919; x_wconf 86' lang='lat' dir='ltr'><strong>autem</strong></span> <span class='ocrx_word' id='word_1_313' title='bbox 1955 2880 2041 2919; x_wconf 86' lang='lat' dir='ltr'><strong>se-</strong></span> 
     </span>
    </p>
   </div>
   <div class='ocr_carea' id='block_1_47' title="bbox 468 2953 2042 3026">
    <p class='ocr_par' dir='ltr' id='par_1_47' title="bbox 468 2953 2042 3026">
     <span class='ocr_line' id='line_1_47' title="bbox 468 2953 2042 3026; baseline 0.003 -20"><span class='ocrx_word' id='word_1_314' title='bbox 468 2969 715 3022; x_wconf 84' lang='lat' dir='ltr'><strong>qulllltlll&#39;</strong></span> <span class='ocrx_word' id='word_1_315' title='bbox 771 2953 930 3009; x_wconf 90' lang='lat' dir='ltr'><strong>nobis</strong></span> <span class='ocrx_word' id='word_1_316' title='bbox 981 2955 1209 3009; x_wconf 88' lang='lat' dir='ltr'><strong>dicenda</strong></span> <span class='ocrx_word' id='word_1_317' title='bbox 1263 2957 1526 3011; x_wconf 87' lang='lat' dir='ltr'><strong>adversus</strong></span> <span class='ocrx_word' id='word_1_318' title='bbox 1575 2972 1712 3022; x_wconf 89' lang='lat' dir='ltr'><strong>eos,</strong></span> <span class='ocrx_word' id='word_1_319' title='bbox 1769 2957 1860 3026; x_wconf 91' lang='lat' dir='ltr'><strong>qui</strong></span> <span class='ocrx_word' id='word_1_320' title='bbox 1914 2965 2042 3010; x_wconf 90' lang='lat' dir='ltr'><strong>sunt</strong></span> 
     </span>
    </p>
   </div>
   <div class='ocr_carea' id='block_1_48' title="bbox 468 3046 2039 3117">
    <p class='ocr_par' dir='ltr' id='par_1_48' title="bbox 468 3046 2039 3117">
     <span class='ocr_line' id='line_1_48' title="bbox 468 3046 2039 3117; baseline 0.003 -20"><span class='ocrx_word' id='word_1_321' title='bbox 468 3046 696 3100; x_wconf 62' lang='lat' dir='ltr'><strong>diversae</strong></span> <span class='ocrx_word' id='word_1_322' title='bbox 741 3047 1012 3115; x_wconf 86' lang='lat' dir='ltr'><strong>opinionis</strong></span> <span class='ocrx_word' id='word_1_323' title='bbox 1037 3087 1052 3111; x_wconf 90' lang='lat'><strong>,</strong></span> <span class='ocrx_word' id='word_1_324' title='bbox 1093 3048 1419 3102; x_wconf 87' lang='lat' dir='ltr'><strong>conantibus</strong></span> <span class='ocrx_word' id='word_1_325' title='bbox 1455 3064 1518 3102; x_wconf 85' lang='lat' dir='ltr'><strong>ea</strong></span> <span class='ocrx_word' id='word_1_326' title='bbox 1559 3048 1614 3101; x_wconf 91' lang='lat' dir='ltr'><strong>in</strong></span> <span class='ocrx_word' id='word_1_327' title='bbox 1671 3048 1888 3117; x_wconf 89' lang='lat' dir='ltr'><strong>scriptis</strong></span> <span class='ocrx_word' id='word_1_328' title='bbox 1924 3047 2039 3102; x_wconf 88' lang='lat' dir='ltr'><strong>dis-</strong></span> 
     </span>
    </p>
   </div>
   <div class='ocr_carea' id='block_1_49' title="bbox 469 3136 2106 3219">
    <p class='ocr_par' dir='ltr' id='par_1_49' title="bbox 469 3136 2106 3219">
     <span class='ocr_line' id='line_1_49' title="bbox 469 3136 2106 3219; baseline 0.002 -31"><span class='ocrx_word' id='word_1_329' title='bbox 469 3136 709 3201; x_wconf 90' lang='lat' dir='ltr'><strong>soivere,</strong></span> <span class='ocrx_word' id='word_1_330' title='bbox 741 3154 863 3207; x_wconf 65' lang='lat' dir='ltr'><strong>quae</strong></span> <span class='ocrx_word' id='word_1_331' title='bbox 893 3139 960 3192; x_wconf 92' lang='lat' dir='ltr'><strong>ab</strong></span> <span class='ocrx_word' id='word_1_332' title='bbox 990 3139 1122 3207; x_wconf 90' lang='lat' dir='ltr'><strong>ipsis</strong></span> <span class='ocrx_word' id='word_1_333' title='bbox 1153 3138 1476 3204; x_wconf 78' lang='lat' dir='ltr'><strong>ali‘eruntur,</strong></span> <span class='ocrx_word' id='word_1_334' title='bbox 1504 3147 1558 3194; x_wconf 89' lang='lat' dir='ltr'><strong>et</strong></span> <span class='ocrx_word' id='word_1_335' title='bbox 1588 3139 1668 3194; x_wconf 89' lang='lat' dir='ltr'><strong>vel</strong></span> <span class='ocrx_word' id='word_1_336' title='bbox 1700 3138 1884 3194; x_wconf 89' lang='lat' dir='ltr'><strong>invitis</strong></span> <span class='ocrx_word' id='word_1_337' title='bbox 1917 3155 2040 3208; x_wconf 87' lang='lat' dir='ltr'><strong>per-</strong></span> <span class='ocrx_word' id='word_1_338' title='bbox 2065 3162 2106 3219; x_wconf 58' lang='grc' dir='ltr'><strong>(ς</strong></span> 
     </span>
    </p>
   </div>
   <div class='ocr_carea' id='block_1_50' title="bbox 470 3229 2041 3301">
    <p class='ocr_par' dir='ltr' id='par_1_50' title="bbox 470 3229 2041 3301">
     <span class='ocr_line' id='line_1_50' title="bbox 470 3229 2041 3301; baseline 0.003 -21"><span class='ocrx_word' id='word_1_339' title='bbox 470 3229 728 3294; x_wconf 82' lang='lat' dir='ltr'><strong>suadere,</strong></span> <span class='ocrx_word' id='word_1_340' title='bbox 782 3245 878 3300; x_wconf 89' lang='lat' dir='ltr'><strong>per</strong></span> <span class='ocrx_word' id='word_1_341' title='bbox 930 3231 1074 3299; x_wconf 86' lang='lat' dir='ltr'><strong>ipsas</strong></span> <span class='ocrx_word' id='word_1_342' title='bbox 1122 3230 1499 3285; x_wconf 88' lang='lat' dir='ltr'><strong>convincendo</strong></span> <span class='ocrx_word' id='word_1_343' title='bbox 1541 3230 1873 3301; x_wconf 88' lang='lat' dir='ltr'><strong>Seripluras.</strong></span> <span class='ocrx_word' id='word_1_344' title='bbox 1917 3229 2041 3285; x_wconf 86' lang='lat' dir='ltr'><strong>Per-</strong></span> 
     </span>
    </p>
   </div>
   <div class='ocr_carea' id='block_1_51' title="bbox 471 3314 2040 3390">
    <p class='ocr_par' dir='ltr' id='par_1_51' title="bbox 471 3314 2040 3390">
     <span class='ocr_line' id='line_1_51' title="bbox 471 3314 2040 3390; baseline 0.004 -22"><span class='ocrx_word' id='word_1_345' title='bbox 471 3314 614 3370; x_wconf 79' lang='lat' dir='ltr'><strong>fectu</strong></span> <span class='ocrx_word' id='word_1_346' title='bbox 669 3316 855 3387; x_wconf 89' lang='lat' dir='ltr'><strong>itaque</strong></span> <span class='ocrx_word' id='word_1_347' title='bbox 909 3318 1066 3371; x_wconf 90' lang='lat' dir='ltr'><strong>nobis</strong></span> <span class='ocrx_word' id='word_1_348' title='bbox 1118 3319 1374 3374; x_wconf 91' lang='lat' dir='ltr'><strong>universo</strong></span> <span class='ocrx_word' id='word_1_349' title='bbox 1425 3321 1736 3389; x_wconf 90' lang='lat' dir='ltr'><strong>proposito,</strong></span> <span class='ocrx_word' id='word_1_350' title='bbox 1773 3336 1894 3375; x_wconf 91' lang='lat' dir='ltr'><strong>cum</strong></span> <span class='ocrx_word' id='word_1_351' title='bbox 1923 3321 2040 3390; x_wconf 86' lang='lat' dir='ltr'><strong>jam</strong></span> 
     </span>
    </p>
   </div>
   <div class='ocr_carea' id='block_1_52' title="bbox 473 3411 2040 3483">
    <p class='ocr_par' dir='ltr' id='par_1_52' title="bbox 473 3411 2040 3483">
     <span class='ocr_line' id='line_1_52' title="bbox 473 3411 2040 3483; baseline 0.004 -21"><span class='ocrx_word' id='word_1_352' title='bbox 473 3411 906 3465; x_wconf 77' lang='lat' dir='ltr'><strong>commentarios</strong></span> <span class='ocrx_word' id='word_1_353' title='bbox 930 3452 944 3474; x_wconf 89' lang='lat'><strong>,</strong></span> <span class='ocrx_word' id='word_1_354' title='bbox 974 3413 1167 3482; x_wconf 85' lang='lat' dir='ltr'><strong>quales</strong></span> <span class='ocrx_word' id='word_1_355' title='bbox 1193 3413 1426 3468; x_wconf 81' lang='lat' dir='ltr'><strong>voluerit</strong></span> <span class='ocrx_word' id='word_1_356' title='bbox 1468 3412 1740 3483; x_wconf 87' lang='lat' dir='ltr'><strong>Spiritus,</strong></span> <span class='ocrx_word' id='word_1_357' title='bbox 1775 3415 1842 3469; x_wconf 92' lang='lat' dir='ltr'><strong>ad</strong></span> <span class='ocrx_word' id='word_1_358' title='bbox 1882 3430 2040 3469; x_wconf 90' lang='lat' dir='ltr'><strong>usum</strong></span> 
     </span>
    </p>
   </div>
   <div class='ocr_carea' id='block_1_53' title="bbox 475 3503 2046 3573">
    <p class='ocr_par' dir='ltr' id='par_1_53' title="bbox 475 3503 2046 3573">
     <span class='ocr_line' id='line_1_53' title="bbox 475 3503 2046 3573; baseline 0.004 -19"><span class='ocrx_word' id='word_1_359' title='bbox 475 3503 772 3556; x_wconf 82' lang='lat' dir='ltr'><strong>instantem</strong></span> <span class='ocrx_word' id='word_1_360' title='bbox 823 3503 1320 3558; x_wconf 88' lang='lat' dir='ltr'><strong>ministraverimus</strong></span> <span class='ocrx_word' id='word_1_361' title='bbox 1376 3505 1669 3573; x_wconf 71' lang='lat' dir='ltr'><strong>(quaedam</strong></span> <span class='ocrx_word' id='word_1_362' title='bbox 1723 3507 1870 3560; x_wconf 88' lang='lat' dir='ltr'><strong>enim</strong></span> <span class='ocrx_word' id='word_1_363' title='bbox 1918 3515 2046 3562; x_wconf 85' lang='lat' dir='ltr'><strong>ante</strong></span> 
     </span>
    </p>
   </div>
   <div class='ocr_carea' id='block_1_54' title="bbox 474 3591 2045 3666">
    <p class='ocr_par' dir='ltr' id='par_1_54' title="bbox 474 3591 2045 3666">
     <span class='ocr_line' id='line_1_54' title="bbox 474 3591 2045 3666; baseline 0.008 -23"><span class='ocrx_word' id='word_1_364' title='bbox 474 3591 758 3645; x_wconf 82' lang='lat' dir='ltr'><strong>veritatem</strong></span> <span class='ocrx_word' id='word_1_365' title='bbox 798 3593 1024 3646; x_wconf 91' lang='lat' dir='ltr'><strong>omnino</strong></span> <span class='ocrx_word' id='word_1_366' title='bbox 1063 3593 1278 3662; x_wconf 82' lang='lat' dir='ltr'><strong>pra:l&#39;ari</strong></span> <span class='ocrx_word' id='word_1_367' title='bbox 1298 3609 1519 3649; x_wconf 78' lang='lat' dir='ltr'><strong>necesse</strong></span> <span class='ocrx_word' id='word_1_368' title='bbox 1562 3605 1648 3651; x_wconf 91' lang='lat' dir='ltr'><strong>est</strong></span> <span class='ocrx_word' id='word_1_369' title='bbox 1675 3597 1720 3666; x_wconf 91' lang='lat'><strong>),</strong></span> <span class='ocrx_word' id='word_1_370' title='bbox 1760 3607 1891 3655; x_wconf 87' lang='lat' dir='ltr'><strong>tunc</strong></span> <span class='ocrx_word' id='word_1_371' title='bbox 1920 3615 2045 3656; x_wconf 88' lang='lat' dir='ltr'><strong>vere</strong></span> 
     </span>
    </p>
   </div>
   <div class='ocr_carea' id='block_1_55' title="bbox 478 3683 2044 3760">
    <p class='ocr_par' dir='ltr' id='par_1_55' title="bbox 478 3683 2044 3760">
     <span class='ocr_line' id='line_1_55' title="bbox 478 3683 2044 3760; baseline 0.008 -26"><span class='ocrx_word' id='word_1_372' title='bbox 478 3683 783 3751; x_wconf 64' lang='lat' dir='ltr'><strong>gnosticam</strong></span> <span class='ocrx_word' id='word_1_373' title='bbox 819 3693 1030 3738; x_wconf 66' lang='lat' dir='ltr'><strong>natura:</strong></span> <span class='ocrx_word' id='word_1_374' title='bbox 1071 3686 1450 3756; x_wconf 77' lang='lat' dir='ltr'><strong>aggrediemur</strong></span> <span class='ocrx_word' id='word_1_375' title='bbox 1491 3691 2003 3760; x_wconf 88' lang='lat' dir='ltr'><strong>contemplationem</strong></span> <span class='ocrx_word' id='word_1_376' title='bbox 2028 3734 2044 3757; x_wconf 95' lang='lat'><strong>,</strong></span> 
     </span>
    </p>
   </div>
   <div class='ocr_carea' id='block_1_56' title="bbox 476 3774 2044 3850">
    <p class='ocr_par' dir='ltr' id='par_1_56' title="bbox 476 3774 2044 3850">
     <span class='ocr_line' id='line_1_56' title="bbox 476 3774 2044 3850; baseline 0.01 -26"><span class='ocrx_word' id='word_1_377' title='bbox 476 3774 658 3842; x_wconf 82' lang='lat' dir='ltr'><strong>parvis</strong></span> <span class='ocrx_word' id='word_1_378' title='bbox 688 3783 814 3828; x_wconf 90' lang='lat' dir='ltr'><strong>ante</strong></span> <span class='ocrx_word' id='word_1_379' title='bbox 849 3791 1044 3845; x_wconf 82' lang='lat' dir='ltr'><strong>magna</strong></span> <span class='ocrx_word' id='word_1_380' title='bbox 1076 3776 1275 3832; x_wconf 90' lang='lat' dir='ltr'><strong>initiati</strong></span> <span class='ocrx_word' id='word_1_381' title='bbox 1314 3781 1573 3850; x_wconf 84' lang='lat' dir='ltr'><strong>mysteria</strong></span> <span class='ocrx_word' id='word_1_382' title='bbox 1595 3823 1610 3847; x_wconf 92' lang='lat'><strong>,</strong></span> <span class='ocrx_word' id='word_1_383' title='bbox 1644 3791 1703 3836; x_wconf 90' lang='lat' dir='ltr'><strong>ut</strong></span> <span class='ocrx_word' id='word_1_384' title='bbox 1728 3797 1853 3838; x_wconf 89' lang='lat' dir='ltr'><strong>vere</strong></span> <span class='ocrx_word' id='word_1_385' title='bbox 1899 3785 2044 3840; x_wconf 89' lang='lat' dir='ltr'><strong>divi-</strong></span> 
     </span>
    </p>
   </div>
   <div class='ocr_carea' id='block_1_57' title="bbox 479 3867 2043 3944">
    <p class='ocr_par' dir='ltr' id='par_1_57' title="bbox 479 3867 2043 3944">
     <span class='ocr_line' id='line_1_57' title="bbox 479 3867 2043 3944; baseline 0.01 -27"><span class='ocrx_word' id='word_1_386' title='bbox 479 3880 563 3918; x_wconf 78' lang='lat' dir='ltr'><strong>me</strong></span> <span class='ocrx_word' id='word_1_387' title='bbox 591 3879 878 3920; x_wconf 90' lang='lat' dir='ltr'><strong>sacrorum</strong></span> <span class='ocrx_word' id='word_1_388' title='bbox 909 3867 1346 3937; x_wconf 85' lang='lat' dir='ltr'><strong>interpretationi</strong></span> <span class='ocrx_word' id='word_1_389' title='bbox 1374 3873 1510 3926; x_wconf 93' lang='lat' dir='ltr'><strong>nihil</strong></span> <span class='ocrx_word' id='word_1_390' title='bbox 1539 3875 1610 3928; x_wconf 86' lang='lat' dir='ltr'><strong>sit</strong></span> <span class='ocrx_word' id='word_1_391' title='bbox 1635 3874 2043 3944; x_wconf 87' lang='lat' dir='ltr'><strong>impedimento,</strong></span> 
     </span>
    </p>
   </div>
   <div class='ocr_carea' id='block_1_58' title="bbox 481 3954 2050 4031">
    <p class='ocr_par' dir='ltr' id='par_1_58' title="bbox 481 3954 2050 4031">
     <span class='ocr_line' id='line_1_58' title="bbox 481 3954 2050 4031; baseline 0.009 -28"><span class='ocrx_word' id='word_1_392' title='bbox 481 3954 633 4022; x_wconf 85' lang='lat' dir='ltr'><strong>prius</strong></span> <span class='ocrx_word' id='word_1_393' title='bbox 671 3957 984 4024; x_wconf 76' lang='lat' dir='ltr'><strong>expurgatis</strong></span> <span class='ocrx_word' id='word_1_394' title='bbox 1015 3967 1178 4026; x_wconf 90' lang='lat' dir='ltr'><strong>atque</strong></span> <span class='ocrx_word' id='word_1_395' title='bbox 1205 3957 1514 4015; x_wconf 83' lang='lat' dir='ltr'><strong>inlormatis</strong></span> <span class='ocrx_word' id='word_1_396' title='bbox 1543 3960 1643 4024; x_wconf 90' lang='lat' dir='ltr'><strong>iis,</strong></span> <span class='ocrx_word' id='word_1_397' title='bbox 1671 3976 1792 4031; x_wconf 74' lang='lat' dir='ltr'><strong>qua:</strong></span> <span class='ocrx_word' id='word_1_398' title='bbox 1835 3970 2050 4031; x_wconf 87' lang='lat' dir='ltr'><strong>oportet</strong></span> 
     </span>
    </p>
   </div>
   <div class='ocr_carea' id='block_1_59' title="bbox 475 4047 2048 4122">
    <p class='ocr_par' dir='ltr' id='par_1_59' title="bbox 475 4047 2048 4122">
     <span class='ocr_line' id='line_1_59' title="bbox 475 4047 2048 4122; baseline 0.008 -26"><span class='ocrx_word' id='word_1_399' title='bbox 475 4055 600 4099; x_wconf 86' lang='lat' dir='ltr'><strong>ante</strong></span> <span class='ocrx_word' id='word_1_400' title='bbox 646 4047 776 4101; x_wconf 89' lang='lat' dir='ltr'><strong>sciri</strong></span> <span class='ocrx_word' id='word_1_401' title='bbox 820 4057 872 4101; x_wconf 90' lang='lat' dir='ltr'><strong>ct</strong></span> <span class='ocrx_word' id='word_1_402' title='bbox 915 4048 1076 4102; x_wconf 87' lang='lat' dir='ltr'><strong>tradi.</strong></span> <span class='ocrx_word' id='word_1_403' title='bbox 1116 4050 1197 4105; x_wconf 76' lang='lat' dir='ltr'><strong>Ac</strong></span> <span class='ocrx_word' id='word_1_404' title='bbox 1227 4060 1440 4106; x_wconf 63' lang='lat' dir='ltr'><strong>natura:</strong></span> <span class='ocrx_word' id='word_1_405' title='bbox 1481 4053 1701 4122; x_wconf 89' lang='lat' dir='ltr'><strong>quidem</strong></span> <span class='ocrx_word' id='word_1_406' title='bbox 1747 4055 2048 4109; x_wconf 86' lang='lat' dir='ltr'><strong>secundum</strong></span> 
     </span>
    </p>
   </div>
   <div class='ocr_carea' id='block_1_60' title="bbox 479 4136 2045 4213">
    <p class='ocr_par' dir='ltr' id='par_1_60' title="bbox 479 4136 2045 4213">
     <span class='ocr_line' id='line_1_60' title="bbox 479 4136 2045 4213; baseline 0.007 -26"><span class='ocrx_word' id='word_1_407' title='bbox 479 4136 724 4192; x_wconf 79' lang='lat' dir='ltr'><strong>veritatis</strong></span> <span class='ocrx_word' id='word_1_408' title='bbox 757 4138 1002 4208; x_wconf 79' lang='lat' dir='ltr'><strong>regulam</strong></span> <span class='ocrx_word' id='word_1_409' title='bbox 1036 4140 1324 4208; x_wconf 89' lang='lat' dir='ltr'><strong>disciplina</strong></span> <span class='ocrx_word' id='word_1_410' title='bbox 1345 4182 1360 4207; x_wconf 92' lang='lat'><strong>,</strong></span> <span class='ocrx_word' id='word_1_411' title='bbox 1395 4157 1491 4196; x_wconf 90' lang='lat' dir='ltr'><strong>seu</strong></span> <span class='ocrx_word' id='word_1_412' title='bbox 1526 4143 1794 4212; x_wconf 88' lang='lat' dir='ltr'><strong>inspectio</strong></span> <span class='ocrx_word' id='word_1_413' title='bbox 1827 4145 2045 4213; x_wconf 87' lang='lat' dir='ltr'><strong>potius,</strong></span> 
     </span>
    </p>
   </div>
   <div class='ocr_carea' id='block_1_61' title="bbox 477 4230 2050 4304">
    <p class='ocr_par' dir='ltr' id='par_1_61' title="bbox 477 4230 2050 4304">
     <span class='ocr_line' id='line_1_61' title="bbox 477 4230 2050 4304; baseline 0.008 -25"><span class='ocrx_word' id='word_1_414' title='bbox 477 4244 602 4297; x_wconf 75' lang='lat' dir='ltr'><strong>quze</strong></span> <span class='ocrx_word' id='word_1_415' title='bbox 630 4244 724 4298; x_wconf 88' lang='lat' dir='ltr'><strong>per</strong></span> <span class='ocrx_word' id='word_1_416' title='bbox 750 4230 1052 4300; x_wconf 82' lang='lat' dir='ltr'><strong>gnosticam</strong></span> <span class='ocrx_word' id='word_1_417' title='bbox 1086 4233 1427 4288; x_wconf 88' lang='lat' dir='ltr'><strong>traditionem</strong></span> <span class='ocrx_word' id='word_1_418' title='bbox 1458 4234 1779 4304; x_wconf 89' lang='lat' dir='ltr'><strong>acquiritur,</strong></span> <span class='ocrx_word' id='word_1_419' title='bbox 1809 4235 1952 4291; x_wconf 81' lang='lat' dir='ltr'><strong>facto</strong></span> <span class='ocrx_word' id='word_1_420' title='bbox 1981 4237 2050 4291; x_wconf 87' lang='lat' dir='ltr'><strong>ab</strong></span> 
     </span>
    </p>
   </div>
   <div class='ocr_carea' id='block_1_62' title="bbox 478 4321 2051 4390">
    <p class='ocr_par' dir='ltr' id='par_1_62' title="bbox 478 4321 2051 4390">
     <span class='ocr_line' id='line_1_62' title="bbox 478 4321 2051 4390; baseline 0.009 -20"><span class='ocrx_word' id='word_1_421' title='bbox 478 4329 603 4374; x_wconf 84' lang='lat' dir='ltr'><strong>ortu</strong></span> <span class='ocrx_word' id='word_1_422' title='bbox 636 4321 828 4375; x_wconf 92' lang='lat' dir='ltr'><strong>mundi</strong></span> <span class='ocrx_word' id='word_1_423' title='bbox 863 4322 1050 4390; x_wconf 86' lang='lat' dir='ltr'><strong>initio,</strong></span> <span class='ocrx_word' id='word_1_424' title='bbox 1085 4323 1212 4377; x_wconf 87' lang='lat' dir='ltr'><strong>inde</strong></span> <span class='ocrx_word' id='word_1_425' title='bbox 1245 4323 1314 4378; x_wconf 85' lang='lat' dir='ltr'><strong>ad</strong></span> <span class='ocrx_word' id='word_1_426' title='bbox 1361 4340 1544 4380; x_wconf 88' lang='lat' dir='ltr'><strong>rerum</strong></span> <span class='ocrx_word' id='word_1_427' title='bbox 1575 4327 1883 4382; x_wconf 90' lang='lat' dir='ltr'><strong>divinarum</strong></span> <span class='ocrx_word' id='word_1_428' title='bbox 1917 4343 2051 4383; x_wconf 82' lang='lat' dir='ltr'><strong>con-</strong></span> 
     </span>
    </p>
   </div>
   <div class='ocr_carea' id='block_1_63' title="bbox 478 4395 2046 4488">
    <p class='ocr_par' dir='ltr' id='par_1_63' title="bbox 478 4395 2046 4488">
     <span class='ocr_line' id='line_1_63' title="bbox 478 4395 2046 4488; baseline 0.007 -25"><span class='ocrx_word' id='word_1_429' title='bbox 478 4411 887 4479; x_wconf 64' lang='lat' dir='ltr'><strong>templationem</strong></span> <span class='ocrx_word' id='word_1_430' title='bbox 911 4416 1175 4469; x_wconf 88' lang='lat' dir='ltr'><strong>ascendit.</strong></span> <span class='ocrx_word' id='word_1_431' title='bbox 1193 4395 1346 4471; x_wconf 74' lang='lat' dir='ltr'><strong>Unde</strong></span> <span class='ocrx_word' id='word_1_432' title='bbox 1370 4431 1559 4472; x_wconf 89' lang='lat' dir='ltr'><strong>eorum</strong></span> <span class='ocrx_word' id='word_1_433' title='bbox 1577 4459 1592 4485; x_wconf 94' lang='lat'><strong>,</strong></span> <span class='ocrx_word' id='word_1_434' title='bbox 1609 4435 1730 4488; x_wconf 74' lang='lat' dir='ltr'><strong>quae</strong></span> <span class='ocrx_word' id='word_1_435' title='bbox 1746 4420 2046 4486; x_wconf 87' lang='lat' dir='ltr'><strong>tradentur,</strong></span> 
     </span>
    </p>
   </div>
   <div class='ocr_carea' id='block_1_64' title="bbox 2133 1942 3724 2019">
    <p class='ocr_par' dir='ltr' id='par_1_64' title="bbox 2133 1942 3724 2019">
     <span class='ocr_line' id='line_1_64' title="bbox 2133 1942 3724 2019; baseline 0 -19"><span class='ocrx_word' id='word_1_436' title='bbox 2133 1948 2315 2014; x_wconf 80' lang='grc' dir='ltr'>σόφοις</span> <span class='ocrx_word' id='word_1_437' title='bbox 2353 1946 2782 2016; x_wconf 87' lang='grc' dir='ltr'>ἐπινενοημένων</span> <span class='ocrx_word' id='word_1_438' title='bbox 2824 1947 3186 2019; x_wconf 80' lang='grc' dir='ltr'>ἐγχειρητέον.</span> <span class='ocrx_word' id='word_1_439' title='bbox 3222 1942 3317 2012; x_wconf 80' lang='grc' dir='ltr'><strong>Οἷς</strong></span> <span class='ocrx_word' id='word_1_440' title='bbox 3350 1949 3631 2017; x_wconf 75' lang='grc' dir='ltr'>ἑπόμενον</span> <span class='ocrx_word' id='word_1_441' title='bbox 3662 1950 3724 2000; x_wconf 70' lang='grc' dir='ltr'>ἂν</span> 
     </span>
    </p>
   </div>
   <div class='ocr_carea' id='block_1_65' title="bbox 2131 2035 3724 2109">
    <p class='ocr_par' dir='ltr' id='par_1_65' title="bbox 2131 2035 3724 2109">
     <span class='ocr_line' id='line_1_65' title="bbox 2131 2035 3724 2109; baseline 0.001 -20"><span class='ocrx_word' id='word_1_442' title='bbox 2131 2037 2238 2108; x_wconf 72' lang='grc' dir='ltr'>εἴη,</span> <span class='ocrx_word' id='word_1_443' title='bbox 2260 2036 2394 2107; x_wconf 89' lang='grc' dir='ltr'><strong>μετά</strong></span> <span class='ocrx_word' id='word_1_444' title='bbox 2424 2035 2522 2107; x_wconf 82' lang='grc' dir='ltr'><strong>τὴν</strong></span> <span class='ocrx_word' id='word_1_445' title='bbox 2553 2035 2848 2109; x_wconf 80' lang='grc' dir='ltr'>ἐπιδρομὴν</span> <span class='ocrx_word' id='word_1_446' title='bbox 2873 2037 2972 2107; x_wconf 78' lang='grc' dir='ltr'>τῆς</span> <span class='ocrx_word' id='word_1_447' title='bbox 2999 2037 3293 2106; x_wconf 85' lang='grc' dir='ltr'>θεολογίας,</span> <span class='ocrx_word' id='word_1_448' title='bbox 3325 2038 3393 2091; x_wconf 76' lang='grc' dir='ltr'>τὰ</span> <span class='ocrx_word' id='word_1_449' title='bbox 3420 2039 3553 2109; x_wconf 74' lang='grc' dir='ltr'>περὶ</span> <span class='ocrx_word' id='word_1_450' title='bbox 3591 2056 3724 2104; x_wconf 69' lang='grc' dir='ltr'>προ-</span> 
     </span>
    </p>
   </div>
   <div class='ocr_carea' id='block_1_66' title="bbox 2134 2125 3720 2199">
    <p class='ocr_par' dir='ltr' id='par_1_66' title="bbox 2134 2125 3720 2199">
     <span class='ocr_line' id='line_1_66' title="bbox 2134 2125 3720 2199; baseline 0.001 -21"><span class='ocrx_word' id='word_1_451' title='bbox 2134 2125 2358 2198; x_wconf 78' lang='grc' dir='ltr'>φητείας</span> <span class='ocrx_word' id='word_1_452' title='bbox 2409 2125 2818 2197; x_wconf 81' lang='grc' dir='ltr'><strong>παραδεδομένα</strong></span> <span class='ocrx_word' id='word_1_453' title='bbox 2859 2126 3132 2181; x_wconf 85' lang='grc' dir='ltr'>διαλαϐεῖν</span> <span class='ocrx_word' id='word_1_454' title='bbox 3178 2128 3323 2199; x_wconf 73' lang='lat'><strong>(82)°</strong></span> <span class='ocrx_word' id='word_1_455' title='bbox 3360 2128 3436 2192; x_wconf 81' lang='grc' dir='ltr'>ὡς</span> <span class='ocrx_word' id='word_1_456' title='bbox 3483 2129 3581 2181; x_wconf 75' lang='grc' dir='ltr'>καὶ</span> <span class='ocrx_word' id='word_1_457' title='bbox 3623 2129 3720 2192; x_wconf 65' lang='grc' dir='ltr'>τὰς</span> 
     </span>
    </p>
   </div>
   <div class='ocr_carea' id='block_1_67' title="bbox 2133 2213 3722 2292">
    <p class='ocr_par' dir='ltr' id='par_1_67' title="bbox 2133 2213 3722 2292">
     <span class='ocr_line' id='line_1_67' title="bbox 2133 2213 3722 2292; baseline 0 -21"><span class='ocrx_word' id='word_1_458' title='bbox 2133 2217 2376 2288; x_wconf 64' lang='grc' dir='ltr'>Γραφάς,</span> <span class='ocrx_word' id='word_1_459' title='bbox 2413 2213 2499 2282; x_wconf 73' lang='grc' dir='ltr'><strong>αἶς</strong></span> <span class='ocrx_word' id='word_1_460' title='bbox 2529 2219 2991 2290; x_wconf 79' lang='grc' dir='ltr'>πεπιστεύκαμεν,</span> <span class='ocrx_word' id='word_1_461' title='bbox 3014 2221 3207 2292; x_wconf 83' lang='grc' dir='ltr'>κυρίας</span> <span class='ocrx_word' id='word_1_462' title='bbox 3234 2219 3400 2283; x_wconf 75' lang='grc' dir='ltr'>οὔσας</span> <span class='ocrx_word' id='word_1_463' title='bbox 3432 2220 3494 2287; x_wconf 79' lang='grc' dir='ltr'><strong>ἐξ</strong></span> <span class='ocrx_word' id='word_1_464' title='bbox 3528 2221 3722 2272; x_wconf 69' lang='grc' dir='ltr'>αὐθεν-</span> 
     </span>
    </p>
   </div>
   <div class='ocr_carea' id='block_1_68' title="bbox 2133 2310 3723 2382">
    <p class='ocr_par' dir='ltr' id='par_1_68' title="bbox 2133 2310 3723 2382">
     <span class='ocr_line' id='line_1_68' title="bbox 2133 2310 3723 2382; baseline 0.001 -20"><span class='ocrx_word' id='word_1_465' title='bbox 2133 2310 2254 2373; x_wconf 88' lang='grc' dir='ltr'>τίας</span> <span class='ocrx_word' id='word_1_466' title='bbox 2281 2311 2782 2382; x_wconf 80' lang='grc' dir='ltr'>παντοκρατορικῆς</span> <span class='ocrx_word' id='word_1_467' title='bbox 2813 2311 3180 2376; x_wconf 75' lang='grc' dir='ltr'>ἐπιδείξαντας</span> <span class='ocrx_word' id='word_1_468' title='bbox 3199 2352 3212 2376; x_wconf 91' lang='grc'><strong>,</strong></span> <span class='ocrx_word' id='word_1_469' title='bbox 3250 2313 3505 2382; x_wconf 79' lang='grc' dir='ltr'>προϊέναι</span> <span class='ocrx_word' id='word_1_470' title='bbox 3539 2312 3612 2364; x_wconf 78' lang='grc' dir='ltr'>δι’</span> <span class='ocrx_word' id='word_1_471' title='bbox 3633 2312 3723 2364; x_wconf 72' lang='grc' dir='ltr'><strong>αὖ-</strong></span> 
     </span>
    </p>
   </div>
   <div class='ocr_carea' id='block_1_69' title="bbox 2134 2401 3723 2477">
    <p class='ocr_par' dir='ltr' id='par_1_69' title="bbox 2134 2401 3723 2477">
     <span class='ocr_line' id='line_1_69' title="bbox 2134 2401 3723 2477; baseline 0.001 -23"><span class='ocrx_word' id='word_1_472' title='bbox 2134 2401 2242 2455; x_wconf 79' lang='grc' dir='ltr'>τῶν</span> <span class='ocrx_word' id='word_1_473' title='bbox 2271 2402 2447 2474; x_wconf 86' lang='grc' dir='ltr'>εἱρμῴ</span> <span class='ocrx_word' id='word_1_474' title='bbox 2473 2403 2750 2467; x_wconf 83' lang='grc' dir='ltr'>δύνασθαι,</span> <span class='ocrx_word' id='word_1_475' title='bbox 2776 2405 2868 2456; x_wconf 75' lang='grc' dir='ltr'><strong>καὶ</strong></span> <span class='ocrx_word' id='word_1_476' title='bbox 2895 2405 3132 2468; x_wconf 82' lang='grc' dir='ltr'>ἀπάσαις</span> <span class='ocrx_word' id='word_1_477' title='bbox 3154 2405 3403 2458; x_wconf 82' lang='grc' dir='ltr'>ἐντεῦθεν</span> <span class='ocrx_word' id='word_1_478' title='bbox 3419 2408 3546 2469; x_wconf 85' lang='grc' dir='ltr'>ταῖς</span> <span class='ocrx_word' id='word_1_479' title='bbox 3570 2408 3723 2477; x_wconf 74' lang='grc' dir='ltr'>αἱρέ-</span> 
     </span>
    </p>
   </div>
   <div class='ocr_carea' id='block_1_70' title="bbox 2140 2494 3724 2567">
    <p class='ocr_par' dir='ltr' id='par_1_70' title="bbox 2140 2494 3724 2567">
     <span class='ocr_line' id='line_1_70' title="bbox 2140 2494 3724 2567; baseline 0.001 -21"><span class='ocrx_word' id='word_1_480' title='bbox 2140 2511 2306 2559; x_wconf 92' lang='grc' dir='ltr'>σεσιν,</span> <span class='ocrx_word' id='word_1_481' title='bbox 2325 2495 2418 2548; x_wconf 79' lang='grc' dir='ltr'><strong>ἐνα</strong></span> <span class='ocrx_word' id='word_1_482' title='bbox 2449 2494 2718 2548; x_wconf 84' lang='grc' dir='ltr'>δεικνύναι</span> <span class='ocrx_word' id='word_1_483' title='bbox 2748 2495 2898 2558; x_wconf 81' lang='grc' dir='ltr'>Θεὸν,</span> <span class='ocrx_word' id='word_1_484' title='bbox 2931 2497 3025 2548; x_wconf 71' lang='grc' dir='ltr'><strong>καὶ</strong></span> <span class='ocrx_word' id='word_1_485' title='bbox 3046 2497 3248 2567; x_wconf 81' lang='grc' dir='ltr'>Κύριον</span> <span class='ocrx_word' id='word_1_486' title='bbox 3279 2498 3724 2567; x_wconf 68' lang='grc' dir='ltr'>παντοκράτορα,</span> 
     </span>
    </p>
   </div>
   <div class='ocr_carea' id='block_1_71' title="bbox 2138 2584 3728 2658">
    <p class='ocr_par' dir='ltr' id='par_1_71' title="bbox 2138 2584 3728 2658">
     <span class='ocr_line' id='line_1_71' title="bbox 2138 2584 3728 2658; baseline 0 -19"><span class='ocrx_word' id='word_1_487' title='bbox 2138 2586 2230 2639; x_wconf 80' lang='grc' dir='ltr'><strong>τὸν</strong></span> <span class='ocrx_word' id='word_1_488' title='bbox 2262 2584 2350 2638; x_wconf 73' lang='grc' dir='ltr'>διὰ</span> <span class='ocrx_word' id='word_1_489' title='bbox 2385 2587 2550 2656; x_wconf 89' lang='grc' dir='ltr'>νόμου</span> <span class='ocrx_word' id='word_1_490' title='bbox 2583 2588 2678 2640; x_wconf 68' lang='grc' dir='ltr'><strong>κα)⁸</strong></span> <span class='ocrx_word' id='word_1_491' title='bbox 2711 2586 3023 2658; x_wconf 65' lang='grc' dir='ltr'>προφητῶν,</span> <span class='ocrx_word' id='word_1_492' title='bbox 3060 2588 3194 2658; x_wconf 85' lang='grc' dir='ltr'>πρὸς</span> <span class='ocrx_word' id='word_1_493' title='bbox 3218 2587 3274 2640; x_wconf 84' lang='grc' dir='ltr'><strong>δέ</strong></span> <span class='ocrx_word' id='word_1_494' title='bbox 3302 2589 3396 2640; x_wconf 74' lang='grc' dir='ltr'>καὶ</span> <span class='ocrx_word' id='word_1_495' title='bbox 3427 2588 3527 2640; x_wconf 75' lang='grc' dir='ltr'>τοῦ</span> <span class='ocrx_word' id='word_1_496' title='bbox 3559 2606 3728 2658; x_wconf 78' lang='grc' dir='ltr'>μακα-</span> 
     </span>
    </p>
   </div>
   <div class='ocr_carea' id='block_1_72' title="bbox 2143 2677 3726 2751">
    <p class='ocr_par' dir='ltr' id='par_1_72' title="bbox 2143 2677 3726 2751">
     <span class='ocr_line' id='line_1_72' title="bbox 2143 2677 3726 2751; baseline 0.001 -21"><span class='ocrx_word' id='word_1_497' title='bbox 2143 2678 2256 2748; x_wconf 93' lang='grc' dir='ltr'>ρίου</span> <span class='ocrx_word' id='word_1_498' title='bbox 2303 2677 2634 2746; x_wconf 86' lang='grc' dir='ltr'>Εύαγγελίου</span> <span class='ocrx_word' id='word_1_499' title='bbox 2678 2679 2916 2748; x_wconf 83' lang='grc' dir='ltr'>γνησίως</span> <span class='ocrx_word' id='word_1_500' title='bbox 2949 2679 3378 2751; x_wconf 74' lang='grc' dir='ltr'>κεκηρυγμένον.</span> <span class='ocrx_word' id='word_1_501' title='bbox 3424 2679 3630 2732; x_wconf 67' lang='grc' dir='ltr'>Πολλαὶ</span> <span class='ocrx_word' id='word_1_502' title='bbox 3671 2681 3726 2732; x_wconf 80' lang='grc' dir='ltr'>δὲ</span> 
     </span>
    </p>
   </div>
   <div class='ocr_carea' id='block_1_73' title="bbox 2140 2769 3725 2844">
    <p class='ocr_par' dir='ltr' id='par_1_73' title="bbox 2140 2769 3725 2844">
     <span class='ocr_line' id='line_1_73' title="bbox 2140 2769 3725 2844; baseline 0.002 -22"><span class='ocrx_word' id='word_1_503' title='bbox 2140 2769 2286 2840; x_wconf 74' lang='grc' dir='ltr'>ἡμᾶς</span> <span class='ocrx_word' id='word_1_504' title='bbox 2314 2771 2368 2822; x_wconf 90' lang='grc' dir='ltr'>αἱ</span> <span class='ocrx_word' id='word_1_505' title='bbox 2403 2769 2540 2840; x_wconf 76' lang='grc' dir='ltr'>πρὸς</span> <span class='ocrx_word' id='word_1_506' title='bbox 2573 2771 2698 2834; x_wconf 79' lang='grc' dir='ltr'>τοὺς</span> <span class='ocrx_word' id='word_1_507' title='bbox 2729 2769 3068 2844; x_wconf 80' lang='grc' dir='ltr'>ἑτεροδόξους</span> <span class='ocrx_word' id='word_1_508' title='bbox 3093 2771 3439 2843; x_wconf 75' lang='grc' dir='ltr'>ἀντιρρήσεις</span> <span class='ocrx_word' id='word_1_509' title='bbox 3475 2773 3725 2843; x_wconf 78' lang='grc' dir='ltr'>ἐκδέχον-</span> 
     </span>
    </p>
   </div>
   <div class='ocr_carea' id='block_1_74' title="bbox 2141 2861 3725 2937">
    <p class='ocr_par' dir='ltr' id='par_1_74' title="bbox 2141 2861 3725 2937">
     <span class='ocr_line' id='line_1_74' title="bbox 2141 2861 3725 2937; baseline 0.003 -25"><span class='ocrx_word' id='word_1_510' title='bbox 2141 2878 2249 2924; x_wconf 88' lang='grc' dir='ltr'>ται,</span> <span class='ocrx_word' id='word_1_511' title='bbox 2292 2861 2661 2932; x_wconf 79' lang='grc' dir='ltr'>πειρωμένους</span> <span class='ocrx_word' id='word_1_512' title='bbox 2708 2862 2778 2915; x_wconf 84' lang='grc' dir='ltr'><strong>τά</strong></span> <span class='ocrx_word' id='word_1_513' title='bbox 2819 2879 2876 2915; x_wconf 90' lang='grc' dir='ltr'>τε</span> <span class='ocrx_word' id='word_1_514' title='bbox 2923 2862 3013 2915; x_wconf 82' lang='grc' dir='ltr'><strong>ὑπ’</strong></span> <span class='ocrx_word' id='word_1_515' title='bbox 3063 2863 3241 2915; x_wconf 77' lang='grc' dir='ltr'>αὐτῶν</span> <span class='ocrx_word' id='word_1_516' title='bbox 3276 2863 3725 2937; x_wconf 76' lang='grc' dir='ltr'>προκομιζόμενα</span> 
     </span>
    </p>
   </div>
   <div class='ocr_carea' id='block_1_75' title="bbox 2143 2953 3723 3025">
    <p class='ocr_par' dir='ltr' id='par_1_75' title="bbox 2143 2953 3723 3025">
     <span class='ocr_line' id='line_1_75' title="bbox 2143 2953 3723 3025; baseline 0.001 -17"><span class='ocrx_word' id='word_1_517' title='bbox 2143 2953 2433 3025; x_wconf 76' lang='grc' dir='ltr'>ἐγγράφως</span> <span class='ocrx_word' id='word_1_518' title='bbox 2453 2953 2784 3019; x_wconf 85' lang='grc' dir='ltr'>διαλύεσθαι,</span> <span class='ocrx_word' id='word_1_519' title='bbox 2810 2956 3012 3010; x_wconf 84' lang='grc' dir='ltr'>πείθειν</span> <span class='ocrx_word' id='word_1_520' title='bbox 3027 2973 3086 3009; x_wconf 90' lang='grc' dir='ltr'><strong>τε</strong></span> <span class='ocrx_word' id='word_1_521' title='bbox 3120 2958 3315 3020; x_wconf 77' lang='grc' dir='ltr'>αὐτοὺς</span> <span class='ocrx_word' id='word_1_522' title='bbox 3347 2959 3443 3010; x_wconf 73' lang='grc' dir='ltr'>καὶ</span> <span class='ocrx_word' id='word_1_523' title='bbox 3467 2957 3723 3020; x_wconf 71' lang='grc' dir='ltr'>ἄκοντας,</span> 
     </span>
    </p>
   </div>
   <div class='ocr_carea' id='block_1_76' title="bbox 2143 3046 3723 3122">
    <p class='ocr_par' dir='ltr' id='par_1_76' title="bbox 2143 3046 3723 3122">
     <span class='ocr_line' id='line_1_76' title="bbox 2143 3046 3723 3122; baseline 0.003 -24"><span class='ocrx_word' id='word_1_524' title='bbox 2143 3046 2210 3099; x_wconf 82' lang='grc' dir='ltr'>δι’</span> <span class='ocrx_word' id='word_1_525' title='bbox 2224 3046 2403 3099; x_wconf 81' lang='grc' dir='ltr'>αὐτῶν</span> <span class='ocrx_word' id='word_1_526' title='bbox 2436 3046 2754 3117; x_wconf 80' lang='grc' dir='ltr'>ἐλέγχοντας</span> <span class='ocrx_word' id='word_1_527' title='bbox 2777 3048 2882 3102; x_wconf 85' lang='grc' dir='ltr'><strong>τῶν</strong></span> <span class='ocrx_word' id='word_1_528' title='bbox 2904 3049 3154 3121; x_wconf 77' lang='grc' dir='ltr'>Γραφῶν.</span> <span class='ocrx_word' id='word_1_529' title='bbox 3185 3049 3584 3122; x_wconf 86' lang='grc' dir='ltr'>Τελειωθείσης</span> <span class='ocrx_word' id='word_1_530' title='bbox 3617 3053 3723 3104; x_wconf 76' lang='grc' dir='ltr'>τοί-</span> 
     </span>
    </p>
   </div>
   <div class='ocr_carea' id='block_1_77' title="bbox 2142 3138 3722 3214">
    <p class='ocr_par' dir='ltr' id='par_1_77' title="bbox 2142 3138 3722 3214">
     <span class='ocr_line' id='line_1_77' title="bbox 2142 3138 3722 3214; baseline 0.003 -24"><span class='ocrx_word' id='word_1_531' title='bbox 2142 3155 2234 3191; x_wconf 89' lang='grc' dir='ltr'><strong>νυν</strong></span> <span class='ocrx_word' id='word_1_532' title='bbox 2264 3139 2363 3210; x_wconf 79' lang='grc' dir='ltr'><strong>τῆς</strong></span> <span class='ocrx_word' id='word_1_533' title='bbox 2399 3139 2704 3211; x_wconf 82' lang='grc' dir='ltr'>προθέσεως</span> <span class='ocrx_word' id='word_1_534' title='bbox 2737 3143 2866 3212; x_wconf 82' lang='grc' dir='ltr'>ἡμῖν</span> <span class='ocrx_word' id='word_1_535' title='bbox 2899 3143 3148 3212; x_wconf 74' lang='grc' dir='ltr'>ἀπάσης,</span> <span class='ocrx_word' id='word_1_536' title='bbox 3189 3145 3244 3196; x_wconf 86' lang='grc' dir='ltr'><strong>ἐν</strong></span> <span class='ocrx_word' id='word_1_537' title='bbox 3278 3138 3360 3206; x_wconf 71' lang='grc' dir='ltr'><strong>οἷς</strong></span> <span class='ocrx_word' id='word_1_538' title='bbox 3398 3144 3498 3196; x_wconf 78' lang='grc' dir='ltr'>ἐὰν</span> <span class='ocrx_word' id='word_1_539' title='bbox 3528 3144 3722 3214; x_wconf 75' lang='grc' dir='ltr'>θελήσῃ</span> 
     </span>
    </p>
   </div>
   <div class='ocr_carea' id='block_1_78' title="bbox 2141 3229 3727 3308">
    <p class='ocr_par' dir='ltr' id='par_1_78' title="bbox 2141 3229 3727 3308">
     <span class='ocr_line' id='line_1_78' title="bbox 2141 3229 3727 3308; baseline 0.005 -26"><span class='ocrx_word' id='word_1_540' title='bbox 2141 3229 2202 3282; x_wconf 78' lang='grc' dir='ltr'><strong>τὸ</strong></span> <span class='ocrx_word' id='word_1_541' title='bbox 2228 3229 2452 3302; x_wconf 82' lang='grc' dir='ltr'>Πνεῦμα</span> <span class='ocrx_word' id='word_1_542' title='bbox 2471 3231 2824 3303; x_wconf 85' lang='grc' dir='ltr'>ὑπομνήμασι</span> <span class='ocrx_word' id='word_1_543' title='bbox 2869 3235 3006 3308; x_wconf 82' lang='grc' dir='ltr'>πρὸς</span> <span class='ocrx_word' id='word_1_544' title='bbox 3023 3236 3121 3306; x_wconf 81' lang='grc' dir='ltr'><strong>τὴν</strong></span> <span class='ocrx_word' id='word_1_545' title='bbox 3149 3237 3588 3305; x_wconf 84' lang='grc' dir='ltr'>κατεπείγουσαν</span> <span class='ocrx_word' id='word_1_546' title='bbox 3618 3237 3727 3302; x_wconf 75' lang='grc' dir='ltr'>ἐξυ-</span> 
     </span>
    </p>
   </div>
   <div class='ocr_carea' id='block_1_79' title="bbox 2141 3323 3727 3399">
    <p class='ocr_par' dir='ltr' id='par_1_79' title="bbox 2141 3323 3727 3399">
     <span class='ocr_line' id='line_1_79' title="bbox 2141 3323 3727 3399; baseline 0.001 -23"><span class='ocrx_word' id='word_1_547' title='bbox 2141 3323 2534 3395; x_wconf 85' lang='grc' dir='ltr'>πηρετούμενοι</span> <span class='ocrx_word' id='word_1_548' title='bbox 2601 3325 2791 3398; x_wconf 88' lang='grc' dir='ltr'>χρείαν</span> <span class='ocrx_word' id='word_1_549' title='bbox 2838 3326 3027 3398; x_wconf 85' lang='grc' dir='ltr'>(πολλὴ</span> <span class='ocrx_word' id='word_1_550' title='bbox 3067 3327 3175 3399; x_wconf 82' lang='grc' dir='ltr'><strong>γὰρ</strong></span> <span class='ocrx_word' id='word_1_551' title='bbox 3220 3329 3252 3398; x_wconf 83' lang='grc' dir='ltr'>ἡ</span> <span class='ocrx_word' id='word_1_552' title='bbox 3295 3328 3406 3380; x_wconf 82' lang='grc' dir='ltr'><strong>τῶν</strong></span> <span class='ocrx_word' id='word_1_553' title='bbox 3461 3328 3727 3399; x_wconf 75' lang='grc' dir='ltr'>προλεγο-</span> 
     </span>
    </p>
   </div>
   <div class='ocr_carea' id='block_1_80' title="bbox 2145 3414 3728 3490">
    <p class='ocr_par' dir='ltr' id='par_1_80' title="bbox 2145 3414 3728 3490">
     <span class='ocr_line' id='line_1_80' title="bbox 2145 3414 3728 3490; baseline 0.004 -23"><span class='ocrx_word' id='word_1_554' title='bbox 2145 3414 2321 3486; x_wconf 88' lang='grc' dir='ltr'>μένων</span> <span class='ocrx_word' id='word_1_555' title='bbox 2367 3415 2675 3484; x_wconf 79' lang='grc' dir='ltr'>ὀφείλεσθαι</span> <span class='ocrx_word' id='word_1_556' title='bbox 2710 3418 2811 3488; x_wconf 77' lang='grc' dir='ltr'><strong>τῆς</strong></span> <span class='ocrx_word' id='word_1_557' title='bbox 2856 3419 3111 3490; x_wconf 80' lang='grc' dir='ltr'>ἀληθείας</span> <span class='ocrx_word' id='word_1_558' title='bbox 3150 3419 3258 3490; x_wconf 74' lang='lat'><strong>(83)</strong></span> <span class='ocrx_word' id='word_1_559' title='bbox 3302 3421 3582 3490; x_wconf 69' lang='grc' dir='ltr'>ἀνάγκη),</span> <span class='ocrx_word' id='word_1_560' title='bbox 3610 3422 3728 3474; x_wconf 82' lang='grc' dir='ltr'>τότε</span> 
     </span>
    </p>
   </div>
   <div class='ocr_carea' id='block_1_81' title="bbox 2141 3508 3725 3584">
    <p class='ocr_par' dir='ltr' id='par_1_81' title="bbox 2141 3508 3725 3584">
     <span class='ocr_line' id='line_1_81' title="bbox 2141 3508 3725 3584; baseline 0.004 -24"><span class='ocrx_word' id='word_1_561' title='bbox 2141 3509 2206 3580; x_wconf 81' lang='grc' dir='ltr'>δὴ</span> <span class='ocrx_word' id='word_1_562' title='bbox 2228 3509 2326 3580; x_wconf 80' lang='grc' dir='ltr'>τὴν</span> <span class='ocrx_word' id='word_1_563' title='bbox 2357 3508 2433 3579; x_wconf 83' lang='grc' dir='ltr'>τῷ</span> <span class='ocrx_word' id='word_1_564' title='bbox 2458 3510 2571 3564; x_wconf 81' lang='grc' dir='ltr'>ὅντι</span> <span class='ocrx_word' id='word_1_565' title='bbox 2596 3511 2901 3582; x_wconf 77' lang='grc' dir='ltr'>γνωστικὴν</span> <span class='ocrx_word' id='word_1_566' title='bbox 2928 3513 3272 3583; x_wconf 78' lang='grc' dir='ltr'>φυσιολογίαν</span> <span class='ocrx_word' id='word_1_567' title='bbox 3297 3512 3564 3584; x_wconf 83' lang='grc' dir='ltr'>μέτειμεν</span> <span class='ocrx_word' id='word_1_568' title='bbox 3596 3513 3725 3582; x_wconf 67' lang='grc'><strong>(8-6).</strong></span> 
     </span>
    </p>
   </div>
   <div class='ocr_carea' id='block_1_82' title="bbox 2141 3599 3728 3675">
    <p class='ocr_par' dir='ltr' id='par_1_82' title="bbox 2141 3599 3728 3675">
     <span class='ocr_line' id='line_1_82' title="bbox 2141 3599 3728 3675; baseline 0.001 -21"><span class='ocrx_word' id='word_1_569' title='bbox 2141 3600 2210 3654; x_wconf 75' lang='grc' dir='ltr'>τὰ</span> <span class='ocrx_word' id='word_1_570' title='bbox 2247 3599 2416 3671; x_wconf 85' lang='grc' dir='ltr'>μικρά</span> <span class='ocrx_word' id='word_1_571' title='bbox 2449 3601 2556 3672; x_wconf 83' lang='grc' dir='ltr'><strong>πρὸ</strong></span> <span class='ocrx_word' id='word_1_572' title='bbox 2600 3602 2707 3654; x_wconf 86' lang='grc' dir='ltr'><strong>τῶν</strong></span> <span class='ocrx_word' id='word_1_573' title='bbox 2753 3603 3002 3672; x_wconf 82' lang='grc' dir='ltr'>μεγάλων</span> <span class='ocrx_word' id='word_1_574' title='bbox 3036 3603 3144 3674; x_wconf 81' lang='grc'><strong>(85)</strong></span> <span class='ocrx_word' id='word_1_575' title='bbox 3183 3603 3490 3675; x_wconf 84' lang='grc' dir='ltr'>μυηθέντες</span> <span class='ocrx_word' id='word_1_576' title='bbox 3528 3621 3728 3675; x_wconf 83' lang='grc' dir='ltr'>μυστη-</span> 
     </span>
    </p>
   </div>
   <div class='ocr_carea' id='block_1_83' title="bbox 2149 3690 3730 3766">
    <p class='ocr_par' dir='ltr' id='par_1_83' title="bbox 2149 3690 3730 3766">
     <span class='ocr_line' id='line_1_83' title="bbox 2149 3690 3730 3766; baseline 0.003 -24"><span class='ocrx_word' id='word_1_577' title='bbox 2149 3691 2300 3762; x_wconf 90' lang='grc' dir='ltr'>ρίων,</span> <span class='ocrx_word' id='word_1_578' title='bbox 2319 3690 2394 3754; x_wconf 85' lang='grc' dir='ltr'>ὠς</span> <span class='ocrx_word' id='word_1_579' title='bbox 2421 3690 2584 3760; x_wconf 81' lang='grc' dir='ltr'>μηδὲν</span> <span class='ocrx_word' id='word_1_580' title='bbox 2614 3691 2862 3762; x_wconf 88' lang='grc' dir='ltr'>ἐμποδὼν</span> <span class='ocrx_word' id='word_1_581' title='bbox 2886 3696 2952 3764; x_wconf 81' lang='grc' dir='ltr'>τῇ</span> <span class='ocrx_word' id='word_1_582' title='bbox 2974 3693 3092 3765; x_wconf 79' lang='grc' dir='ltr'>θείᾳ</span> <span class='ocrx_word' id='word_1_583' title='bbox 3115 3695 3281 3758; x_wconf 77' lang='grc' dir='ltr'>ὅντως</span> <span class='ocrx_word' id='word_1_584' title='bbox 3310 3695 3627 3766; x_wconf 68' lang='grc' dir='ltr'>ἱεροφαντίᾳ</span> <span class='ocrx_word' id='word_1_585' title='bbox 3652 3697 3730 3762; x_wconf 81' lang='grc' dir='ltr'>γί-</span> 
     </span>
    </p>
   </div>
   <div class='ocr_carea' id='block_1_84' title="bbox 2145 3780 3730 3856">
    <p class='ocr_par' dir='ltr' id='par_1_84' title="bbox 2145 3780 3730 3856">
     <span class='ocr_line' id='line_1_84' title="bbox 2145 3780 3730 3856; baseline 0.003 -21"><span class='ocrx_word' id='word_1_586' title='bbox 2145 3780 2366 3846; x_wconf 78' lang='grc' dir='ltr'>νεσθαι,</span> <span class='ocrx_word' id='word_1_587' title='bbox 2411 3783 2945 3854; x_wconf 85' lang='grc' dir='ltr'>προκεκαθαρμένων</span> <span class='ocrx_word' id='word_1_588' title='bbox 2990 3785 3084 3837; x_wconf 69' lang='grc' dir='ltr'>καὶ</span> <span class='ocrx_word' id='word_1_589' title='bbox 3132 3785 3730 3856; x_wconf 63' lang='grc' dir='ltr'>προδιατετυπωμέκον</span> 
     </span>
    </p>
   </div>
   <div class='ocr_carea' id='block_1_85' title="bbox 2145 3872 3726 3947">
    <p class='ocr_par' dir='ltr' id='par_1_85' title="bbox 2145 3872 3726 3947">
     <span class='ocr_line' id='line_1_85' title="bbox 2145 3872 3726 3947; baseline 0.003 -22"><span class='ocrx_word' id='word_1_590' title='bbox 2145 3872 2255 3928; x_wconf 81' lang='grc' dir='ltr'><strong>τῶν</strong></span> <span class='ocrx_word' id='word_1_591' title='bbox 2304 3874 2758 3946; x_wconf 87' lang='grc' dir='ltr'>προῖστορηθῆναι</span> <span class='ocrx_word' id='word_1_592' title='bbox 2809 3877 2902 3929; x_wconf 73' lang='grc' dir='ltr'>καὶ</span> <span class='ocrx_word' id='word_1_593' title='bbox 2949 3875 3429 3947; x_wconf 79' lang='grc' dir='ltr'>προπαραδοθῆναι</span> <span class='ocrx_word' id='word_1_594' title='bbox 3479 3876 3726 3930; x_wconf 82' lang='grc' dir='ltr'>δεόντων.</span> 
     </span>
    </p>
   </div>
   <div class='ocr_carea' id='block_1_86' title="bbox 2160 3962 3730 4038">
    <p class='ocr_par' dir='ltr' id='par_1_86' title="bbox 2160 3962 3730 4038">
     <span class='ocr_line' id='line_1_86' title="bbox 2160 3962 3730 4038; baseline 0.003 -23"><span class='ocrx_word' id='word_1_595' title='bbox 2160 3962 2224 4015; x_wconf 85' lang='grc' dir='ltr'>Ἢ</span> <span class='ocrx_word' id='word_1_596' title='bbox 2265 3963 2396 4033; x_wconf 83' lang='grc' dir='ltr'>γοῦν</span> <span class='ocrx_word' id='word_1_597' title='bbox 2441 3964 2581 4018; x_wconf 87' lang='grc' dir='ltr'><strong>κατά</strong></span> <span class='ocrx_word' id='word_1_598' title='bbox 2612 3966 2702 4019; x_wconf 84' lang='grc' dir='ltr'><strong>τὸν</strong></span> <span class='ocrx_word' id='word_1_599' title='bbox 2749 3967 2848 4038; x_wconf 82' lang='grc' dir='ltr'>τῆς</span> <span class='ocrx_word' id='word_1_600' title='bbox 2895 3966 3148 4038; x_wconf 82' lang='grc' dir='ltr'>ἀληθείας</span> <span class='ocrx_word' id='word_1_601' title='bbox 3186 3966 3385 4019; x_wconf 85' lang='grc' dir='ltr'>κανόνα</span> <span class='ocrx_word' id='word_1_602' title='bbox 3423 3968 3730 4037; x_wconf 77' lang='grc' dir='ltr'>γνωστικῆς</span> 
     </span>
    </p>
   </div>
   <div class='ocr_carea' id='block_1_87' title="bbox 2150 4055 3728 4129">
    <p class='ocr_par' dir='ltr' id='par_1_87' title="bbox 2150 4055 3728 4129">
     <span class='ocr_line' id='line_1_87' title="bbox 2150 4055 3728 4129; baseline 0.003 -21"><span class='ocrx_word' id='word_1_603' title='bbox 2150 4055 2502 4127; x_wconf 89' lang='grc' dir='ltr'>παραδόσεως</span> <span class='ocrx_word' id='word_1_604' title='bbox 2526 4057 2860 4127; x_wconf 83' lang='grc' dir='ltr'>φυσιολογία,</span> <span class='ocrx_word' id='word_1_605' title='bbox 2897 4058 3096 4129; x_wconf 82' lang='grc' dir='ltr'>μᾶλλον</span> <span class='ocrx_word' id='word_1_606' title='bbox 3121 4058 3178 4112; x_wconf 90' lang='grc' dir='ltr'><strong>δέ</strong></span> <span class='ocrx_word' id='word_1_607' title='bbox 3207 4059 3502 4123; x_wconf 85' lang='grc' dir='ltr'>ἐποπτεία,</span> <span class='ocrx_word' id='word_1_608' title='bbox 3546 4062 3612 4112; x_wconf 86' lang='grc' dir='ltr'><strong>ἐκ</strong></span> <span class='ocrx_word' id='word_1_609' title='bbox 3641 4059 3728 4112; x_wconf 71' lang='grc' dir='ltr'>τοῦ</span> 
     </span>
    </p>
   </div>
   <div class='ocr_carea' id='block_1_88' title="bbox 2152 4145 3729 4220">
    <p class='ocr_par' dir='ltr' id='par_1_88' title="bbox 2152 4145 3729 4220">
     <span class='ocr_line' id='line_1_88' title="bbox 2152 4145 3729 4220; baseline 0 -22"><span class='ocrx_word' id='word_1_610' title='bbox 2152 4147 2280 4216; x_wconf 77' lang='grc' dir='ltr'>περὶ</span> <span class='ocrx_word' id='word_1_611' title='bbox 2324 4145 2680 4216; x_wconf 87' lang='grc' dir='ltr'>κοσμογονίας</span> <span class='ocrx_word' id='word_1_612' title='bbox 2716 4148 2946 4220; x_wconf 71' lang='grc' dir='ltr'>ἤρτηται</span> <span class='ocrx_word' id='word_1_613' title='bbox 2996 4147 3152 4217; x_wconf 86' lang='grc' dir='ltr'>λόγου</span> <span class='ocrx_word' id='word_1_614' title='bbox 3181 4188 3197 4211; x_wconf 91' lang='grc'><strong>,</strong></span> <span class='ocrx_word' id='word_1_615' title='bbox 3249 4147 3462 4200; x_wconf 85' lang='grc' dir='ltr'>ἐνθένδε</span> <span class='ocrx_word' id='word_1_616' title='bbox 3503 4146 3729 4201; x_wconf 81' lang='grc' dir='ltr'>ἀναϐαί-</span> 
     </span>
    </p>
   </div>
   <div class='ocr_carea' id='block_1_89' title="bbox 2151 4238 3732 4310">
    <p class='ocr_par' dir='ltr' id='par_1_89' title="bbox 2151 4238 3732 4310">
     <span class='ocr_line' id='line_1_89' title="bbox 2151 4238 3732 4310; baseline 0.001 -20"><span class='ocrx_word' id='word_1_617' title='bbox 2151 4254 2315 4291; x_wconf 91' lang='grc' dir='ltr'>νουσα</span> <span class='ocrx_word' id='word_1_618' title='bbox 2355 4238 2446 4292; x_wconf 81' lang='grc' dir='ltr'><strong>ἐπὶ</strong></span> <span class='ocrx_word' id='word_1_619' title='bbox 2483 4239 2545 4292; x_wconf 87' lang='grc' dir='ltr'><strong>τὸ</strong></span> <span class='ocrx_word' id='word_1_620' title='bbox 2590 4239 2894 4310; x_wconf 85' lang='grc' dir='ltr'>θεολογικὸν</span> <span class='ocrx_word' id='word_1_621' title='bbox 2943 4238 3102 4306; x_wconf 75' lang='grc' dir='ltr'>εἶδος.</span> <span class='ocrx_word' id='word_1_622' title='bbox 3157 4240 3318 4294; x_wconf 87' lang='grc' dir='ltr'>Ὅθεν</span> <span class='ocrx_word' id='word_1_623' title='bbox 3364 4242 3597 4306; x_wconf 77' lang='grc' dir='ltr'>εἰκότως</span> <span class='ocrx_word' id='word_1_624' title='bbox 3637 4242 3732 4310; x_wconf 77' lang='grc' dir='ltr'>τὴν</span> 
     </span>
    </p>
   </div>
   <div class='ocr_carea' id='block_1_90' title="bbox 2151 4329 3731 4404">
    <p class='ocr_par' dir='ltr' id='par_1_90' title="bbox 2151 4329 3731 4404">
     <span class='ocr_line' id='line_1_90' title="bbox 2151 4329 3731 4404; baseline 0.008 -23"><span class='ocrx_word' id='word_1_625' title='bbox 2151 4329 2327 4401; x_wconf 79' lang='grc' dir='ltr'>ἀρχὴν</span> <span class='ocrx_word' id='word_1_626' title='bbox 2375 4331 2474 4402; x_wconf 84' lang='grc' dir='ltr'>τῆς</span> <span class='ocrx_word' id='word_1_627' title='bbox 2525 4331 2904 4404; x_wconf 86' lang='grc' dir='ltr'>παραδόσεως,</span> <span class='ocrx_word' id='word_1_628' title='bbox 2957 4332 3065 4386; x_wconf 75' lang='grc' dir='ltr'><strong>ἀπὸ</strong></span> <span class='ocrx_word' id='word_1_629' title='bbox 3121 4332 3220 4404; x_wconf 77' lang='grc' dir='ltr'>τῆς</span> <span class='ocrx_word' id='word_1_630' title='bbox 3262 4333 3731 4404; x_wconf 74' lang='grc' dir='ltr'>προφητευθείσης</span> 
     </span>
    </p>
   </div>
   <div class='ocr_carea' id='block_1_91' title="bbox 2155 4421 3728 4497">
    <p class='ocr_par' dir='ltr' id='par_1_91' title="bbox 2155 4421 3728 4497">
     <span class='ocr_line' id='line_1_91' title="bbox 2155 4421 3728 4497; baseline 0.004 -26"><span class='ocrx_word' id='word_1_631' title='bbox 2155 4421 2492 4492; x_wconf 87' lang='grc' dir='ltr'>ποιησόμεθα</span> <span class='ocrx_word' id='word_1_632' title='bbox 2520 4424 2804 4491; x_wconf 86' lang='grc' dir='ltr'>γενέσεως,</span> <span class='ocrx_word' id='word_1_633' title='bbox 2831 4427 2888 4478; x_wconf 84' lang='grc' dir='ltr'><strong>ἐν</strong></span> <span class='ocrx_word' id='word_1_634' title='bbox 2923 4426 3078 4497; x_wconf 82' lang='grc' dir='ltr'>μέρει</span> <span class='ocrx_word' id='word_1_635' title='bbox 3110 4425 3203 4480; x_wconf 75' lang='grc' dir='ltr'>καὶ</span> <span class='ocrx_word' id='word_1_636' title='bbox 3235 4423 3304 4479; x_wconf 72' lang='grc' dir='ltr'><strong>τὰ</strong></span> <span class='ocrx_word' id='word_1_637' title='bbox 3337 4425 3450 4477; x_wconf 81' lang='grc' dir='ltr'><strong>τῶν</strong></span> <span class='ocrx_word' id='word_1_638' title='bbox 3487 4425 3728 4497; x_wconf 76' lang='grc' dir='ltr'>ἑτεροδό-</span> 
     </span>
    </p>
   </div>
   <div class='ocr_carea' id='block_1_92' title="bbox 481 4501 2037 4588">
    <p class='ocr_par' dir='ltr' id='par_1_92' title="bbox 481 4501 2037 4580">
     <span class='ocr_line' id='line_1_92' title="bbox 481 4501 2037 4580; baseline 0.008 -28"><span class='ocrx_word' id='word_1_639' title='bbox 481 4501 807 4570; x_wconf 81' lang='lat' dir='ltr'><strong>principium</strong></span> <span class='ocrx_word' id='word_1_640' title='bbox 851 4520 880 4557; x_wconf 90' lang='lat' dir='ltr'><strong>a</strong></span> <span class='ocrx_word' id='word_1_641' title='bbox 911 4507 1186 4559; x_wconf 79' lang='lat' dir='ltr'><strong>creatione</strong></span> <span class='ocrx_word' id='word_1_642' title='bbox 1207 4548 1222 4571; x_wconf 92' lang='lat'><strong>,</strong></span> <span class='ocrx_word' id='word_1_643' title='bbox 1253 4522 1376 4576; x_wconf 71' lang='lat' dir='ltr'><strong>qum</strong></span> <span class='ocrx_word' id='word_1_644' title='bbox 1407 4525 1437 4562; x_wconf 89' lang='lat' dir='ltr'><strong>a</strong></span> <span class='ocrx_word' id='word_1_645' title='bbox 1475 4511 1751 4579; x_wconf 86' lang='lat' dir='ltr'><strong>prophetis</strong></span> <span class='ocrx_word' id='word_1_646' title='bbox 1777 4511 2037 4580; x_wconf 71' lang='lat' dir='ltr'><strong>descripta</strong></span> 
     </span>
    </p>
   </div>
   <div class='ocr_carea' id='block_1_93' title="bbox 2143 4501 3731 4588">
    <p class='ocr_par' dir='ltr' id='par_1_93' title="bbox 2154 4513 3731 4588">
     <span class='ocr_line' id='line_1_93' title="bbox 2154 4513 3731 4588; baseline 0.001 -21"><span class='ocrx_word' id='word_1_647' title='bbox 2154 4513 2258 4578; x_wconf 79' lang='grc' dir='ltr'><strong>ξων</strong></span> <span class='ocrx_word' id='word_1_648' title='bbox 2289 4515 2746 4588; x_wconf 89' lang='grc' dir='ltr'>παρατιθέμενοι,</span> <span class='ocrx_word' id='word_1_649' title='bbox 2777 4519 2869 4570; x_wconf 74' lang='grc' dir='ltr'><strong>καὶ</strong></span> <span class='ocrx_word' id='word_1_650' title='bbox 2904 4519 2980 4582; x_wconf 86' lang='grc' dir='ltr'><strong>ὡς</strong></span> <span class='ocrx_word' id='word_1_651' title='bbox 3013 4513 3123 4571; x_wconf 70' lang='grc' dir='ltr'>οἶόν</span> <span class='ocrx_word' id='word_1_652' title='bbox 3154 4534 3211 4570; x_wconf 89' lang='grc' dir='ltr'><strong>τε</strong></span> <span class='ocrx_word' id='word_1_653' title='bbox 3258 4518 3388 4588; x_wconf 79' lang='grc' dir='ltr'>ἡμῖν</span> <span class='ocrx_word' id='word_1_654' title='bbox 3422 4517 3731 4570; x_wconf 75' lang='grc' dir='ltr'>διαλύεσθαι</span> 
     </span>
    </p>
   </div>
   <div class='ocr_carea' id='block_1_94' title="bbox 478 4593 2050 4674">
    <p class='ocr_par' dir='ltr' id='par_1_94' title="bbox 478 4593 2050 4674">
     <span class='ocr_line' id='line_1_94' title="bbox 478 4593 2050 4674; baseline 0.009 -30"><span class='ocrx_word' id='word_1_655' title='bbox 478 4600 598 4654; x_wconf 58' lang='lat' dir='ltr'><strong>cst,</strong></span> <span class='ocrx_word' id='word_1_656' title='bbox 641 4593 940 4661; x_wconf 90' lang='lat' dir='ltr'><strong>ducemus,</strong></span> <span class='ocrx_word' id='word_1_657' title='bbox 993 4598 1436 4655; x_wconf 88' lang='lat' dir='ltr'><strong>intermiscentes</strong></span> <span class='ocrx_word' id='word_1_658' title='bbox 1485 4617 1877 4672; x_wconf 88' lang='lat' dir='ltr'><strong>nonnunquam</strong></span> <span class='ocrx_word' id='word_1_659' title='bbox 1929 4619 2050 4674; x_wconf 61' lang='lat' dir='ltr'><strong>quae</strong></span> 
     </span>
    </p>
   </div>
   <div class='ocr_carea' id='block_1_95' title="bbox 480 4684 2051 4764">
    <p class='ocr_par' dir='ltr' id='par_1_95' title="bbox 480 4684 2051 4764">
     <span class='ocr_line' id='line_1_95' title="bbox 480 4684 2051 4764; baseline 0.01 -28"><span class='ocrx_word' id='word_1_660' title='bbox 480 4684 550 4736; x_wconf 81' lang='lat' dir='ltr'><strong>ab</strong></span> <span class='ocrx_word' id='word_1_661' title='bbox 589 4685 689 4751; x_wconf 90' lang='lat' dir='ltr'><strong>iis,</strong></span> <span class='ocrx_word' id='word_1_662' title='bbox 719 4687 813 4755; x_wconf 93' lang='lat' dir='ltr'><strong>qui</strong></span> <span class='ocrx_word' id='word_1_663' title='bbox 845 4687 1062 4744; x_wconf 88' lang='lat' dir='ltr'><strong>diversa</strong></span> <span class='ocrx_word' id='word_1_664' title='bbox 1099 4692 1374 4759; x_wconf 89' lang='lat' dir='ltr'><strong>sentiunt,</strong></span> <span class='ocrx_word' id='word_1_665' title='bbox 1411 4693 1689 4760; x_wconf 89' lang='lat' dir='ltr'><strong>dicuntur,</strong></span> <span class='ocrx_word' id='word_1_666' title='bbox 1727 4703 1814 4761; x_wconf 90' lang='lat' dir='ltr'><strong>et,</strong></span> <span class='ocrx_word' id='word_1_667' title='bbox 1867 4697 2051 4764; x_wconf 90' lang='lat' dir='ltr'><strong>quoad</strong></span> 
     </span>
    </p>
   </div>
   <div class='ocr_carea' id='block_1_96' title="bbox 480 4774 2050 4853">
    <p class='ocr_par' dir='ltr' id='par_1_96' title="bbox 480 4774 2050 4853">
     <span class='ocr_line' id='line_1_96' title="bbox 480 4774 2050 4853; baseline 0.009 -28"><span class='ocrx_word' id='word_1_668' title='bbox 480 4790 511 4825; x_wconf 71' lang='lat'><strong>.1</strong></span> <span class='ocrx_word' id='word_1_669' title='bbox 545 4774 704 4828; x_wconf 89' lang='lat' dir='ltr'><strong>nobis</strong></span> <span class='ocrx_word' id='word_1_670' title='bbox 737 4775 854 4830; x_wconf 87' lang='lat' dir='ltr'><strong>licri</strong></span> <span class='ocrx_word' id='word_1_671' title='bbox 889 4780 1120 4847; x_wconf 88' lang='lat' dir='ltr'><strong>poterit,</strong></span> <span class='ocrx_word' id='word_1_672' title='bbox 1145 4780 1527 4836; x_wconf 87' lang='lat' dir='ltr'><strong>dissolvcntcs.</strong></span> <span class='ocrx_word' id='word_1_673' title='bbox 1555 4781 1660 4836; x_wconf 90' lang='lat' dir='ltr'><strong>Sed</strong></span> <span class='ocrx_word' id='word_1_674' title='bbox 1688 4784 1804 4838; x_wconf 73' lang='lat' dir='ltr'><strong>haec</strong></span> <span class='ocrx_word' id='word_1_675' title='bbox 1830 4785 2050 4853; x_wconf 90' lang='lat' dir='ltr'><strong>quidem</strong></span> 
     </span>
    </p>
   </div>
   <div class='ocr_carea' id='block_1_97' title="bbox 482 4866 2051 4943">
    <p class='ocr_par' dir='ltr' id='par_1_97' title="bbox 482 4866 2051 4943">
     <span class='ocr_line' id='line_1_97' title="bbox 482 4866 2051 4943; baseline 0.01 -29"><span class='ocrx_word' id='word_1_676' title='bbox 482 4878 612 4917; x_wconf 78' lang='lat' dir='ltr'><strong>mox</strong></span> <span class='ocrx_word' id='word_1_677' title='bbox 649 4866 979 4936; x_wconf 80' lang='lat' dir='ltr'><strong>scribentur,</strong></span> <span class='ocrx_word' id='word_1_678' title='bbox 1020 4869 1067 4923; x_wconf 92' lang='lat' dir='ltr'><strong>si</strong></span> <span class='ocrx_word' id='word_1_679' title='bbox 1099 4868 1243 4924; x_wconf 86' lang='lat' dir='ltr'><strong>Deus</strong></span> <span class='ocrx_word' id='word_1_680' title='bbox 1275 4871 1438 4939; x_wconf 85' lang='lat' dir='ltr'><strong>velit,</strong></span> <span class='ocrx_word' id='word_1_681' title='bbox 1481 4881 1535 4926; x_wconf 88' lang='lat' dir='ltr'><strong>et</strong></span> <span class='ocrx_word' id='word_1_682' title='bbox 1583 4873 2051 4943; x_wconf 88' lang='lat' dir='ltr'><strong>quemadmodum</strong></span> 
     </span>
    </p>
   </div>
   <div class='ocr_carea' id='block_1_98' title="bbox 2158 4605 3730 4682">
    <p class='ocr_par' dir='ltr' id='par_1_98' title="bbox 2158 4605 3730 4682">
     <span class='ocr_line' id='line_1_98' title="bbox 2158 4605 3730 4682; baseline 0.001 -23"><span class='ocrx_word' id='word_1_683' title='bbox 2158 4605 2504 4679; x_wconf 87' lang='grc' dir='ltr'>πειρώμενοι.</span> <span class='ocrx_word' id='word_1_684' title='bbox 2545 4608 2702 4663; x_wconf 86' lang='grc' dir='ltr'>Ἀλλά</span> <span class='ocrx_word' id='word_1_685' title='bbox 2721 4609 2898 4681; x_wconf 80' lang='grc' dir='ltr'>γὰρτὸ</span> <span class='ocrx_word' id='word_1_686' title='bbox 2927 4613 3027 4682; x_wconf 84' lang='grc' dir='ltr'><strong>μὲν</strong></span> <span class='ocrx_word' id='word_1_687' title='bbox 3051 4610 3404 4682; x_wconf 76' lang='grc' dir='ltr'>γεγράψεται,</span> <span class='ocrx_word' id='word_1_688' title='bbox 3428 4610 3496 4682; x_wconf 82' lang='grc' dir='ltr'>ἦν</span> <span class='ocrx_word' id='word_1_689' title='bbox 3517 4609 3651 4673; x_wconf 82' lang='grc' dir='ltr'>Θεός</span> <span class='ocrx_word' id='word_1_690' title='bbox 3671 4625 3730 4678; x_wconf 81' lang='grc' dir='ltr'><strong>γε</strong></span> 
     </span>
    </p>
   </div>
   <div class='ocr_carea' id='block_1_99' title="bbox 2157 4695 3732 4776">
    <p class='ocr_par' dir='ltr' id='par_1_99' title="bbox 2157 4695 3732 4776">
     <span class='ocr_line' id='line_1_99' title="bbox 2157 4695 3732 4776; baseline 0.003 -27"><span class='ocrx_word' id='word_1_691' title='bbox 2157 4695 2313 4770; x_wconf 79' lang='grc' dir='ltr'>ἐθέλῃ</span> <span class='ocrx_word' id='word_1_692' title='bbox 2338 4739 2353 4762; x_wconf 92' lang='grc'><strong>,</strong></span> <span class='ocrx_word' id='word_1_693' title='bbox 2409 4700 2504 4753; x_wconf 56' lang='grc' dir='ltr'><strong>καὶ⁹</strong></span> <span class='ocrx_word' id='word_1_694' title='bbox 2551 4700 2698 4764; x_wconf 83' lang='grc' dir='ltr'>ὅπως</span> <span class='ocrx_word' id='word_1_695' title='bbox 2727 4700 2793 4755; x_wconf 83' lang='grc' dir='ltr'>ἂν</span> <span class='ocrx_word' id='word_1_696' title='bbox 2831 4703 3075 4776; x_wconf 82' lang='grc' dir='ltr'>ἐμπνέῃ·</span> <span class='ocrx_word' id='word_1_697' title='bbox 3121 4703 3238 4756; x_wconf 71' lang='grc' dir='ltr'>νυνὶ</span> <span class='ocrx_word' id='word_1_698' title='bbox 3269 4702 3326 4755; x_wconf 81' lang='grc' dir='ltr'>δὲ</span> <span class='ocrx_word' id='word_1_699' title='bbox 3368 4703 3461 4755; x_wconf 76' lang='grc' dir='ltr'>ἐπὶ</span> <span class='ocrx_word' id='word_1_700' title='bbox 3499 4702 3561 4755; x_wconf 78' lang='grc' dir='ltr'>τὸ</span> <span class='ocrx_word' id='word_1_701' title='bbox 3606 4719 3732 4773; x_wconf 85' lang='grc' dir='ltr'>προ-</span> 
     </span>
    </p>
   </div>
   <div class='ocr_carea' id='block_1_100' title="bbox 2157 4789 3733 4866">
    <p class='ocr_par' dir='ltr' id='par_1_100' title="bbox 2157 4789 3733 4866">
     <span class='ocr_line' id='line_1_100' title="bbox 2157 4789 3733 4866; baseline 0.004 -25"><span class='ocrx_word' id='word_1_702' title='bbox 2157 4789 2409 4860; x_wconf 89' lang='grc' dir='ltr'>κείμενον</span> <span class='ocrx_word' id='word_1_703' title='bbox 2458 4792 2730 4862; x_wconf 88' lang='grc' dir='ltr'>μετιτέον,</span> <span class='ocrx_word' id='word_1_704' title='bbox 2774 4794 2868 4849; x_wconf 78' lang='grc' dir='ltr'><strong>καὶ</strong></span> <span class='ocrx_word' id='word_1_705' title='bbox 2916 4794 3008 4848; x_wconf 79' lang='grc' dir='ltr'><strong>τὸν</strong></span> <span class='ocrx_word' id='word_1_706' title='bbox 3064 4794 3250 4864; x_wconf 75' lang='grc' dir='ltr'>ἠθικὸν</span> <span class='ocrx_word' id='word_1_707' title='bbox 3308 4794 3733 4866; x_wconf 79' lang='grc' dir='ltr'>ἀποπληρωτὲσν</span> 
     </span>
    </p>
   </div>
   <div class='ocr_carea' id='block_1_101' title="bbox 2159 4879 2334 4950">
    <p class='ocr_par' dir='ltr' id='par_1_101' title="bbox 2159 4879 2334 4950">
     <span class='ocr_line' id='line_1_101' title="bbox 2159 4879 2334 4950; baseline 0.017 -17"><span class='ocrx_word' id='word_1_708' title='bbox 2159 4879 2334 4950; x_wconf 89' lang='grc' dir='ltr'>λόγον.</span> 
     </span>
    </p>
   </div>
   <div class='ocr_carea' id='block_1_102' title="bbox 482 4959 3728 5051">
    <p class='ocr_par' dir='ltr' id='par_1_102' title="bbox 482 4959 3728 5051">
     <span class='ocr_line' id='line_1_102' title="bbox 482 4959 3728 5051; baseline 0.007 -39"><span class='ocrx_word' id='word_1_709' title='bbox 482 4959 573 5013; x_wconf 89' lang='lat' dir='ltr'><strong>ille</strong></span> <span class='ocrx_word' id='word_1_710' title='bbox 605 4961 993 5032; x_wconf 86' lang='lat' dir='ltr'><strong>inspiraverit:</strong></span> <span class='ocrx_word' id='word_1_711' title='bbox 1032 4982 1178 5022; x_wconf 89' lang='lat' dir='ltr'><strong>nunc</strong></span> <span class='ocrx_word' id='word_1_712' title='bbox 1204 4975 1386 5021; x_wconf 86' lang='lat' dir='ltr'><strong>autem</strong></span> <span class='ocrx_word' id='word_1_713' title='bbox 1414 4969 1836 5038; x_wconf 74' lang='lat' dir='ltr'><strong>aggrediendum</strong></span> <span class='ocrx_word' id='word_1_714' title='bbox 1861 4979 1946 5027; x_wconf 88' lang='lat' dir='ltr'><strong>est</strong></span> <span class='ocrx_word' id='word_1_715' title='bbox 1992 4972 2045 5027; x_wconf 92' lang='lat' dir='ltr'><strong>id</strong></span> <span class='ocrx_word' id='word_1_716' title='bbox 2076 5014 2094 5043; x_wconf 91' lang='lat'><strong>,</strong></span> <span class='ocrx_word' id='word_1_717' title='bbox 2135 4977 2279 5047; x_wconf 89' lang='lat' dir='ltr'><strong>quod</strong></span> <span class='ocrx_word' id='word_1_718' title='bbox 2330 4977 2434 5034; x_wconf 80' lang='lat' dir='ltr'><strong>fuit</strong></span> <span class='ocrx_word' id='word_1_719' title='bbox 2473 4979 2849 5050; x_wconf 89' lang='lat' dir='ltr'><strong>propositum,</strong></span> <span class='ocrx_word' id='word_1_720' title='bbox 2887 4990 2942 5038; x_wconf 88' lang='lat' dir='ltr'><strong>et</strong></span> <span class='ocrx_word' id='word_1_721' title='bbox 2999 4980 3327 5038; x_wconf 86' lang='lat' dir='ltr'><strong>absolvenda</strong></span> <span class='ocrx_word' id='word_1_722' title='bbox 3362 4995 3427 5036; x_wconf 91' lang='lat' dir='ltr'><strong>ea</strong></span> <span class='ocrx_word' id='word_1_723' title='bbox 3451 5023 3467 5049; x_wconf 93' lang='lat'><strong>,</strong></span> <span class='ocrx_word' id='word_1_724' title='bbox 3509 4995 3631 5051; x_wconf 68' lang='lat' dir='ltr'><strong>quae</strong></span> <span class='ocrx_word' id='word_1_725' title='bbox 3665 4977 3728 5034; x_wconf 83' lang='lat' dir='ltr'><strong>ad</strong></span> 
     </span>
    </p>
   </div>
   <div class='ocr_carea' id='block_1_103' title="bbox 480 5059 1184 5126">
    <p class='ocr_par' dir='ltr' id='par_1_103' title="bbox 480 5059 1184 5126">
     <span class='ocr_line' id='line_1_103' title="bbox 480 5059 1184 5126; baseline 0.01 -18"><span class='ocrx_word' id='word_1_726' title='bbox 480 5069 662 5111; x_wconf 89' lang='lat' dir='ltr'><strong>mores</strong></span> <span class='ocrx_word' id='word_1_727' title='bbox 689 5059 954 5126; x_wconf 86' lang='lat' dir='ltr'><strong>pertinet,</strong></span> <span class='ocrx_word' id='word_1_728' title='bbox 988 5061 1184 5115; x_wconf 87' lang='lat' dir='ltr'><strong>oratio.</strong></span> 
     </span>
    </p>
   </div>
   <div class='ocr_carea' id='block_1_104' title="bbox 553 5151 2192 5224">
    <p class='ocr_par' dir='ltr' id='par_1_104' title="bbox 553 5151 2192 5224">
     <span class='ocr_line' id='line_1_104' title="bbox 553 5151 2192 5224; baseline 0.009 -21"><span class='ocrx_word' id='word_1_729' title='bbox 553 5155 613 5214; x_wconf 62' lang='grc' dir='ltr'><strong>ᾖ(</strong></span> <span class='ocrx_word' id='word_1_730' title='bbox 657 5151 720 5205; x_wconf 87' lang='grc' dir='ltr'><strong>Ρ.</strong></span> <span class='ocrx_word' id='word_1_731' title='bbox 763 5153 1006 5210; x_wconf 75' lang='grc'><strong>565-564</strong></span> <span class='ocrx_word' id='word_1_732' title='bbox 1042 5155 1148 5211; x_wconf 88' lang='lat' dir='ltr'><strong>ED.</strong></span> <span class='ocrx_word' id='word_1_733' title='bbox 1191 5155 1503 5224; x_wconf 83' lang='lat' dir='ltr'><strong>POTTER,</strong></span> <span class='ocrx_word' id='word_1_734' title='bbox 1543 5158 1785 5215; x_wconf 57' lang='lat'><strong>474-475</strong></span> <span class='ocrx_word' id='word_1_735' title='bbox 1823 5159 1932 5216; x_wconf 81' lang='grc' dir='ltr'><strong>ΕΙ).</strong></span> <span class='ocrx_word' id='word_1_736' title='bbox 1969 5161 2192 5218; x_wconf 82' lang='lat' dir='ltr'><strong>PARlS.</strong></span> 
     </span>
    </p>
   </div>
   <div class='ocr_carea' id='block_1_105' title="bbox 555 5248 2057 5326">
    <p class='ocr_par' dir='ltr' id='par_1_105' title="bbox 555 5248 2057 5326">
     <span class='ocr_line' id='line_1_105' title="bbox 555 5248 2057 5326; baseline 0.003 -17"><span class='ocrx_word' id='word_1_737' title='bbox 555 5248 929 5326; x_wconf 14' lang='grc' dir='ltr'>ί79-ὶᾲρερίγτε</span> <span class='ocrx_word' id='word_1_738' title='bbox 946 5255 1228 5326; x_wconf 55' lang='grc' dir='ltr'>πίστεως.</span> <span class='ocrx_word' id='word_1_739' title='bbox 1275 5253 1436 5310; x_wconf 71' lang='grc' dir='ltr'><strong>(ἰοηΐ.</strong></span> <span class='ocrx_word' id='word_1_740' title='bbox 1469 5272 1524 5326; x_wconf 91' lang='lat' dir='ltr'><strong>p.</strong></span> <span class='ocrx_word' id='word_1_741' title='bbox 1551 5255 1654 5312; x_wconf 72' lang='grc'><strong>497</strong></span> <span class='ocrx_word' id='word_1_742' title='bbox 1674 5297 1689 5324; x_wconf 90' lang='grc'><strong>,</strong></span> <span class='ocrx_word' id='word_1_743' title='bbox 1715 5255 1842 5324; x_wconf 86' lang='grc'>500,</span> <span class='ocrx_word' id='word_1_744' title='bbox 1877 5257 1974 5313; x_wconf 74' lang='grc'><strong>521</strong></span> <span class='ocrx_word' id='word_1_745' title='bbox 2001 5269 2057 5314; x_wconf 77' lang='grc' dir='ltr'>οι</span> 
     </span>
    </p>
   </div>
   <div class='ocr_carea' id='block_1_106' title="bbox 481 5316 1403 5385">
    <p class='ocr_par' dir='ltr' id='par_1_106' title="bbox 481 5316 1403 5385">
     <span class='ocr_line' id='line_1_106' title="bbox 481 5316 1403 5385; baseline 0.009 -13"><span class='ocrx_word' id='word_1_746' title='bbox 481 5316 608 5383; x_wconf 73' lang='lat'><strong>525,</strong></span> <span class='ocrx_word' id='word_1_747' title='bbox 640 5316 922 5385; x_wconf 55' lang='lat' dir='ltr'><strong>527,&#39;edit.</strong></span> <span class='ocrx_word' id='word_1_748' title='bbox 946 5323 1118 5379; x_wconf 88' lang='lat' dir='ltr'><strong>Paris.</strong></span> <span class='ocrx_word' id='word_1_749' title='bbox 1147 5316 1403 5380; x_wconf 47' lang='lat' dir='ltr'><strong>G&#39;nselus.</strong></span> 
     </span>
    </p>
   </div>
   <div class='ocr_carea' id='block_1_107' title="bbox 557 5391 1834 5462">
    <p class='ocr_par' dir='ltr' id='par_1_107' title="bbox 557 5391 1834 5462">
     <span class='ocr_line' id='line_1_107' title="bbox 557 5391 1834 5462; baseline 0.005 -17"><span class='ocrx_word' id='word_1_750' title='bbox 557 5393 667 5462; x_wconf 80' lang='lat'><strong>(80)</strong></span> <span class='ocrx_word' id='word_1_751' title='bbox 710 5391 778 5445; x_wconf 83' lang='grc' dir='ltr'><em>Τὸ</em></span> <span class='ocrx_word' id='word_1_752' title='bbox 810 5394 1182 5462; x_wconf 78' lang='grc' dir='ltr'>συμϐολικὸν</span> <span class='ocrx_word' id='word_1_753' title='bbox 1213 5391 1392 5462; x_wconf 76' lang='grc' dir='ltr'>εῖδος.</span> <span class='ocrx_word' id='word_1_754' title='bbox 1420 5395 1538 5450; x_wconf 86' lang='lat' dir='ltr'><strong>Lib.</strong></span> <span class='ocrx_word' id='word_1_755' title='bbox 1567 5413 1620 5450; x_wconf 88' lang='lat' dir='ltr'><strong>v.</strong></span> <span class='ocrx_word' id='word_1_756' title='bbox 1667 5395 1834 5451; x_wconf 74' lang='lat' dir='ltr'><strong>GRAB.</strong></span> 
     </span>
    </p>
   </div>
   <div class='ocr_carea' id='block_1_108' title="bbox 556 5463 2054 5539">
    <p class='ocr_par' dir='ltr' id='par_1_108' title="bbox 556 5463 2054 5539">
     <span class='ocr_line' id='line_1_108' title="bbox 556 5463 2054 5539; baseline 0.003 -23"><span class='ocrx_word' id='word_1_757' title='bbox 556 5463 638 5539; x_wconf 67' lang='grc' dir='ltr'><strong>(ιη</strong></span> <span class='ocrx_word' id='word_1_758' title='bbox 654 5463 670 5530; x_wconf 90' lang='grc'>)</span> <span class='ocrx_word' id='word_1_759' title='bbox 687 5464 1530 5539; x_wconf 20' lang='grc' dir='ltr'><strong>Προυεμὲνρυᾳς.,Αεριιδηπροθε</strong></span> <span class='ocrx_word' id='word_1_760' title='bbox 1538 5466 1730 5539; x_wconf 76' lang='grc' dir='ltr'>μένους</span> <span class='ocrx_word' id='word_1_761' title='bbox 1755 5468 1853 5536; x_wconf 91' lang='lat' dir='ltr'><strong>(sc.</strong></span> <span class='ocrx_word' id='word_1_762' title='bbox 1883 5468 2054 5539; x_wconf 83' lang='grc' dir='ltr'>ἡμᾶς)</span> 
     </span>
    </p>
   </div>
   <div class='ocr_carea' id='block_1_109' title="bbox 483 5533 2052 5606">
    <p class='ocr_par' dir='ltr' id='par_1_109' title="bbox 483 5533 2052 5606">
     <span class='ocr_line' id='line_1_109' title="bbox 483 5533 2052 5606; baseline 0.005 -22"><span class='ocrx_word' id='word_1_763' title='bbox 483 5534 690 5606; x_wconf 79' lang='lat' dir='ltr'><strong>regitur</strong></span> <span class='ocrx_word' id='word_1_764' title='bbox 729 5549 759 5586; x_wconf 89' lang='lat' dir='ltr'><strong>a</strong></span> <span class='ocrx_word' id='word_1_765' title='bbox 793 5533 957 5586; x_wconf 84' lang='lat' dir='ltr'><strong>verbo</strong></span> <span class='ocrx_word' id='word_1_766' title='bbox 979 5533 1182 5587; x_wconf 82' lang='lat' dir='ltr'><strong>inlinit.</strong></span> <span class='ocrx_word' id='word_1_767' title='bbox 1216 5533 1552 5606; x_wconf 68' lang='grc' dir='ltr'>περιλαϐεἴνξ</span> <span class='ocrx_word' id='word_1_768' title='bbox 1585 5535 1688 5590; x_wconf 86' lang='lat' dir='ltr'><strong>Ubi</strong></span> <span class='ocrx_word' id='word_1_769' title='bbox 1715 5533 1877 5591; x_wconf 82' lang='lat' dir='ltr'><strong>etiam</strong></span> <span class='ocrx_word' id='word_1_770' title='bbox 1903 5533 2052 5605; x_wconf 71' lang='lat' dir='ltr'><strong>nota,</strong></span> 
     </span>
    </p>
   </div>
   <div class='ocr_carea' id='block_1_110' title="bbox 486 5604 2052 5678">
    <p class='ocr_par' dir='ltr' id='par_1_110' title="bbox 486 5604 2052 5678">
     <span class='ocr_line' id='line_1_110' title="bbox 486 5604 2052 5678; baseline 0.006 -27"><span class='ocrx_word' id='word_1_771' title='bbox 486 5604 727 5656; x_wconf 79' lang='lat' dir='ltr'><strong>medium</strong></span> <span class='ocrx_word' id='word_1_772' title='bbox 771 5615 825 5657; x_wconf 91' lang='lat' dir='ltr'><strong>et</strong></span> <span class='ocrx_word' id='word_1_773' title='bbox 854 5613 1160 5678; x_wconf 82' lang='lat' dir='ltr'><strong>extremum</strong></span> <span class='ocrx_word' id='word_1_774' title='bbox 1209 5604 1476 5678; x_wconf 80' lang='lat' dir='ltr'><strong>cujusque</strong></span> <span class='ocrx_word' id='word_1_775' title='bbox 1514 5606 1920 5678; x_wconf 45' lang='lat' dir='ltr'><strong>Erpwpazéwg</strong></span> <span class='ocrx_word' id='word_1_776' title='bbox 1941 5623 2052 5662; x_wconf 87' lang='lat' dir='ltr'><strong>non</strong></span> 
     </span>
    </p>
   </div>
   <div class='ocr_carea' id='block_1_111' title="bbox 487 5675 2045 5743">
    <p class='ocr_par' dir='ltr' id='par_1_111' title="bbox 487 5675 2045 5743">
     <span class='ocr_line' id='line_1_111' title="bbox 487 5675 2045 5743; baseline 0.006 -19"><span class='ocrx_word' id='word_1_777' title='bbox 487 5683 603 5725; x_wconf 69' lang='lat' dir='ltr'><strong>sem</strong></span> <span class='ocrx_word' id='word_1_778' title='bbox 611 5687 706 5743; x_wconf 85' lang='lat' dir='ltr'><strong>per</strong></span> <span class='ocrx_word' id='word_1_779' title='bbox 718 5675 1102 5743; x_wconf 83' lang='lat' dir='ltr'><strong>propositioni,</strong></span> <span class='ocrx_word' id='word_1_780' title='bbox 1119 5689 1214 5729; x_wconf 93' lang='lat' dir='ltr'><strong>seu</strong></span> <span class='ocrx_word' id='word_1_781' title='bbox 1245 5677 1510 5743; x_wconf 64' lang='lat' dir='ltr'><strong>prooemio</strong></span> <span class='ocrx_word' id='word_1_782' title='bbox 1523 5675 1873 5743; x_wconf 68' lang='lat' dir='ltr'><strong>reépdndere.</strong></span> <span class='ocrx_word' id='word_1_783' title='bbox 1890 5676 2045 5734; x_wconf 70' lang='lat' dir='ltr'><strong>Sun.</strong></span> 
     </span>
    </p>
   </div>
   <div class='ocr_carea' id='block_1_112' title="bbox 559 5741 2060 5813">
    <p class='ocr_par' dir='ltr' id='par_1_112' title="bbox 559 5741 2060 5813">
     <span class='ocr_line' id='line_1_112' title="bbox 559 5741 2060 5813; baseline 0.005 -18"><span class='ocrx_word' id='word_1_784' title='bbox 559 5742 674 5810; x_wconf 67' lang='lat'><strong>(82)</strong></span> <span class='ocrx_word' id='word_1_785' title='bbox 732 5741 808 5796; x_wconf 88' lang='grc' dir='ltr'><em>Τὰ</em></span> <span class='ocrx_word' id='word_1_786' title='bbox 832 5744 965 5813; x_wconf 82' lang='grc' dir='ltr'>περὶ</span> <span class='ocrx_word' id='word_1_787' title='bbox 993 5741 1358 5812; x_wconf 63' lang='grc' dir='ltr'>προφητείας</span> <span class='ocrx_word' id='word_1_788' title='bbox 1404 5762 1466 5799; x_wconf 83' lang='grc' dir='ltr'>π.</span> <span class='ocrx_word' id='word_1_789' title='bbox 1511 5745 1564 5799; x_wconf 82' lang='grc' dir='ltr'>δ.</span> <span class='ocrx_word' id='word_1_790' title='bbox 1600 5741 1679 5802; x_wconf 75' lang='lat' dir='ltr'><strong>An</strong></span> <span class='ocrx_word' id='word_1_791' title='bbox 1714 5746 1838 5804; x_wconf 90' lang='lat' dir='ltr'><strong>hinc</strong></span> <span class='ocrx_word' id='word_1_792' title='bbox 1880 5747 2060 5804; x_wconf 81' lang='grc' dir='ltr'>Ἐκλο-</span> 
     </span>
    </p>
   </div>
   <div class='ocr_carea' id='block_1_113' title="bbox 489 5814 1527 5886">
    <p class='ocr_par' dir='ltr' id='par_1_113' title="bbox 489 5814 1527 5886">
     <span class='ocr_line' id='line_1_113' title="bbox 489 5814 1527 5886; baseline 0.007 -20"><span class='ocrx_word' id='word_1_793' title='bbox 489 5814 585 5882; x_wconf 74' lang='grc' dir='ltr'>γαὶ</span> <span class='ocrx_word' id='word_1_794' title='bbox 636 5814 698 5867; x_wconf 81' lang='grc' dir='ltr'><strong>ἐκ</strong></span> <span class='ocrx_word' id='word_1_795' title='bbox 724 5829 832 5866; x_wconf 74' lang='grc' dir='ltr'><strong>των</strong></span> <span class='ocrx_word' id='word_1_796' title='bbox 860 5814 1243 5886; x_wconf 67' lang='grc' dir='ltr'>προφητικῶν;</span> <span class='ocrx_word' id='word_1_797' title='bbox 1274 5815 1527 5872; x_wconf 72' lang='lat' dir='ltr'><strong>Caunus.</strong></span> 
     </span>
    </p>
   </div>
   <div class='ocr_carea' id='block_1_114' title="bbox 2233 5257 3723 5330">
    <p class='ocr_par' dir='ltr' id='par_1_114' title="bbox 2233 5257 3723 5330">
     <span class='ocr_line' id='line_1_114' title="bbox 2233 5257 3723 5330; baseline 0.001 -16"><span class='ocrx_word' id='word_1_798' title='bbox 2233 5258 2345 5329; x_wconf 81' lang='grc'><strong>(85)</strong></span> <span class='ocrx_word' id='word_1_799' title='bbox 2390 5257 2531 5330; x_wconf 8' lang='grc' dir='ltr'><strong>Τῶν,</strong></span> <span class='ocrx_word' id='word_1_800' title='bbox 2562 5261 3012 5330; x_wconf 63' lang='grc' dir='ltr'>προλεγομένων</span> <span class='ocrx_word' id='word_1_801' title='bbox 3038 5259 3415 5330; x_wconf 15' lang='grc' dir='ltr'>ᾼόςρείλεσθαιί</span> <span class='ocrx_word' id='word_1_802' title='bbox 3463 5257 3576 5326; x_wconf 81' lang='grc' dir='ltr'>τῆς</span> <span class='ocrx_word' id='word_1_803' title='bbox 3631 5261 3723 5316; x_wconf 60' lang='grc' dir='ltr'><strong>ἀλ.</strong></span> 
     </span>
    </p>
   </div>
   <div class='ocr_carea' id='block_1_115' title="bbox 2161 5327 3728 5400">
    <p class='ocr_par' dir='ltr' id='par_1_115' title="bbox 2161 5327 3728 5400">
     <span class='ocr_line' id='line_1_115' title="bbox 2161 5327 3728 5400; baseline 0.001 -17"><span class='ocrx_word' id='word_1_804' title='bbox 2161 5327 2358 5384; x_wconf 79' lang='lat' dir='ltr'><strong>Precul</strong></span> <span class='ocrx_word' id='word_1_805' title='bbox 2410 5329 2577 5400; x_wconf 88' lang='lat' dir='ltr'><strong>dubio</strong></span> <span class='ocrx_word' id='word_1_806' title='bbox 2618 5327 2958 5400; x_wconf 80' lang='lat' dir='ltr'><strong>legendum,</strong></span> <span class='ocrx_word' id='word_1_807' title='bbox 2991 5327 3107 5382; x_wconf 83' lang='grc' dir='ltr'><strong>τῶν</strong></span> <span class='ocrx_word' id='word_1_808' title='bbox 3129 5329 3491 5400; x_wconf 83' lang='grc' dir='ltr'>προλέγεσθαι</span> <span class='ocrx_word' id='word_1_809' title='bbox 3525 5331 3728 5398; x_wconf 66' lang='grc' dir='ltr'><strong>ὀφειλο-</strong></span> 
     </span>
    </p>
   </div>
   <div class='ocr_carea' id='block_1_116' title="bbox 2165 5399 3726 5470">
    <p class='ocr_par' dir='ltr' id='par_1_116' title="bbox 2165 5399 3726 5470">
     <span class='ocr_line' id='line_1_116' title="bbox 2165 5399 3726 5470; baseline -0.001 -18"><span class='ocrx_word' id='word_1_810' title='bbox 2165 5400 2342 5470; x_wconf 84' lang='grc' dir='ltr'>μένων</span> <span class='ocrx_word' id='word_1_811' title='bbox 2372 5401 2471 5470; x_wconf 85' lang='grc' dir='ltr'><strong>τῆς</strong></span> <span class='ocrx_word' id='word_1_812' title='bbox 2501 5399 2777 5469; x_wconf 82' lang='grc' dir='ltr'>ἀληθείας,</span> <span class='ocrx_word' id='word_1_813' title='bbox 2810 5418 2829 5450; x_wconf 75' lang='grc' dir='ltr'><strong>ι</strong></span> <span class='ocrx_word' id='word_1_814' title='bbox 2862 5415 3073 5465; x_wconf 89' lang='lat' dir='ltr'><strong>eorum,</strong></span> <span class='ocrx_word' id='word_1_815' title='bbox 3107 5399 3229 5468; x_wconf 65' lang='lat' dir='ltr'><strong>quae</strong></span> <span class='ocrx_word' id='word_1_816' title='bbox 3269 5409 3397 5454; x_wconf 84' lang='lat' dir='ltr'><strong>ante</strong></span> <span class='ocrx_word' id='word_1_817' title='bbox 3447 5401 3726 5454; x_wconf 84' lang='lat' dir='ltr'><strong>veritatem</strong></span> 
     </span>
    </p>
   </div>
   <div class='ocr_carea' id='block_1_117' title="bbox 2161 5469 3729 5539">
    <p class='ocr_par' dir='ltr' id='par_1_117' title="bbox 2161 5469 3729 5539">
     <span class='ocr_line' id='line_1_117' title="bbox 2161 5469 3729 5539; baseline -0.001 -16"><span class='ocrx_word' id='word_1_818' title='bbox 2161 5469 2271 5523; x_wconf 91' lang='lat' dir='ltr'><strong>dici</strong></span> <span class='ocrx_word' id='word_1_819' title='bbox 2299 5469 2515 5532; x_wconf 88' lang='lat' dir='ltr'><strong>debent,</strong></span> <span class='ocrx_word' id='word_1_820' title='bbox 2542 5487 2560 5520; x_wconf 71' lang='grc' dir='ltr'><strong>ι</strong></span> <span class='ocrx_word' id='word_1_821' title='bbox 2590 5470 2930 5539; x_wconf 89' lang='lat' dir='ltr'><strong>utinterpres</strong></span> <span class='ocrx_word' id='word_1_822' title='bbox 2958 5469 3366 5539; x_wconf 87' lang='lat' dir='ltr'><strong>quoque_vertit</strong></span> <span class='ocrx_word' id='word_1_823' title='bbox 3391 5485 3405 5520; x_wconf 89' lang='lat'><strong>:</strong></span> <span class='ocrx_word' id='word_1_824' title='bbox 3436 5489 3455 5521; x_wconf 75' lang='grc' dir='ltr'><strong>ι</strong></span> <span class='ocrx_word' id='word_1_825' title='bbox 3484 5472 3729 5538; x_wconf 54' lang='lat' dir='ltr'><strong>quaedam</strong></span> 
     </span>
    </p>
   </div>
   <div class='ocr_carea' id='block_1_118' title="bbox 2157 5537 3727 5664">
    <p class='ocr_par' dir='ltr' id='par_1_118' title="bbox 2157 5537 3727 5664">
     <span class='ocr_line' id='line_1_118' title="bbox 2157 5537 3727 5664; baseline -0.002 -72"><span class='ocrx_word' id='word_1_826' title='bbox 2157 5540 2301 5664; x_wconf 69' lang='lat' dir='ltr'><strong>esnim</strong></span> <span class='ocrx_word' id='word_1_827' title='bbox 2338 5548 2464 5593; x_wconf 89' lang='lat' dir='ltr'><strong>ante</strong></span> <span class='ocrx_word' id='word_1_828' title='bbox 2497 5540 2775 5594; x_wconf 87' lang='lat' dir='ltr'><strong>veritatem</strong></span> <span class='ocrx_word' id='word_1_829' title='bbox 2808 5537 3035 5594; x_wconf 80' lang='lat' dir='ltr'><strong>omnino</strong></span> <span class='ocrx_word' id='word_1_830' title='bbox 3063 5537 3277 5609; x_wconf 68' lang='lat' dir='ltr'><strong>praefari</strong></span> <span class='ocrx_word' id='word_1_831' title='bbox 3310 5537 3539 5595; x_wconf 85' lang='lat' dir='ltr'><strong>necesse</strong></span> <span class='ocrx_word' id='word_1_832' title='bbox 3559 5548 3664 5594; x_wconf 85' lang='lat' dir='ltr'><strong>est.</strong></span> <span class='ocrx_word' id='word_1_833' title='bbox 3708 5556 3727 5589; x_wconf 75' lang='grc' dir='ltr'><strong>ι</strong></span> 
     </span>
     <span class='ocr_line' id='line_1_119' title="bbox 2205 5623 2514 5664; baseline 0.003 -1"><span class='ocrx_word' id='word_1_834' title='bbox 2205 5623 2427 5664; x_wconf 66' lang='lat' dir='ltr'><strong>resono.</strong></span> <span class='ocrx_word' id='word_1_835' title='bbox 2511 5661 2514 5664; x_wconf 82' lang='lat'><strong>.</strong></span> 
     </span>
    </p>
   </div>
   <div class='ocr_carea' id='block_1_119' title="bbox 2205 5623 2514 5664">
    <p class='ocr_par' dir='ltr' id='par_1_119' title="bbox 2205 5623 2514 5664">
     <span class='ocr_line' id='line_1_120' title="bbox 2205 5623 2514 5664; baseline 0.003 -1"><span class='ocrx_word' id='word_1_836' title='bbox 2205 5623 2427 5664; x_wconf 73' lang='grc' dir='ltr'>ηιισιισ.</span> <span class='ocrx_word' id='word_1_837' title='bbox 2511 5661 2514 5664; x_wconf 83' lang='grc'>.</span> 
     </span>
    </p>
   </div>
   <div class='ocr_carea' id='block_1_120' title="bbox 2239 5675 3334 5750">
    <p class='ocr_par' dir='ltr' id='par_1_120' title="bbox 2239 5675 3334 5750">
     <span class='ocr_line' id='line_1_121' title="bbox 2239 5675 3334 5750; baseline -0.002 -18"><span class='ocrx_word' id='word_1_838' title='bbox 2239 5679 2352 5750; x_wconf 56' lang='grc'><strong>(84)</strong></span> <span class='ocrx_word' id='word_1_839' title='bbox 2377 5679 2680 5750; x_wconf 71' lang='grc' dir='ltr'>Μέτειμεν.</span> <span class='ocrx_word' id='word_1_840' title='bbox 2709 5676 2869 5750; x_wconf 80' lang='lat' dir='ltr'><strong>Conf.</strong></span> <span class='ocrx_word' id='word_1_841' title='bbox 2905 5675 3071 5750; x_wconf 53' lang='lat' dir='ltr'><strong>inde:</strong></span> <span class='ocrx_word' id='word_1_842' title='bbox 3101 5676 3334 5750; x_wconf 48' lang='lat' dir='ltr'><strong>(irruens:</strong></span> 
     </span>
    </p>
   </div>
   <div class='ocr_carea' id='block_1_121' title="bbox 2239 5682 3717 5818">
    <p class='ocr_par' dir='ltr' id='par_1_121' title="bbox 2239 5682 3717 5818">
     <span class='ocr_line' id='line_1_122' title="bbox 2239 5682 3334 5750; baseline -0.002 -18"><span class='ocrx_word' id='word_1_843' title='bbox 2239 5682 2330 5750; x_wconf 76' lang='grc'><strong>(84</strong></span> <span class='ocrx_word' id='word_1_844' title='bbox 2377 5682 2680 5747; x_wconf 77' lang='grc' dir='ltr'>Μέτειμεν.</span> <span class='ocrx_word' id='word_1_845' title='bbox 2709 5682 2869 5733; x_wconf 83' lang='lat' dir='ltr'><strong>Conf.</strong></span> <span class='ocrx_word' id='word_1_846' title='bbox 2905 5682 3071 5733; x_wconf 73' lang='lat' dir='ltr'><strong>Index</strong></span> <span class='ocrx_word' id='word_1_847' title='bbox 3101 5682 3334 5733; x_wconf 73' lang='lat' dir='ltr'><strong>ercus.</strong></span> 
     </span>
     <span class='ocr_line' id='line_1_123' title="bbox 2239 5682 3717 5818; baseline -0.002 -15"><span class='ocrx_word' id='word_1_848' title='bbox 2239 5682 2352 5818; x_wconf 63' lang='grc' dir='ltr'><strong>(δδί</strong></span> <span class='ocrx_word' id='word_1_849' title='bbox 2395 5748 2469 5803; x_wconf 88' lang='grc' dir='ltr'><em>Τὰ</em></span> <span class='ocrx_word' id='word_1_850' title='bbox 2491 5749 2673 5816; x_wconf 82' lang='grc' dir='ltr'>μικρὰ</span> <span class='ocrx_word' id='word_1_851' title='bbox 2715 5746 2980 5818; x_wconf 15' lang='grc' dir='ltr'><strong>πρὸντῶν</strong></span> <span class='ocrx_word' id='word_1_852' title='bbox 2996 5766 3061 5816; x_wconf 84' lang='grc' dir='ltr'>μ.</span> <span class='ocrx_word' id='word_1_853' title='bbox 3106 5747 3266 5818; x_wconf 72' lang='lat' dir='ltr'><strong>conf.</strong></span> <span class='ocrx_word' id='word_1_854' title='bbox 3296 5746 3498 5802; x_wconf 76' lang='lat' dir='ltr'><strong>Strom.</strong></span> <span class='ocrx_word' id='word_1_855' title='bbox 3538 5763 3576 5810; x_wconf 86' lang='grc' dir='ltr'><strong>ι,</strong></span> <span class='ocrx_word' id='word_1_856' title='bbox 3603 5763 3717 5818; x_wconf 77' lang='lat' dir='ltr'><strong>pag.</strong></span> 
     </span>
    </p>
   </div>
   <div class='ocr_carea' id='block_1_122' title="bbox 2168 5817 3725 5889">
    <p class='ocr_par' dir='ltr' id='par_1_122' title="bbox 2168 5817 3725 5889">
     <span class='ocr_line' id='line_1_124' title="bbox 2168 5817 3725 5889; baseline 0.001 -17"><span class='ocrx_word' id='word_1_857' title='bbox 2168 5818 2295 5889; x_wconf 73' lang='lat'><strong>277,</strong></span> <span class='ocrx_word' id='word_1_858' title='bbox 2327 5817 2380 5876; x_wconf 82' lang='lat' dir='ltr'><strong>et</strong></span> <span class='ocrx_word' id='word_1_859' title='bbox 2407 5818 2604 5876; x_wconf 66' lang='lat' dir='ltr'><strong>Suom.</strong></span> <span class='ocrx_word' id='word_1_860' title='bbox 2636 5834 2710 5885; x_wconf 79' lang='lat' dir='ltr'><strong>vr,</strong></span> <span class='ocrx_word' id='word_1_861' title='bbox 2743 5834 2796 5889; x_wconf 91' lang='lat' dir='ltr'><strong>p.</strong></span> <span class='ocrx_word' id='word_1_862' title='bbox 2841 5817 2964 5885; x_wconf 77' lang='lat'><strong>582,</strong></span> <span class='ocrx_word' id='word_1_863' title='bbox 2993 5819 3122 5875; x_wconf 87' lang='lat' dir='ltr'><strong>edit.</strong></span> <span class='ocrx_word' id='word_1_864' title='bbox 3158 5817 3332 5876; x_wconf 79' lang='lat' dir='ltr'><strong>Paris.</strong></span> <span class='ocrx_word' id='word_1_865' title='bbox 3374 5828 3428 5874; x_wconf 89' lang='lat' dir='ltr'><strong>et</strong></span> <span class='ocrx_word' id='word_1_866' title='bbox 3449 5817 3725 5876; x_wconf 76' lang='lat' dir='ltr'><strong>adnotata.</strong></span> 
     </span>
    </p>
   </div>
  </div>
