3934 6582
516 361 657 418 {2'25

1648 373 2039 438 CLEMENTIS
2078 379 2553 436 ALEXANDRINI

3665 391 3773 447 im

510 489 794 546 versatur,
843 491 898 538 et
951 486 1123 542 tendit
1173 489 1242 544 ad
1275 501 1509 558 terram;
1560 496 1743 552 anima
1791 508 1970 555 autem
2021 516 2062 555 an

2192 503 2355 573 φόϐον
2397 504 2695 577 ἐδείξαμεν.
2749 507 2812 561 El
2863 508 2974 581 γὰρ
3033 527 3054 562 ι
3123 509 3212 566 διὰ
3268 510 3777 582 νόμου’ὲπίγνιοσι;

511 569 682 625 Deum
713 575 1028 645 extollitur;
1081 596 1224 649 quat‘
1251 583 1472 652 quidem
1518 601 1614 655 per
1649 603 1832 643 veram
1875 592 2087 647 erudita

507 663 912 735 philosophiam
940 709 954 734 ,
988 674 1268 728 contendit
1291 675 1358 729 ad
1391 691 1555 743 suos,
1591 681 1684 748 qui
1727 696 1890 750 supra
1937 693 2085 750 sunt,

507 769 789 823 cognatos,
819 760 1047 817 liberata
1075 768 1323 835 corporis
1349 767 1760 837 cupiditatibus,
1785 781 1840 827 et
1865 783 2089 843 praeter-

505 862 568 901 ea
614 849 798 907 labore
846 863 900 908 et
925 866 1108 920 metu;
1138 873 1453 928 quanquam
1490 859 1557 914 ad
1586 862 1788 918 bonum
1815 866 2087 935 pertinere

504 949 559 994 et
591 944 940 1032 tolerantiam
973 958 1028 1002 et
1049 959 1256 1006 metum
1283 953 1643 1009 ostendimus.
1680 955 1738 1010 Si
1763 958 1909 1012 enim
1944 979 1962 1011 ι
1991 975 2086 1028 per

502 1033 676 1106 legem
712 1047 795 1093 est
818 1031 1024 1110 agnitio
1059 1044 1260 1111 peccati
1293 1055 1350 1110 α,
1405 1063 1424 1096 ι
1465 1055 1524 1100 ιιι
1563 1047 1750 1103 dicunt
1779 1050 1870 1118 qui
1911 1051 2082 1122 legem

502 1125 872 1198 insectantur,
903 1142 957 1188 et
995 1153 1015 1186 ι
1053 1150 1227 1205 usque
1259 1137 1324 1191 ad
1353 1137 1523 1208 legem
1551 1149 1836 1208 peccatum
1881 1142 1984 1198 fuit
2026 1145 2082 1200 in

502 1223 712 1276 mundo
748 1224 807 1278 1>:
854 1243 873 1277 ι
913 1227 1007 1280 sed
1051 1246 1070 1279 ι
1113 1230 1232 1283 sine
1292 1229 1406 1298 lege
1463 1241 1740 1287 mortuum
1774 1243 1857 1289 est
1890 1251 2084 1306 pecca.

502 1322 619 1369 tum
647 1327 702 1383 ο,
734 1337 752 1368 ι
787 1334 889 1373 nos
920 1320 1000 1374 eis
1022 1328 1213 1375 contra
1269 1322 1605 1379 occinamus.
1653 1323 1712 1379 Si
1746 1327 1890 1380 enim
1921 1329 2082 1383 timo-

499 1408 578 1464 ris
616 1425 838 1465 causam
869 1420 1152 1480 peccatum
1208 1413 1501 1470 abstuleris
1525 1456 1539 1480 ,
1597 1416 1869 1473 abstulisti
1915 1421 2076 1475 etiam

502 1501 782 1569 timorem;
815 1504 988 1556 multo
1015 1512 1197 1558 autem
1241 1505 1417 1577 magis
1459 1508 1812 1576 supplicium,
1854 1527 1978 1567 cum
2025 1515 2078 1570 id

500 1592 756 1660 abfuerit,
804 1611 975 1664 aquo
1015 1597 1147 1651 oriri
1179 1599 1316 1653 solet
1343 1601 1807 1670 concupiscentia.
1855 1623 1875 1656 ι
1918 1605 2077 1662 Justo

497 1688 679 1754 enim,
731 1707 748 1739 ι
785 1687 1068 1758 Scriptura
1102 1696 1159 1753 ἧς
1198 1691 1407 1757 inquit,
1454 1709 1472 1743 ι
1524 1692 1606 1746 lex
1658 1709 1766 1748 non
1807 1705 1891 1767 est
1933 1699 2076 1767 posi-

2192 597 2485 668 ἁμαρτίας,
2536 616 2554 648 ι
2593 599 2671 664 ὡς
2703 601 2752 653 οἱ
2798 601 3228 673 κατατρέχοντες
3271 603 3363 656 τοῦ
3415 603 3599 674 νόμου
3647 607 3775 671 tnui,

2191 687 2285 741 καὶ
2335 707 2356 740 ι
2410 688 2536 763 ἄχρι
2576 691 2740 761 νόμου
2790 692 3033 764 ἁμαρτία
3081 687 3149 764 ἣν
3187 695 3246 745 ὲν
3287 692 3518 764 κόσμῳ·
3583 711 3606 744 ι
3669 694 3779 746 ἀλλὰ

2194 797 2213 830 ι
2259 782 2430 851 χωρὶς
2488 781 2654 853 νόμου
2701 783 2946 854 ἁμαρτία
2987 784 3178 856 νεκρά,
3239 803 3258 835 ι
3313 784 3638 855 ἀντᾴδομεν
3689 786 3777 853 (10)

2187 872 2403 936 αὐτοῖς·
2439 875 2568 928 ὃταν
2607 875 2718 947 γὰρ
2753 875 2960 947 ἀφέλῃς
3002 877 3064 930 τὸ
3109 877 3281 930 αἴτιον
3329 876 3427 930 τοῦ
3481 876 3664 944 φόϐου
3702 877 3778 946 τὴν

2185 964 2480 1035 ἁμαρτίαν,
2519 967 2738 1035 ἀφεῖλες
2764 967 2853 1020 τὸν
2888 967 3053 1036 φόϐον
3073 985 3086 998 ·
3119 967 3254 1022 πολὺ
3284 967 3342 1020 δέ
3371 967 3459 1020 ἑτι
3487 968 3612 1038 (11)
3651 968 3779 1022 κόλα-

2187 1072 2292 1118 σιν,
2317 1059 2446 1111 ὅταν
2473 1061 2584 1130 ἀπῇ
2617 1060 2678 1112 τὸ
2707 1063 2948 1130 πεφυκὸς
2969 1060 3277 1132 ἐπιθυμεῖν.
3306 1079 3326 1111 ι
3358 1058 3582 1129 Δικαίῳ
3602 1059 3711 1129 γάρ
3730 1063 3776 1112 εὖ

2185 1152 2357 1202 κεῖται
2389 1151 2572 1221 νόμος,
2625 1170 2646 1203 ι
2680 1154 2712 1222 ή
2750 1153 2939 1224 Γραφή
2987 1170 3172 1224 φησιν.
3223 1154 3423 1216 Καλῶς
3477 1149 3582 1206 οὖν
3642 1152 3778 1223 Ἦρὲ·

2184 1239 2413 1305 κλειτος,
2451 1261 2469 1292 ι
2517 1241 2684 1312 Δίκης
2716 1243 2922 1314 ὄνομα,
2961 1247 3149 1316 φησιν,
3183 1247 3282 1298 οὐκ
3315 1245 3378 1298 ἀν
3407 1246 3630 1316 ᾔδεσαν
3663 1245 3775 1313 (12).

2182 1332 2230 1382 εἰ
2272 1331 2444 1384 ταῦτα
2481 1332 2556 1404 μὴ
2589 1327 2712 1402 ἦν’»
2751 1334 3054 1405 Σωκράτης
3090 1334 3170 1396 δὲ,
3215 1336 3418 1406 «νόμον
3458 1336 3641 1388 ἕνεκα

2181 1419 2288 1474 θῶν
2337 1422 2438 1474 οὐκ
2479 1421 2544 1475 ἂν
2583 1423 2886 1492 γενέσθαι.»
2909 1425 3048 1478 Ἀλλ’
3083 1426 3205 1480 οὐδὲ
3247 1427 3406 1479 τοῦτο
3446 1426 3713 1495 ἔγνωσαν
3740 1430 3773 1480 ά

2180 1515 2620 1586 κατήγοροι,ὡςξὸ
2635 1516 2957 1581 Ἀπόστολός
2970 1534 3158 1587 φησιν,
3174 1519 3307 1582 ὃτι,‹
3334 1520 3389 1572 Ὀ
3407 1519 3666 1587 ἀγαπῶν
3682 1521 3774 1586 (13)

2177 1606 2270 1660 τὸν
2299 1605 2548 1678 πλησίον,
2579 1607 2748 1660 κακὸν
2796 1607 2895 1660 ούκ
2924 1608 3250 1680 ἐργάζεταιο
3294 1629 3312 1653 ι
3350 1610 3414 1662 τὸ
3453 1610 3571 1678 γὰρ
3595 1651 3611 1672 ,
3660 1631 3678 1658 ι
3716 1613 3774 1664 03

2178 1697 2477 1767 φονεύσεις,
2518 1699 2579 1750 οὐ
2643 1697 2969 1770 μοιχεύσεις,
3025 1701 3085 1752 οὐ
3140 1700 3379 1770 κλέψεις,
3438 1704 3539 1754 καὶ
3609 1702 3670 1754 εἷ
3710 1719 3774 1764 τις

496 1791 550 1836 ta
586 1779 635 1835 ά.
679 1801 698 1834 ι
761 1780 998 1837 Pulchre
1040 1798 1170 1853 ergo
1230 1781 1575 1840 Heraclitus:
1622 1805 1640 1837 ι
1689 1786 1952 1854 Justitize,
1993 1790 2062 1844 in-

2177 1789 2340 1860 ἑτέρα
2367 1789 2574 1860 ἐντολὴ,
2605 1791 2662 1842 ὲν
2685 1790 2858 1861 τούτῳ
2893 1791 3041 1862 μόνῳ
3058 1791 3567 1859 ἀνακεφαλαιοῦται
3596 1791 3682 1860 τῷ
3706 1792 3776 1844 λό-

413 1904 418 1908 »
495 1875 634 1940 quit,
690 1891 886 1930 nomen
955 1893 1063 1931 non
1106 1878 1407 1943 novissent,
1440 1879 1485 1933 si
1521 1879 1634 1936 haec
1661 1896 1769 1935 non
1805 1892 2008 1938 essent.
2045 1903 2062 1937 ι

2173 1897 2274 1951 γῳ,
2301 1880 2378 1951 τῷ
2406 1921 2420 1946 ,
2461 1882 2797 1952 Ἀγαπήσεις
2823 1883 2916 1934 τὸν
2960 1881 3186 1951 πλησίον
3225 1900 3317 1936 σου
3347 1883 3425 1946 ὼς
3455 1885 3720 1936 σεαυτόν.
3753 1903 3768 1933 ι

497 1966 752 2024 Socrates
786 1978 965 2023 autem
1012 1970 1170 2024 dicit:
1220 1990 1237 2021 ι
1271 1969 1470 2041 Legem
1513 1988 1620 2027 non
1658 1973 1828 2030 fuisse
1871 1975 2070 2032 factam

494 2071 719 2132 propter
743 2063 939 2117 honos.
978 2081 996 2112 ι
1032 2061 1137 2116 Sed
1174 2077 1351 2131 neque
1382 2064 1484 2118 hoc
1513 2074 1884 2134 cognoverunt
1908 2083 2070 2123 accu—

494 2154 1362 2222 satores,quoddicitApostolus,
1389 2157 1532 2223 quod
1559 2156 2069 2228 «Quipropinquum

494 2260 656 2299 suum
702 2245 914 2315 diligit,
965 2246 1170 2299 malum
1222 2261 1332 2300 non
1361 2257 1636 2316 operatur.
1675 2267 1693 2300 ι
1727 2249 1862 2304 lllud
1890 2252 2067 2306 enim:

499 2357 518 2388 ‹
542 2336 656 2392 Νοιι
685 2337 918 2402 occides,
951 2354 1059 2391 non
1090 2338 1470 2405 maechaberis,
1499 2354 1606 2394 non
1631 2339 1836 2395 furtum
1868 2341 2066 2410 facies;

488 2439 543 2484 et
584 2431 630 2484 si
673 2431 816 2500 quod
851 2431 923 2485 sit
969 2430 1116 2485 aliud
1151 2440 1502 2500 praeceptum,
1546 2432 1600 2486 in
1650 2435 1752 2489 hoc
1799 2437 1916 2491 solo
1951 2452 2069 2490 ser-

490 2535 652 2574 mone
695 2521 748 2574 in
793 2535 959 2574 unam
996 2521 1158 2574 veluti
1209 2536 1480 2575 summam
1526 2523 1824 2592 redigitur.
1871 2526 2069 2596 Diliges

489 2617 798 2685 proximum
823 2627 974 2672 tuum
1013 2619 1152 2674 sicut
1186 2619 1421 2690 teipsum
1459 2630 1506 2674 ο.
1544 2638 1562 2670 ι
1599 2619 1713 2676 Hac
1750 2623 1937 2692 utique
1976 2640 2067 2677 ra-

489 2710 658 2773 tione,
716 2719 741 2761 ι’
769 2710 1006 2782 Diliges,
1077 2711 1278 2781 inquit,
1355 2711 1644 2768 Dominum
1710 2711 1876 2768 Deum
1912 2723 2066 2768 tuum

491 2817 556 2856 ex
589 2811 703 2856 toto
731 2802 893 2857 corde
927 2812 1040 2866 tuo,
1075 2813 1127 2858 et
1158 2803 1350 2874 diliges
1385 2806 1697 2876 proximum
1741 2815 1894 2860 tuum
1928 2807 2069 2861 sicut

487 2893 746 2964 teipsum.
795 2912 814 2947 ι
843 2894 997 2962 Quod
1037 2897 1082 2951 si
1114 2897 1206 2963 qui
1237 2917 1256 2947 ι
1292 2898 1604 2967 proximum
1635 2898 1830 2968 diligit,
1862 2899 2066 2954 malum

484 3001 595 3040 non
630 2986 770 3058 agit:
800 2995 854 3041 et
881 3002 1043 3041 omne
1071 2997 1400 3060 praeceptum
1432 2989 1486 3044 in
1515 2991 1621 3045 hoc
1643 2991 1809 3044 veluti
1834 2990 1887 3044 in
1917 2994 2073 3046 com-'

482 3076 740 3147 pendium
777 3077 1074 3146 redigitur,
1117 3096 1135 3130 ι
1175 3095 1370 3150 nempe
1407 3099 1424 3130 ι
1483 3080 1539 3133 in
1578 3081 1850 3151 diligendo
1881 3082 2066 3150 proxi-

2172 1971 2358 2043 Ταύτῃ
2403 1989 2528 2038 που,
2572 1991 2590 2024 ι
2646 1974 2980 2044 Ἀγαπήσεις
3010 1972 3215 2046 Κύριον
3241 1974 3332 2027 τὸν
3363 1975 3504 2027 Θεόν
3530 1993 3663 2037 σου,
3695 1993 3776 2044 ’,τη-

2173 2064 2279 2126 σὶν,
2332 2061 2393 2128 ἐξ
2435 2064 2562 2135 ὅλης
2604 2064 2833 2137 καρδίας
2873 2064 2986 2134 (14)
3030 2082 3156 2118 σου·
3203 2066 3296 2118 καὶ
3337 2067 3670 2136 ἀγαπήσεις
3697 2069 3770 2118 te»

2171 2153 2398 2225 πλησίον
2436 2173 2528 2209 σου
2567 2155 2643 2219 ὡς
2691 2157 2933 2210 σεαυτόν.
2995 2176 3015 2209 ι
3058 2158 3122 2210 Ei
3151 2156 3215 2228 δὴ
3267 2176 3285 2208 ι
3337 2159 3366 2209 ὁ
3398 2158 3498 2210 τὸν
3544 2159 3771 2228 πλησίον

2170 2244 2401 2313 ἀγαπῶν
2429 2246 2600 2301 κακὸν
2636 2247 2736 2300 ούκ
2769 2247 3093 2318 ἐργάζεται,
3143 2268 3162 2300 ι
3207 2248 3300 2301 καὶ
3332 2266 3350 2299 ι
3391 2250 3552 2302 πᾶσα
3587 2251 3767 2319 ἐντολὴ

2170 2336 2228 2387 ἐν
2267 2335 2442 2408 τούτῳ
2489 2338 3002 2407 ἀνακεφαλαιοῦται,
3057 2338 3156 2408 τῷ,
3226 2340 3455 2408 ἀγαπᾷν
3500 2338 3600 2391 τὸν
3648 2339 3770 2409 πλη-

2172 2427 2306 2490 σίον,
2353 2449 2372 2480 ι
2409 2431 2464 2482 αἱ
2498 2429 2590 2482 τὸν
2620 2430 2782 2498 φόϐον
2809 2429 3128 2503 ἐπαρτῶσαι
3163 2431 3379 2485 ἐντολαὶ
3409 2430 3673 2500 ἀγάπην,
3716 2430 3768 2482 οὗ

2172 2522 2328 2591 μῖσος
2337 2521 2823 2585 κατασκευάζουσι·
2838 2521 3031 2576 οὔκουν
3049 2521 3215 2586 πάθος
3231 2522 3380 2586 τοῦίί
3391 2522 3448 2591 5)
3468 2520 3645 2590 φόϐου
3660 2538 3768 2589 τεν-

2171 2613 2387 2685 νητικὸς
2428 2617 2456 2667 ὁ
2481 2614 2662 2686 νόμος.
2699 2615 2892 2668 «Ὥστε
2918 2617 2947 2668 ό
2980 2616 3145 2686 νόμος
3179 2615 3363 2683 ἅγιος»
3403 2614 3505 2667 καὶ
3537 2613 3623 2682 τῷ
3665 2615 3764 2666 όντι

2175 2727 2194 2758 ι
2233 2707 2596 2778 πνευματικός
2625 2709 2762 2773 ἐστι,
2788 2728 2806 2760 ι
2851 2709 2994 2763 κατὰ
3022 2709 3113 2764 τὸν
3157 2708 3510 2762 Ἀπόστολον.
3552 2710 3654 2760 Δεῖ
3684 2708 3762 2777 δὴ,

2169 2797 2243 2862 ὡς
2269 2798 2434 2865 ἔοικε,
2461 2801 2560 2871 τήν
2596 2817 2659 2868 γε
2688 2800 2782 2854 τοῦ
2820 2800 3070 2872 σώματος
3095 2801 3274 2869 φύσιν,
3321 2800 3416 2853 καὶ
3455 2801 3564 2868 τῆς
3593 2799 3763 2869 ψυχῆς

2167 2891 2354 2944 οὐσίαν
2383 2891 3052 2964 πολυπραγμονήσαντας,
3083 2893 3144 2945 τὸ
3181 2892 3450 2962 ἐκατέρου
3485 2892 3648 2954 τέλος
3677 2907 3761 2943 tuo

2166 2982 2518 3048 ταλαϐἐσθαι,
2573 2985 2667 3038 καὶ
2714 2985 2790 3056 μὴ
2835 2984 2928 3037 τὸν
2975 2983 3203 3037 θάνατον
3257 2982 3521 3054 ἡγεῖσθαι
3573 2980 3761 3035 κακόν.

2173 3095 2193 3129 ι
2236 3078 2364 3129 Ὅτε
2403 3076 2512 3148 γὰρ
2541 3076 2719 3130 δούλοι
2755 3073 2854 3148 ἦτε
2880 3077 2979 3148 τῆς
3009 3075 3337 3148 ἀμαρτίας,ι
3364 3075 3542 3144 φησὶν
3566 3073 3759 3128 621:6-

481 3183 633 3222 mum
671 3167 716 3232 f,
756 3186 773 3218 ι
814 3177 1104 3238 przecepta,
1138 3184 1258 3236 qua:
1288 3177 1490 3222 metum
1523 3168 1798 3238 injiciunt,
1827 3169 2062 3223 dilectio-

2173 3169 2372 3232 στολος,
2401 3188 2419 3220 ι
2443 3168 2715 3241 ἐλεύθεροι
2751 3165 2846 3241 ἦτε
2869 3172 2934 3240 τῇ
2962 3167 3294 3240 δικαιοσύνη.
3339 3167 3483 3219 Τίνα
3509 3163 3607 3220 οὖν
3637 3184 3760 3236 καρ-

481 3273 607 3312 nem
638 3259 875 3328 pariunt,
907 3274 1016 3313 non
1051 3259 1232 3315 odium
1262 3260 1488 3314 :vitium
1519 3275 1647 3330 ergo
1679 3275 1788 3314 non
1825 3269 1908 3315 est
1950 3261 2057 3321 lex,

479 3365 547 3405 eo
594 3351 741 3419 quod
785 3351 1034 3406 timorem
1067 3359 1340 3421 procreet.
1399 3370 1418 3403 (
1463 3350 1642 3418 Quare
1675 3351 1760 3405 lex
1808 3359 1892 3404 est
1934 3366 2060 3404 san-

479 3450 588 3507 cta,
635 3461 653 3492 ›
685 3453 739 3496 et
787 3458 974 3497 revera
1006 3461 1025 3493 ι
1063 3443 1324 3512 spiritalis
1360 3445 1417 3506 ε,
1474 3461 1493 3494 ι
1527 3458 1591 3496 ex
1623 3442 1887 3496 sententia
1917 3443 2060 3512 Apo-

475 3532 626 3587 stoli.
666 3534 888 3602 Oportet
917 3541 1121 3598 autem,
1153 3542 1210 3587 ut
1238 3543 1322 3588 est
1353 3543 1783 3589 consentaneum
1803 3575 1818 3598 ,
1855 3549 1978 3587 cum
2007 3542 2061 3588 et

476 3627 724 3696 corporis
767 3635 1051 3692 naturam,
1084 3635 1139 3680 et
1180 3627 1376 3681 anima:
1423 3626 1716 3681 essentiam
1768 3626 2058 3698 diligenter

477 3718 914 3787 inquisierimus,
963 3718 1253 3786 utriusque
1283 3718 1443 3772 linem
1475 3717 1904 3787 deprehendere,
1957 3731 2057 3771 nec

477 3816 704 3862 mortem
739 3808 940 3861 malum
991 3823 1112 3862 esse
1140 3816 1349 3877 putare.
1390 3825 1408 3858 ι
1463 3805 1692 3873 Quando
1733 3805 1876 3860 enim
1911 3807 2054 3860 servi

473 3902 642 3957 eratis
683 3902 931 3972 peccati,
971 3922 988 3953 ι
1023 3902 1200 3971 inquit
1227 3901 1550 3970 Apostolus,
1601 3918 1620 3950 ι
1671 3899 1825 3954 liberi
1873 3898 2053 3954 fuistis

467 3993 716 4065 justitize.
748 3993 919 4060 Quem
961 4009 1091 4064 ergo
1137 3992 1372 4048 fructum
1406 4000 1536 4046 tunc
1570 3991 1834 4046 habuistis
1861 4007 1924 4045 ex
1960 3991 2049 4055 iis,

470 4093 692 4155 propter
725 4100 846 4155 quae
894 4101 1039 4140 nunc
1077 4084 1435 4140 erubescitis?
1476 4083 1600 4138 linis
1637 4083 1781 4136 enim
1831 4083 2048 4136 illorum

467 4185 554 4231 est
585 4191 752 4230 mors.
781 4173 938 4231 Nunc
977 4185 1160 4230 autem
1197 4175 1413 4230 liberati
1450 4190 1480 4228 a
1514 4185 1754 4245 peccato,
1798 4173 1909 4228 Deo
1949 4189 2050 4228 au-

2167 3261 2268 3314 πδν
2293 3260 2468 3332 εἴχετε
2492 3261 2636 3326 τότε,
2665 3261 2747 3330 ἐφ’
2770 3256 2850 3324 οἷς
2878 3260 2971 3313 νῦν
2997 3258 3426 3329 ἐπαισχύνεσθες
3461 3258 3528 3312 τὺ
3553 3260 3666 3330 γὰρ
3684 3259 3760 3310 τέ-

2166 3351 2255 3416 λος
2291 3353 2516 3408 ἐκείνων
2552 3352 2813 3416 θάνατος’
2855 3351 2950 3406 νῦν
2999 3351 3110 3423 (16)
3157 3352 3234 3414 δὲ,
3290 3350 3757 3423 ἐλευθερωθέντες

2165 3444 2273 3496 ἀπὸ
2316 3445 2414 3515 τῆς
2455 3444 2762 3516 ἁμαρτίας,
2812 3443 3172 3506 δουλωθέντες
3218 3434 3275 3495 δὲ
3305 3442 3388 3513 τῷ
3417 3441 3581 3512 Θεῷ,
3615 3443 3755 3512 ἔχετε

2167 3538 2258 3590 τὸν
2293 3537 2504 3608 καρπὸν
2551 3536 2704 3607 ὑμῶν
2736 3539 2815 3600 είς
2849 3536 3156 3607 ἁγιασμὸν,
3203 3535 3264 3587 τὸ
3301 3534 3361 3587 δὲ
3411 3535 3570 3598 τέλος
3623 3533 3753 3602 ζωὴν

2163 3626 2408 3681 αἰώνιον·
2443 3628 2511 3681 τά
2539 3627 2648 3698 γάρ
2682 3627 2887 3697 ὀψώνια
2915 3628 3013 3698 τῆς
3042 3627 3318 3698 ἁμαρτίας
3339 3666 3355 3689 ,
3403 3625 3672 3688 θάπτω·
3701 3624 3751 3676 τὸ

2161 3717 2216 3771 δὲ
2247 3720 2490 3791 χάρισμα
2531 3719 2626 3772 τοῦ
2667 3719 2833 3784 Θεοῦ,
2872 3719 2986 3790 ζωὴ
3037 3716 3254 3781 αἰώνιος
3288 3720 3348 3770 ἐν
3381 3717 3618 3789 Χριστῷ
3657 3719 3748 3786 Ἷηυ

2162 3810 2256 3864 σοῦ
2285 3810 2362 3881 τῷ
2399 3811 2591 3884 Κυρίῳ
2633 3811 2809 3882 ήμῶν.
2862 3831 2880 3861 ι
2916 3809 3228 3864 Κινδυνεύει
3263 3807 3445 3861 τοίνυν
3491 3808 3748 3877 δεδεῖχθαι

2161 3897 2388 3964 θάνατος
2429 3901 2526 3971 μὲν
2566 3895 2703 3952 εἶναι
2740 3903 2773 3971 ἡ
2812 3901 2871 3953 ἐν
2900 3897 3112 3970 σώματι
3142 3897 3402 3952 κοινωνία
3423 3898 3532 3968 τῆς
3560 3897 3747 3967 ψυχῆς,

2159 3991 2540 4062 ἀμαρτητικῆς
2573 3989 2760 4061 οῠσης,
2805 3989 2918 4061 ζωὴ
2962 3990 3018 4042 δὲ
3055 3993 3083 4044 ό
3123 3989 3402 4061 χωρισμὸς
3441 3988 3550 4059 τῆς
3581 3991 3747 4059 ἀμαρ-

2155 4084 2294 4146 τίας.
2332 4082 2524 4135 Πολλοὶ
2565 4083 2623 4136 δὲ
2666 4084 2714 4136 οἱ
2754 4085 2812 4135 ἐν
2848 4083 2975 4136 ποσὶ
3005 4082 3247 4154 χάρακες
3274 4082 3374 4134 καὶ
3406 4081 3615 4151 τάφροι
3655 4080 3743 4149 τῆς

2153 4175 2467 4246 ἐπιθυμίας,
2501 4174 2571 4229 τά
2607 4193 2665 4228 τε
2709 4176 2880 4247 ὀργῆς
2919 4176 3004 4229 κατ
3040 4175 3210 4248 θυμοῦ
3260 4175 3547 4248 βάραθρα,
3580 4176 3614 4228 ἃ
3645 4174 3744 4226 δια-

470 4274 577 4321 teni
611 4267 751 4320 servi
779 4265 953 4322 effecti
977 4309 991 4330 ,
1032 4267 1244 4321 habetis
1277 4265 1514 4321 fructum
1547 4275 1789 4321 vestrum
1836 4265 1888 4318 in
1925 4281 2053 4320 san-

2173 4266 2332 4338 τηδᾷν
2373 4266 2610 4338 ἀνάγκη,
2653 4269 2747 4322 καὶ
2780 4270 2960 4322 πᾶσαν
2995 4267 3330 4337 ἀποφεύγειν
3361 4267 3464 4338 τὴν
3506 4267 3614 4321 τῶν
3639 4269 3743 4318 ἐπι-

468 4360 893 4424 ctiﬁcationem;
944 4359 1103 4414 tinent
1133 4369 1350 4426 autem,
1399 4359 1564 4413 vitam
1615 4367 1893 4412 aeternam.
1946 4355 2054 4410 Sti-

2173 4356 2362 4412 Ξουλῶν
2389 4359 2715 4430 ἀνασκευὴν,
2754 4359 2846 4414 τὸν
2880 4360 3077 4430 μηκέτι
3109 4379 3127 4410 ι
3168 4359 3237 4412 δι’
3267 4359 3546 4428 ἐσόπτρου
3570 4359 3682 4428 (Π)
3714 4374 3733 4409 I

469 4451 723 4521 pendium
759 4453 905 4507 enim
932 4452 1137 4522 peccati
1174 4469 1322 4508 mors
1346 4460 1465 4517 est;
1506 4449 1680 4521 gratia
1712 4458 1892 4504 autem
1924 4447 2040 4512 Dei,

2173 4449 2248 4519 τὴν
2281 4447 2481 4516 γνῶσιν
2511 4449 2604 4502 τοῦ
2639 4448 2772 4502 Θεοῦ
2797 4449 3162 4520 κατοψόμενον
3185 4467 3201 4483 ο

469 4544 578 4596 vita
615 4553 814 4597 aeterna
845 4545 898 4597 in
922 4545 1146 4599 Christo
1174 4543 1298 4600 Jesu
1335 4543 1564 4597 Domino
1597 4551 1788 4597 nostro
1815 4539 1866 4595 ι’.
1900 4562 1918 4593 ι
1948 4540 2057 4596 Res
2096 4541 2282 4611 itaque
2333 4557 2400 4596 eo
2444 4541 2660 4596 videtur
2702 4557 2824 4597 esse
2881 4541 3147 4605 deducta,
3206 4551 3268 4595 ut
3322 4551 3616 4597 ostensum
3650 4542 3733 4594 sit.

469 4648 694 4693 mortem
722 4639 938 4709 quidem
977 4655 1099 4695 esse
1141 4656 1260 4694 eam
1290 4642 1486 4694 animm
1526 4654 1651 4694 cum
1694 4652 1922 4706 corpore
1949 4636 2442 4705 'conjunctionem,
2495 4652 2617 4706 qua:
2651 4645 2736 4690 est
2789 4635 2971 4690 dedita
3033 4646 3287 4706 peccato;
3329 4637 3506 4691 vitam
3560 4647 3731 4691 autem

467 4747 497 4786 a
527 4742 750 4803 peccato
775 4735 1191 4802 sep-arationem.
1225 4733 1378 4788 Multi
1407 4742 1588 4788 autem
1618 4748 1720 4788 nos
1757 4731 2202 4802 impediuntvalli
2233 4740 2288 4787 et
2321 4731 2486 4787 fossa:
2541 4731 2874 4801 cupiditatis,
2933 4731 3134 4800 iraeque
3179 4741 3235 4786 et
3268 4731 3734 4787 excandescentia

3159 4899 3179 4923 ο
3213 4887 3377 4942 Rom.
3408 4890 3586 4950 “1,6.
3661 4889 3730 4940 δί

539 4900 597 4957 >14
634 4890 696 4944 Ρ.
724 4887 829 4944 568
872 4889 979 4944 ED.
1028 4887 1299 4943 POTTER
1332 4930 1346 4952 ,
1381 4889 1618 4943 478—479
1647 4887 1752 4942 ED.
1797 4887 2020 4942 PARIS.

539 4980 606 5018 m.
639 4978 678 5024 :,
734 4961 786 5018 9.
931 4973 954 5000 θ
987 4961 1144 5014 Rom.
1189 4977 1310 5023 xm,
1338 4961 1391 5024 8,
1445 4960 1526 5024 10,
1580 4960 1635 5014 9.
1785 4957 1803 4997 ί
1865 4958 1997 5012 Luc.

2173 4904 2286 4942 om.
2322 4903 2408 4952 Ill,
2437 4888 2526 4942 20.
2602 4889 2630 4928 ιι
2667 4887 2827 4943 Rom.
2864 4907 2932 4949 v,
2968 4888 3053 4942 15.
3159 4899 3179 4923 ο
3213 4887 3377 4942 Rom.
3408 4890 3586 4950 “1,6.
3661 4889 3726 4940 3|

2173 4959 2240 5012 Π.
2311 4958 2502 5014 Matth.
2553 4975 2689 5024 χχιι,
2765 4959 2976 5024 57,59.
3093 4961 3118 4998 ε
3150 4956 3311 5012 Rom.
3360 4975 3464 5024 vn,
3523 4961 3613 5024 19..
3651 4960 3726 5013 lt.

464 4960 606 5018 Tim.
639 4978 678 5026 :,
734 4961 786 5018 9.
931 4973 954 5000 θ
987 4961 1144 5014 Rom.
1189 4977 1310 5023 xm,
1338 4961 1391 5027 8,
1445 4960 1526 5024 10,
1580 4960 1635 5014 9.
1785 4957 1803 4997 ί
1865 4958 1997 5012 Luc.

2173 4959 2240 5012 Π.
2311 4958 2502 5014 Matth.
2553 4975 2689 5025 χχιι,
2765 4959 2976 5026 57,59.

464 5033 489 5070 ιι
522 5033 680 5089 Rom.
708 5050 786 5102 vn,
810 5031 1270 5097 20.21.2125.

2132 5183 2210 5246 ὡς
2240 5183 2454 5238 ἑαυτόν.

2205 5255 2314 5328 (ll)
2340 5256 2528 5328 Ὄνῇης
2559 5273 2692 5328 καρ.
2722 5253 2887 5324 Ὅλης
2919 5255 3019 5324 τῆς
3044 5271 3171 5328 καρ.
3202 5253 3470 5328 Evangel.

2208 5323 2322 5393 (15)
2352 5323 2572 5392 Πὰθος.
2622 5327 2738 5380 Hoc
2775 5323 3172 5393 supervacuum
3211 5335 3318 5388 est,
3353 5323 3465 5380 nisi
3500 5337 3599 5380 aut
3631 5327 3726 5381 πά-

2138 5393 2264 5459 θους
2293 5394 2388 5447 τοῦ
2415 5394 2578 5463 φόϐου
2613 5395 2929 5465 γεννητικός
2973 5395 3239 5464 legamus,
3284 5404 3382 5450 aut
3418 5397 3610 5464 ,πάθος
3641 5395 3725 5450 τοῦ

2137 5466 2313 5536 φόϐου
2340 5467 2675 5536 γεννητικόν.
2706 5465 2867 5536 εγω.

2213 5535 2326 5604 (ιδ)
2349 5535 2499 5589 Νῦν.
2528 5537 2682 5600 Νυνί,
2712 5535 2870 5589 Rom.

2212 5606 2323 5676 (Π)
2350 5607 2427 5676 Δι’
2452 5606 2772 5674 ἐσόπτρου.
2807 5605 3046 5674 Respicit
3075 5604 3243 5660 ICor.
3264 5622 3388 5666 xm,
3430 5605 3498 5661 12
3552 5624 3567 5657 ;
3609 5606 3726 5660 Βλέ-

2137 5693 2313 5746 πομεν
2343 5675 2452 5746 γὰρ
2478 5677 2600 5748 ἄρτι
2633 5677 2701 5730 δι’
2726 5676 3001 5748 ,ἐσόπτρου
3032 5677 3089 5730 ἐν
3133 5675 3419 5747 αἰνίγματι
3445 5715 3474 5748 Ι,
3505 5677 3631 5731 τότε
3673 5677 3722 5730 δὲ

2136 5748 2424 5816 πρόσωπον
2459 5746 2596 5818 πρὸς
2630 5747 2942 5818 πρόσωπον.

533 5188 646 5260 (10)
682 5187 1049 5260 Ἂντᾲδρμεν.
1073 5190 1140 5260 Αζ
1167 5184 1375 5260 mavult
1394 5183 1728 5260 ἀντᾴδωμεν.
1758 5182 2024 5260 SYLBURG.

534 5253 647 5328 (11)
674 5259 837 5312 Πολὺ
871 5253 937 5311 δὲ
963 5259 1066 5312 ἔτι.
1088 5253 1550 5328 Δδιιιιιιιιύὶιειιιιυιιι
1584 5253 1802 5326 μᾶλλον,
1836 5262 1932 5307 aut
1954 5253 2030 5305 Ie-

457 5326 691 5399 gendum
722 5329 856 5399 πρὸς
888 5328 931 5380 δ’
953 5328 1050 5399 ἔτι.
1077 5326 1233 5399 Sua.
1700 5392 1728 5399 _
1863 5355 1866 5360 -

673 5381 1052 5472 Ϊῌόεὰανρι.
1085 5398 1313 5452 ἔδεισαν.
1344 5402 1664 5472 metuerent.
1687 5392 1854 5472 Sne:

531 5463 642 5540 (l5)
682 5463 938 5540 'Odraa.
971 5468 1128 5540 Rom.
1181 5483 1318 5540 xm_,_
1352 5465 1632 5540 8ίεμῸ-γάρ
1675 5464 1904 5540 ἀγαπῷν
1944 5463 2035 5540 τὸν

455 5531 663 5628 ἕτερον,
702 5531 864 5628 νόμον
903 5538 1252 5628 πεπλήρωκε.
1276 5535 1339 5628 1ζῖ
1380 5537 1550 5628 100.
1587 5531 1878 5620 ἀγάπητῴ
1892 5532 2038 5628 ἔτλης-

460 5603 573 5662 σίον
603 5603 779 5663 κακὸν
809 5610 908 5662 οὑκ
940 5603 1266 5708 ἐργάζεται.
1294 5607 1359 5660 V.
1394 5607 1446 5661 9.
1485 5605 1559 5658 Οὐ
1597 5603 1934 5708 ⁸μοιχεύσεις,
1971 5603 2032 5654 οὐ

460 5680 738 5708 ,ηρ-.-.⁸.-ρ.ρ
783 5680 839 5708 ...ἦ
867 5679 922 5708 ..Ἴ
938 5681 971 5708 ιι,
996 5696 1082 5708 ...ρ
1127 5679 1184 5708 Αιί
1211 5677 1593 5708 ,ιθ-,ἓληκΛς-ηη
1637 5691 1712 5708 κει
1730 5690 1750 5702 α
1794 5673 1892 5708 Λι¹ιν
1918 5672 2030 5708 ἐπ’..

459 5680 757 5755 φονεύσεις,
782 5680 841 5732 ού
867 5672 1103 5748 κλέψεις,
1126 5679 1185 5755 οὐ
1211 5672 1768 5755 ψευδομαρτυρήσεις,
1794 5673 1901 5755 ούκ
1918 5672 2030 5755 ἐπι-

458 5741 857 5818 θυμήσειςξκαὶ
879 5751 928 5802 εἴ
947 5741 1028 5811 τὶς
1062 5741 1237 5819 ἑτέρα
1254 5741 1471 5816 ἐντολὴ(
1489 5749 1545 5798 ἐν
1566 5741 1750 5819 ’τούτῳ
1779 5741 1858 5819 τῷ
1885 5741 2028 5810 λόγῳ

455 5796 965 5888 ἀνάκέφαῖλῑιοῦται,
997 5796 1054 5871 έν
1087 5796 1184 5891 τίξί
1203 5796 1524 5886 Ἀγαπήσεις
1557 5815 1646 5872 τὸν
1681 5796 1902 5886 πλησίον
1932 5796 2024 5864 σὀυ
