3934 6522
519 327 544 380 1
550 323 651 382 227

1644 323 1914 381 CLEMEN
1923 325 2030 381 TIS
2087 325 2549 384 ALEXANDle

3641 330 3779 385 138

513 448 940 519 est-ﬁdelistpor
971 447 1351 514 dilectionem;
1400 445 1632 501 Domino
1684 458 1886 511 autem,
1930 446 2071 518 quod

2180 441 2399 502 πιστόν·
2426 448 2503 518 τῷ
2529 448 2572 500 δ’
2608 442 2674 501 αὖ
2719 445 2908 518 Κυρίῳ
2939 445 3042 517 τὴν
3092 445 3271 501 ἔνθεον
3300 446 3439 517 πρὸς
3488 446 3587 515 τὴν
3639 446 3785 498 δεδι-

517 541 690 609 ipsius
711 539 972 595 doctrina:
1001 539 1185 594 divina
1230 537 1591 609 persuadendi
1624 538 1705 593 vis
1733 538 1881 605 insit,
1910 554 1942 593 a
1970 553 2076 609 qua

515 647 583 685 ne
616 640 762 685 metu
799 631 1018 700 quidem
1058 631 1252 685 mortis
1289 629 1504 685 deﬁciet
1541 645 1553 679 :
1593 628 1896 698 quinetiam
1936 627 2076 684 facto

510 724 805 778 conﬁrmat
844 724 1128 778 veritatem
1168 720 1590 791 praedicationis,
1635 728 2074 791 potentemeum

507 830 629 870 esse
674 814 988 880 ostendens,
1038 814 1107 870 ad
1135 828 1297 885 quem
1324 812 1619 868 contendit.
1648 811 1860 868 Mireris
1895 821 2075 868 autem

509 905 1244 975 ejustdilectionem,'qu~am
1273 903 1432 958 docet
1471 901 1769 967 evidenter,
1814 902 1942 957 dum
1983 918 2077 957 co-

511 1004 676 1065 gnato
701 995 919 1065 quidem
949 995 1137 1067 generi
1166 999 1323 1066 grato
1362 992 1550 1047 animo
1587 992 1793 1057 unitur,
1823 1001 1878 1047 et
1909 992 2075 1047 etiam

511 1087 752 1155 pretiose
793 1085 1060 1157 sanguine
1099 1084 1249 1156 ipsos
1274 1083 1532 1141 inﬁdeles
1561 1083 1770 1154 pudore
1794 1082 1978 1139 allicit.
2025 1085 2078 1141 Is

508 1192 642 1247 ergo
691 1184 839 1232 metu
886 1185 1104 1247 propter
1150 1184 1477 1246 pmceptum
1522 1175 1755 1231 declinat
1798 1173 2075 1230 Christum

511 1287 743 1343 negare,
793 1269 1208 1326 ut:metuir-ﬁat
1258 1267 1433 1323 testis.
1482 1263 1586 1322 Sed
1638 1281 1815 1336 neque
1858 1277 2076 1337 propter

511 1379 660 1434 spem
706 1364 974 1425 donorum
1016 1370 1329 1432 paratorum
1367 1360 1529 1417 ﬁdem
1558 1360 1779 1415 vendit:
1824 1360 1918 1415 sed
1946 1375 2074 1431 pro-

509 1464 628 1524 pter
660 1470 816 1509 suam
862 1454 918 1508 in
947 1453 1238 1507 Dominum
1283 1451 1655 1517 dilectionem,
1700 1449 2075 1507 lubentissime

510 1543 613 1597 hac
655 1542 765 1597 vita
822 1540 1160 1606 exsolvetur;
1214 1539 1423 1595 habens
1454 1538 1619 1594 etiam
1649 1537 1898 1610 gratiam,
1947 1553 2072 1594 cum

508 1634 581 1698 ei,
607 1633 700 1704 qui
727 1647 948 1687 causam
991 1630 1226 1702 praebuit
1256 1630 1386 1686 hinc
1413 1629 1679 1698 exeundi,
1715 1639 1831 1685 tum
1860 1630 1932 1697 ei,
1977 1630 2073 1700 qui

507 1724 875 1794 ipsi-molitus
921 1732 1004 1778 est
1037 1722 1302 1789 insidias;
1357 1723 1502 1793 quod
1553 1722 1622 1778 ab
1648 1723 1734 1779 his
1777 1722 2070 1778 honestam

2183 538 2400 592 σκαλίαν
2439 537 2631 604 πειθὼ,
2661 533 2727 610 ἧς
2763 539 2865 591 οὐκ
2914 539 3279 610 ἀποστήσεται
3322 537 3569 591 θανάτου
3600 537 3783 607 φόϐῳ·

2118 644 2137 687 .‘
2178 631 2265 685 val.
2294 630 2398 702 μὴν
2453 631 2547 684 καὶ
2584 629 2679 683 τοῦ
2719 629 3070 703 κηρύγματος
3116 632 3212 702 τὴν
3252 629 3523 700 ἀλήθειαν
3574 627 3786 698 συμϐςρ

2178 722 2322 776 ϐαιοί
2353 722 2519 794 ἔργῳ,
2544 722 2773 793 ,δυνατὸν
2808 719 2945 777 εἶναι
2981 723 3197 786 δεικνὺς
3234 721 3325 775 τὸν
3353 722 3501 793 πρὸς
3527 720 3591 773 ὃν
3617 719 3786 772 σπεύ-

2178 814 2256 867 δει
2283 813 2437 868 Θεόν.
2469 813 2788 885 Θαυμάσαις
2818 814 2885 869 ἂν
2914 814 3011 886 τὴν
3041 813 3263 885 ἀγάπην
3291 812 3493 878 αὐτοῦ,
3526 814 3601 883 ἢν
3625 815 3786 881 ἐναρ-

2176 906 2290 975 γῶς
2312 906 2548 960 διδάσκει
2595 907 2928 978 εὐχαρίστως
2975 906 3260 977 ἐνούμενος
3307 906 3452 977 πρὸς
3472 904 3545 957 τὸ
3588 920 3785 972 συγ-τεο

2178 997 2286 1061 νές,
2317 997 2375 1050 οὐ
2406 996 2511 1070 μὴν
2533 995 2668 1050 ἀλλά
2702 997 2795 1050 καὶ
2823 996 2905 1067 τῷ
2927 997 3092 1067 τιμίῳ
3122 996 3313 1066 αἵματι
3342 997 3481 1058 τοὺς
3515 994 3783 1058 ἀπίστως

2177 1088 2459 1143 δυσωπῶν.
2491 1082 2657 1153 Οὗτος
2688 1084 2779 1143 οὖν
2810 1087 2958 1160 φόϐῳ
2989 1088 3049 1141 τὸ
3080 1088 3359 1160 ἀρνεῖσθαι
3388 1086 3513 1157 (27)
3547 1085 3784 1157 Χριστὺιι

2176 1174 2265 1228 διὰ
2301 1174 2398 1247 τὴν
2440 1174 2657 1247 ἐντολὴν
2694 1175 2952 1241 ἐκκλίνει,
2987 1177 3072 1230 ἵνα
3099 1177 3163 1248 δὴ
3190 1176 3340 1247 φόϐῳ
3371 1177 3605 1247 μάρτυς
3628 1174 3783 1245 γένη-

2174 1285 2292 1325 ται·
2339 1269 2400 1322 οὺ
2436 1269 2543 1342 μὴν
2568 1269 2694 1323 οὐδὲ
2728 1269 2901 1325 ἐλπίδι
2952 1270 3168 1341 δωρεῶν
3208 1269 3655 1341 ἡτοιμασμένων
3698 1286 3779 1321 a-

2177 1358 2436 1430 ιπράσκων
2469 1356 2564 1430 τὴν
2578 1358 2780 1426 πίστιν,
2811 1359 2998 1431 ἀγάπῃ
3018 1359 3076 1412 δὲ
3096 1359 3230 1431 πρὸς
3267 1359 3611 1431 τὺνιΚύρισν
3623 1360 3780 1429 dep:-

2176 1449 2412 1503 νέστατα
2440 1449 2594 1502 τοῦδε
2651 1450 2747 1503 τοῦ
2798 1450 2916 1521 βίου
2973 1450 3407 1522 ἀπολυθήσεται·
3450 1452 3635 1522 χάριν
3668 1451 3781 1513 ἴσως

2174 1542 2271 1595 καὶ
2298 1541 2376 1612 τῷ
2402 1542 2503 1615 τὴν
2530 1542 2708 1597 αίτίαν
2747 1542 3146 1615 παρασχομένῳ
3182 1543 3281 1613 τῆς
3308 1541 3543 1596 ἐνθένδε
3590 1541 3783 1606 ἐξόδω,

2174 1635 2268 1689 καὶ
2306 1633 2382 1707 τῷ
2415 1635 2512 1707 τὴν
2558 1634 2848 1707 ἐπιϐουλὴν
2883 1637 3261 1707 τεχνασαμένῳ
3308 1633 3621 1705 ἐγνωκὼς.
3663 1637 3783 1706 πρὸ-

2176 1744 2335 1796 φασιν
2363 1725 2579 1796 εὔλογον
2611 1725 2808 1791 λαϐὼν,
2837 1727 2905 1797 ἢν
2929 1727 3027 1780 οὐκ
3059 1726 3222 1790 αὐτὸς
3254 1724 3569 1797 παρέσχεν,
3599 1722 3785 1776 ἐαυτὶν

507 1816 716 1887 accepit
739 1816 902 1887 206
935 1815 1303 1879 occasionem,
1336 1829 1501 1885 quam
1534 1815 1650 1885 ipse
1680 1828 1785 1869 non
1818 1814 2071 1884 praebuit,

2175 1817 2435 1885 ἐπιδεῖξαι
2481 1819 2540 1881 ὅς
2572 1817 2830 1888 ἐστι,’τῷ
2866 1819 2963 1889 μὲν
3005 1818 3072 1871 δι’
3111 1818 3415 1888 ὑπομονῆς,
3439 1815 3514 1868 δι’
3564 1815 3780 1884 ἀγάπης

507 1909 748 1979 seipsum
796 1906 1415 1977 ostendendi‘quisnam
1450 1907 1550 1970 sit;
1598 1906 1676 1961 illi
1721 1905 1940 1977 quidem
1975 1921 2077 1976 per

506 1999 870 2064 tolerantiam,
913 1997 1145 2054 Domino
1174 2013 1315 2052 vero
1345 2013 1441 2067 per
1493 1997 1811 2053 charitatem
1841 2016 1852 2050 :
1887 2001 1945 2060 Ψ
1978 2011 2075 2066 per
2118 1991 2142 2035 Γ

506 2092 868 2162 quam-etiam
902 2099 1196 2161 antequam
1241 2100 1571 2147 nasceretur
1603 2088 1929 2143 manifestus
1958 2098 2075 2143 erat

504 2186 759 2254 Domino,
791 2187 885 2256 qui
929 2197 1056 2241 tunc
1078 2185 1198 2254 ejus
1229 2185 1569 2254 propositum
1600 2183 1768 2249 novit,
1796 2183 1895 2252 qui
1928 2196 2074 2235 mar-

505 2279 711 2350 tyrium
763 2294 1029 2348 passurus
1076 2276 1238 2331 foret.
1279 2274 1431 2330 Bono
1478 2273 1892 2346 itaqueanimo
1924 2272 2084 2335 venit.

507 2370 577 2424 ad
627 2370 865 2425 amicum
898 2369 1217 2435 Dominum,
1248 2382 1349 2437 pro
1385 2382 1495 2437 quo
1532 2374 1588 2422 et
1636 2379 1858 2436 corpus,
1909 2371 2073 2434 atque

504 2461 694 2528 etiam,
736 2469 797 2515 ut
832 2460 1041 2532 iudices
1092 2459 1406 2529 sperabant,
1450 2457 1687 2513 animam
1733 2456 1980 2520 tradidit,
2019 2463 2074 2509 et

504 2569 537 2607 ι
573 2553 862 2609 Servatore
892 2559 1105 2617 nostro,
1171 2571 1190 2603 ι
1231 2567 1266 2606 o
1299 2550 1468 2605 frater
1510 2549 1725 2613 dilecte,
1762 2567 1781 2600 ι
1813 2555 1875 2603 ut
1895 2546 2072 2603 dicam

506 2646 747 2716 poetice,
797 2653 1018 2715 propter
1060 2644 1185 2701 vitae
1230 2640 1644 2699 similitudinem
1692 2637 2068 2709 compellatur.

504 2737 615 2793 Nos
641 2747 823 2793 autem
845 2734 1426 2792 «consummationem»
1443 2746 1701 2788 vocamus
1726 2730 2073 2801 martyrium,

507 2844 615 2883 non
649 2830 794 2897 quod
836 2826 963 2882 vitae
999 2826 1222 2881 «ﬁnem:
1256 2825 1423 2880 homo
1456 2822 1753 2893 acceperit,
1786 2830 1849 2877 ut
1876 2821 2072 2890 reliqui

505 2919 819 2990 loquuntur,
846 2918 942 2974 sed
975 2917 1119 2989 quod
1154 2914 1482 2987 «perfectum
1505 2928 1572 2971 ac
1595 2920 2064 2970 consummatum»

506 3029 645 3081 opus
672 3011 973 3067 ostenderit
995 3008 1298 3065 charitatis.
1323 3006 1633 3074 Quinetiam
1656 3006 1832 3063 Graeci
1855 3019 2073 3076 quoque

468 3097 716 3159 'veteres
760 3102 990 3158 laudant
1024 3102 1188 3157 ﬁnem
1220 3115 1436 3165 eorum,
1478 3098 1576 3170 qui
1608 3098 1812 3153 mortui
1848 3104 1977 3153 sunt
2016 3095 2072 3150 in

2176 1908 2232 1961 δὲ
2262 1908 2469 1980 Κυρίῳ,
2493 1906 2561 1962 δι’
2587 1903 2656 1980 ἦς
2682 1908 3025 1964 ἀνεδείκνυτο
3051 1908 3129 1980 τῷ
3161 1908 3351 1980 Κυρίῳ
3402 1908 3504 1960 καὶ
3547 1906 3669 1977 πρὸ
3693 1906 3780 1975 τῆς

2175 2000 2439 2068 γενέσεως
2477 1999 2579 2073 τὴν
2614 1986 2933 2073 προαίρεσιν
2970 1997 3062 2053 τοῦ
3096 2000 3561 2072 μαρτυρήσαντος
3602 1998 3777 2050 εἰδότ’..

2175 2091 2534 2164 Εὐθαρσήσας
2577 2092 2757 2147 τοίνυν
2801 2092 2941 2165 πρὶς
2978 2092 3131 2161 φίλον
3154 2092 3246 2145 τὸν
3270 2091 3507 2163 Κύριον,
3546 2090 3697 2160 ὑπὲρ
3726 2083 3781 2142 οὗ

2177 2184 2268 2236 καὶ
2292 2183 2354 2237 τὸ
2381 2184 2541 2256 σῶμα
2571 2184 2713 2239 ἑκὼν
2740 2185 3084 2249 ἐπιδέδωκεν,
3130 2185 3266 2283 πρὸς
3294 2184 3352 2237 δὲ
3395 2183 3496 2239 καὶ
3538 2182 3653 2253 τὴν
3684 2182 3779 2252 ψυ-

2176 2273 2296 2343 χὴν,
2324 2271 2399 2337 ὡς
2442 2274 2493 2326 οί
2537 2274 2787 2329 δικασταὶ
2827 2271 3267 2347 προσεδόκησᾰω,
3311 2274 3567 2346 ἔρχεται,
3608 2292 3633 2324 σ
3668 2275 3779 2341 gm

2175 2365 2466 2437 κασίγνητε
2504 2385 2524 2417 ι
2562 2366 2859 2437 ποιητικῶς
2906 2384 2971 2436 γε
3036 2367 3147 2440 (28)
3192 2366 3433 2430 ἀκούσας
3488 2367 3646 2438 πρὸς
3690 2366 3779 2417 τοῦ

2176 2455 2426 2526 Σωτῆρος
2453 2456 2628 2527 ἡμῶν,
2655 2457 2743 2513 διὰ
2781 2459 2879 2530 τὴν
2918 2458 3015 2512 τοῦ
3039 2458 3156 2529 βίου
3197 2458 3516 2529 ὁμοιότητα.
3569 2456 3781 2510 Αὐτίκα

2181 2566 2199 2598 ι
2234 2547 2511 2603 τελείωσιν
2533 2567 2552 2601 ι
2572 2548 2633 2602 τὸ
2651 2550 2946 2622 μαρτύριον
2969 2551 3262 2623 καλοῦμεν,
3290 2551 3389 2623 οὐχ
3414 2551 3499 2603 ὅτι
3530 2570 3555 2601 ‹
3579 2550 3739 2612 τέλος
3755 2569 3773 2598 ο

2173 2638 2267 2692 τοῦ
2298 2638 2479 2709 βίουό
2523 2639 2809 2710 ἄνθρωπος
2853 2640 3062 2706 ἔλαϐεν,
3096 2642 3173 2705 ὡς
3213 2644 3260 2695 οἱ
3304 2641 3507 2707 λοιποὶ,
3544 2639 3672 2694 ἀλλ’
3703 2643 3777 2693 ὅτι

2181 2748 2198 2780 ι
2231 2729 2433 2783 τέλειον
2469 2750 2487 2782 ι
2517 2730 2674 2803 ἔργον
2707 2731 2930 2804 ἀγάπης
2967 2732 3294 2799 ἐνεδείξατο·
3339 2734 3435 2787 καί
3462 2734 3512 2786 οὶ
3552 2734 3778 2785 παλαιοὶ

2173 2820 2228 2873 δὲ
2278 2822 2384 2876 τῶν
2426 2825 2555 2896 παρ’
2584 2824 2828 2895 Ἕλλησι,
2872 2823 2980 2879 τῶν
3018 2825 3077 2878 ἐν
3119 2824 3342 2896 πολέμῳ
3393 2824 3777 2878 ἐπιθανόντων

2173 2913 2269 2986 τὴν
2296 2914 2552 2986 τελευτὴν
2581 2916 2891 2971 ἐπαινοῦσιν
2929 2916 3060 2988 (‘29),
3099 2917 3159 2971 οὐ
3198 2918 3260 2970 τὸ
3299 2915 3492 2986 βιαίως
3524 2916 3776 2985 ἀποθνή-

2175 3024 2324 3060 σκειν
2354 3006 2823 3078 συμϐουλεύοντες,
2850 3008 2963 3062 ἀλλ’
2989 3009 3071 3061 ὅτι
3097 3009 3126 3060 ὁ
3149 3007 3290 3061 κατὰ
3322 3006 3567 3078 πόλεμον
3599 3007 3778 3059 τελευ-

2173 3099 2279 3152 τῶν
2324 3098 2484 3172 ἀδεὴς
2525 3099 2621 3153 τοῦ
2670 3100 2849 3155 θανεῖν
2895 3099 3256 3172 ἀπήλλακται,
3301 3098 3661 3171 ἀποτμηθεὶς
3686 3098 3772 3151 τοῦ

504 3196 667 3261 bello,
701 3210 810 3249 non
856 3192 1074 3263 quidem
1125 3199 1356 3244 mortem
1410 3187 1702 3243 suadentes
1755 3185 2068 3249 violentam,

2176 3162 2454 3261 σώματος,
2467 3162 2577 3246 καὶ
2608 3192 2669 3245 οὐ
2716 3162 3013 3264 προκαμὼν
3048 3193 3118 3261 τῇ
3169 3162 3336 3260 ψυχῇ,
3366 3162 3489 3241 οὐδὲ
3514 3162 3775 3257 καταμι-

504 3286 599 3340 sed
638 3286 784 3357 quod
813 3284 907 3355 qui
940 3284 996 3337 in
1024 3281 1168 3338 bello
1196 3282 1363 3335 vitam
1390 3280 1539 3347 ﬁnit,
1576 3288 1809 3334 mortem
1856 3292 1966 3333 non
2003 3275 2073 3331 ti-

506 3395 662 3434 mens
693 3377 949 3443 recessit;
987 3381 1301 3444 amputatus
1348 3386 1600 3442 corpore,
1633 3385 1759 3426 cum
1791 3368 2071 3440 necprius

506 3469 693 3523 animo
741 3469 1078 3531 laborasset,
1113 3481 1216 3521 nec
1255 3465 1529 3520 emollitus
1556 3469 1719 3527 esset,
1748 3469 1809 3517 ut
1837 3460 1976 3515 solet
2014 3460 2072 3514 in

488 3559 715 3613 auorbis
747 3558 994 3614 accidere
1042 3556 1393 3621 hominibus;
1434 3552 1698 3609 recedunt
1746 3550 1894 3605 enim
1943 3547 2074 3603 eﬁ‘e—

506 3648 699 3702 minati
738 3657 791 3704 et
830 3648 1013 3703 vivere
1053 3647 1368 3718 cupientes;
1403 3652 1459 3699 et
1485 3642 1619 3712 {ideo
1658 3655 1836 3710 neque
1880 3654 2070 3709 puram

506 3738 763 3794 emittunt
791 3738 1051 3801 animam,
1079 3736 1173 3791 sed
1200 3750 1322 3806 quae
1344 3732 1690 3804 cupiditates,
1728 3729 1890 3784 veluti
1914 3736 2073 3783 notas

506 3830 811 3900 plumbeas,
848 3843 1031 3885 secum
1050 3827 1228 3893 eﬁ‘ert,
1276 3825 1380 3882 nisi
1428 3823 1633 3880 fuerint
1668 3836 1856 3877 eorum
1903 3819 2072 3889 aliqui

504 3924 708 3977 virtute
751 3928 1092 3992 praestantes.
1146 3917 1347 3973 Eorum
1399 3923 1604 3980 autem,
1631 3913 1724 3983 qui
1760 3912 2072 3968 moriuntur

508 4012 560 4064 in
642 4011 831 4078 bello,
917 4007 1167 4064 nonnulli
1230 4022 1353 4061 cum
1437 4002 1828 4074 cupiditatibus
1886 4016 1917 4055 e
1964 4000 2073 4054 vita

502 4110 734 4165 exeunt,
768 4101 909 4170 quod
953 4098 1179 4170 perinde
1229 4106 1314 4153 est
1345 4108 1409 4151 ac
1456 4097 1504 4150 si
1539 4093 1732 4148 morbo
1776 4092 2073 4148 contabue-

503 4201 648 4245 rant.
701 4191 759 4246 Si
798 4200 980 4247 autem
1008 4189 1117 4245 Deo
1146 4188 1393 4244 conﬁteri
1431 4187 1503 4242 sit
1539 4184 1888 4256 martyrium,
1920 4198 2073 4253 quae-

504 4299 720 4353 cunque
747 4285 927 4338 anima
956 4298 1098 4353 pure
1134 4292 1260 4337 cum
1292 4278 1571 4350 agnitione
1594 4276 1689 4330 Dei
1715 4276 1881 4330 vitam
1910 4276 2071 4329 insti-

506 4376 610 4428 tuit
634 4384 686 4428 et
713 4374 1000 4444 prmceptis
1028 4374 1227 4443 paruit,
1254 4388 1317 4427 ea
1348 4371 1566 4441 quidem
1597 4369 1706 4423 vita
1735 4377 1790 4424 et
1820 4384 2073 4425 sermone

504 4475 591 4520 est
616 4475 841 4536 martyr,
893 4464 1390 4535 quomodocunque
1444 4461 1703 4516 liberetur
1742 4475 1781 4514 a
1810 4474 2069 4530 corpore;

504 4555 665 4610 ﬁdem
693 4557 918 4621 scilicet,
940 4565 1203 4625 tanquam
1229 4553 1569 4623 sanguinem,
1592 4567 1686 4621 per
1713 4559 1882 4605 totam
1903 4550 2070 4605 vitam

502 4654 559 4698 et
585 4644 749 4698 etiam
784 4644 836 4697 in
869 4643 1039 4709 exitu,
1071 4642 1426 4712 profundens.
1474 4639 1594 4695 Jam
1641 4639 1775 4694 dicit
1804 4639 2072 4697 Dominus

504 4737 560 4789 in
585 4734 876 4806 Evangelia
902 4754 913 4788 :
946 4753 964 4785 ι
995 4733 1098 4800 Qui
1127 4734 1409 4804 reliquerit
1440 4743 1668 4803 patrem,
1698 4732 1782 4788 vel
1812 4741 2061 4800 matrem,

556 4877 635 4935 ,ἧς
669 4868 730 4923 Ρ.
769 4869 875 4924 570
912 4868 1021 4922 El).
1055 4866 1349 4934 POTTER,
1384 4866 1487 4921 480
1525 4865 1634 4924 ED.
1673 4866 1900 4921 PARIS.

523 4982 695 5135 1mg
720 5004 908 5075 Οὗτος
943 5003 1057 5063 οὖν
1098 5008 1259 5077 φόϐῳ
1286 5011 1351 5061 τὸ
1375 5008 1467 5075 ἀρ.
1501 5006 1675 5061 Scribi
1704 5009 1895 5078 possit,
1918 5001 2071 5074 οὗτος

523 5076 591 5131 ὧν
633 5095 663 5129 τ
728 5078 878 5135 φόϐῳ
917 5079 1008 5135 ἀρ.
1069 5097 1087 5129 ι
1122 5078 1213 5132 Ille
1262 5077 1428 5135 igitur
1472 5085 1695 5135 promer
1742 5090 2070 5135 nrzecentum

497 5076 591 5131 οὖν
616 5076 695 5157 ,τὸ
728 5078 878 5148 φόϐῳ
917 5079 1008 5149 ἀρ.
1069 5097 1087 5129 ι
1122 5078 1213 5132 Ille
1262 5077 1428 5149 igitur
1472 5076 2083 5200 pemptenprzeceptum.

499 5149 779 5201 Christum
813 5150 884 5201 ob
913 5157 1118 5202 metum
1148 5162 1344 5203 necare
1374 5148 1472 5203 dec
1498 5156 1631 5203 mat.
1666 5167 1685 5199 ι
1717 5157 1822 5202 etc.

556 5156 779 5201 nrtstum
813 5156 884 5201 ob
913 5157 1118 5202 metum
1148 5162 1344 5218 negare
1374 5156 1631 5212 dectinat,
1666 5167 1685 5199 ι
1717 5157 1822 5202 etc.

556 5217 687 5288 (τιὸ)
736 5217 1060 5286 Ποιητικῶς
1084 5234 1169 5273 τε.
1210 5217 1403 5287 Aptius
1442 5217 1738 5288 ποιητικῶς
1771 5235 1856 5286 γε,
1889 5228 1983 5277 aut
2012 5221 2070 5273 τέ

501 5302 843 5354 supervacua
880 5297 982 5342 est.
1009 5288 1356 5344 Srumnc.—
1383 5287 1687 5358 Ποιητικῶς
1728 5305 1811 5353 τι,
1864 5288 2071 5344 lieinsii

500 5366 556 5408 et
589 5369 655 5410 eo
684 5357 1018 5426 posteriores
1042 5359 1194 5412 editt.
1242 5356 1518 5414 exhibent.
1551 5356 1723 5412 Porro
1753 5359 1896 5414 hanc
1919 5374 2074 5414 com-

502 5426 848 5494 pellationem
880 5430 1131 5496 superius
1164 5426 1505 5482 Homericam
1537 5429 1769 5482 vocavit.

568 5496 689 5578 (2Q)
744 5496 1167 5578 Ἐξαινοῦσιν..
1196 5496 1543 5578 Quantopere
1587 5497 1796 5578 laudati
1846 5497 2066 5578 fuerint,

505 5565 705 5685 ﬂuida
749 5565 912 5648 bello.
936 5567 1345 5630 occubuissent,
1394 5565 1638 5647 declarat
1695 5567 1925 5690 insiﬁpis
1978 5569 2070 5648 illa

550 5635 731 5689 anelis
775 5646 952 5691 oratio
996 5638 1140 5692 apud
1186 5635 1431 5692 Thucvd.
1480 5638 1573 5692 lib.
1625 5652 1684 5692 η.
1740 5647 1792 5692 et
1869 5638 2068 5692 laturus

1032 5652 1140 5707 puu
1186 5652 1431 5707 '1_nucya.
1480 5652 1573 5692 ιιυ.
1625 5652 1684 5703 n,
1740 5652 1792 5692 et
1824 5652 2068 5694 maturus

505 5704 771 5761 sententia
804 5705 858 5757 in
883 5704 1186 5761 Μεηεξτεηο.
1217 5705 1284 5762 R.
1310 5704 1572 5763 Summo.
1808 5764 1817 5771 ,
1982 5760 1995 5772 .

574 5771 685 5841 (50)
732 5775 956 5843 ’Ὠσπερ
1002 5775 1385 5845 μολυϐδίδας,
1452 5776 1730 5834 Platonem
1799 5777 2063 5837 imitatur.

2177 3281 2472 3345 λακισθεὶς,
2500 3278 2587 3335 οἷα
2626 3283 2755 3354 περὶ
2788 3280 2888 3346 τὰς
2918 3281 3108 3345 νόσους
3148 3280 3451 3351 πάσχουσιν
3484 3278 3534 3330 oi
3562 3277 3776 3348 ἄνθρω-

2175 3389 2298 3427 ποι·
2333 3372 2766 3428 ἀπαλλάττονται
2802 3373 2910 3445 γὰρ
2949 3371 3367 3444 θηλυκευόμενοι
3410 3370 3509 3423 καὶ
3556 3366 3773 3440 ἱμειρὸ-

2178 3480 2325 3534 μενοι
2357 3461 2451 3515 τοῦ
2476 3462 2601 3534 ζῇν·
2638 3462 2726 3517 διὰ
2754 3462 2928 3517 ταῦτα
2979 3461 3100 3514 οὐδὲ
3141 3459 3387 3535 καθαρὰν
3435 3459 3771 3513 ἀπολύουσιν

2173 3554 2270 3625 τὴν
2299 3555 2497 3627 ψυχὴν,
2529 3554 2642 3608 ἀλλ’
2692 3554 2878 3628 ὥσπερ
2920 3554 3235 3628 μολυϐδίδας
3267 3552 3380 3623 (30)
3422 3551 3530 3612 τάς
3580 3550 3772 3604 £7282;-

2178 3649 2303 3719 μίας
2338 3647 2455 3719 μεθ’
2487 3649 2687 3719 ἑαυτῆς
2716 3648 3038 3721 φερομένην,
3075 3650 3122 3701 εί
3158 3647 3230 3718 μή
3265 3661 3410 3707 τινες
3436 3643 3656 3696 τούτων
3686 3640 3771 3695 ἐλο

2174 3738 2386 3810 λόγιμοι
2413 3741 2532 3794 κατ’
2562 3741 2761 3812 ἀρετὴν
2791 3740 3096 3810 γεγόνασιν.
3127 3738 3249 3790 Εἰσὶ
3274 3737 3333 3789 δὲ
3371 3736 3468 3789 καὶ
3494 3735 3546 3787 οἳ
3572 3737 3638 3787 ἐν
3675 3749 3771 3784 πο-

2172 3827 2323 3902 λέμῳ
2374 3832 2511 3901 μετ’·
2545 3830 2848 3901 ἐπιθυμιῶν
2896 3831 3360 3899 ἀποθνήσκουσιν,
3411 3828 3571 3881 οὐδὲν
3625 3821 3770 3879 οὗτοι

2172 3920 2537 3992 διαφέροντες,
2563 3925 2610 3976 εί
2651 3922 2743 3975 καὶ
2780 3921 2921 3993 νόσῳ
2957 3920 3440 3992 κατεμαραίνοντο.
3480 3919 3546 3971 Εἰ
3584 3919 3769 3971 τοίνυν

2170 4011 2203 4080 ή
2238 4010 2369 4081 πρὸς
2409 4010 2538 4065 Θεὸν
2587 4011 2846 4083 ὁμολογία
2878 4012 3147 4085 μαρτυρία
3174 4012 3309 4075 ἐστὶ,
3340 4011 3495 4063 πᾶσα
3528 4011 3563 4080 ἡ
3595 4009 3769 4062 καθτο

2178 4102 2284 4173 ρῶς
2316 4104 2747 4178 πολιτευσαμένη
2772 4106 2916 4176 ψυχὴ
2949 4108 3062 4176 μετ’
3093 4101 3438 4173 ἐπιγνώσεως
3471 4101 3569 4156 τοῦ
3603 4101 3765 4160 Θεοῦ.

2170 4194 2204 4262 ἡ
2251 4196 2370 4258 ταῖς
2411 4194 2651 4259 ἐντολαῖς
2697 4197 3051 4266 ἐπακηκουῖα,
3094 4190 3303 4267 μάρτυς
3351 4196 3469 4248 ἐστὶ
3521 4196 3622 4247 καὶ
3669 4195 3766 4265 βίῳ

2173 4286 2266 4339 καὶ
2319 4287 2481 4359 λόγῳ,
2529 4288 2677 4353 ὅπως
2727 4289 2853 4342 ποτὲ
2898 4288 2991 4341 τοῦ
3037 4286 3287 4357 σώματος
3318 4286 3763 4356 ἀπαλλάττηται·

2172 4370 2281 4429 οἷον
2314 4371 2452 4448 αἷμα
2496 4379 2595 4450 τὴν
2629 4381 2809 4435 πίστιν
2841 4378 2944 4434 ἀνά
2983 4380 3072 4432 τὸν
3113 4378 3225 4449 βίον
3254 4379 3494 4442 ἅπαντα,
3530 4379 3673 4450 πρὸς
3709 4380 3766 4434 δι

2105 4506 2153 4566 D
2178 4468 2273 4520 καὶ
2308 4469 2407 4540 τὴν
2448 4467 2625 4533 ἔξοδον
2662 4471 3023 4542 προσχέουσα.
3069 4471 3277 4524 Αὐτίκα
3303 4473 3331 4523 ό
3360 4470 3572 4542 Κύριος
3598 4474 3663 4525 ὲν
3688 4470 3766 4540 τῷ

2178 4560 2495 4631 Εὑαγγελίῳ
2529 4562 2692 4632 φησίν
2711 4580 2723 4592 ·
2741 4561 2764 4613 ἰ
2783 4565 2877 4627 Ὃς
2903 4563 2968 4618 ἂν
2998 4563 3297 4638 καταλείψει
3324 4566 3561 4635 πατέρα,
3590 4565 3624 4634 ἦ
3662 4580 3763 4634 [.m-

2177 4650 2329 4722 τέρα,
2361 4650 2394 4722 ἢ
2422 4650 2697 4721 ἀδελφοὺς,
2724 4673 2741 4705 ι
2762 4657 2853 4707 καὶ
2892 4655 2959 4709 τά
2996 4654 3142 4725 ἐξῆς,
3173 4653 3388 4707 «ἕνεκεν
3402 4654 3499 4708 τοῦ
3516 4655 3762 4722 Εὑαγγε-

2170 4740 2283 4794 λίου
2334 4743 2427 4797 καὶ
2473 4744 2566 4797 τοῦ
2621 4746 2883 4815 ὀνόματός
2914 4764 3037 4816 μου,
3080 4767 3099 4797 ι
3138 4747 3405 4818 μακάριος
3453 4746 3669 4799 οὑτοσί·
3698 4742 3759 4797 οὐ

2180 5012 2314 5086 Nam
2330 5015 2426 5086 ille
2448 5016 2592 5071 haud
2612 5017 2769 5086 longe
2786 5016 2854 5070 ab
2882 5016 2999 5070 init.
3032 5015 3125 5070 lib.
3143 5013 3311 5086 νηοε
3335 5014 3550 5086 repub.,
3568 5012 3753 5085 p.695,

2180 5084 2255 5138 ait
2281 5084 2493 5157 :__Toﬁ':o
2552 5084 2733 5157 μέντοὶ
2772 5086 2844 5145 ,τὸ
2887 5087 2986 5157 τῆς
3039 5084 3586 5157 τοιαρτης-φιξσεως,
3611 5087 3661 5157 εἰ
3696 5087 3757 5137 ἐκ

2179 5154 2368 5227 παιδὸς
2390 5153 2926 5227 εὐθυςκοπτόμενον,
2943 5153 3256 5227 περιεκόπη
3270 5153 3341 5209 τά
3354 5154 3473 5227 ⁸τῆς
3496 5154 3754 5227 γενέσεως

2181 5172 2368 5218 παιοος
2390 5172 2549 5220 ευυυς
2574 5173 2926 5226 κοπτομενον,
2948 5172 3247 5227 περιεκοπη
3270 5172 3754 5278 τιέἆέἑγενεσεως

2181 5223 2446 5297 ξυγγενῆ,
2474 5224 2665 5297 ὥσπερ
2687 5225 3146 5297 -μολυϐδίδας,γα’ί
3181 5224 3302 5297 δὴ,Δ
3323 5227 3336 5239 ⁸
3493 5228 3550 5288 ἴς
3577 5241 3639 5276 τε
3669 5223 3754 5297 καὶ

2178 5292 2596 5375 τῶν-τοιούτων
2637 5292 2945 5375 ᾖδοναῖςιτε
2992 5295 3084 5348 καὶ
3115 5292 3396 5375 ,λιχνείαις
3460 5292 3753 5375 armetis};

2173 5365 2519 5438 γιγνόμεκιαιν
2544 5361 2681 5438 -περῖ
2712 5365 2782 5438 τὰ
2812 5366 2960 5438 κάτω
3001 5361 3293 5438 στρέφόίδσι
3323 5361 3563 5438 τὴν-τῆς
3585 5361 3751 5432 ψδκῆί

2173 5434 2382 5504 bal/tv}:
2413 5435 2469 5490 Si
2506 5436 2577 5491 ab
2606 5434 2709 5491 lioc
2750 5436 2966 5505 ingenio
3005 5434 3193 5505 statim
3236 5449 3267 5487 a
3294 5434 3538 5503 pueritia
3564 5446 3751 5505 ampu-

2173 5503 2376 5569 tentur,
2403 5520 2525 5575 qute
2567 5514 2696 5560 sunt
2723 5503 3090 5573 generationis
3116 5503 3319 5575 aﬂinia,
3351 5520 3495 5569 nm
3514 5504 3747 5575 plagiam

2172 5573 2435 5642 pondera,
2476 5594 2493 5626 ι
2548 5591 2671 5644 quae
2721 5576 3170 5637 comestionibus,
3200 5573 3625 5644 ethujusmodi
3656 5586 3745 5644 vo-

2175 5640 2496 5712 luptatibus,
2526 5640 2582 5699 et
2607 5645 2945 5711 libidinibus,
2976 5655 3141 5714 atque
3160 5640 3391 5700 deliciis
3405 5640 3742 5706 inhaerentia.

2176 5715 2373 5775 mentis
2407 5716 2578 5777 aciem
2608 5716 2677 5771 ad
2705 5714 2965 5771 inferiora
2993 5715 3319 5785 detorquent
3337 5756 3352 5781 ,
3380 5732 3399 5766 ›
3433 5723 3545 5770 etc.
