3934 6520
434 443 567 499 ΙΞἹΙ

1597 433 1992 494 CLEMENTIS
2028 428 2500 487 ALEXANDBINI

3566 421 3703 477 1272

434 571 565 625 tem,
597 578 719 633 qua
759 560 961 616 excitat
1002 559 1070 615 ad
1102 558 1408 624 Christum,
1455 558 1600 613 sicut
1628 557 1895 617 virorum,
1932 554 2004 605 ita

2124 548 2251 610 πίας.
2278 546 2464 617 Μεστὴ
2492 528 2606 616 μὲν
2631 537 2724 598 οὖν
2756 544 2904 596 πᾶσα
2931 543 2966 612 ἡ
3006 540 3306 611 Ἐκκλησία
3331 538 3448 591 τῶν
3482 537 3709 608 μελετη-

370 712 384 732 κ
432 656 596 712 etiam
643 656 933 711 mulierum
978 650 1419 723 temperantium.
1474 647 1626 703 Licet
1684 648 1758 711 ei,
1786 645 1883 715 qui
1938 659 2006 698 ex

2124 641 2318 695 πάντων
2345 639 2435 692 τὸν
2456 636 2706 709 ζὼπυρον
2739 634 2967 689 θάνατον
3012 636 3093 697 είς
3132 631 3374 704 Χριστὸν
3408 632 3547 701 παρ’
3586 628 3708 682 ὅλον

432 764 589 804 more
638 759 828 804 nostro
865 748 1034 800 vitam
1078 720 1334 807 instituit,
1367 742 1532 797 etiam
1573 740 1780 809 absque
1810 735 2007 791 litteris

2124 732 2200 786 τὸν
2245 730 2377 801 βίον,
2411 728 2664 800 καθάπερ
2703 725 2935 797 ἀνδρῶν,
2984 723 3131 778 οὕτω
3173 723 3233 776 δέ
3275 723 3380 776 καὶ
3423 720 3710 789 γυναικῶν

430 841 832 914 philosophari,
858 855 954 896 seu
982 838 1053 895 sit
1074 837 1361 900 barbarus,
1379 851 1475 891 seu
1498 832 1744 892 Graecus.
1772 846 1870 886 seu
1892 845 2009 883 ser-

430 950 555 1000 vus,
581 951 678 991 seu
706 949 894 1000 senex,
927 948 1021 989 seu
1066 932 1300 1004 puellus,
1329 946 1425 984 seu
1469 928 1687 982 mulier.
1728 924 1824 979 Est
1861 923 2008 978 enim

433 1029 792 1099 temperantia
826 1026 1137 1083 communis
1165 1024 1409 1079 omnium
1434 1021 1742 1086 hominum,
1770 1017 1865 1089 qui
1888 1032 2009 1072 eam

433 1122 754 1191 delegerint.
808 1118 903 1175 Est
954 1125 1138 1173 autem
1179 1116 1321 1187 apud
1357 1130 1460 1170 nos
1506 1121 1660 1169 extra
1696 1120 2010 1166 controver-

434 1213 593 1275 siam,
628 1211 874 1266 eamdem
903 1218 1153 1264 naturam
1184 1210 1240 1263 in
1260 1220 1592 1276 unoquoque
1622 1218 1837 1275 genere,
1861 1216 2011 1257 eam-

432 1304 555 1373 dem
579 1304 744 1358 etiam
769 1302 972 1358 habere
1011 1302 1287 1355 virtutem.
1305 1298 1426 1354 Non
1457 1298 1619 1353 aliam
1644 1310 1777 1366 ergo
1808 1294 2012 1349 habere

432 1382 688 1447 naturam
707 1393 921 1456 mulier,
944 1392 1089 1462 quod
1105 1391 1297 1446 attinet
1316 1390 1382 1445 ad
1407 1388 1823 1453 humanitatem,
1847 1386 2009 1440 aliam

435 1498 564 1538 vero
596 1482 809 1539 videtur
830 1483 911 1537 vir
936 1483 1154 1545 habere,
1182 1482 1277 1537 sed
1309 1482 1555 1537 eamdem
1591 1500 1603 1534 :
1641 1495 1812 1550 quare
1842 1479 2008 1533 etiam

435 1575 716 1630 virtutem.
747 1573 902 1642 Quod
936 1574 981 1630 si
1021 1575 1122 1627 viri
1156 1574 1345 1644 utique
1372 1573 1547 1628 virtus
1578 1581 1662 1628 est
1705 1581 2013 1641 temperan-

435 1666 536 1733 tia,
564 1673 621 1720 et
650 1665 885 1736 justitia,
931 1675 984 1720 et
1007 1679 1351 1736 quaecunque
1394 1664 1496 1718 has
1524 1661 1786 1732 consequi
1816 1659 2013 1716 existi-

434 1764 694 1821 mantur,
732 1764 845 1811 tum
891 1756 991 1811 soli
1040 1756 1159 1811 viro
1186 1756 1439 1811 convenit
1481 1770 1603 1810 esse
1651 1754 1850 1808 virtute
1877 1767 2015 1823 prae—

434 1844 644 1912 ditum;
693 1847 907 1902 mulieri
945 1862 1094 1914 vero,
1142 1862 1264 1903 esse
1300 1847 1757 1916 intemperantem
1781 1854 1834 1899 et
1865 1843 2012 1913 inju-

2111 824 2403 895 σωφρόνων
2429 821 2560 893 (97).
2602 820 2818 885 Ἔξεστι
2845 818 2954 890 γὰρ
2978 816 3056 887 τῷ
3087 816 3210 871 καθ’
3241 816 3396 887 ἡμᾶς
3422 813 3713 867 πολιτευο-

2113 918 2259 989 μένῳ
2302 918 2395 970 καὶ
2430 917 2560 971 ἄνευ
2586 914 2934 986 γραμμάτων
2967 911 3298 981 φιλοσοφεῖν,
3341 908 3451 962 κᾶν

2114 1027 2204 1080 ρος
2230 1009 2342 1081 (98)
2373 1004 2429 1083 ᾖ,
2458 1008 2559 1064 κᾶν
2582 1007 2802 1077 Ἕλλην,
2833 1005 2935 1060 κᾶν
2961 1005 3145 1068 δοῦλος
3165 1045 3179 1069 ,
3211 1002 3317 1058 κᾶν
3353 1002 3581 1073 γέρων,
3612 996 3714 1051 κᾶν

2111 1102 2343 1166 παιδίον,
2370 1101 2472 1156 κᾶν
2501 1102 2654 1172 γυνή·
2696 1097 2850 1170 κοινὴ
2887 1097 2997 1170 γὰρ
3038 1097 3294 1151 ἁπάντων
3335 1093 3449 1147 τῶν
3494 1091 3716 1162 ἀνθρὼ-

2112 1212 2229 1248 πων
2252 1239 2266 1261 ,
2296 1194 2400 1248 τῶν
2430 1211 2493 1263 γε
2538 1192 2840 1264 ἑλομένων,
2879 1192 2913 1262 ἠ
2944 1188 3289 1261 σωφροσύνη.
3334 1187 3719 1259 Ὠμολὸγηται

2111 1288 2155 1341 δ’
2189 1289 2322 1357 ἡμῖν
2347 1285 2445 1357 τὴν
2475 1283 2644 1356 αὐτὴν
2676 1283 2838 1353 φύσιν
2879 1282 3019 1336 κατὰ
3063 1282 3222 1351 γένος
3271 1281 3557 1340 ἕκαστον,
3617 1278 3718 1348 τὴν

2112 1381 2282 1451 αὐτὴν
2321 1380 2415 1433 καὶ
2446 1378 2619 1450 ῐσχειν
2643 1378 2866 1451 ἀρετήν.
2897 1377 3012 1431 Οὐκ
3038 1375 3204 1448 ἄλλην
3229 1374 3414 1429 τοίνυν
3444 1373 3595 1444 πρὸς
3618 1372 3718 1440 τὴν

2113 1468 2510 1541 ἁνθρωπότητα
2536 1467 2698 1537 φύσιν
2730 1466 3016 1538 ἓχει(99)ή
3046 1464 3203 1536 γυνὴ,
3230 1464 3402 1534 ἄλλην
3427 1463 3491 1516 δὲ
3519 1465 3552 1515 6
3576 1463 3718 1533 ἀνὴρ

2115 1561 2394 1630 φαίνεται,
2436 1559 2554 1614 ἀλλ’
2586 1560 2618 1633 ἢ
2650 1559 2748 1632 τὴν
2781 1560 2974 1631 αὑτήν·
3009 1556 3152 1611 ὥστε
3190 1557 3285 1609 καὶ
3327 1555 3426 1626 τὴν
3482 1556 3716 1625 ἀρετήν.

2115 1651 2178 1705 Ei
2205 1652 2264 1706 δέ
2287 1651 2484 1723 ἀνδρὸς
2517 1649 2690 1722 ἁρετὴ
2711 1647 3032 1720 σωφροσύνη
3060 1645 3352 1719 δήπουθεν,
3384 1645 3491 1699 κα)⁸
3515 1644 3723 1696 δικανι-

2116 1740 2271 1812 σύνη,
2306 1741 2400 1795 καὶ
2427 1742 2548 1795 ὅσαι
2578 1739 2802 1804 ταύταις
2830 1737 3120 1793 ἀκόλουθοι
3157 1735 3483 1809 νομίζονται
3502 1776 3520 1801 ,
3562 1735 3721 1805 ἀνδρὶ

2119 1834 2268 1906 μόνῳ
2291 1833 2536 1907 ἐναρέτῳ
2567 1828 2706 1887 εἶναι
2731 1820 3024 1906 προσήκει,
3056 1830 3281 1899 γυναικὶ
3314 1829 3377 1883 δὲ
3418 1829 3722 1898 ἀκολάστῳ

434 1946 600 1992 stam.
633 1939 797 2006 Atqui
834 1948 993 2009 turpe
1019 1948 1103 1994 est
1145 1946 1249 1994 hoc
1273 1938 1359 1993 vel
1392 1938 1611 1993 dicere:
1646 1934 2017 2005 temperantia:

2124 1928 2212 1982 καὶ
2239 1927 2432 1999 ἀδίκῳ.
2472 1926 2631 1981 ’Δλλὰ
2664 1927 2913 1998 ἀπρεπὲς
2940 1924 3096 1979 τοῦτο
3130 1922 3226 1978 καὶ
3253 1922 3459 1991 λέγειν·
3502 1938 3721 1991 σωφρο-

435 2042 568 2098 ergo
592 2035 645 2083 et
663 2027 913 2097 justitiaa,
946 2038 1001 2085 et
1030 2029 1241 2084 ueteris
1274 2028 1565 2083 virtutibus
1614 2026 1869 2081 similiter
1898 2024 2020 2096 qui-

435 2116 560 2171 dem
593 2117 771 2172 virum
808 2127 863 2173 et
898 2118 1204 2183 mulierem,
1243 2117 1476 2172 liberum
1515 2123 1568 2171 et
1603 2117 1847 2179 servum,
1886 2128 2019 2183 ope-

436 2222 556 2262 ram
581 2215 799 2277 oportet
833 2208 1007 2276 dare;
1049 2207 1494 2277 quandoquidem
1527 2205 1773 2275 ejusdem
1798 2203 2020 2258 virtutis

437 2313 668 2367 capaces
688 2306 839 2365 sunt,
857 2315 982 2354 cum
1006 2300 1251 2369 ejusdem
1281 2308 1489 2354 natura:
1512 2298 1642 2353 sint.
1664 2296 1851 2366 Atqui,
1875 2296 2021 2366 quod

437 2394 510 2447 sit
539 2393 759 2463 quidem
789 2393 978 2448 eadem
1018 2400 1214 2447 natura
1253 2391 1469 2447 feminae
1513 2407 1635 2462 qua:
1668 2391 1794 2455 viri,
1830 2400 2022 2461 quate-

436 2501 544 2542 nus
570 2496 651 2542 est
678 2484 900 2550 femina,
935 2499 1043 2539 non
1088 2483 1357 2549 dicimus;
1389 2485 1615 2537 omnino
1655 2482 1802 2536 enim
1831 2495 2025 2536 conve-

436 2577 521 2632 nit
550 2578 764 2647 utrique
791 2592 981 2632 eorum
1009 2588 1070 2630 ut
1095 2576 1272 2631 aliena
1308 2575 1448 2630 inter
1487 2591 1583 2630 cos
1617 2574 1921 2629 differentia
1951 2575 2024 2629 sit

435 2684 533 2736 per
562 2683 726 2738 quam
752 2682 918 2722 unum
947 2666 1166 2737 quidem
1199 2681 1386 2721 eorum
1422 2665 1717 2720 femineum
1738 2706 1753 2730 ,
1787 2664 2021 2719 alterum

352 2810 357 2819 ,
435 2774 567 2815 vero
618 2759 922 2814 masculum
966 2758 1201 2813 dicatur.
1251 2756 1481 2814 Uterum
1529 2773 1660 2827 ergo
1708 2765 1921 2828 gestare
1970 2764 2024 2810 et

435 2866 650 2922 parere,
686 2850 900 2905 femina:
949 2849 1144 2905 adesse
1191 2850 1452 2910 dicimus.
1492 2860 1765 2920 quatenus
1808 2857 1892 2904 est
1941 2846 2023 2903 fe-

436 2943 609 3008 mina,
638 2956 748 2997 non
778 2949 1051 3011 quatenus
1081 2952 1164 2998 est
1196 2943 1379 2998 homo.
1410 2942 1466 2997 Si
1502 2952 1682 2997 autem
1721 2940 1823 2995 viri
1855 2950 1908 2996 et
1947 2940 2025 2995 fe-

434 3036 602 3091 minze
633 3034 781 3090 nulla
817 3042 966 3089 esset
993 3034 1319 3101 differentia,
1361 3046 1593 3105 uterque
1619 3049 1811 3090 eorum
1833 3034 2021 3089 eadem

2119 2018 2287 2091 σύνης
2330 2016 2424 2075 οὖν
2476 2019 2835 2092 ἐπιμελητέον
2874 2019 2967 2073 καὶ
3006 2016 3395 2088 δικαιοσύνης,
3458 2016 3572 2068 καὶ
3626 2014 3723 2085 τῆς

2118 2114 2284 2185 ἄλλης
2305 2114 2508 2187 ἀρετῆς
2538 2113 2782 2185 ἀπάσης,
2821 2114 3026 2185 ὁμοίως
3071 2114 3171 2184 μὲν
3207 2109 3466 2182 γυναικὶ,
3514 2106 3723 2178 ὀμοοὶως

2116 2205 2175 2260 δὲ
2203 2205 2358 2277 ἀνδρὶ
2380 2245 2395 2270 ,
2429 2204 2703 2277 ἐλευθέρῳ
2728 2222 2788 2259 τε
2822 2205 2917 2260 καὶ
2949 2203 3141 2275 δούλῳ*
3184 2201 3375 2273 ἐπειδὴ
3419 2201 3602 2271 μέαν,
3632 2195 3726 2250 καὶ

2119 2298 2216 2370 τὴν
2250 2300 2419 2370 αὐτὴν
2470 2298 2673 2372 ἀρετὴν
2705 2294 2845 2354 εἷναι
2893 2298 2994 2370 τῆς
3031 2297 3203 2368 αὐτῆς
3230 2294 3457 2367 φύσεως
3511 2292 3725 2364 συμεέ-

2120 2393 2308 2465 6ηκεν.
2345 2394 2419 2447 Τὸ
2460 2393 2559 2465 μὲν
2583 2393 2762 2447 τοίνυν
2795 2392 2895 2464 τὴν
2923 2392 3094 2464 αὐτὴν
3123 2386 3265 2444 εἶναι
3294 2388 3464 2459 φύσιν
3494 2387 3603 2441 τοῦ
3637 2385 3726 2458 θή-

2119 2486 2240 2550 λεος
2289 2485 2426 2558 πρὸς
2473 2486 2534 2539 τὸ
2589 2487 2778 2559 ἄρρεν,
2837 2485 2975 2540 καθὸ
3001 2482 3135 2555 θῆλύ
3168 2484 3348 2547 ἐστιν,
3396 2481 3462 2536 ού
3514 2480 3723 2551 φαμέν·

2123 2578 2340 2641 πάντως
2382 2576 2493 2649 γάρ
2528 2592 2652 2631 τινα
2691 2576 2786 2629 καὶ
2822 2575 3086 2648 διαφορὰν
3124 2574 3395 2645 ὑπάρχειν
3438 2573 3730 2643 προσῆκεν

2122 2667 2366 2739 ἐκατέρῳ
2408 2666 2646 2732 τούτων,
2679 2666 2746 2720 δι’
2775 2667 2842 2738 ἥν
2870 2667 2930 2721 τὸ
2970 2668 3068 2739 μὲν
3114 2664 3247 2735 θῆλυ
3295 2664 3519 2729 αὐτῶν,
3575 2665 3643 2720 τδ
3676 2666 3729 2718 δέ

2122 2761 2290 2834 ἄρρεν
2311 2762 2555 2831 γέγονεν·
2591 2763 2652 2816 τὸ
2683 2762 2815 2833 γοῦν
2848 2764 3139 2833 κυοφορεῖν
3170 2760 3266 2815 καὶ
3294 2762 3353 2815 τὸ
3390 2760 3618 2814 τίκτειν
3666 2761 3729 2827 τῇ

2121 2852 2343 2921 γυναικὶ
2373 2852 2652 2925 προσεῖναί
2682 2869 2884 2924 φαμεν,
2923 2850 3061 2906 καθὸ
3095 2850 3283 2923 θήλεια
3308 2852 3586 2921 τυγχάνει
3608 2892 3625 2915 ,
3672 2853 3730 2903 ού

2124 2943 2259 2998 καθὸ
2283 2943 2585 3017 ἄνθρωπος.
2606 2945 2670 2998 El
2694 2944 2749 2997 δὲ
2772 2942 2940 3017 μηδὲν
2959 2940 3028 3017 ἦν
3052 2945 3112 2998 τὸ
3127 2944 3382 3016 διάφορον
3398 2942 3612 3015 ἀνδρὸς
3638 2944 3732 2997 καὶ

2124 3039 2418 3109 γυναικὸς,
2462 3037 2530 3092 τὰ
2553 3038 2692 3093 αὐτὰ
2719 3038 2786 3093 ἂν
2828 3040 3090 3111 ἑκάτερον
3120 3039 3302 3093 αὐτῶν
3347 3038 3428 3108 (1)
3475 3039 3626 3112 ἔδρα
3674 3055 3730 3091 τε

434 3136 621 3198 ageret
649 3137 703 3182 et
751 3137 1045 3197 pateretur.
1083 3125 1365 3193 Quatenus
1432 3139 1564 3196 ergo
1611 3132 1696 3179 est
1726 3122 1915 3179 eadem
1959 3136 2017 3177 eo

2125 3132 2221 3187 καὶ
2254 3131 2512 3202 ἔπασχεν.
2546 3127 2625 3205 τΙ,λί
2660 3132 2757 3203 μὲν
2788 3126 2969 3185 τοίνυν
2994 3133 3188 3188 ταυτόν
3222 3133 3340 3186 ἐστι
3369 3132 3512 3187 καθὸ
3548 3132 3728 3203 ψυχὴ.

435 3218 583 3286 quod
616 3218 812 3273 habeat
852 3218 1103 3273 eamdem
1151 3216 1415 3279 animam,
1453 3214 1633 3270 veniet
1661 3214 1730 3269 ad
1774 3213 2017 3269 eamdem

2125 3224 2297 3297 ταύτῃ
2342 3226 2437 3280 ἐπὶ
2470 3224 2569 3297 τὴν
2605 3223 2776 3296 αὐτὴν
2826 3224 3080 3293 ἀφίξεται
3132 3226 3356 3296 ἀρετήν’
3413 3220 3453 3300 ᾗ
3500 3224 3568 3278 δὲ
3616 3223 3733 3279 διά-

434 3309 734 3380 virtutem;
803 3319 1076 3383 quatenus
1132 3318 1314 3366 autem
1358 3309 1574 3363 diversa
1630 3323 1726 3377 per
1769 3306 2009 3377 proprie-

2128 3294 2327 3391 φορον,
2379 3294 2535 3370 κατὰν
2569 3316 2667 3388 τὴν
2714 3294 2809 3369 τοῦ
2852 3312 3107 3386 σώματος
3148 3294 3386 3386 ἰδιότητα
3402 3294 3452 3381 ,w
3470 3316 3575 3372 ἐπὶ
3634 3318 3733 3381 τὰς

433 3412 602 3459 tatem
632 3406 898 3473 corporis,
926 3404 992 3460 ad
1021 3414 1176 3460 utero
1205 3402 1498 3476 gestandos
1524 3407 1583 3465 >14
1610 3400 1774 3464 fetus,
1818 3409 1873 3455 et
1904 3416 2020 3455 ser-

433 3496 671 3551 vandam
701 3497 946 3551 domum.
983 3514 1001 3549 ι
1033 3493 1172 3550 Volo
1213 3515 1232 3548 ι
1264 3495 1441 3558 enim,
1483 3493 1658 3563 inquit
1702 3492 2016 3563 Apostolus,

442 3606 461 3639 ι
485 3603 587 3644 vos
614 3589 776 3654 scire,
812 3589 959 3660 quod
1001 3589 1250 3660 cujusvis
1288 3588 1391 3643 viri
1422 3597 1588 3657 caput
1628 3595 1714 3642 est
1742 3586 2016 3650 Christus,

436 3690 601 3750 caput
658 3692 839 3736 autem
905 3680 1152 3736 mulieris
1197 3681 1301 3734 vir.
1356 3677 1475 3733 Non
1531 3687 1618 3734 est
1666 3678 1811 3732 enim
1841 3679 1925 3732 vir
1950 3694 2017 3733 ex

436 3772 689 3837 muliere,
721 3770 816 3827 sed
852 3772 1052 3826 mulier
1076 3787 1143 3826 ex
1171 3771 1309 3826 viro.
1354 3769 1461 3824 Sed
1493 3784 1672 3838 neque
1711 3769 1908 3824 mulier
1935 3778 2020 3824 est

437 3875 687 3937 separata
724 3882 755 3922 a
780 3865 922 3929 viro,
976 3880 1155 3935 neque
1182 3864 1265 3919 vir
1296 3872 1584 3933 separatus
1631 3878 1661 3916 a
1692 3861 1919 3917 muliere
1961 3862 2016 3917 in

436 3953 672 4012 Domino
698 3969 746 4011 ι.
784 3975 804 4009 ι
863 3954 1019 4010 Sicut
1051 3956 1197 4011 enim
1234 3957 1413 4011 rirnm
1449 3971 1569 4011 esse
1605 3964 2014 4036 temperantem

435 4057 493 4105 et
515 4051 734 4105 vincere
775 4051 1081 4121 voluptates
1129 4059 1380 4121 oportere
1419 4048 1686 4116 dicimus,
1729 4051 1805 4105 ita
1851 4051 2015 4107 etiam

435 4156 727 4199 censemus
754 4143 1040 4200 mulierem
1070 4160 1193 4200 esse
1232 4153 1485 4215 oportere
1518 4153 1935 4216 temperantem,
1965 4153 2019 4198 et

435 4232 490 4289 in
519 4251 701 4308 pugna
743 4238 1007 4297 adversus
1070 4237 1376 4309 voluptates
1413 4237 1789 4293 exercitatam.
1833 4255 1852 4289 ι
1886 4235 2018 4292 Dico

434 4336 641 4392 autem,
672 4329 869 4399 spiritu
900 4330 1198 4396 ambulate,
1229 4339 1282 4385 et
1309 4330 1644 4386 desiderium
1689 4329 1872 4385 carnis
1906 4343 2016 4383 non

434 4418 705 4485 feceritis,
759 4433 1140 4503 iymceptum
1171 4426 1413 4480 consulit
1433 4424 1794 4495 apostolicum
1822 4422 2019 4479 :tCaro

435 4513 583 4567 enim
612 4517 950 4585 concupiscit
977 4518 1241 4572 adversus
1271 4518 1549 4587 spiritum,
1576 4516 1804 4588 spiritus
1834 4526 2015 4572 autem

2123 3410 2364 3481 κυήσεις,
2395 3409 2487 3462 καὶ
2512 3407 2610 3481 τὴν
2635 3408 2931 3479 οίκρυρίαν.
2957 3429 2976 3461 ι
2999 3409 3149 3463 Θέλω
3174 3429 3192 3460 ι
3213 3410 3323 3481 γὰρ
3347 3408 3426 3481 (2)
3450 3428 3469 3461 ι
3494 3410 3677 3481 ὑμᾶς,
3708 3428 3729 3460 ι

2122 3501 2287 3569 φησιν
2317 3503 2346 3555 6
2377 3500 2716 3565 Ἀπόστολος,
2770 3520 2788 3552 ι
2843 3500 3039 3554 εἰδέναι
3080 3501 3162 3554 ὅτι
3205 3499 3402 3564 παντὸς
3449 3499 3659 3571 ἀνδρὸς
3698 3500 3733 3569 1';

2122 3591 2332 3665 κεφαλὴ
2360 3595 2389 3646 6
2416 3594 2681 3665 Χριστός·
2735 3592 2946 3665 κεφαλὴ
2984 3591 3042 3647 δὲ
3084 3591 3341 3663 γυναικὸς
3380 3595 3409 3647 6
3445 3594 3628 3663 ἀνήρ·
3668 3593 3733 3646 ού

2121 3686 2228 3756 γάρ
2253 3688 2401 3740 ἐστιν
2446 3688 2510 3739 ἐκ
2548 3686 2807 3755 γυναικὸς
2839 3685 2999 3757 ἀνὴρ,
3036 3684 3172 3739 ἀλλὰ
3215 3684 3355 3756 γυνὴ
3396 3683 3460 3749 ἐξ
3505 3684 3732 3755 ἀνδρὸς.

2121 3777 2266 3849 Πλὴν
2286 3776 2408 3831 οὔτε
2426 3777 2563 3850 γυνὴ
2582 3779 2751 3851 χωρὶς
2777 3777 2988 3852 ἀνδρὸς,
3008 3776 3131 3831 οὔτε
3157 3777 3296 3849 ἀνὴρ
3326 3777 3502 3847 χωρὶς
3534 3792 3737 3844 γυναιο

2121 3868 2217 3933 κὸς
2261 3869 2319 3924 ἐν
2365 3869 2572 3941 Κυρίῳ.
2613 3888 2631 3920 ι
2668 3870 2758 3933 Ὠς
2789 3869 2898 3940 γὰρ
2951 3867 3204 3940 σώφρονα
3250 3868 3342 3922 τὸν
3390 3865 3588 3937 ἄνδρα,
3639 3867 3735 3918 καὶ

2114 3962 2228 4040 τῶν
2269 3961 2472 4033 ἡδονῶν
2522 3962 2808 4034 κρείττονα
2853 3962 2962 4015 δεῖν
3008 3958 3151 4016 εἶναι
3202 3961 3403 4031 φαμὲν,
3431 3958 3585 4014 οὕτω
3640 3959 3733 4011 καὶ

2119 4054 2217 4126 τὴν
2244 4057 2478 4124 γυναῖκα
2536 4054 2788 4129 σώφρονά
2832 4074 2894 4111 τε
2944 4055 3145 4128 ὁμοίως
3178 4052 3519 4123 ἀξιώσαιμεν
3558 4045 3731 4112 εἶναι,

2120 4148 2214 4200 καὶ
2260 4147 2396 4220 πρὸς
2443 4149 2543 4214 τὰς
2593 4149 2789 4221 ἡδονὰς
2835 4149 3198 4223 διαμάχεσθαι
3261 4145 3728 4219 μεμελετηκυῖαν.

2126 4256 2144 4289 ι
2173 4238 2331 4308 Λέγω
2352 4239 2432 4304 δέ,
2455 4241 2726 4311 πνεύματί
2753 4242 3126 4314 περιπατεῖτε,
3151 4240 3243 4294 καὶ
3268 4236 3565 4307 ἐπιθυμίαν
3594 4253 3731 4307 σαρ-

2120 4333 2215 4397 κὸς
2262 4334 2324 4386 οὐ
2374 4332 2448 4405 μὴ
2496 4333 2787 4405 τελέσητε,
2836 4335 2913 4405 »ἡ
2954 4329 3309 4401 Ἀποστολικὴ
3360 4327 3733 4399 συμϐουλεύει

2122 4427 2343 4500 ἐντολή·
2380 4446 2399 4479 ι
2441 4428 2507 4480 Ἠ
2542 4428 2650 4500 γὰρ
2686 4426 2826 4500 σὰρξ
2860 4426 3118 4496 ἐπιθυμεῖ
3165 4424 3306 4478 κατὰ
3344 4421 3441 4475 τοῦ
3478 4420 3731 4491 πνεύμασ-

2120 4538 2230 4584 τος,
2266 4519 2327 4573 τὸ
2348 4520 2406 4574 δὲ
2427 4519 2645 4592 πνεῦμα
2680 4519 2822 4573 κατὰ
2850 4519 2951 4590 τῆς
2972 4517 3192 4589 σαρκός.
3226 4514 3414 4569 Ταῦτα
3448 4509 3545 4567 οὖν
3573 4512 3728 4566 ἀντί-

438 4604 699 4661 adversus
726 4621 966 4662 carnem.
1018 4607 1143 4663 Hinc
1172 4624 1304 4681 ergo
1328 4618 1698 4681 opponuntur,
1735 4629 1754 4659 ι
1817 4624 1925 4663 non
1957 4617 2017 4664 ut

2124 4630 2321 4678 κειται,
2352 4632 2371 4664 ι
2401 4612 2499 4681 οὐχ
2533 4612 2610 4677 ὡς
2655 4612 2822 4666 κακὸν
2848 4610 3058 4681 ἀγαθῷ,
3081 4608 3196 4663 ἀλλ’
3215 4607 3293 4670 ὼς
3334 4605 3728 4677 συμφεΜ

437 4695 643 4750 malum
677 4697 856 4762 bono,
921 4700 1016 4755 sed
1051 4710 1258 4771 utquze
1298 4710 1545 4773 pugnant
1589 4702 1811 4757 utiliter.
1876 4699 2018 4755 Sub-

432 4786 611 4858 jungit
638 4788 860 4859 itaque:
893 4809 911 4840 ι
944 4789 1016 4845 Ut
1048 4806 1155 4845 non
1187 4808 1310 4863 qua!
1340 4795 1645 4859 volueritis,
1682 4810 1745 4850 ea
1778 4793 2013 4849 faciatis.

436 4874 724 4936 Manifesta
764 4893 945 4936 autem
978 4892 1099 4938 sunt
1136 4898 1299 4953 opera
1347 4886 1550 4950 carnis,
1584 4902 1707 4956 qua:
1747 4895 1876 4942 sunt
1896 4886 2020 4943 ‘for—

2129 4706 2429 4778 μαχόμενα.
2474 4704 2755 4775 Ἐπιφέρει
2797 4702 2956 4773 γοῦν·
3001 4702 3151 4755 «Ἵνα
3205 4699 3281 4772 μὴ
3320 4698 3357 4753 ἃ
3394 4696 3461 4752 ἂν
3508 4695 3723 4766 θέλητε,

2124 4797 2298 4853 ταῦτα
2338 4799 2550 4869 ποιῆτε.
2576 4795 2790 4869 Φανερὰ
2827 4795 2885 4850 δέ
2928 4797 3044 4848 ἐστι
3074 4793 3145 4848 τὰ
3187 4792 3332 4867 ἔργα
3365 4791 3468 4861 τῆς
3500 4789 3724 4861 σαρκὸς,

2127 4890 2286 4946 ἅτινά
2312 4892 2450 4954 ἐστι,
2479 4890 2706 4960 πορνεία
2734 4889 2832 4960 (5),
2864 4886 3198 4960 ἀκαθαρσία,
3248 4883 3535 4952 ἀσέλγεια,
3568 4880 3724 4955 elam-

511 5045 569 5102 νε.
613 5039 672 5095 ι).
706 5041 800 5095 59l
838 5040 944 5094 eo.
980 5040 1281 5110 eorum,
1320 5008 1426 5099 49s
1465 5044 1573 5100 eo.
1612 5045 1835 5101 PARIS.
1879 5062 1903 5089 α
1935 5047 2017 5103 lC

2147 5064 2222 5114 χι,
2262 5049 2315 5111 5,
2350 5049 2404 5115 8,
2433 5046 2519 5100 Η.

505 5185 621 5253 (97)
649 5184 1544 5262 rural-x637pongertullianus
1577 5190 1672 5244 lib.
1823 5203 2026 5262 marty-

437 5271 541 5337 res,
566 5270 689 5337 cap.
722 5254 756 5309 4
788 5274 856 5337 Ξ]
898 5255 1002 5337 Sed
1032 5254 1262 5337 spiritus
1288 5268 1654 5337 contraponat
1682 5259 1784 5315 sibi
1814 5270 1868 5315 et
1898 5254 2023 5337 car-

439 5326 517 5390 ni,
547 5326 743 5407 acerba
792 5326 922 5381 licet
968 5326 1097 5407 ista,
1128 5346 1157 5383 a
1192 5326 1596 5407 multis‘tamen
1640 5346 1811 5407 τιξίιιιοΔ
1836 5332 2024 5386 animo

437 5405 685 5465 excepta,
714 5398 827 5479 imo
847 5408 905 5479 et
924 5398 1072 5479 ultro
1109 5399 1550 5479 appetita,_fam:e
1573 5412 1640 5479 _et
1677 5398 1862 5479 gloriae
1891 5417 2025 5457 cau-

438 5480 535 5529 sa;
570 5481 672 5521 nec
698 5482 728 5521 a
763 5467 891 5522 viris
921 5467 1159 5536 tantum,
1182 5467 1279 5526 'sed
1313 5472 1477 5526 etiam
1505 5487 1534 5525 a
1571 5467 1811 5537 feminis,
1840 5483 1896 5526 ut
1926 5488 2023 5528 vos

437 5550 677 5622 quoque,
703 5537 1021 5622 benedictae,
1048 5542 1204 5622 sexui
1228 5550 1411 5597 vestro
1437 5543 1835 5613 respondeatis,
1871 5562 1889 5593 ι
1914 5553 2021 5598 etc.

436 5605 847 5679 Conf._Pdeag.
876 5609 970 5663 lib.
1002 5625 1042 5673 l,
1071 5626 1122 5665 c.
1155 5612 1208 5665 4.

511 5676 626 5745 (98)
655 5676 780 5731 Κᾶν
799 5676 1132 5747 βάρϐαρος.
1163 5682 1338 5736 Galat.
1375 5699 1457 5741 ιιι,
1486 5683 1595 5737 Ξθτ
1626 5685 1738 5736 Οὐκ
1772 5683 1849 5735 ένι
1897 5683 2028 5736 Ἰου-

437 5744 613 5825 δαῖος,
646 5748 765 5825 ούδὲ
801 5744 1169 5825 Ἕλλην”ῌούκ
1209 5752 1287 5825 {vc
1325 5752 1531 5825 δοῦλος,
1564 5753 1684 5807 οὐδὲ
1718 5753 2020 5825 ἐλεύθερος·

437 5815 539 5940 iis:
568 5817 649 5942 ξὲι
680 5817 865 5890 ἄρσεν,
902 5815 997 5874 κάι
1023 5820 1176 5893 θῆλυ.
1207 5822 1367 5877 Conf.
1413 5815 1573 5877 Rom.
1612 5841 1665 5883 κ.
1709 5826 1804 5889 l2;
1848 5826 1864 5877 1
1892 5815 2021 5880 Cur.

512 5931 831 6030 χει.
867 5959 1085 6019 Rectius
1110 5962 1247 6018 forte
1279 5962 1421 6034 ἔχειν
1452 5964 1604 6020 inlln.
1638 5931 1821 6029 modo:
1851 5976 1907 6022 ut
1937 5982 2020 6022 re-

2136 5198 2297 5260 gatur
2321 5202 2353 5242 a
2385 5187 2555 5260 verbo
2583 5189 2852 5260 φαίνεται.
2888 5185 3153 5260 εῑιβυηο.

2206 5259 2280 5342 (Ι)
2323 5250 2634 5342 Ἑιζιάτεροὶ
2689 5257 2906 5312 αὐτῶν.
2967 5256 3131 5312 Forte
3192 5251 3397 5307 rectius
3462 5250 3725 5322 ἑκάτερος

2132 5328 2332 5384 αὐτῶν.
2375 5328 2640 5383 ὃγιιιυιιο.

2205 5402 2282 5472 (2)
2322 5398 2476 5472 Γάρ.
2512 5398 2802 5472 Aé_l_Cor._
2845 5414 2926 5472 xi,
2963 5397 3057 5472 ubi
3098 5410 3250 5472 mox,
3290 5394 3493 5472 ἀνδρδς
3528 5393 3565 5465 ἡ
3597 5409 3720 5472 κεῖ.

2130 5467 2509 5543 Χριστός-ἐστι
2528 5470 2719 5543 'Jdein,
2750 5468 2812 5543 ού
2838 5471 2947 5540 γὰρ
2971 5468 3112 5543 ανὴρ
3144 5468 3209 5519 ἐκ
3229 5467 3493 5543 γυναικιξς
3512 5481 3526 5495 ⁸
3562 5467 3725 5543 paulo

2129 5533 2283 5613 post,
2333 5533 2472 5609 πλὴν
2512 5538 2637 5594 οὔτε
2676 5540 2815 5612 ἀνὴρ
2851 5533 3025 5611 χωρὶς
3064 5533 3364 5605 Ῠυναικδς,
3414 5535 3542 5589 οὔτε
3571 5533 3721 5604 γυνὴ

2132 5613 2301 5666 armate
2339 5611 2550 5666 ἀνδρός.

2167 5629 2301 5675 ωρις
2339 5629 2550 5675 ανορος.

2132 5628 2301 5685 χωρις
2339 5628 2550 5683 ανορος.

2132 5753 2140 5754 ί
2205 5684 2283 5754 (5)
2321 5681 2520 5751 "Asini
2550 5683 2703 5747 ἐστι,
2736 5693 2799 5736 π.
2837 5680 3031 5754 Ἀτινά
3054 5681 3189 5742 ἐστι,
3224 5677 3466 5754 μοιχεία,
3500 5674 3721 5754 ’πη-(ξα-

2129 5746 2390 5815 Ιιιιξ,ὐ[›ἱ
2445 5767 2593 5819 mox,
2653 5746 2973 5826 φαρμακεία
3017 5766 3116 5821 pro
3159 5746 3539 5871 φαρμαξεῖαιο
3570 5746 3716 5805 dein,

2133 5823 2337 5871 ωθόνοι-
2381 5822 2551 5871 φόνοι-
2600 5823 2721 5871 ιιέθ.
2767 5822 2926 5871 mulo
2958 5830 3097 5871 nost.
3131 5820 3239 5871 ἀγα
3275 5836 3484 5871 ωσυνη.
3512 5817 3714 5871 πίστις.

2133 5823 2338 5894 φθόνοι,
2381 5822 2551 5892 φόνοι,
2582 5817 2744 5896 ίμέθᾞ
2766 5817 2926 5896 paulo
2956 5817 3493 5896 ροέιηάχαθωσύνη,
3512 5817 3714 5877 πίστις,

2134 5888 2745 5967 πραότηςίέγκράτεια.
2766 5888 2921 5961 Mox,
2956 5888 3281 5964 παραθεῖναι
3308 5888 3459 5945 forte
3480 5890 3586 5960 leg.
3623 5900 3717 5958 pro

2132 5964 2539 6037 παραταθῆναι,
