3934 6516
268 452 405 508 127⁸1

1498 455 1932 515 ΞΤΒΟΜΛΊὌΜ
1971 457 2099 514 LIB.
2145 458 2234 514 iV.
2344 498 2349 503 .

3363 466 3499 521 12ῗεί

269 590 291 623 ι
325 570 394 626 Ai
440 574 712 643 γυναῖκες,
749 576 932 646 φησιν,
971 574 1337 630 ὑποτάσσεσθε
1389 579 1501 640 τοῖς
1551 577 1808 649 ἀνδράσιν

1930 595 2052 635 esse
2085 580 2257 634 amari
2306 579 2362 633 in
2411 579 2550 635 illas.
2585 580 2728 644 Filii.
2771 581 2990 639 obedite
3039 579 3354 652 parentibus
3401 596 3501 649 per

262 662 340 727 ὡς
368 663 560 735 ἀνήκει
601 664 712 737 (16)
740 667 796 720 ἐν
843 667 1049 739 Κυρίῳ.
1099 670 1161 721 Oi
1211 667 1420 740 ἀνδρες,
1459 668 1707 737 ἀγαπᾶτε
1732 671 1832 734 τὰς

261 756 545 822 γυναῖκας,
572 757 663 810 καὶ
690 757 763 828 μὴ
789 759 1137 831 πικραίνεσθε
1163 761 1298 830 πρὸς
1322 760 1508 824 αὐτάς.
1541 761 1619 814 Τά
1642 761 1827 824 τέκνα,

261 840 566 901 ὑπακούετε
599 851 710 912 τοῖς
732 848 947 917 γονεῦσι
976 850 1117 905 κατά
1142 851 1320 905 πάντα
1337 868 1350 881 ·
1391 851 1548 909 τοῦτο
1571 852 1679 923 γάρ
1703 853 1829 905 εὒά·

263 953 451 1008 ρεστον
497 938 576 1010 τῷ
613 940 819 1014 Κυρίῳ.
879 944 941 996 Οἱ
991 942 1255 1015 πατέρες,
1316 942 1390 1014 μὴ
1443 943 1713 1015 ἐρεθίζετε
1760 944 1827 998 τὰ

259 1027 423 1083 τέκνα
448 1030 624 1102 ὑμῶν,
650 1033 735 1085 ἵνα
765 1032 840 1105 μὴ
866 1032 1164 1106 ἀθυμῶσιν.
1199 1037 1262 1089 0i
1293 1036 1488 1102 δοῦλοι,
1522 1036 1825 1091 ὑπακούετε

258 1119 398 1174 κατά
429 1121 607 1176 πάντα
639 1125 751 1187 τοῖς
780 1123 920 1178 κατά
963 1124 1141 1197 σάρκα
1167 1127 1396 1199 κυρίοις,
1441 1128 1514 1199 μὴ
1539 1130 1597 1181 ἐν
1623 1127 1825 1198 όφθαλ-

260 1202 597 1275 μοδουλείαις
637 1208 714 1274 ὡς
761 1210 1231 1284 ἀνθρωπάρεσκοι,
1273 1214 1388 1269 ἀλλ’
1455 1218 1514 1269 ἐν
1564 1216 1824 1289 ἁπλότητι

257 1294 501 1365 καρδίας,
555 1300 891 1371 φοϐούμενοι·
923 1302 1016 1356 τὸν
1064 1304 1298 1377 Κύριοψ
1351 1308 1447 1362 καὶ
1498 1310 1606 1361 πᾶν
1652 1308 1681 1361 ὃ
1726 1307 1821 1362 ὲάν

256 1387 446 1459 ποιῆτε
480 1386 612 1462 (17),
645 1393 709 1445 ἐκ
729 1392 907 1464 ψυχῆς
941 1395 1254 1467 ἐργάζεσθε,
1284 1397 1359 1462 ὡς
1380 1398 1457 1469 τῷ
1492 1399 1681 1471 Κυρίῳ
1705 1399 1823 1453 δου-

212 1544 216 1561 :
254 1473 519 1544 λεύοντες,
544 1481 636 1534 καὶ
660 1482 760 1536 ούκ
785 1483 1108 1557 ἀνθρώποις,
1131 1487 1330 1552 ειδότες
1356 1489 1436 1541 ὅτι
1472 1490 1579 1543 ἀπὸ
1616 1490 1819 1561 Κυρίου

253 1568 593 1641 ἀπολήψεσθε
624 1572 722 1644 τὴν
754 1576 1105 1631 ἀνταπόδοσιν
1154 1578 1255 1650 τῆς
1306 1579 1695 1653 κληρονομίας·
1743 1581 1821 1653 τῷ

252 1659 362 1731 γὰρ
386 1662 575 1735 Κυρίῳ
606 1666 825 1739 Χριστῷ
856 1668 1131 1723 δουλεύετε
1151 1686 1164 1700 ο
1191 1673 1219 1724 ό
1248 1670 1356 1744 γὰρ
1387 1672 1569 1736 ἄδικος
1601 1673 1821 1745 κομίσε-

249 1767 341 1805 ται
368 1752 396 1804 ό
426 1754 709 1825 ἠδίκησενο
744 1760 838 1813 καὶ
866 1760 966 1815 οὐκ
993 1759 1108 1815 ἐστι
1143 1764 1588 1836 προᾳωποληψία.
1622 1768 1685 1821 Οἱ
1718 1766 1817 1822 κύ-

253 1862 378 1916 ριοι,
406 1845 468 1899 τὸ
497 1846 702 1903 δίκαιον
746 1853 839 1905 καὶ
885 1853 984 1925 τὴν
1019 1853 1239 1926 ίσότητα
1272 1857 1383 1920 τοῖς
1411 1857 1615 1923 δούλοις
1650 1860 1820 1933 παρέ-

1932 668 2146 734 omnia;
2178 668 2285 723 hoc
2305 669 2452 723 enim
2479 669 2874 740 beneplacitum
2897 680 2982 727 est
3000 670 3259 726 Domino.
3282 665 3497 735 Patres,

1931 760 2099 815 nolite
2127 759 2195 814 ad
2241 760 2671 830 indignationem
2714 777 3011 830 provocare
3056 761 3204 817 ﬁlios
3245 769 3498 822 vestros,

1930 859 1989 904 ut
2017 865 2125 904 non
2154 851 2354 920 pusillo
2382 851 2565 906 animo
2593 852 2746 907 fiant.
2788 853 2963 918 Servi,
3009 852 3227 908 obedite
3253 867 3351 922 per
3374 866 3499 906 om—

1929 942 2015 996 nia
2045 941 2279 997 dominis
2308 943 2644 1006 carnalibus,
2676 959 2785 998 non
2820 943 2889 997 ad
2920 943 3139 998 oculum
3168 942 3492 1005 servientes,

1926 1043 2186 1103 tanquam
2223 1034 2536 1115 hominibus
2579 1034 2876 1104 placentes,
2909 1034 3003 1090 sed
3054 1035 3110 1087 in
3148 1033 3495 1103 simplicitate

1926 1126 2126 1192 cordis,
2160 1125 2415 1181 timentes
2456 1125 2766 1181 Dominum.
2805 1125 2870 1179 Et
2899 1125 3263 1195 quodcunque
3294 1122 3491 1187 facitis,

1924 1233 1987 1271 ex
2032 1217 2217 1270 animo
2260 1216 2583 1285 operamini,
2622 1217 2763 1271 sicut
2803 1216 3034 1270 Domino
3081 1215 3403 1278 servientes,
3439 1222 3495 1285 et

1927 1323 2033 1363 non
2069 1294 2402 1371 hominibus,
2436 1308 2672 1364 scientes
2702 1308 2844 1378 quod
2874 1323 2904 1362 a
2949 1306 3183 1362 Domino
3212 1284 3493 1374 accipietis

1922 1399 2335 1455 retributionem
2388 1399 2753 1466 lmreditatis;
2808 1400 3034 1454 domino
3079 1398 3225 1453 enim
3274 1396 3491 1452 Christo

1922 1493 2160 1549 servitis.
2193 1491 2296 1558 Qui
2324 1493 2468 1547 enim
2505 1493 2758 1563 injuriam
2790 1491 2940 1559 facit,
2969 1491 3188 1560 recipiet
3223 1489 3301 1552 id.
3342 1488 3488 1557 quod

1922 1584 2109 1655 inique
2131 1585 2332 1654 gessit;
2365 1595 2419 1639 et
2448 1600 2555 1640 non
2585 1594 2667 1641 est
2694 1598 3051 1653 personarum
3076 1581 3323 1651 acceptio
3345 1580 3488 1649 apud

1892 1674 2112 1733 .Deum.
2150 1676 2388 1740 Domini,
2418 1676 2563 1746 quod
2592 1676 2803 1745 justum
2835 1683 2920 1729 est
2959 1681 3013 1729 et
3037 1671 3488 1743 :equum,’servis

1915 1773 2191 1836 prastate,
2227 1765 2460 1820 scientes
2486 1764 2631 1834 quod
2664 1773 2718 1819 et
2746 1778 2844 1819 vos
2883 1762 3166 1817 dominum
3192 1759 3407 1815 habetis
3432 1760 3485 1812 in

1916 1855 2059 1911 ccelo
2083 1867 2143 1922 I;
2177 1855 2272 1911 ubi
2301 1870 2410 1909 non
2441 1863 2525 1909 est
2556 1853 2778 1911 Graecus
2800 1868 2901 1908 nec
2926 1850 3172 1918 Iudaeus,
3196 1851 3490 1907 circumci-

248 1953 395 2006 χετε,
423 1937 621 2002 εἰδότες
652 1941 733 1994 ὅτι
785 1944 878 1997 καὶ
906 1923 1062 2015 ὑμεῖς
1090 1923 1242 2018 ἔχετε
1284 1947 1470 2020 κύριον
1498 1951 1556 2003 ἐν
1582 1923 1814 2023 οὐρανῷ,

1922 1944 2003 2000 sio
2036 1955 2092 2000 et
2137 1944 2483 2016 praeputium,
2516 1958 2618 1999 nec
2649 1945 2935 2009 barbarus,
2988 1959 3087 1999 nec
3122 1942 3343 2013 Scytha,
3386 1957 3488 1996 nec

245 2028 382 2082 ὅπου
410 2030 510 2085 οὐκ
535 2030 612 2085 ένι
632 2032 827 2106 Ἕλλην
850 2037 942 2090 καὶ
970 2038 1235 2104 Ἰουδαῖος,
1258 2041 1524 2114 περιτομὴ
1546 2044 1638 2099 καὶ
1663 2045 1818 2116 ἀκρο·

249 2121 462 2187 δυστία,
514 2124 804 2198 βάρϐαρος,
828 2128 1036 2202 Σκύθης
1084 2131 1214 2203 (18),
1260 2132 1462 2198 δοῦλος.
1514 2134 1812 2208 ἐλεύθερος,

245 2210 384 2266 ἀλλά
415 2214 591 2269 πάντα
635 2219 728 2272 καὶ
772 2219 830 2272 ἐν
866 2222 997 2275 πᾶσι
1045 2222 1298 2294 Χριστός.
1338 2243 1357 2276 ι
1401 2224 1580 2280 Είκὼν
1619 2226 1675 2280 δὲ
1716 2227 1815 2297 τῆς

243 2305 499 2374 οὐρανίου
536 2307 643 2381 (19)
688 2310 1009 2384 Ἐκκλησίας
1051 2314 1085 2385 ἡ
1114 2315 1351 2384 ἐπίγειος
1372 2333 1386 2347 ·
1417 2316 1555 2389 ὅπερ
1581 2317 1690 2390 (20)
1728 2320 1816 2372 ea-

245 2396 454 2468 χόμεθα
484 2401 577 2454 καὶ
611 2420 630 2451 ι
667 2402 760 2456 ἐπὶ
786 2404 887 2475 γῆς
914 2405 1163 2472 γενέσθαι
1195 2406 1255 2465 τὸ
1289 2405 1498 2479 θέλημα
1530 2408 1624 2462 τοῦ
1656 2409 1810 2472 Θεοῦ,

244 2485 324 2550 ὡς
369 2489 427 2540 ἐν
471 2490 701 2563 οὐρανῷ.
746 2492 1119 2566 Ἐνδυσάμενοι
1157 2495 1267 2568 (21)
1299 2498 1578 2569 σπλάγχνα
1606 2501 1811 2573 οἰκτιρφ

248 2573 374 2645 μοῦ,
408 2581 768 2654 χρηστότητα,
815 2585 1328 2658 ταπεινοφροσύνην,
1356 2590 1662 2661 πραότητα,
1709 2608 1813 2661 μα·-

243 2668 581 2740 κροθυμίανο
635 2670 951 2745 ἀνεχόμενοι
1006 2676 1273 2750 ἀλλήλων,
1327 2681 1420 2734 καὶ
1468 2681 1810 2753 χαριζόμενοι

242 2760 479 2827 ἑαυτοῖς,
512 2764 605 2819 ἐάν
632 2782 713 2830 τις
745 2768 877 2838 πρός
914 2787 1033 2822 τινα
1064 2770 1162 2844 ἔχῃ
1211 2775 1429 2844 μομφήν
1449 2791 1463 2805 -
1496 2773 1676 2839 καθὼς
1720 2776 1812 2829 καὶ

242 2853 276 2904 ὁ
319 2852 551 2924 Χριστὸς
586 2857 875 2928 ἐχαρίσατο
906 2860 1057 2931 ἡμῖν,
1110 2861 1282 2925 οὕτως
1326 2864 1419 2917 καὶ
1467 2865 1626 2935 ἡμεῖς
1677 2867 1808 2937 (22).

257 2944 389 3015 Ἐπὶ,
414 2948 546 3000 πᾶσι
577 2948 633 3002 δὲ
668 2950 875 3017 τούτοις
905 2955 936 3026 ὴ
971 2955 1177 3026 ἀγάπη,
1205 2957 1232 3009 ὅ
1257 2958 1371 3010 ἐστι
1396 2956 1688 3028 σύνδεσμος
1715 2960 1811 3030 τῆς

238 3035 578 3109 τελειότητος
597 3058 609 3070 ·
642 3042 733 3095 καὶ
757 3046 789 3113 ὴ
827 3045 1012 3116 εἰρήνη
1035 3046 1127 3098 τοῦ
1157 3048 1390 3119 Χριστοῦ
1418 3049 1726 3122 βραϐευέτω
1754 3052 1811 3104 ἐν

238 3127 362 3191 ταῖς
392 3131 635 3202 καρδίαις
662 3133 835 3204 ὑμῶν,
865 3137 943 3198 είς
972 3138 1038 3209 ἢν
1081 3139 1171 3192 καὶ
1217 3139 1481 3213 ἐκλήθητε
1511 3143 1569 3195 ἐν
1599 3143 1678 3196 ἐν).
1709 3142 1813 3197 σώ-

154 3228 167 3243 ’
238 3236 376 3329 ??ch
395 3236 407 3251 '
428 3223 520 3329 καὶ
540 3223 846 3329 εὐχάριστοι
866 3229 1100 3297 γίνεσθε.
1130 3250 1147 3282 ι
1166 3232 1330 3286 υύδέν
1345 3233 1453 3304 γάρ
1468 3233 1664 3289 κωλύει
1682 3237 1809 3290 πολ-
1839 3272 1880 3329 C

238 3311 399 3378 λάκις
436 3314 535 3389 τὴν
566 3318 737 3389 αὐτὴν
765 3322 1155 3393 παρατίθεσθαι
1188 3325 1405 3398 Γραφὴν
1433 3329 1513 3391 είς
1550 3329 1812 3401 ἐντροπὴν

198 3411 221 3471 ‘_
240 3401 586 3474 Μαρκίωνος,
609 3407 674 3477 ἦν
727 3427 843 3473 πως
887 3412 1252 3484 μεταϐάληται
1290 3415 1557 3481 πεισθείςο
1594 3418 1813 3491 εὐχάρις

241 3511 366 3549 στον
391 3497 500 3549 δεῖν
526 3499 710 3570 μαθὼν
735 3502 827 3555 τὸν
856 3504 1043 3557 πιστὸν
1067 3496 1203 3560 εἶναι
1231 3506 1308 3578 τῷ
1333 3507 1646 3582 δημιουργῷ
1673 3511 1811 3582 Θεῷ,

239 3588 318 3659 τῷ
344 3590 628 3646 καλέσαντι
666 3596 832 3667 ἡμᾶς,
860 3596 953 3651 καὶ
983 3598 1457 3673 εὐαγγελισαμένῳ
1488 3604 1544 3656 ἐν
1576 3602 1807 3675 σώματι,

240 3679 426 3752 Σαφὴς
449 3682 581 3753 ἡμῖν
607 3684 670 3737 ἐκ
708 3685 911 3739 τούτων
939 3688 972 3756 ἡ
1009 3687 1072 3740 ἐκ
1100 3687 1334 3753 πίστεως
1357 3690 1542 3760 ἑνότης
1561 3708 1573 3721 ο
1612 3693 1706 3747 καὶ
1729 3691 1813 3756 τίς

240 3768 272 3819 ό
302 3767 522 3836 τέλειος,
554 3772 850 3829 δέδεικται·
880 3775 1018 3829 ὥστε
1062 3777 1153 3829 καὶ
1179 3778 1418 3835 ἀκόντων
1440 3780 1600 3834 τινῶν
1627 3783 1721 3836 καὶ
1745 3783 1812 3836 τὰ

242 3858 467 3914 πλεῖστα
496 3864 879 3935 ἐνισταμένων,
906 3866 1009 3921 κᾶν
1036 3867 1284 3934 κολάσεις
1313 3870 1653 3941 ἐπαρκῶνται
1679 3873 1812 3943 πρὸς

239 3952 336 4007 τοῦ
368 3954 636 4029 ἀνδρὸς,ἤ
690 3957 825 4029 πρὸς
870 3958 964 4013 τοῦ
1012 3958 1289 4025 δεσπότου,
1328 3962 1678 4036 φιλοσοφήσει
1707 3966 1812 4021 ὅτε

240 4044 459 4118 οἰκέτης
496 4046 531 4116 ἥ
573 4064 633 4100 τε
665 4050 821 4120 γυνή.
854 4049 963 4102 Ναὶ
997 4050 1103 4122 μὴν
1131 4051 1225 4107 καὶ
1253 4052 1552 4126 ἐλεύθερος,
1582 4055 1695 4109 κάν.
1720 4075 1814 4110 τυε

244 4135 435 4207 ράννου
465 4138 576 4209 (25)
611 4138 836 4205 θάνατος
873 4142 1162 4213 ἀπειλῆται
1192 4144 1384 4216 τούτῳ,
1437 4146 1540 4201 κᾶν
1590 4146 1684 4201 ἐπὶ
1734 4147 1812 4202 δι-

240 4231 515 4303 καστήρια
557 4232 785 4302 ἄγηται,
840 4234 932 4287 καὶ
977 4235 1057 4298 είς
1104 4234 1377 4300 κινδύνους
1424 4237 1683 4307 ἐσχάτους
1718 4255 1813 4291 πε-

242 4325 543 4397 ριέλκηται,
582 4326 711 4398 περί
745 4344 803 4379 τε
830 4328 931 4399 τῆς
959 4330 1205 4399 κτήσεως
1228 4327 1444 4400 ἀπάσης
1473 4329 1809 4403 κινδυνεύσῃ,

240 4414 341 4466 οὒκ
382 4416 637 4485 ἀφέξεται
688 4417 788 4487 τῆς
822 4417 1129 4489 θεοσεϐείας
1169 4418 1276 4472 οὐδ’
1325 4419 1654 4473 ὁπωστιοῦν
1691 4421 1811 4474 οὐδὲ

242 4507 545 4579 ἀπαυδήσει
570 4511 773 4581 mm
804 4512 899 4582 μὲν
915 4512 1052 4584 γυνὴ
1082 4512 1266 4583 φαύλῳ
1291 4514 1607 4571 συνοικοῦσα
1636 4514 1808 4585 ἀνδρὶ,

1920 2052 2134 2102 servus,
2185 2052 2286 2091 nec
2319 2037 2474 2104 liber,
2509 2036 2604 2092 sed
2642 2037 2826 2091 omnia
2856 2046 2910 2090 et
2950 2035 3004 2089 in
3041 2035 3295 2091 omnibus
3322 2033 3484 2088 Chri-

1921 2139 2039 2184 stus
2060 2129 2110 2183 ι’.
2147 2147 2166 2181 ι
2212 2127 2468 2184 Caelestis
2515 2137 2697 2183 autem
2745 2127 3006 2182 Ecclesia:
3040 2125 3221 2195 imago
3255 2134 3337 2179 est
3378 2133 3486 2178 ter-

1919 2220 2129 2276 restris.
2186 2218 2451 2287 Quocirca
2493 2235 2783 2290 precamur
2827 2220 2993 2272 etiam
3037 2237 3056 2271 ι
3086 2218 3142 2272 in
3189 2228 3331 2272 terra
3369 2217 3484 2269 fieri

1919 2314 2249 2368 voluntatem
2285 2311 2377 2367 Dei
2409 2312 2551 2369 sicut
2578 2312 2632 2367 in
2667 2311 2807 2367 coelo
2835 2322 2856 2350 ο
2892 2330 2904 2364 :
2942 2308 3232 2365 lndueutes
3276 2310 3484 2364 viscera

1919 2405 2312 2469 miserationis,
2349 2405 2763 2476 benignitatem,
2802 2402 3184 2465 humilitatem.
3229 2416 3486 2456 mansue-

1919 2503 2188 2566 tudinem,
2240 2502 2541 2564 lenitatem,
2596 2501 2931 2555 sustinentcs
2986 2514 3087 2553 nos
3139 2497 3390 2562 invicem,
3431 2506 3489 2547 et

1916 2596 2288 2652 condonautes
2321 2594 2483 2650 nobis
2527 2594 2784 2659 invicem,
2826 2593 2870 2647 si
2904 2591 3029 2661 quis
3071 2588 3335 2643 adversus
3379 2587 3483 2641 ali-

1915 2699 2075 2754 quem
2109 2684 2305 2738 habeat
2329 2683 2396 2738 de
2428 2697 2537 2753 quo
2567 2693 2860 2752 queratur;
2894 2681 3035 2735 sicut
3065 2678 3320 2734 Christus
3352 2692 3487 2732 con-

1914 2773 2135 2829 donavit
2167 2773 2345 2838 nobis,
2384 2775 2457 2829 ita
2484 2781 2537 2829 et
2582 2788 2703 2828 nos.
2741 2771 2915 2842 Super
2946 2771 3062 2826 hinc
3091 2779 3270 2824 autem
3299 2767 3483 2823 omnia

1914 2864 2186 2933 charitas,
2216 2864 2362 2936 quod
2407 2873 2491 2921 est
2532 2864 2808 2919 vinculum
2863 2859 3244 2933 perfectionis;
3287 2867 3342 2912 et
3378 2872 3481 2926 pax

1913 2955 2113 3013 Christi
2156 2964 2343 3026 regnet
2369 2955 2425 3010 in
2465 2955 2724 3010 cordibus
2753 2953 2970 3019 vestris,
3012 2951 3078 3004 ad
3111 2964 3274 3020 quam
3316 2948 3481 3000 etiam

1914 3047 2092 3101 vocati
2148 3046 2284 3102 estis
2332 3047 2389 3100 in
2438 3060 2551 3101 uno
2593 3060 2846 3115 corpore;
2884 3053 2938 3098 et
2982 3042 3120 3112 grati
3168 3047 3340 3094 eswte
3361 3037 3411 3090 ιι.
3456 3057 3473 3087 ι

1914 3136 2058 3192 Nihil
2085 3136 2231 3192 enim
2268 3145 2411 3191 vetat
2448 3136 2746 3207 quominus
2779 3149 2922 3204 sazpe
2957 3132 3146 3188 eadem
3179 3129 3480 3184 adducatur

1916 3228 2220 3300 Scriptura,
2251 3228 2296 3283 si
2326 3243 2434 3299 qua
2463 3227 2674 3282 ratione
2702 3225 2942 3280 Marcion
2976 3221 3328 3294 pudefactus,
3361 3237 3481 3274 mu:

1912 3316 2028 3375 tata
2075 3320 2363 3385 sententia,
2413 3319 2630 3374 tandem
2679 3324 2941 3386 agnoscat
2980 3324 3227 3384 oportere
3270 3311 3479 3366 ﬁdelem

1913 3426 2033 3467 esse
2067 3420 2282 3482 gratum
2313 3411 2367 3465 in
2401 3410 2571 3466 Deum
2606 3409 2874 3480 opiﬁcem,
2926 3408 3020 3477 qui
3053 3422 3155 3462 nos
3184 3404 3396 3461 vocavit
3430 3411 3486 3455 et

1913 3501 2071 3559 nobis
2112 3502 2463 3573 Evangelium
2506 3501 2851 3557 annuntiavit
2889 3500 2943 3554 in
2981 3513 3233 3568 corpore.
3267 3495 3348 3550 Ex
3395 3494 3484 3548 bis

1911 3610 2040 3666 ergo
2070 3594 2227 3651 nobis
2253 3603 2341 3651 est
2380 3604 2586 3665 aperta,
2632 3608 2755 3664 quae
2782 3601 2865 3648 est
2896 3607 2963 3647 ex
3001 3590 3129 3658 ﬁde,
3165 3590 3378 3654 unitas;
3430 3595 3489 3640 ct

1912 3695 2194 3742 ostensum
2229 3696 2334 3753 est,
2370 3686 2495 3757 quis
2525 3686 2598 3741 sit
2636 3684 2930 3755 perfectus.
2965 3682 3147 3749 Quare
3181 3677 3485 3745 velinvitis

1912 3778 2185 3849 aliquibus
2229 3787 2284 3834 et
2313 3792 2413 3849 pro
2443 3776 2588 3833 virili
2616 3777 3017 3839 resistentibus,
3050 3773 3265 3828 etiamsi
3301 3787 3332 3825 a
3364 3785 3489 3823 ma-

1912 3873 2019 3925 rito
2058 3871 2142 3925 vel
2185 3886 2217 3925 a
2249 3870 2474 3926 domino
2510 3870 2858 3940 impendeant
2901 3867 3191 3937 supplicia,
3240 3863 3492 3934 philoso—

1912 3961 2170 4032 phabitur
2210 3977 2400 4017 servus
2430 3970 2486 4016 et
2517 3960 2735 4016 mulier.
2783 3959 3094 4026 Quinetiam
3151 3957 3290 4009 liber
3342 3967 3490 4022 quo~

1910 4067 2038 4123 que,
2061 4052 2271 4108 etiamsi
2303 4036 2565 4124 tyrannus
2595 4052 2644 4107 ei
2677 4059 2907 4106 mortem
2936 4049 3242 4110 minitetur,
3266 4044 3493 4099 etiamsi

1911 4144 2143 4217 ducatur
2170 4143 2238 4198 ad
2259 4143 2467 4214 judicia
2503 4153 2555 4196 et
2586 4143 2837 4197 trahatur
2866 4139 2932 4194 ad
2968 4139 3163 4192 ultima
3193 4133 3491 4203 supplicia.

1912 4243 1965 4288 et
1992 4234 2058 4289 de
2090 4232 2440 4289 facultatibus
2471 4247 2536 4287 ac
2576 4230 2814 4286 fortunis
2855 4229 2971 4285 suis
3005 4228 3261 4283 omnibus
3304 4225 3492 4278 veniat

1911 4324 1968 4382 in
1994 4326 2322 4396 periculum,
2358 4325 2507 4380 nullo
2538 4324 2701 4378 modo
2733 4328 2792 4386 ὥ
2832 4320 3127 4375 abstinebit
3157 4334 3185 4372 a
3228 4331 3357 4370 vero
3390 4313 3521 4367 Dei-

1912 4418 2083 4472 eultu.
2117 4416 2301 4487 Neque
2330 4431 2572 4487 unquam
2600 4414 2837 4477 deficiet,
2869 4412 3065 4466 mulier
3093 4410 3338 4480 quidem,
3364 4421 3491 4476 qua:

1912 4526 2038 4565 cum
2068 4511 2211 4564 malo
2240 4510 2437 4563 marito
2469 4508 2700 4571 habitat,
2737 4515 2832 4561 aut
2860 4505 3030 4569 filius,
3065 4503 3113 4557 si
3148 4502 3350 4556 malum
3389 4498 3491 4551 ha-

239 4603 269 4653 ὁ
298 4598 353 4652 δὲ
392 4599 525 4664 υἱὸς,
550 4599 643 4654 ἐὰν
669 4601 868 4672 φαῦλον
907 4602 1005 4676 ἔχῃ
1027 4603 1257 4675 πατέρα,
1354 4602 1587 4674 πονηρὸν
1618 4603 1810 4656 δεσπό-

1922 4602 2038 4656 beat
2066 4609 2297 4671 patrem.
2328 4600 2414 4654 vel
2443 4600 2752 4670 improbum
2791 4598 3076 4653 dominum
3113 4607 3328 4655 servus,
3359 4589 3489 4643 forti

237 4706 340 4758 την
385 4690 414 4741 ό
456 4690 694 4761 οἰκέτης,
721 4692 818 4763 τῆς
854 4692 1053 4764 ἀρετῆς
1088 4693 1330 4764 ἐχόμενοι
1358 4693 1652 4762 γενναίως’
1689 4692 1804 4746 ἀλλ’

239 4779 317 4842 ὼς
360 4780 513 4851 ἀνδρὶ
538 4782 899 4854 ἀποθνήσκειν
936 4783 1098 4840 καλὸν
1129 4785 1269 4857 ὑπέρ
1307 4802 1366 4837 τε
1397 4786 1614 4857 ἀρετῆς,
1666 4785 1806 4858 ὑπέρ

1913 4708 1978 4748 ac
2007 4707 2272 4763 generoso
2310 4694 2495 4746 animo
2529 4691 2786 4745 virtutem
2832 4693 3243 4757 persequentes.
3286 4679 3393 4735 Sed
3425 4691 3495 4732 ue

1911 4785 2030 4839 viro
2062 4782 2353 4854 pulchrum
2384 4792 2438 4837 et
2466 4782 2780 4846 honestum,
2824 4788 2878 4834 et
2911 4794 3013 4848 pro
3041 4777 3263 4840 virtute,
3298 4782 3352 4827 et
3389 4786 3485 4839 prt

317 4927 373 4983 >14
402 4920 463 4976 Ρ.
489 4922 595 4976 594
624 4920 732 4976 ED.
776 4919 1071 4983 POTTER.
1097 4921 1193 4976 501
1233 4919 1338 4975 ED.
1366 4918 1593 4975 PARIS.
1634 4932 1658 4961 ⁸
1684 4921 1814 4976 Coln

1930 4936 2014 4983 ιιι,
2048 4920 2130 4981 ts,
2165 4917 2245 4980 l9,
2273 4917 2363 4981 ει),
2389 4917 2594 4983 21,22,
2626 4916 2718 4979 εδ,
2746 4915 2836 4979 ειι,
2859 4915 2931 4969 25
2951 4932 2967 4978 ;
2990 4899 3137 4976 w,'i.
3215 4910 3244 4949 ι»
3271 4907 3487 4961 Coloss.

241 5008 327 5055 ιιι,
377 4993 464 5048 ll.
539 4991 785 5046 chlatth.
843 5007 919 5055 vi,
970 4990 1068 5055 10;
1126 4991 1255 5044 Luc.
1312 5007 1385 5056 xi,
1429 4992 1480 5045 2.
1562 4990 1813 5046 dColoss

1929 4991 2059 5057 .42,
2090 4992 2175 5055 ιε,
2210 4991 2295 5052 ιιι,
2326 4989 2413 5042 is.

314 5124 452 5193 (l6)'
484 5126 611 5193 Τοῖς
643 5124 938 5193 ἀνδράσιν
980 5125 1061 5190 ὡς
1102 5122 1328 5188 ἀνήκει.
1365 5124 1489 5185 Τοῖς
1524 5124 1673 5187 ίδίοις
1716 5125 1811 5178 ἀν-

236 5197 449 5284 δράσιν,
466 5197 542 5261 ὡς
564 5196 785 5267 ἀνῆκεν.
807 5196 1044 5257 (301055.,
1068 5194 1157 5248 ubi
1190 5210 1337 5254 mox,
1357 5193 1512 5246 τοῦτο
1534 5196 1642 5264 γάρ
1664 5198 1811 5248 ἐστιν

237 5284 579 5407 ευῗῗξῗτῗὸν
608 5337 850 5404 Κύριον-ο
887 5335 985 5407 καί
1031 5308 1153 5388 πᾶν
1244 5332 1362 5407 Δἐὰν
1406 5348 1469 5385 π.
1505 5332 1608 5407 Τὸν
1643 5333 1808 5407 Θεόν·

241 5404 339 5464 καὶ
366 5409 475 5460 πᾶν
500 5407 529 5460 ὃ
557 5424 611 5459 τι
641 5406 736 5460 ἐὰν
771 5425 855 5469 π.,
890 5405 1128 5465 Coloss.,
1168 5404 1256 5456 ubi
1313 5418 1434 5457 mox
1468 5404 1811 5472 participium

239 5476 581 5541 δουλεύοντες
613 5477 953 5532 desideratur
994 5492 1006 5527 :
1040 5475 1187 5539 dein,
1221 5475 1248 5525 ὁ
1290 5473 1344 5526 δὲ
1378 5472 1581 5527 ἀδικῶν
1610 5476 1819 5543 κομιεῖ-

235 5566 331 5603 ται
358 5546 388 5601 δ
415 5546 598 5618 ἤδηει
630 5561 871 5610 rursum,
918 5543 1125 5608 δούλοις
1168 5543 1503 5618 παρέχεσθεο
1532 5543 1816 5611 mox,’Kti-

242 5635 357 5692 ριοι
379 5620 446 5692 ἐν
469 5617 744 5692 ρίξροενοτς-

313 5687 427 5757 (18)
459 5682 761 5757 Βάῥᾷαρος
790 5688 897 5757 Σκ.
928 5683 1210 5757 Βάρόαρος
1236 5683 1340 5757 ⁸κα“ι
1370 5683 1613 5757 Σκύθης,
1630 5682 1813 5745 δοῦλος

238 5758 335 5813 καὶ
367 5753 550 5812 ἐλεύθ.
579 5755 816 5823 1391055.,
846 5754 937 5808 ubi
972 5753 1097 5807 mox
1128 5753 1263 5823 ἀλλά
1288 5753 1356 5806 τὰ
1389 5755 1585 5820 πάντα.

313 5827 423 5897 (19)
456 5826 648 5881 Εὶκών
688 5825 757 5897 δὲ
800 5824 910 5892 τῆς
941 5827 1068 5897 οῠρ.
1119 5823 1204 5876 Sic
1250 5822 1413 5878 licbr.
1462 5841 1533 5888 ιλ,
1565 5823 1636 5894 25
1674 5843 1683 5876 :
1727 5823 1807 5876 Τὰ

240 5894 610 5974 ὑποδείγματα
642 5894 750 5948 τῶν
784 5898 843 5950 ἐν
874 5897 983 5958 τοῖς
1002 5895 1275 5964 οὐρανοῖς.

1991 5125 2103 5195 (20)
2136 5128 2339 5196 Ὅπερ.
2364 5126 2588 5182 Rectius
2614 5125 2754 5180 forte
2775 5124 3040 5196 auinam}
3068 5128 3399 5196 quapropter
3420 5136 3451 5196 :~
3468 5137 3509 5166 »η

1920 5186 2098 5267 inquit
2143 5186 2297 5267 Sylb:
2333 5186 3341 5267 Scribe,Wﬁtdngp-ebxéueﬁa'galf'n‘t
3388 5186 3493 5255 γῆς

1918 5256 2169 5337 γενέσθαι
2185 5256 2244 5319 τὸ
2259 5266 2384 5337 θέλη
2395 5283 2470 5337 μα
2482 5256 2576 5319 τοῦ
2590 5263 2722 5337 650:3
2733 5256 2748 5325 ξ
2761 5256 2908 5337 (ὓς-ἑν
2924 5256 3187 5337 οὐρανοῖς..
3216 5256 3491 5337 “stamus.

1992 5333 2119 5407 (21)-
2153 5327 2597 5407 ἲΕνδυσὶὶμενοε.
2624 5333 2750 5407 Post
2778 5327 3321 5407 aliqtrot'interjecta,
3350 5327 3490 5407 redi!

1921 5397 2234 5462 ad'tioloss.
2262 5423 2346 5469 ιιι,
2379 5397 2445 5458 12
2475 5424 2488 5459 :
2529 5402 2850 5457 Ἐνδύσασθε
2872 5397 2994 5463 ὀῦν,
3028 5398 3103 5462 ὡς
3135 5397 3489 5469 ἐκλεκτοὶτοῦ

1925 5474 2227 5553 ΘεοῦΔᾷγιοι
2246 5466 2343 5553 καί.
2370 5474 2733 5553 ὴζαπημένοι,
2760 5471 3048 5553 σπλάγχνα
3060 5466 3380 5553 οξκτιρμῶν,
3403 5482 3485 5553 χρ;

1997 5545 2110 5618 (22)
2132 5536 2341 5618 ’ᾙμῖν,
2610 5543 2708 5597 καί
2750 5536 3164 5618 ἡμεῖςξίΥμῖν,
3198 5536 3485 5618 οὕτωςκαξ

1922 5604 2112 5686 ὑμεῖς,
2147 5604 2390 5686 Coloss.,
2428 5604 2866 5686 ubi'mox,_€i}v
2897 5604 3152 5686 ἀγάπην,
3199 5608 3321 5677 ἥτις
3376 5604 3484 5658 ἐστὶ

1922 5679 2067 5739 σύνδ.
2088 5680 2251 5757 dein,
2278 5685 2471 5757 εἰρήνη
2504 5682 2597 5757 τοῦ
2629 5681 2762 5735 Θεοῦ
2799 5679 3145 5757 βασιλευέτω.

1989 5756 2102 5827 (25)
2141 5746 2471 5827 Τυράνὶκόιῇ
2509 5753 2654 5827 Cum_
2687 5746 3069 5827 pra‘positiene
3102 5747 3387 5817 legendum
3422 5746 3485 5797 ἐκ

1914 5820 2334 5896 τυράννου,ἐειι
2362 5824 2496 5899 πρὸς
2528 5822 2808 5899 τυράννου.
2851 5820 3113 5891 δηιιυιις.
