3934 6558
410 291 543 347 1235

1531 285 1925 343 CLEMENTIS
1963 281 2435 340 ALEXANDRINI

3500 271 3682 353 aest

405 422 594 483 utpote
624 411 717 483 qui
751 413 805 466 in
838 410 945 467 illis
983 409 1216 477 habitat,
1239 420 1296 466 et
1341 411 1410 465 ab
1440 410 1546 466 illis
1576 418 1812 466 tenetur.
1840 407 1990 476 Quo-

2114 428 2115 433 ‘
2156 386 2492 480 ἀρνήσασθαι
2542 403 2734 459 ἑαυτὸν
2758 402 3014 458 οὐδέποτε
3048 402 3272 455 δύναται
3295 416 3310 429 ·
3350 417 3377 452 ι
3422 396 3684 469 Ἄρνοῦνς

402 507 553 561 circa
587 523 607 556 ι
655 520 935 575 nunquam
968 513 1163 585 potest
1192 504 1436 574 seipsum
1470 519 1670 575 negare
1701 518 1750 559 ι.
1789 524 1808 557 ι
1841 504 1981 560 Eum

2117 518 2174 554 αι
2209 499 2265 553 δὲ
2297 499 2459 554 αὐτὸν
2502 499 2551 550 οἱ
2615 497 2690 569 μὴ
2722 496 2871 561 ὄντες
2916 498 2974 549 ἐν
3003 494 3180 566 αὐτῷ·
3208 495 3272 547 οὗ
3323 491 3447 563 γὰρ
3495 486 3684 585 εἶπενο

405 603 590 650 autem
617 605 836 665 negant,
864 593 958 663 qui
981 609 1089 649 non
1117 602 1247 647 sunt
1274 595 1329 648 in
1350 594 1490 663 ipso.
1519 593 1635 651 Non
1657 595 1802 650 enim
1820 594 1978 649 dixit:

410 705 430 738 ι
461 685 566 753 Qui
605 687 886 756 negaverit
921 687 973 739 in
1007 700 1115 749 me,
1147 705 1164 738 ι
1201 686 1295 740 sed
1356 704 1373 737 ι
1403 701 1511 741 me.
1548 705 1567 739 ι
1603 686 1796 742 Nullus
1837 687 1983 742 enim

408 795 677 850 unquam,
709 779 913 850 quiest
952 780 1006 834 in
1034 779 1174 849 ipso,
1204 779 1382 849 ipsum
1416 790 1595 850 negat.
1640 780 1774 836 Illud
1802 791 1982 837 autem

418 891 436 924 ι
465 888 655 928 coram
682 872 1020 937 hominibus,
1048 890 1067 924 ι
1096 880 1150 926 et
1184 872 1252 927 iis
1280 872 1374 942 qui
1402 873 1536 928 salvi
1564 874 1720 938 liunt,
1745 883 1800 929 et
1821 875 1986 930 etiam

415 965 707 1034 gentilibus
730 963 1003 1026 similiter,
1044 964 1186 1034 apud
1208 963 1348 1019 alios
1382 964 1598 1033 quidem
1628 966 1754 1021 vita:
1775 966 1990 1023 institu-

415 1060 586 1124 tione,
610 1059 753 1130 apud
775 1061 913 1115 alios
943 1074 1069 1115 vero
1091 1064 1256 1115 etiam
1283 1074 1437 1114 voce.
1461 1058 1827 1125 Quamobrem
1851 1076 1993 1114 nun-

416 1160 857 1222 quampossunt
887 1152 987 1221 ipsi
1021 1167 1254 1220 negare:
1279 1166 1403 1204 eum
1441 1159 1620 1206 autem
1650 1159 1869 1222 negant,
1896 1154 1989 1222 qui

419 1260 529 1299 non
557 1254 687 1299 sunt
714 1244 769 1298 in
802 1242 942 1313 ipso.
985 1262 1003 1295 ι
1040 1241 1166 1297 Ha-e
1194 1242 1415 1312 quidem
1458 1241 1797 1310 Heracleon;
1854 1252 1909 1299 et
1937 1245 1991 1298 in

418 1337 546 1390 aliis
576 1336 799 1407 quidem
833 1335 1049 1390 videtur
1083 1334 1374 1390 nobiscum
1404 1335 1607 1391 'sentirc
1637 1336 1691 1389 in
1722 1335 1827 1391 hac
1850 1338 1995 1406 peri-

414 1440 590 1493 cope;
652 1426 785 1479 illud
832 1434 1012 1479 autem
1050 1440 1158 1479 non
1210 1425 1486 1491 advertit,
1533 1426 1679 1496 quod
1723 1427 1826 1481 etsi
1881 1442 1992 1481 non

413 1518 637 1572 actione
671 1519 854 1588 aliqua
876 1526 931 1573 et
956 1519 1084 1573 vita.
1113 1537 1131 1570 ι
1159 1518 1399 1574 confessi
1428 1528 1559 1574 sunt
1584 1518 1866 1575 Christum
1903 1532 1997 1575 eos

420 1625 538 1663 ram
572 1610 906 1677 hominibus,
930 1629 949 1662 ι
986 1623 1052 1664 eo
1082 1617 1285 1677 tamen,
1312 1609 1458 1680 quod
1482 1624 1615 1665 voce
1635 1610 1996 1666 confiteantur

422 1702 478 1756 in
508 1701 764 1772 iudiciis,
798 1711 853 1756 et
880 1716 1055 1772 usque
1100 1702 1169 1757 ad
1219 1710 1453 1757 tnortem
1486 1700 1713 1757 cruciati
1754 1716 1862 1756 non
1901 1716 1998 1756 ne-

2092 609 2110 642 ι
2148 592 2246 653 Ὃς
2273 589 2572 662 ἀρνήσηταί
2602 588 2659 640 ὲν
2684 586 2828 657 ἐμοὶ,
2864 604 2882 637 ι
2911 584 3049 650 ἀλλ’,
3083 604 3101 636 ι
3138 584 3262 654 ἐμέ.
3302 602 3321 634 ι
3341 582 3549 645 Οὐδεὶς
3578 580 3690 650 γὰρ

2089 701 2247 750 ποτε,
2267 682 2342 736 ὣν
2370 683 2428 736 ὲν
2451 681 2620 753 αὐτῷ,
2644 681 2888 752 ἀρνεῖται
2914 678 3097 732 αὐτόν.
3124 678 3198 732 Τὸ
3220 678 3280 731 δὲ
3312 696 3332 729 ι
3364 674 3697 748 ἔμπροσθεν

2088 773 2197 828 τῶν
2233 771 2552 845 ἀνθρώπων,
2595 790 2613 822 ι
2652 770 2751 824 καὶ
2787 768 2897 824 τῶν
2930 768 3277 839 σωζομένων,
3306 767 3411 820 καὶ
3442 765 3561 817 τῶν
3602 764 3693 817 EO.

2090 866 2255 921 νικῶν
2280 865 2337 919 δὲ
2359 865 2581 936 ὁμοίως,
2614 865 2744 936 παρ’
2772 858 2853 927 οἷς
2886 863 2985 934 μὲν
3017 862 3112 915 καὶ
3141 864 3209 934 τῇ
3239 860 3525 932 πολιτείᾳ,
3560 860 3696 929 παρ’

2091 951 2171 1020 οἷς
2200 955 2258 1008 δὲ
2290 955 2384 1007 καὶ
2406 956 2472 1025 τῇ
2508 956 2659 1025 φωνῇ
2684 969 2699 983 ο
2734 952 2923 1023 διόπερ
2956 950 3301 1026 ἀρνήσασθαι
3334 950 3512 1004 αὐτὸν
3540 950 3698 1003 οὐδέ-

2092 1061 2222 1099 ποτε
2269 1042 2549 1098 δύνανται*
2582 1042 2874 1116 ἀρνοῦνται
2905 1043 2964 1096 δὲ
2995 1043 3160 1097 αὐτὸν
3205 1044 3256 1097 οἱ
3309 1044 3388 1115 μὴ
3431 1042 3602 1105 ὄντες
3642 1044 3701 1095 ὲν

2094 1135 2261 1207 αὐτῷ.
2306 1155 2324 1187 ι
2367 1132 2554 1190 Ταῦτα
2587 1136 2683 1207 μὲν
2724 1137 2753 1188 ὁ
2806 1135 3149 1208 Ἡρακλέων
3180 1137 3278 1189 καὶ
3309 1135 3381 1188 τά
3420 1136 3528 1206 μὲν
3558 1135 3702 1188 ἄλλα

2096 1227 2343 1296 φαίνεται
2372 1224 2647 1297 ὁμοδοξεῖν
2676 1230 2806 1300 ἡμῖν
2822 1227 2963 1282 κατά
2984 1227 3082 1299 τὴν
3109 1228 3428 1299 περικοπὴν
3456 1226 3698 1296 tam?

2096 1322 2272 1375 έκεῖνο
2303 1319 2359 1374 δὲ
2387 1320 2487 1373 οὐκ
2519 1320 2840 1392 ἐπέστησεν,
2866 1322 2948 1374 ὅτι
2982 1324 3031 1375 εί
3074 1323 3168 1375 καὶ
3201 1319 3277 1392 μὴ
3303 1319 3520 1391 πράξει
3548 1306 3704 1382 τινὲς

2098 1413 2192 1467 καὶ
2232 1413 2310 1485 τῷ
2353 1413 2453 1486 βίῳ
2507 1433 2526 1465 ι
2582 1413 2939 1486 ὡμολόγησαν
2965 1415 3057 1468 τὸν
3091 1415 3332 1485 Χριστὸν
3368 1412 3703 1486 ἔμπροσθεν

2097 1505 2206 1560 τῶν
2228 1504 2552 1578 ἀνθρώπων,
2591 1523 2611 1558 ι
2647 1505 2709 1559 τὸ
2739 1505 2931 1577 μέντοι
2956 1506 3066 1578 (45)
3098 1507 3239 1561 κατά
3265 1508 3462 1578 φωνὴν
3495 1505 3699 1576 ὁμολο-

2099 1600 2215 1666 γεῖν
2247 1599 2305 1651 ἐν
2327 1597 2716 1670 δικαστηρίοις,
2751 1599 2847 1652 καὶ
2879 1599 3040 1670 μέχρι
3068 1598 3301 1652 θανάτου
3334 1597 3703 1670 βασανιζομέ-

2099 1708 2225 1755 νους
2285 1690 2359 1762 μὴ
2408 1691 2723 1765 ἀρνεῖσθαι,
2775 1692 2884 1746 ἀπὸ
2915 1692 3210 1756 διαθέσεως
3253 1691 3702 1745 πεπιστευκέναι

422 1803 568 1865 gent,
599 1809 665 1848 ex
693 1793 863 1847 animi
891 1793 1170 1863 proposito
1196 1793 1492 1849 credidisse
1518 1801 1837 1849 cernuntur.
1864 1791 1998 1847 Pro-

2114 1784 2398 1855 ραίνονται.
2434 1783 2685 1849 Διάθεσις
2713 1784 2772 1838 δὲ
2801 1766 3225 1857 ὁμολογουμένη,
3257 1785 3357 1838 καὶ⁵
3391 1784 3640 1856 μάλιστα
3661 1787 3699 1854 ἡ

420 1886 659 1955 positum
683 1894 864 1940 autem
883 1886 1030 1956 quod
1048 1885 1360 1952 confitetur,
1380 1884 1651 1957 pmeipue
1676 1885 1723 1941 si
1740 1901 1808 1940 ne
1823 1894 2000 1941 morte

416 1977 645 2047 quidem
688 1986 951 2044 mutetur,
989 1978 1173 2031 omnia
1216 1977 1381 2033 simul
1429 1979 1593 2045 vilia,
1649 1993 1787 2049 quae.
1813 1978 2028 2049 gigne-'

424 2069 625 2125 bantur
658 2086 750 2139 per
777 2070 1132 2139 cupiditatem
1166 2070 1436 2140 corporis,
1471 2069 1695 2125 omnino
1717 2069 1997 2125 rescindit.

424 2158 525 2214 Est
550 2160 722 2225 enim,
755 2168 816 2213 ut
848 2160 923 2214 ita
951 2160 1154 2223 dicam,
1188 2162 1243 2216 in
1275 2163 1381 2217 line
1411 2163 1537 2217 vita:
1560 2170 1669 2216 tota
1708 2161 1872 2216 simul
1906 2175 2003 2231 per

429 2251 696 2309 actionem
726 2252 1064 2321 pwnitentia,
1093 2262 1149 2307 et
1169 2270 1297 2309 vera
1326 2254 1380 2308 in
1403 2252 1677 2309 Christum
1706 2254 2001 2321 confessio,

430 2358 565 2399 voce
617 2345 960 2401 testificante.
1012 2345 1070 2401 Si
1119 2357 1301 2402 autem
1339 2365 1359 2398 ι
1409 2348 1648 2417 Spiritus
1676 2344 1858 2401 Patris
1892 2365 1910 2399 ι
1947 2346 2003 2401 in

430 2436 592 2493 nobis
649 2438 1024 2504 testificatur,
1060 2440 1339 2510 quomodo
1387 2455 1577 2495 sumus
1619 2440 1799 2496 adhuc
1835 2440 2006 2513 hypo-

429 2530 604 2593 critae,
636 2546 776 2600 quos
809 2532 950 2586 dixit
980 2533 1096 2588 sola
1128 2548 1259 2588 voce
1292 2532 1514 2589 testari?
1563 2532 1791 2592 Dabitur
1821 2542 2004 2589 autem

431 2621 733 2691 aliquibus,
766 2622 812 2675 si
859 2623 1445 2695 expediat,.religionis
1472 2639 1695 2681 causam
1716 2626 1919 2691 dicere,
1944 2635 2006 2681 ut

430 2721 486 2767 et
514 2729 610 2782 per
638 2714 961 2782 martyrium
990 2730 1088 2771 seu
1123 2716 1493 2799 testimonium
1521 2725 1578 2773 et
1604 2717 2002 2773 confessionem

430 2818 623 2859 omnes
658 2804 922 2872 juventur
945 2846 962 2873 ,
994 2807 1124 2862 dum
1154 2808 1554 2863 confirmantur
1593 2809 1812 2879 quidem
1838 2848 1854 2875 ,
1909 2810 2006 2880 qui

431 2905 560 2951 sunt
587 2897 641 2951 in
688 2895 962 2966 Ecclesia;
1013 2898 1358 2956 admirantur
1404 2909 1610 2966 autem,
1641 2909 1696 2957 et
1730 2901 1797 2956 ad
1844 2902 2005 2957 tidem

431 2975 800 3057 deducuntur,
835 2992 931 3062 qui
964 3007 1032 3046 ex
1067 2993 1318 3064 gentibus
1350 2994 1582 3049 salutem
1621 2995 1839 3051 curiose
1860 3011 2009 3067 quae.

2062 1882 2068 1889 ’
2107 1876 2242 1948 μηδὲ
2273 1875 2487 1949 θανάτῳ
2525 1877 2835 1950 τρεπομένη
2856 1916 2872 1941 ,
2903 1878 2994 1947 ὑφ’
3026 1877 3125 1932 ἕνα
3159 1877 3271 1946 (44)
3305 1879 3537 1932 πάντων
3585 1879 3702 1931 τῶν

2104 1968 2313 2034 παθῶν,
2348 1969 2385 2024 ἀ
2412 1969 2475 2042 δὴ
2503 1970 2591 2025 διὰ
2614 1971 2714 2041 τῆς
2735 1971 3056 2042 σωματικῆς
3086 1970 3386 2043 ἐπιθυμίας
3406 1972 3699 2040 ἐγεννᾶτο»

2104 2062 2392 2133 ἀποκοπὴν
2419 2065 2651 2116 ποιεῖται
2672 2078 2688 2093 σ
2739 2062 2856 2116 ἐστι
2900 2061 3043 2135 γὰρ,
3092 2064 3170 2128 ὡς
3201 2064 3334 2130 ἔπος
3365 2066 3575 2129 εἰπεῖν,
3604 2065 3703 2117 ἐπὶ

2103 2153 2249 2207 τέλει
2285 2152 2380 2207 τοῦ
2416 2153 2531 2225 βίου
2557 2153 2728 2226 ἀθρόα
2750 2153 2892 2208 κατά
2921 2155 3021 2227 τὴν
3050 2156 3248 2227 πρᾶξιν
3280 2157 3577 2227 μετάνοια,
3602 2159 3703 2210 καὶ

2104 2243 2312 2317 ἀληθὴς
2343 2246 2425 2308 είς
2465 2246 2700 2317 Χριστὸν
2740 2245 3019 2318 ὁμολογία,
3063 2248 3566 2321 ἐπιμαρτυροόσης
3597 2249 3700 2318 τῆς

2108 2336 2310 2408 φωνῆς.
2356 2337 2423 2392 Εἰ
2474 2338 2532 2391 δὲ
2576 2337 2637 2392 τὸ
2665 2356 2684 2389 ι
2729 2338 2955 2410 Πνεῦμα
2997 2339 3093 2393 τοῦ
3127 2341 3345 2410 Πατρὸς
3395 2360 3417 2393 ι
3449 2343 3513 2394 ὲν
3563 2344 3701 2413 ημῖν

2111 2431 2397 2501 μαρτυρεῖ,
2432 2429 2552 2492 πῶς
2584 2429 2669 2483 ἔτι
2702 2431 3016 2502 ὑποκριταὶ,
3049 2431 3143 2496 οὓς
3176 2436 3327 2504 φωνῇ
3376 2435 3526 2507 μόνῃ
3559 2451 3703 2506 μαρ-

2107 2522 2294 2591 τυρεῖν
2326 2518 2548 2592 εἴρηκεν
2596 2521 2731 2589 (45);
2765 2522 3061 2595 Δοθήσεται
3094 2523 3151 2578 δέ
3195 2542 3361 2588 τισιν,
3398 2527 3503 2579 ἐὰν
3562 2543 3703 2596 συμ-

2106 2611 2272 2685 φέρῃ,
2306 2612 2765 2684 ἀπολογήσασθαι,
2801 2615 2885 2668 ἵνα
2916 2615 3004 2669 διά
3035 2634 3094 2670 τε
3121 2617 3221 2689 τῆς
3250 2619 3573 2690 μαρτυρίας
3616 2618 3705 2671 διὰ

2108 2719 2171 2757 τε
2200 2702 2303 2774 τῆς
2334 2704 2625 2776 ὁμολογίας
2651 2705 2967 2775 ὠφελῶνται
2992 2709 3042 2761 οἱ
3074 2710 3293 2774 πάντες,
3316 2711 3706 2783 ἰσχυροποιού-

2113 2809 2267 2867 pavet
2300 2794 2399 2867 μὲν
2429 2797 2476 2848 oi
2522 2797 2643 2850 κατ’
2686 2798 3030 2869 Ἐκκλησίαν,
3067 2800 3448 2874 θαυμάζοντες
3490 2804 3555 2856 δὲ
3610 2805 3708 2857 καὶ

2111 2887 2193 2951 είς
2218 2885 2402 2942 πίστιν
2426 2886 2763 2960 ὑπαγόμενοι
2791 2892 2840 2943 οἱ
2867 2888 2926 2957 ἐξ
2958 2891 3127 2948 ἐθνῶν
3148 2894 3249 2965 τὴν
3286 2895 3579 2965 σωτηρίαν
3606 2913 3704 2949 1co—

2112 2980 2666 3057 λυπραγμονὴσαντες
2688 3000 2703 3014 ·
2762 2986 2814 3037 οἱ
2862 2985 3039 3040 λοιποὶ
3097 2986 3175 3051 δὲ,
3229 2988 3325 3041 ὑπ’
3378 2989 3707 3060 ἐκπλήξεως

432 3081 657 3149 sierint;
694 3082 888 3153 reliqui
917 3096 1099 3139 autem
1125 3093 1349 3154 stupore
1375 3083 1705 3140 afﬁciuntur.
1731 3085 2007 3152 Quamob-

2114 3073 2488 3145 κατεχόμενοι.
2518 3074 2679 3128 Ὥστε
2711 3074 2772 3128 τὸ
2805 3076 3086 3147 ὁμολογεῖν
3124 3080 3190 3131 ἐκ
3234 3080 3445 3144 παντὸς
3470 3081 3586 3134 δεῖ·
3623 3084 3707 3149 ἐφ’

433 3185 547 3224 rem
572 3181 793 3241 oportet
816 3173 1043 3228 omnino
1068 3153 1351 3242 conﬁteri;
1389 3174 1441 3229 id
1467 3176 1613 3230 enim
1642 3176 1809 3232 situm
1840 3186 1924 3233 est
1952 3179 2007 3232 in

2114 3167 2247 3235 ἡμῖν
2274 3166 2420 3235 γάρ’
2454 3165 2836 3235 ἀπολογεῖσθαι
2884 3169 2942 3222 δὲ
2971 3171 3071 3223 οὐκ
3113 3171 3177 3224 ὲκ
3210 3174 3444 3236 παντός·
3486 3174 3556 3226 οὐ
3601 3174 3709 3245 γὰρ

435 3270 619 3318 nostra
642 3274 940 3332 potestate:
971 3281 1194 3321 causam
1217 3282 1348 3322 vero
1371 3268 1652 3340 religionis
1674 3269 1877 3334 dicere,
1899 3285 2008 3324 non

433 3355 660 3410 omnino
689 3371 939 3427 semper;
973 3374 1083 3413 non
1117 3368 1202 3413 est
1245 3360 1390 3415 enim
1427 3360 1531 3417 hoc
1571 3377 1793 3432 quoque
1843 3364 2010 3418 situm

326 3466 337 3477 ο
435 3442 492 3497 in
529 3452 718 3500 nostra
744 3456 1036 3516 potestate.
1073 3466 1092 3499 ι
1138 3448 1245 3515 Qui
1285 3439 1468 3505 autem
1496 3453 1828 3508 sustinuerit
1858 3454 1912 3508 in
1944 3454 2011 3508 li-

435 3547 585 3598 nem,
617 3535 667 3590 is
701 3537 886 3592 salvus
912 3538 1021 3592 erit
1054 3537 1105 3593 ιι.
1140 3558 1158 3590 ι
1196 3538 1332 3594 Nam
1370 3542 1498 3610 quis
1537 3557 1601 3596 ex
1659 3543 1747 3609 iis,
1796 3544 1891 3613 qui
1926 3560 2015 3599 sa-

436 3624 618 3694 piunt,
650 3641 756 3679 non
779 3628 1005 3697 elegerit
1033 3629 1086 3684 in
1128 3629 1240 3685 Deo
1286 3646 1537 3702 regnare,
1566 3642 1661 3687 aut
1705 3635 2018 3691 etiam-scr-

436 3715 596 3770 vire?
624 3735 643 3767 ι
678 3716 848 3772 Deum
876 3735 1009 3790 ergo
1052 3722 1384 3778 confitentur
1407 3744 1427 3777 ι
1465 3726 1689 3796 quidam
1723 3746 1741 3780 ι
1775 3744 1959 3794 nosse,
1992 3750 2009 3783 ι

438 3816 501 3863 ιιι
523 3807 658 3863 dicit
684 3811 999 3879 Apostolus,
1034 3831 1054 3864 ι
1087 3811 1247 3870 factis
1271 3826 1453 3872 autem
1480 3829 1710 3890 negant:
1751 3838 1877 3878 cum
1906 3824 2018 3879 sint

439 3901 813 3968 abominandi,
844 3904 1134 3973 increduli,
1168 3916 1222 3963 et
1252 3911 1321 3965 ad
1350 3927 1512 3966 omne
1539 3908 1680 3984 opus
1723 3916 1888 3988 216
1920 3917 2019 3971 bo-

343 4034 346 4037 .
443 4008 574 4048 num
593 3996 816 4064 reprobi
844 4008 926 4052 ο.»
955 3997 1034 4052 llli
1061 4008 1266 4067 autem,
1284 4002 1411 4057 licet
1440 4005 1517 4058 nil
1544 4006 1692 4061 aliud
1716 4023 1878 4077 quam
1894 4024 2021 4064 con-

440 4084 571 4143 fessi
596 4086 818 4153 fuerint,
845 4106 1015 4145 unum
1040 4092 1304 4179 saltem/in
1334 4094 1441 4149 fine
1459 4096 1583 4151 vitaa
1598 4096 1803 4151 bonum
1828 4098 2021 4154 effece-

443 4177 571 4233 rint.
596 4176 825 4233 Videtur
840 4195 969 4251 ergo
987 4176 1308 4253 martyrium
1340 4198 1461 4238 esse
1486 4186 1811 4256 expurgatio
1836 4202 2024 4257 peeea~

441 4278 621 4324 torum
648 4288 771 4327 eum
795 4274 987 4344 gloria.
1011 4271 1131 4327 Jam
1148 4290 1281 4329 vero
1302 4276 1432 4331 dicit
1452 4275 1666 4333 Pastor:
1694 4297 1712 4330 ι
1738 4277 2020 4349 Eﬂ‘ugietis

443 4365 820 4432 operationem
871 4366 1000 4422 ferae
1048 4369 1300 4437 agrestis,
1360 4369 1405 4424 si
1461 4384 1554 4424 eor
1588 4379 1831 4426 vestrum
1860 4370 2024 4426 fuerit

443 4454 706 4508 mundum
721 4465 771 4509 et
795 4457 862 4511 ab
879 4457 1029 4511 omni
1058 4459 1484 4528 reprehensione
1512 4461 1771 4516 alienum.
1798 4480 1816 4513 ι
1849 4460 2023 4529 Quin-

441 4544 605 4598 etiam
654 4546 768 4616 ipse
806 4548 1072 4605 Dominus
1106 4570 1118 4604 :
1157 4570 1176 4602 ι
1215 4546 1506 4620 Expetivit,
1547 4552 1740 4622 inquit,
1771 4570 1867 4609 vos
1913 4552 2015 4609 Sa-

442 4645 601 4691 tanas
629 4648 686 4692 ut
709 4640 999 4708 rribraret;
1028 4656 1127 4711 ego
1144 4650 1323 4697 autem
1356 4644 1541 4714 rogavi
1566 4643 1618 4699 ά.
1653 4663 1673 4696 ι
1704 4645 1867 4700 Solus
1888 4660 2017 4716 ergo

445 4725 708 4784 Dominus
736 4740 955 4801 propter
1001 4747 1213 4799 eorum,
1243 4734 1336 4804 qui
1363 4736 1411 4789 ei
1468 4736 1886 4802 insidiabantur,
1921 4739 2021 4792 ho-

443 4822 676 4886 minum,
719 4833 773 4877 et
800 4823 1098 4879 infidelium
1146 4829 1613 4898 expurgationem,
1642 4848 1661 4882 ι
1701 4830 1837 4886 bibit
1888 4831 2027 4886 cali-t

442 4929 561 4967 cem
596 4926 651 4968 οι.
677 4933 695 4965 ι
733 4913 904 4981 Quem
942 4916 1219 4973 imitantes
1248 4920 1584 4987 apostoli,ut
1611 4921 1703 4992 qui
1730 4936 1919 4977 revera
1945 4938 2026 4975 cs-

519 5095 577 5165 ᾖ(
607 5091 668 5144 Ρ.
697 5093 800 5148 597
860 5094 968 5150 eo.
1028 5092 1328 5163 POTTER,
1361 5096 1488 5165 505,
1515 5097 1619 5153 504
1645 5097 1755 5154 eo.
1798 5064 2022 5154 panis.

440 5157 469 5197 ά
502 5158 635 5217 Luc.
676 5179 811 5231 xxn,
844 5165 934 5231 3i,
956 5166 1045 5220 52.
1128 5177 1151 5205 θ
1175 5157 1366 5223 Matth.
1395 5157 1486 5234 xx,
1522 5169 1613 5223 22.

661 5316 919 5395 Piper}.
967 5320 1064 5395 Vel
1084 5322 1273 5395 potius
1296 5321 1375 5393 τῷ
1410 5322 1557 5395 μέντ-

519 5386 632 5467 liti)
662 5386 806 5467 ,ξήρ’
844 5389 969 5443 ἕνα.
1005 5386 1451 5449 ὃυῦοιιιιίειιιῐυιίι
1481 5394 1692 5467 χρόνον,
1728 5405 1823 5450 aut
1848 5397 2026 5451 simile

448 5456 598 5523 quid.
661 5456 925 5514 Suntsunt}.

452 5525 942 5650 ἓυξὶῖξέεῑρηκεικ
984 5524 1188 5602 Nempe
1235 5531 1531 5589 Heraelcon
1586 5535 1640 5590 in
1681 5536 1863 5594 verbis
1905 5537 2021 5607 jam

489 5735 501 5746 .
523 5665 632 5748 (iiii)
662 5667 715 5719 Ὀ
733 5667 1000 5748 ηῌοιμήν.
1034 5669 1246 5727 iiermze
1262 5672 1543 5748 Pastorem
1568 5676 1840 5748 intelligit,
1862 5677 1954 5731 lib.
1985 5693 2022 5742 ι,

450 5736 555 5790 vis.
584 5737 647 5790 ιε
680 5755 699 5788 ι
732 5736 788 5793 Si
816 5736 946 5810 ergo
970 5745 1407 5813 pra-paraveritis
1436 5762 1554 5814 vos,
1588 5736 1840 5816 poteritis
1883 5736 2023 5803 (ξιιυέ

2115 3257 2209 3310 καὶ
2258 3257 2419 3311 τοῦτο
2468 3261 2727 3333 ἐφ’ήμῖν.
2773 3281 2791 3313 ι
2841 3260 2900 3314 '0
2942 3262 3000 3317 δὲ
3061 3264 3360 3334 ὑπομείνας
3417 3268 3504 3330 εἰς
3559 3268 3709 3331 τέλος

2113 3342 2266 3413 οὗτος
2286 3348 2620 3422 σωθήσεται·
2665 3372 2684 3405 ι
2715 3355 2835 3407 ἐπεὶ
2863 3355 2948 3418 τίς
2978 3357 3079 3410 οὐκ
3112 3356 3177 3410 ἂν
3203 3357 3315 3410 τῶν
3348 3353 3408 3411 εὖ
3442 3359 3711 3431 φρονοῦν-

2096 3454 2223 3496 ’των
2278 3442 2583 3513 βασιλεύειν
2623 3448 2682 3502 ὲν
2728 3448 2866 3520 Θεῷ,
2915 3448 3029 3503 ἀλλ’
3072 3451 3133 3504 οὐ
3176 3451 3459 3505 δουλεύειν
3492 3453 3707 3520 ﬁlum;

2125 3552 2142 3584 ι
2173 3532 2306 3588 Θεὸν
2335 3531 2428 3588 οὖν
2460 3538 2781 3608 ὁμολογοῦσί
2816 3557 2835 3591 ι
2881 3557 3025 3603 τινες
3063 3560 3082 3590 ι
3118 3540 3337 3604 εἰδέναι,
3381 3561 3400 3594 ι
3438 3542 3592 3597 κατὰ
3623 3544 3709 3597 τὸν

2132 3630 2471 3696 Ἀπόστολον,
2506 3650 2525 3683 ι
2574 3635 2688 3695 τοῖς
2733 3633 2790 3685 δὲ
2823 3631 3006 3705 ἔργοις
3053 3631 3344 3704 ἀρνοῦνται
3368 3650 3381 3663 ο
3428 3633 3711 3704 βδελυκτοὶ

2119 3722 2272 3786 ὅντες
2299 3724 2393 3776 καὶ
2425 3722 2691 3788 ἀπειθεῖς,
2717 3723 2813 3777 κα)⁵
2839 3724 2976 3796 πρὸς
3001 3725 3111 3777 πᾶν
3138 3724 3297 3796 ἔργον
3338 3726 3552 3794 ἀγαθὸν
3591 3725 3711 3779 ἀδὰ

2121 3832 2293 3885 κιμοι.
2333 3833 2352 3866 ι
2385 3816 2448 3867 Ol
2477 3814 2555 3879 δὲ,
2587 3814 2692 3868 κᾶν
2720 3815 2881 3869 τοῦτο
2921 3816 3079 3887 μόνον
3097 3816 3535 3889 ὁμολογήσωσιν,
3574 3818 3635 3870 ἒν
3661 3834 3711 3870 τι

2123 3905 2539 3978 κατεπράξαντο
2585 3907 2678 3960 ἐπὶ
2714 3907 2858 3961 τέλει
2911 3907 3071 3981 ἔργον
3116 3908 3341 3979 ἀγαθόν.
3372 3911 3601 3963 Ἔοικεν
3623 3906 3712 3963 οὖν

2122 3998 2184 4051 τὸ
2250 3999 2550 4071 μαρτύριον
2618 4000 2996 4071 ἀποκάθαρσις
3042 3997 3179 4054 εἶναι
3226 4001 3520 4072 ἁμαρτιῶν
3577 4002 3710 4071 μετά

2123 4086 2302 4158 δόξης.
2355 4088 2561 4143 Αὐτίκα
2603 4091 2631 4143 ὁ
2678 4090 2889 4162 Ποιμὴν
2938 4091 3050 4164 (46)
3097 4092 3260 4163 φησίν
3286 4109 3299 4123 ο
3347 4093 3709 4163 Ἐκιρεῦξεσθε

2123 4182 2223 4253 τὴν
2251 4181 2531 4253 ἐνέργειαν
2553 4182 2647 4236 τοῦ
2681 4183 2874 4256 ἀγρίου
2904 4183 3119 4258 θηρίου,
3149 4185 3243 4239 ἐὰν
3269 4186 3303 4256 ἠ
3335 4187 3537 4257 καρδία
3558 4187 3709 4258 ὑμῶν

2130 4275 2356 4345 γένηται
2394 4274 2612 4346 καθαρά
2642 4277 2736 4329 καὶ
2774 4276 3025 4347 ἄμωμος.
3083 4298 3103 4330 ι
3163 4276 3324 4331 Ἀλλά
3360 4280 3458 4333 καὶ
3493 4280 3656 4342 αὐτὸς
3680 4282 3709 4333 ὁ

2126 4368 2361 4439 Κύριοςο
2401 4385 2420 4418 ι
2464 4366 2794 4440 Ἐξῃτήσατο
2810 4369 2921 4439 (47)
2939 4370 3085 4439 ὑμᾶς
3115 4372 3142 4424 ό
3168 4371 3440 4440 Σατανᾶς,
3483 4393 3506 4425 ι
3542 4372 3702 4436 λέγει,

2056 4494 2097 4548 D
2132 4478 2151 4510 ι
2188 4460 2444 4514 σινιάσαι·
2479 4459 2591 4528 ἐγὼ
2622 4460 2678 4513 δὲ
2734 4463 3168 4533 παρῃτησάμην.
3229 4481 3247 4514 ι
3272 4461 3452 4523 Μόνος
3480 4461 3658 4515 τοίνυν
3678 4464 3706 4515 ὁ

2127 4550 2330 4619 Κύριος
2362 4548 2451 4603 διὰ
2481 4552 2579 4623 τὴν
2602 4550 2709 4605 τῶν
2741 4550 3197 4607 ἐπιϐουλευόντων
3220 4550 3370 4622 αὐτῷ
3408 4552 3704 4623 ἀνθρώπων

2126 4643 2219 4696 καὶ
2250 4642 2348 4715 τὴν
2378 4642 2489 4697 τῶν
2525 4645 2768 4699 ἀπίστων
2804 4646 3199 4718 ἀποκάθαρσιν,
3223 4663 3241 4696 ι
3294 4644 3416 4698 ἔπιε
3452 4644 3517 4698 τὸ
3546 4646 3707 4715 ποτή-

2131 4754 2264 4809 ριονο
2315 4756 2332 4787 ι
2378 4730 2437 4791 ὃν
2475 4737 2798 4810 μιμούμενοι
2834 4740 2883 4793 οἱ
2917 4739 3221 4803 ἀπόστολοι,
3257 4739 3335 4801 ὡς
3377 4737 3448 4792 ἂν
3482 4736 3562 4807 τῷ
3597 4738 3705 4789 ὁντι

2130 4830 2420 4898 γνωστικοὶ
2448 4831 2543 4884 καὶ
2584 4830 2812 4895 τέλειοι,
2863 4829 3003 4905 ὑπὲρ
3054 4831 3162 4885 τῶν
3222 4825 3593 4901 Ἐκκλησιῶν,
3646 4829 3707 4891 ἃς

2131 4922 2359 4993 ἔπηξαν,
2396 4921 2617 4978 ἔπαθον.
2667 4925 2852 4989 Οὕτως
2890 4922 2983 4979 οὖν
3029 4926 3121 4979 καὶ
3173 4926 3223 4977 οἱ
3274 4926 3401 4978 κατ’
3464 4922 3611 4993 ἴχνος
3650 4922 3707 4973 τὸ

2136 5112 2161 5141 ι
2188 5101 2231 5155 ll
2261 5095 2404 5158 Tim.
2431 5119 2493 5170 ιι,
2525 5105 2610 5158 15.
2717 5105 2747 5143 δ
2775 5103 2961 5158 Matth.
2990 5116 3139 5168 xxw,
3172 5102 3256 5155 15.
3370 5110 3394 5138 ε
3416 5098 3526 5153 Tit.
3561 5115 3597 5161 ι,
3628 5097 3704 5151 lG.

2132 5340 2262 5400 gere
2291 5327 2436 5380 illam
2460 5331 2561 5400 (se.
2582 5317 2858 5400 bestiam),
2880 5325 2924 5377 si
2949 5331 3308 5400 cor-vestrum
3326 5321 3492 5374 fuerit
3514 5332 3704 5400 purum

2133 5393 2198 5451 ac
2222 5396 2341 5451 sine
2375 5393 2612 5460 maeula,
2645 5406 2700 5449 et
2728 5393 2970 5466 reliquos
3010 5393 3127 5447 dies
3159 5401 3375 5447 vestros
3400 5393 3705 5446 servieritis

2137 5466 2707 5545 lleo_§ine_qtterela.i
2810 5532 2828 5545 ο
3153 5533 3211 5545 __
3278 5530 3351 5545 ﬂ
3429 5525 3497 5545 Μ

2207 5536 2323 5607 (47)
2376 5527 2773 5607 Ἔξῃτήσατο.
2807 5532 3242 5607 Lue.7xxtt,_51,
3274 5530 3385 5607 ’5}:
3416 5527 3570 5607 ΔΙιξῖιτε
3601 5527 3652 5581 δὲ
3678 5527 3705 5578 ὁ

2132 5601 2373 5678 Κύριος·
2411 5601 2612 5678 ξιμων,
2646 5606 2847 5678 Σίμων,
2884 5605 2991 5657 ἰδοὺ
3012 5643 3029 5667 ,
3071 5603 3382 5678 6:39;;
3411 5601 3705 5678 ξξῃτησατο

2134 5667 2297 5747 ὑμᾶς,
2317 5667 2440 5730 ⁷τοῦ
2460 5667 2832 5747 γ’σινιάσαὶὼς
2867 5678 3010 5728 σῖτον
3030 5691 3043 5704 ’
3099 5671 3209 5742 ἐγὼ
3240 5673 3295 5727 δὲ
3328 5667 3706 5743 ἐδεήθηνπρὶ

2133 5746 2228 5803 σοῦ
2248 5787 2265 5816 ,
2296 5748 2382 5802 ἵνα
2411 5746 2486 5819 μὴ
2511 5747 2792 5818 ὲκλείπῃὴ
2828 5747 3009 5809 πίστις
3052 5761 3165 5797 σου.
