3934 6546
211 379 353 437 1295

1437 372 1869 432 STROMATUM
1902 372 2031 429 LIB.
2052 373 2157 429 ιν.

3304 372 3443 428 1294

210 498 399 555 λὺεται
433 497 543 572 γὰρ
565 498 659 553 επὶ
706 496 800 551 τοῦ
843 496 1213 570 ἀρνησομένου
1255 496 1291 567 ή
1330 496 1471 550 κατὰ
1509 496 1600 550 τὸν
1625 496 1786 550 Βασι-

1903 496 2128 567 ιιιίιίεηι,
2186 501 2248 550 ιιι
2289 494 2546 565 puniatur
2602 493 2900 551 bonorilice
2949 509 3045 566 per
3090 494 3445 565 martyrium;

212 589 395 663 λιίδην
422 590 665 663 πρόνοια.
700 588 841 663 Ἐρῶ
873 587 983 660 (67)
1012 587 1190 643 τοίνυν
1219 584 1380 642 αὑτὸν
1409 587 1501 641 ἐπὶ
1522 586 1616 641 τοῦ
1647 604 1781 658 κρα-

211 682 466 756 τηθέντος
487 680 847 754 δμολογητοῦ,
881 680 1106 751 πότερον
1137 680 1475 751 μαρτυρήσει
1505 679 1601 732 καὶ
1626 676 1786 730 κολα-

216 773 476 845 σθήσεται
498 771 639 826 κατὰ
656 771 754 842 τήν
776 770 1054 842 πρόνοιαν,
1078 769 1112 840 ἢ
1134 768 1195 822 οῦ
1222 785 1237 834 ;
1277 767 1465 839 Ἀρνοὺ
1474 784 1632 840 μενος
1652 767 1780 838 γὰρ,

214 866 279 919 οὐ
319 864 712 935 κολασθήσεται
731 879 744 892 ·
786 862 835 914 εί
873 861 931 915 δὲ
962 860 1057 915 καὶ
1087 860 1189 930 τῆς
1224 858 1546 922 ἀποϐάσεως
1574 858 1668 912 κα)⁸
1691 857 1784 910 τοῦ

221 957 299 1030 μή
329 956 436 1011 δεῖν
465 955 789 1027 κολασθῆναι
819 954 1005 1008 τοῦτον
1038 954 1199 1025 φήσει
1226 951 1323 1024 τήν
1364 950 1641 1005 ἀπώλειαν
1680 950 1787 1005 τῶν

218 1049 601 1122 ἀρνησομένων
622 1050 686 1101 ὲκ
703 1047 977 1119 προνοίας,
990 1047 1137 1102 ἄκων
1154 1063 1472 1119 προσμαρτυ
1481 1047 1634 1118 ρήσει
1651 1046 1783 1118 (68).
1798 1068 1805 1075 ’

218 1138 347 1203 Πιῖις
369 1140 427 1193 δὲ
452 1139 529 1192 ἔτι
550 1138 738 1211 μισθὸς
760 1139 788 1191 ὁ
813 1138 1150 1201 ἐνδοξότατος
1168 1140 1226 1191 ὲν
1254 1137 1468 1209 οὑρανῷ
1498 1138 1786 1193 ἀπόκειται

218 1231 298 1303 τῷ
343 1233 745 1306 μαρτυρήσαντι
798 1231 888 1286 διὰ
938 1230 1000 1283 τὸ
1058 1231 1439 1304 μαρτυρῆσαι;
1490 1231 1554 1285 Ei
1600 1231 1656 1286 δὲ
1699 1232 1790 1285 τὸν

220 1322 593 1395 ἁμαρτητικὸν
640 1322 739 1376 οὑκ
767 1322 947 1375 εἴασεν
995 1324 1029 1393 ή
1066 1322 1290 1393 πρόνοια
1322 1323 1415 1376 ἐπὶ
1436 1322 1499 1375 τὸ
1524 1323 1792 1395 ἁμαρτεῖν

221 1412 428 1478 ἐλθεῖν,
463 1412 646 1476 ἄδικος
693 1413 900 1481 γίνεται
942 1413 1302 1483 κατ’-ἄμφω·
1343 1413 1438 1467 καὶ
1485 1412 1576 1467 τὸν
1604 1414 1690 1467 διὰ
1717 1414 1793 1466 δι-

221 1504 517 1577 καιοσύνην
556 1506 636 1567 εἰς
685 1503 907 1558 κόλασιν
956 1503 1244 1574 ἑλκόμενον
1294 1504 1367 1575 μὴ
1397 1504 1654 1576 ῥυομένη,
1701 1506 1794 1559 καὶ

220 1596 315 1649 τὴν
336 1598 542 1650 ἀδικεῖν
565 1595 893 1668 ἐθελήσαντα
914 1599 1211 1669 ῥυσαμένη⁸
1234 1597 1327 1651 τοῦ
1351 1599 1447 1669 μὲν
1475 1598 1797 1671 ποιήσαντος

221 1688 291 1741 δι’
324 1680 398 1741 ὧν
424 1687 708 1759 ἐϐουλήθη,
744 1688 844 1758 τῆς
872 1689 931 1743 δὲ
959 1687 1276 1760 κωλυσάσης
1302 1688 1362 1741 τὸ
1386 1688 1564 1761 ἔργον,
1598 1691 1690 1743 καὶ
1719 1691 1793 1761 μὴ

221 1779 447 1842 δικαίως
476 1779 825 1851 περιέποντος
857 1778 966 1847 (69)
997 1779 1089 1833 τὸν
1120 1781 1512 1852 ἁμαρτητικόν.
1563 1780 1688 1845 Πῶς
1736 1781 1793 1834 δὲ

222 1870 324 1923 οὑκ
353 1869 542 1933 ἄθεος,
591 1869 821 1934 θειάζων
853 1872 949 1942 μὲν
980 1871 1070 1925 τὸν
1101 1871 1373 1939 διάϐολον,
1416 1872 1696 1943 ἄνθρωπον
1737 1873 1794 1927 δὲ

224 1961 597 2033 ἁμαρτητικὸν
616 1961 891 2033 τολμήσας
922 1964 1095 2016 εἰπεῖν
1118 1963 1209 2016 τὸν
1233 1964 1434 2035 Κύριον
1464 1982 1478 2029 ;
1514 1964 1793 2038 Πειράζων

224 2054 336 2124 γάρ
365 2055 514 2123 ἡμᾶς
557 2055 585 2106 ὁ
610 2052 870 2119 διάϐολος,
898 2054 1052 2118 εἰδὼς
1097 2056 1195 2127 μὶν
1226 2056 1255 2108 ὅ
1284 2057 1480 2126 ἐσμεν,
1509 2057 1610 2109 οὑκ
1641 2055 1794 2120 εἰδὼς

224 2142 282 2195 δὲ
314 2144 364 2194 εἰ
387 2141 781 2213 ὑπομενοῦμεν,
807 2142 941 2196 ἀλλὰ
960 2144 1247 2198 άποσεῖσαι
1265 2144 1364 2215 τῆς
1388 2144 1622 2208 πίστεως
1647 2146 1795 2215 ἡμᾶς

229 2231 583 2303 βουλόμενος,
617 2232 710 2285 καὶ
757 2232 1058 2301 ὑπάγεσθαι
1104 2233 1283 2303 ἑαυτῷ
1324 2233 1572 2304 πειράζει
1594 2218 1618 2263 ί
1658 2234 1795 2306 ὅπερ

231 2323 330 2377 καὶ
380 2323 537 2394 μόνον
579 2324 968 2396 ἐπιτέτραπται
1014 2324 1199 2396 αὑτῷ,
1245 2325 1335 2379 διά
1383 2342 1444 2378 τε
1478 2318 1540 2379 τὸ
1566 2326 1711 2395 ήμᾶς
1736 2324 1797 2390 ἐξ

223 2416 436 2469 ἑαυτῶν
482 2402 746 2481 σώζεσθαι
788 2417 897 2470 δεῖν
919 2455 935 2479 ,
972 2417 1226 2488 ἀφορμὰς
1272 2416 1421 2488 παρὰ
1451 2417 1551 2488 τῆς
1580 2414 1797 2487 ἐντολῆς

230 2510 542 2581 εἰληφότας,
568 2510 657 2566 διά
680 2529 739 2565 τε
760 2512 855 2564 τὸν
878 2510 1291 2582 καταισχυμμδν
1318 2510 1411 2564 τοῦ
1441 2510 1797 2582 πειράσαντος

226 2605 324 2659 καὶ
350 2605 730 2674 ἀποτυχόντος,
757 2604 847 2658 διά
874 2622 933 2658 τε
963 2602 1064 2675 τὴν
1092 2602 1493 2674 ίσχυροποίησιν
1517 2602 1624 2655 τῶν
1657 2600 1799 2654 κατά

226 2697 330 2767 τὴν
370 2695 692 2768 Ἐκκλησίαν
711 2736 726 2759 ,
757 2698 846 2751 διά
878 2714 939 2750 τε
983 2696 1083 2768 τήν
1124 2696 1421 2767 συνείδησιν
1451 2695 1559 2747 τῶν
1589 2693 1800 2764 θαυμα-

230 2787 443 2841 σάντων
489 2787 587 2859 τήν
626 2789 918 2860 ὑπομονήν.
956 2788 1019 2840 El
1056 2788 1111 2841 δὲ
1142 2787 1201 2840 τὸ
1245 2786 1536 2859 μαρτύριον
1566 2786 1800 2839 ἀνταπό-

228 2881 377 2942 δοσις
404 2879 492 2933 διὰ
519 2879 791 2943 κολάσεως
812 2919 827 2943 ,
871 2881 964 2933 καὶ
988 2882 1021 2949 ή
1052 2879 1234 2942 πίστις
1266 2879 1359 2932 καὶ
1400 2880 1433 2949 ή
1463 2875 1795 2939 διδασκαλία,

228 2968 299 3022 δι’
328 2967 394 3031 ἃς
419 2968 487 3021 τὸ
521 2966 815 3039 μαρτύριον
837 2984 850 2996 ·
887 2966 1137 3037 συνεργοὶ
1166 2967 1273 3037 ἄρα
1319 2958 1477 3020 αὗται
1506 2965 1798 3029 κολάσεως,

228 3054 303 3130 ἧς
337 3058 422 3123 τίς
453 3057 519 3113 ἂν
560 3057 694 3129 άλλη
734 3058 933 3129 μείζων
975 3058 1296 3129 ἁπέμφασις
1340 3058 1580 3125 γένοιτο;
1643 3056 1802 3110 Ἀλλὰ

234 3151 379 3224 πρὸς
406 3152 504 3223 μὲν
532 3151 602 3205 τὰ
623 3151 868 3222 δόγματα
890 3151 1100 3214 ἐκεῖνα,
1132 3153 1180 3204 εί
1219 3147 1727 3222 μετενσωματοῦται
1766 3149 1800 3218 ή

235 3246 417 3317 ψυχὴ,
469 3245 562 3299 καὶ
609 3246 738 3317 περὶ
788 3243 880 3297 τοῦ
938 3243 1182 3297 διαϐόλου
1236 3233 1377 3296 κατᾶ
1418 3244 1543 3304 τοὺς
1574 3239 1806 3303 οἰκείους

231 3336 554 3408 λεχθήσεται
604 3334 853 3408 καιρούς·
916 3336 1033 3388 νυνὶ
1085 3335 1143 3388 δὲ
1194 3337 1305 3397 τοῖς
1350 3333 1661 3405 εἰρημένοις
1713 3334 1807 3387 xci.

231 3428 410 3482 ταῦτα
440 3426 765 3498 προσθῶμεν
784 3444 796 3458 ο
834 3426 944 3480 Ποῦ
980 3426 1061 3480 ἔτι
1089 3427 1199 3497 (70)
1231 3429 1264 3497 ή
1290 3426 1477 3488 πίστις
1498 3465 1513 3490 ,
1546 3424 1687 3479 κατὰ
1715 3426 1808 3478 άν-

232 3519 521 3574 ταπόδοσιν
552 3518 659 3572 τῶν
691 3518 1201 3592 προημαρτημένων
1219 3517 1312 3571 τοῦ
1342 3518 1638 3589 μαρτυρίου
1673 3532 1809 3585 γινο-

240 3608 440 3679 μένους
474 3608 584 3662 Ποῦ
615 3608 674 3661 δὲ
707 3610 740 3679 ή
773 3608 960 3678 ἀγάπη
1005 3609 1038 3678 ή
1077 3608 1214 3678 πρὸς
1248 3608 1338 3661 τὸν
1382 3607 1547 3670 Θεὸν,
1592 3606 1680 3660 διὰ
1707 3606 1806 3678 τὴν

235 3700 495 3771 ἀλήθειαν
522 3700 823 3772 διωκομένη
849 3702 943 3754 καὶ
965 3700 1305 3771 ὑπομένουσα
1329 3716 1344 3763 ;
1376 3698 1486 3753 Ποῦ
1506 3699 1564 3753 δὲ
1589 3698 1808 3761 ἔπαινος

235 3791 701 3862 ὁμολογήσαντος,
731 3790 764 3861 ἢ
789 3790 954 3860 ψόγος
985 3789 1362 3859 ἀρνησαμένου
1387 3805 1403 3853 ;
1447 3789 1541 3851 El;
1563 3787 1616 3840 τί
1645 3788 1701 3840 δὲ
1726 3787 1805 3841 ἔτι

238 3881 484 3953 χρησίμη
512 3882 546 3951 ή
581 3880 825 3933 πολιτεία
848 3881 880 3951 ή
909 3879 1071 3950 ὀρθὴ,
1101 3880 1163 3932 τὸ
1191 3878 1461 3951 νεκρῶσαι
1486 3876 1586 3941 τὰς
1616 3877 1806 3930 ἐπιθυ-

242 3973 400 4042 μίας,
434 3973 535 4027 καὶ
583 3973 746 4043 μηδὲν
776 3972 885 4025 τῶν
933 3971 1242 4041 κτισμάτων
1278 3972 1483 4041 μισεῐν;
1521 3971 1585 4023 Ei
1611 3969 1700 4032 δὲ,
1732 3954 1827 4032 ὡς’

237 4065 402 4130 αὑτός
436 4082 596 4135 φησιν
621 4066 649 4117 ό
691 4063 1005 4133 Βασιλείδης
1029 4104 1043 4128 ,
1079 4062 1136 4115 ἓν
1165 4062 1329 4134 μέρος
1364 4063 1429 4114 ὲκ
1458 4060 1553 4115 τοῦ
1580 4060 1809 4132 λεγομέ-
1849 4054 1857 4059 ’

239 4174 333 4210 νου
368 4156 667 4227 θελήματος
707 4156 800 4209 τοῦ
830 4154 964 4208 Θεοῦ
990 4153 1371 4224 ὑπειλήφαμεν
1391 4193 1407 4218 ,
1447 4169 1466 4202 ι
1506 4151 1567 4205 τὸ
1592 4153 1809 4221 ήγαπη-

239 4250 395 4304 κέναι
421 4249 655 4309 ἅπαντα,
696 4268 715 4299 ι
752 4249 834 4301 ὅτι
870 4247 1027 4316 λόγον
1062 4244 1405 4310 ἀποσώζουσι
1447 4244 1585 4315 πρὸς
1610 4242 1673 4295 τὸ
1701 4244 1808 4297 πᾶν

239 4342 485 4397 ἅπανταο
523 4341 709 4413 ἕτερον
753 4340 843 4405 δὲ,
876 4359 894 4391 ι
926 4340 987 4393 τὸ
1026 4337 1249 4410 μηδενὸς
1293 4336 1580 4406 ἐπιθυμεῖν
1602 4352 1615 4365 ο
1659 4354 1679 4385 ι
1717 4336 1808 4389 καὶ

238 4435 418 4507 τρίτον
437 4473 452 4498 ,
484 4452 503 4485 ι
549 4434 725 4503 μισεῖν
771 4432 904 4503 μηδὲ
949 4430 1007 4484 ἓν
1026 4472 1040 4495 ,
1085 4449 1102 4481 ι
1151 4429 1411 4499 θελήματι
1437 4426 1531 4481 τοῦ
1556 4425 1687 4480 Θεοῦ
1717 4428 1810 4480 καὶ

1881 589 2042 644 aliam
2069 594 2275 653 autem,
2334 595 2395 642 ut
2437 586 2618 642 debito
2668 597 2927 659 purgetur
2972 585 3259 657 supplicio.
3298 584 3446 651 Quo-

1883 678 2046 734 modo
2091 685 2271 733 autem
2318 677 2424 733 hoc
2476 693 2664 734 verum
2694 688 2798 746 est,
2823 693 2946 732 eum
2981 679 3034 732 in
3079 680 3266 731 nostra
3299 684 3453 745 pote-

1884 776 2025 824 state
2049 767 2214 823 situm
2235 766 2307 822 sit
2333 766 2576 821 confiteri
2602 778 2657 820 et
2681 765 2887 835 puniri,
2911 774 3006 821 aut
3040 765 3184 820 non?
3219 769 3279 828 ιιι
3310 761 3447 817 Nam

1885 859 1929 915 si
1965 859 2091 929 quis
2116 858 2414 929 negaverit,
2469 858 2647 928 quoad
2681 873 2806 912 eum
2844 858 2984 928 perit
3007 873 3091 922 ea,
3122 874 3245 928 qua:
3268 865 3353 911 est
3382 871 3451 910 ex

1886 951 2140 1007 Basilidis
2163 951 2451 1012 sententia,
2493 948 2857 1020 providentia.
2899 948 3121 1020 Rogabo
3159 964 3291 1021 ergo
3323 964 3450 1004 eum

1886 1041 1953 1098 de
1975 1042 2291 1099 confessore
2323 1043 2379 1097 in
2407 1043 2658 1097 custodia
2707 1050 2996 1107 manente,
3033 1048 3217 1094 utrum
3250 1048 3454 1110 marty—

1888 1134 2030 1189 rium
2058 1135 2313 1205 patietur,
2341 1143 2395 1190 et
2429 1135 2689 1204 punietur
2722 1149 2790 1190 ex
2816 1132 3182 1204 providentia,
3213 1148 3283 1187 an
3311 1133 3457 1188 non?

1888 1223 2022 1281 Nam
2054 1226 2102 1289 si
2133 1234 2310 1305 neget,
2343 1241 2451 1281 non
2481 1226 2773 1296 punietur;
2823 1225 2907 1280 sin
2947 1231 3127 1280 autem
3161 1237 3215 1280 et
3254 1224 3454 1289 exitus,

1890 1327 1944 1373 et
1969 1319 2115 1389 quod
2145 1334 2254 1375 non
2288 1326 2539 1390 oporteat
2565 1334 2691 1375 eum
2717 1318 2922 1391 puniri,
2949 1318 3093 1396 dicet
3136 1333 3259 1376 esse
3285 1318 3458 1374 inter-

1893 1408 2029 1464 itum
2080 1424 2292 1476 eorum,
2320 1411 2414 1482 qui
2437 1420 2568 1467 sunt
2592 1411 2867 1481 negaturi,
2887 1425 2952 1465 ex
2982 1409 3342 1481 providentia,
3374 1408 3460 1463 in-

1893 1501 2039 1556 vitus
2068 1501 2390 1573 martyrium
2436 1502 2694 1572 patietur.
2732 1499 3018 1568 Quomodo
3067 1511 3248 1558 autem
3279 1503 3461 1559 adhuc

1894 1592 1948 1646 in
1993 1593 2148 1648 crelis
2198 1603 2493 1664 reponetnr
2542 1593 2937 1664 gloriosissima
2979 1610 3187 1652 merces
3235 1596 3285 1652 ei
3315 1636 3331 1661 ,
3365 1597 3460 1668 qui

1896 1684 2217 1755 martyrium
2270 1698 2467 1753 passus
2524 1683 2708 1752 fuerit,
2762 1693 3047 1756 propterea
3094 1687 3240 1757 quod
3297 1685 3462 1741 fuerit

1896 1775 2137 1846 martyr?
2170 1774 2265 1829 Sin
2333 1784 2513 1830 autem
2542 1791 2691 1841 eum,
2725 1776 2819 1847 qui
2867 1792 3094 1847 peccare
3121 1776 3316 1843 voluit,
3352 1794 3460 1833 non

1898 1868 2025 1925 sivit
2055 1870 2394 1938 providentia
2434 1871 2619 1927 venire
2645 1870 2711 1925 ad
2754 1872 3113 1942 peccandum,
3146 1873 3200 1928 in
3232 1881 3464 1942 utroque

1897 1975 1984 2023 est
2032 1967 2266 2035 injusta;
2299 1977 2353 2022 et
2392 1969 2536 2039 quod
2567 1983 2691 2023 eum
2723 1983 2831 2024 non
2867 1967 3079 2035 liberet,
3113 1968 3206 2038 qui
3245 1972 3465 2036 propter

1894 2059 2162 2127 justitiam
2195 2059 2429 2114 trahitur
2450 2060 2516 2114 ad
2545 2052 2912 2130 supplicium;
2943 2068 2996 2114 et
3025 2060 3172 2130 quod
3193 2075 3342 2122 eum,
3366 2058 3462 2130 qui

1901 2153 2113 2207 volebat
2141 2152 2397 2221 injuriam
2431 2151 2634 2217 facere,
2669 2153 3015 2218 liberaverit;
3054 2168 3179 2207 cum
3226 2151 3315 2207 ille
3341 2152 3466 2222 qui-

1900 2245 2022 2299 dem
2046 2243 2256 2309 fecerit,
2279 2254 2560 2313 pr0pterea
2588 2243 2733 2314 quod
2762 2244 2966 2311 voluit;
3010 2245 3125 2300 haec
3161 2260 3291 2300 vero
3326 2260 3466 2315 opus

1900 2335 2263 2406 prohibuerit,
2288 2345 2476 2391 etnon
2503 2335 2626 2406 jure
2657 2336 2707 2391 ei
2743 2334 2952 2399 faveat,
2993 2336 3086 2407 qui
3114 2350 3342 2407 peccare
3370 2351 3467 2391 νυμ-

1904 2424 2067 2480 lebat.
2085 2410 2377 2491 Quomodo
2407 2433 2586 2479 autem
2614 2440 2722 2480 non
2741 2435 2825 2480 est
2850 2440 2977 2481 vere
3000 2426 3200 2495 impius
3226 2434 3279 2481 et
3299 2442 3329 2481 a
3357 2425 3467 2483 Deo

1903 2515 2137 2582 alienus,
2165 2516 2258 2585 qui
2289 2516 2565 2571 diabolum
2594 2518 2812 2588 quidem
2849 2518 2902 2573 in
2932 2518 3065 2573 deos
3103 2516 3334 2584 referat;
3369 2519 3471 2574 ho-

1902 2606 2104 2660 minem
2134 2615 2318 2661 autem
2347 2617 2568 2676 peccato
2599 2608 2909 2665 obnoxium;
2961 2611 3130 2664 ausus
3169 2617 3253 2664 est
3288 2610 3469 2667 dicere

1904 2696 2368 2753 DominumlNos
2396 2700 2543 2754 enim
2577 2708 2750 2755 tentat
2788 2699 3070 2766 diabolus,
3115 2698 3295 2756 sciens
3340 2702 3467 2772 qui-

1903 2786 2026 2841 dem
2050 2789 2241 2857 quales
2265 2804 2476 2856 sumns,
2504 2793 2753 2847 nesciens
2782 2800 2963 2847 autem
3014 2800 3197 2849 utrum
3226 2809 3472 2866 perseve-

1905 2879 2076 2933 raturi
2105 2880 2307 2936 simus:
2342 2896 2527 2937 verum
2549 2898 2647 2939 nos
2677 2897 2706 2936 a
2729 2882 2834 2939 fide
2858 2893 3113 2940 excutere
3135 2886 3304 2957 cupit.
3334 2893 3388 2941 et
3412 2884 3467 2940 in

1907 2982 2062 3044 suam
2094 2976 2417 3038 potestatem
2443 2970 2691 3041 redigere
2713 2979 2901 3026 tentat.
2943 2972 3099 3039 Quod
3127 2975 3347 3044 quidem
3380 2988 3471 3030 so-

1906 3042 2023 3115 lum.
2043 3068 2128 3115 est
2170 3060 2222 3115 ei
2266 3061 2615 3130 permissum,
2652 3064 2851 3132 partim
2884 3065 3031 3134 quod
3059 3042 3161 3121 nos
3194 3081 3261 3120 ex
3307 3066 3469 3121 nobis

1831 3189 1873 3246 ο
1908 3151 2040 3222 ipsis
2065 3151 2243 3207 salvos
2273 3166 2396 3208 esse
2423 3162 2689 3223 oporteat,
2738 3155 3054 3211 occasiones
3079 3170 3144 3210 ex
3187 3156 3470 3227 praeceptis

1906 3243 2265 3313 accipientes:
2296 3244 2492 3313 partim
2520 3253 2578 3299 ut
2599 3253 2856 3312 tentator,
2885 3262 2980 3316 spe
3005 3262 3105 3302 sua
3144 3245 3465 3311 frustratus,

1907 3336 2112 3405 pudore
2140 3334 2592 3403 suflundatur;et
2622 3337 2819 3406 partim
2853 3346 3077 3408 propter
3120 3353 3311 3394 eorum
3344 3354 3475 3395 con-

1908 3424 2292 3493 firmationem,
2318 3425 2411 3496 qui
2439 3436 2567 3481 sunt
2599 3427 2652 3481 in
2680 3426 2960 3493 Ecclesia;
2996 3439 3050 3484 et
3079 3429 3314 3499 denique
3342 3445 3473 3500 pro-

1908 3525 2024 3585 pter
2062 3532 2250 3572 eorum
2293 3517 2684 3572 conscientiam
2707 3557 2723 3582 ,
2754 3520 2847 3589 qui
2879 3528 3183 3592 martyrum
3217 3528 3476 3576 constan-

1910 3607 2039 3660 tiam
2065 3606 2318 3661 admirati
2344 3614 2494 3661 sunt.
2527 3605 2586 3661 Si
2613 3618 2794 3662 autem
2829 3609 3150 3679 martyrium
3198 3620 3282 3664 est
3312 3610 3476 3665 retri—

1906 3697 2060 3754 bntio
2084 3711 2181 3768 per
2222 3698 2547 3768 supplicium
2568 3739 2584 3760 .
2611 3707 2665 3753 et
2699 3698 2830 3755 fides
2859 3715 3081 3771 quoque
3106 3711 3163 3757 et
3204 3699 3474 3766 doctrina,

1908 3804 2005 3858 per
2029 3804 2167 3858 quas
2185 3797 2271 3845 est
2292 3791 2637 3861 martyrium.
2665 3788 2806 3844 Sunt
2830 3805 2960 3862 ergo
2981 3791 3065 3847 liae
3077 3807 3294 3863 quoque
3315 3791 3478 3863 adju—

1910 3883 2073 3937 trices
2128 3882 2418 3951 supplicii,
2463 3896 2574 3950 quo
2630 3882 2892 3952 quidnam
2942 3883 3091 3939 aliud
3143 3884 3315 3954 possit
3355 3900 3479 3940 esse

1909 3973 2239 4028 absurdius?
2273 3973 2366 4028 sed
2398 3970 2465 4028 ad
2497 3974 2586 4029 illa
2610 3975 2830 4043 quidem
2854 3976 3131 4046 dogmata,
3171 3991 3241 4030 an
3286 3991 3317 4030 a
3357 3992 3480 4031 cor-

1906 4064 2133 4132 poribus
2184 4064 2237 4117 in
2286 4078 2517 4133 corpora
2549 4064 2746 4135 migret
2777 4065 2958 4120 anima
2981 4105 2996 4130 ,
3028 4076 3085 4121 et
3130 4066 3206 4121 de
3236 4066 3475 4130 diabolo,

1909 4155 2118 4210 dicetur
2151 4169 2254 4210 suo
2298 4162 2559 4224 tempore.
2611 4153 2769 4209 Nunc
2816 4165 2996 4211 autem
3031 4156 3121 4223 iis,
3172 4171 3294 4227 quae
3331 4156 3477 4211 dicta

1909 4256 2056 4310 sunt,
2093 4244 2209 4299 haec
2235 4258 2450 4315 quoque
2470 4244 2824 4315 adjiciamus:
2863 4243 2966 4301 Ubi
2992 4255 3076 4302 est
3097 4247 3273 4301 adhuc
3319 4245 3479 4309 fides.
3519 4266 3525 4279 ε

1910 4337 1965 4392 si
1989 4351 2088 4406 pro
2110 4336 2324 4390 luendis
2340 4336 2517 4406 prunis
2534 4351 2747 4404 eorum,
2769 4352 2892 4407 quae
2910 4338 3065 4408 prius
3090 4347 3308 4409 peccata
3327 4348 3480 4406 sunt,

1911 4430 2171 4483 subeatur
2206 4429 2576 4511 martyrium?
2623 4426 2726 4482 Ubi
2771 4437 2856 4485 est
2900 4439 3082 4486 autem
3130 4430 3371 4487 Charitas
3421 4431 3477 4486 in

240 4527 491 4589 κολάσεις
529 4524 739 4578 ἔσονται
760 4539 775 4554 ⁸
817 4524 953 4592 ὅπερ
993 4521 1187 4584 ἀσεϐὲς
1226 4522 1444 4574 ἐννοεῖν.
1471 4518 1608 4572 οὔτε
1643 4518 1800 4588 γὰρί

1914 4517 2106 4582 Deum,
2124 4531 2246 4587 quae
2266 4524 2484 4593 propter
2505 4515 2785 4573 veritatem
2814 4518 3247 4588 persecutionem
3275 4524 3480 4590 patitur

238 4611 444 4690 Κύριος
471 4617 730 4688 θελήματι
758 4613 925 4669 ἔπαθε
974 4614 1068 4667 τοῦ
1107 4612 1319 4684 Πατρὸς
1341 4651 1356 4675 ,
1389 4609 1501 4665 οὔθ’
1529 4612 1580 4663 οἱ
1616 4611 1806 4664 διωκό-

243 4728 397 4784 μενοι
429 4710 676 4781 βουλήσει
700 4709 793 4762 τοῦ
821 4706 953 4761 Θεοῦ
975 4705 1257 4759 διώκονται
1283 4721 1296 4734 ·
1329 4704 1453 4757 ἐπεὶ¹
1479 4704 1622 4757 δυεῖν
1649 4704 1807 4760 θάτε-

244 4819 337 4874 ρον
355 4842 370 4867 ,
399 4802 433 4872 ἢ
467 4800 627 4854 καλόν
664 4817 716 4853 τι
746 4799 899 4852 ἔσται
937 4796 1172 4867 διωγμὸς
1196 4796 1285 4850 διὰ
1312 4795 1412 4867 τὴν
1438 4795 1688 4866 βούλησιν
1713 4796 1809 4850 τοῦ

239 4892 407 4958 Θεοῦ»
441 4894 474 4965 ἢ
521 4891 686 4946 ἁθῶοι
730 4891 780 4941 oi
824 4887 1149 4951 διατιθέντες
1190 4888 1282 4941 καὶ
1313 4887 1602 4951 θλίϐοντες.
1650 4888 1809 4943 Ἀλλά

244 4985 353 5058 μὴν
378 4985 537 5038 οὐδὲν
550 4984 677 5038 ἄνευ
704 4981 1008 5052 θελήματος
1032 4978 1125 5032 τοῦ
1152 4978 1355 5051 Κυρίου
1379 4978 1486 5032 τῶν
1503 4979 1657 5033 ὅλων.
1689 4980 1810 5033 Δεί-

241 5093 405 5131 πεται
431 5075 493 5147 δή
517 5075 793 5143 συντόμως
835 5070 997 5140 φάναι
1024 5068 1094 5122 τά
1130 5069 1350 5122 τοιαῦτα
1375 5068 1690 5139 συμϐαίνειν
1734 5070 1811 5144 μὴ

240 5168 585 5231 κωλύσαντος
619 5164 728 5237 (7|)
773 5162 869 5217 τοῦ
910 5160 1076 5215 Θεοῦ*
1122 5158 1279 5213 τοῦτο
1317 5157 1427 5231 γὰρ
1457 5160 1616 5229 μόνον
1649 5158 1809 5225 σώζει

241 5263 339 5316 καὶ
362 5261 459 5331 τήν
491 5260 746 5332 πρόνοιαν
772 5256 866 5309 καὶ
889 5254 986 5326 τήν
1012 5253 1320 5326 άγαθότητα
1347 5250 1439 5305 τοῦ
1464 5250 1619 5305 Θεοῦ.
1648 5252 1721 5306 Οὐ
1746 5254 1809 5306 τὸ

1910 4621 1966 4667 et
2001 4610 2276 4666 sustinet?
2322 4608 2423 4665 Ubi
2448 4618 2533 4666 est
2558 4617 2741 4665 autem
2770 4610 2890 4665 laus
2913 4610 3035 4680 ejus
3070 4611 3163 4681 qui
3189 4611 3489 4683 confessus,

1909 4715 2015 4772 est,
2066 4714 2161 4760 aut
2190 4704 2512 4774 vituperatio
2550 4704 2670 4774 ejus
2705 4706 2800 4774 qui
2847 4705 3178 4776 abnegavit?
3226 4704 3308 4761 Ad
3342 4705 3474 4776 quid

1912 4807 2094 4854 autem
2123 4807 2207 4855 est
2230 4798 2407 4853 adhuc
2438 4796 2587 4853 utilis
2617 4808 2763 4852 recta
2789 4797 2914 4853 vitae
2957 4798 3251 4862 institutio,
3303 4808 3483 4852 morte

1914 4888 2126 4945 allicere
2154 4888 2497 4958 cupiditates,
2523 4897 2579 4942 et
2603 4888 2810 4944 nullam
2836 4890 3020 4946 odisse
3045 4890 3388 4945 creaturam?
3417 4887 3477 4944 Si

1914 4990 2117 5047 autem,
2140 4988 2201 5033 ut
2231 4979 2346 5048 ipse
2366 4978 2500 5034 dicit
2520 4977 2809 5046 Basilides,
2840 4994 3004 5034 unam
3030 4989 3241 5049 partem
3270 4994 3336 5034 ex
3356 4978 3474 5043 Dei,

1912 5084 2034 5142 que
2054 5067 2274 5142 dicitur,
2317 5067 2598 5123 voluntate
2643 5067 3026 5123 existimamus
3052 5083 3071 5117 ι
3106 5067 3292 5121 omnia
3346 5067 3476 5121 dili-

1913 5139 2058 5232 gere,
2075 5139 2116 5212 ἰ
2144 5158 2290 5229 quod
2319 5158 2500 5213 omnia
2528 5158 2795 5213 rationem
2817 5172 2883 5211 ac
2906 5155 3312 5226 proportionem
3342 5170 3475 5210 con-

1914 5260 2139 5310 servent
2185 5251 2253 5306 ad
2306 5242 2654 5317 universum;
2692 5249 2916 5303 alteram
2941 5255 3125 5302 autem
3146 5287 3163 5315 ,
3193 5252 3251 5313 ›Ι‹
3290 5266 3310 5299 ι
3342 5246 3476 5302 nihil

321 5383 381 5443 ὦ
409 5376 469 5431 Ρ.
505 5374 604 5430 601
653 5368 1061 5437 ED.POTTER,
1090 5367 1216 5424 '507
1270 5366 1379 5420 ΕΙ).
1420 5364 1643 5420 PARIS.

1903 5368 2002 5426 502
2026 5368 2136 5424 ΕΙ).
2166 5365 2462 5434 POTTER,
2492 5364 2597 5421 508
2622 5363 2732 5421 ΕΙ),
2758 5360 2984 5421 PARIS.

317 5494 430 5578 (δη
468 5490 628 5578 ἐρῶι
652 5491 777 5578 Hoc.
808 5490 1293 5578 fecissese}:
1305 5485 1479 5578 Pil'l‘!
1521 5483 1799 5578 estcf?

243 5553 369 5637 quis
385 5553 588 5637 tamen
606 5563 874 5637 έρωτήσει
913 5553 1081 5622 malit,
1127 5571 1223 5627 per
1245 5553 1331 5611 me
1359 5557 1503 5637 licet.
1535 5553 1795 5637 §v_t.n_unc;

316 5634 429 5707 (68)
464 5636 535 5707 Et
556 5632 626 5686 δὲ
648 5632 655 5634 '
674 5632 775 5707 και
803 5672 817 5686 .
951 5641 1229 5707 at}:an

242 5693 571 5761 sententiam
598 5700 973 5771 cornplendam
990 5693 1208 5771 aliquid
1245 5693 1542 5771 desiderari
1563 5693 1795 5771 videtur.

315 5775 430 5845 (69)
458 5763 869 5845 Περιέπρήτος.
905 5763 1277 5845 Περιεπούοης
1296 5805 1311 5830 ,
1336 5774 1411 5821 ut
1450 5763 1763 5836 ιιωλυσάσης
1783 5803 1798 5828 .

242 5838 588 5918 οὼπρονοίας
617 5838 1047 5914 ωεΙίιιεμ-οῐεὲτὶ
1083 5848 1285 5909 posset.

1229 5624 1493 5695 τυρήσει.
1526 5623 1613 5695 ίΑά
1640 5625 1798 5695 Ahanc
1822 5652 1851 5669 τ

1974 5488 2088 5558 (70)
2132 5489 2283 5543 Ἔτι.
2326 5486 2471 5558 Ἔτι,
2497 5498 2561 5558 e_a
2601 5483 2655 5537 vi
2705 5496 2770 5538 ac
2795 5489 3087 5558 potestate
3110 5489 3476 5558 usurpatum,

1904 5550 2185 5682 2:333:23:
2209 5596 2223 5623 ,
2258 5558 2337 5622 εἰς
2353 5555 2405 5609 τί
2427 5554 2485 5611 δὲ
2517 5554 2599 5607 [et
2640 5551 2887 5625 χρησίμη
2931 5553 2965 5624 ή
3003 5550 3265 5607 πολιτεία
3289 5555 3323 5625 ή
3354 5550 3476 5626 ὀρθ.

1948 5643 2212 5769 ἷῐτῖὕιῗέὴ
2247 5673 2839 5769 κὼλύσαζζςς.ρρηῖ.
2868 5707 2992 5764 qua
3045 5692 3303 5766 superius
3336 5692 3481 5752 dixit

1903 5760 2094 5825 auctor
2126 5760 2324 5824 Str-om.
2359 5781 2398 5833 ι,
2425 5776 2478 5833 p.
2509 5762 2636 5827 367,
2659 5760 2766 5818 568
