  <div class='ocr_page' id='page_1' title='image "/cluster/home/n/w/nwhite01/storage/ocr_20150623/8/hvd.32044019206622/659.png"; bbox 0 0 3934 6526; ppageno 0'>
   <div class='ocr_carea' id='block_1_1' title="bbox 481 411 619 468">
    <p class='ocr_par' dir='ltr' id='par_1_1' title="bbox 481 411 619 468">
     <span class='ocr_line' id='line_1_1' title="bbox 481 411 619 468; baseline 0.014 -2"><span class='ocrx_word' id='word_1_1' title='bbox 481 411 619 468; x_wconf 67' lang='grc'><strong>1295</strong></span> 
     </span>
    </p>
   </div>
   <div class='ocr_carea' id='block_1_2' title="bbox 1574 382 2483 463">
    <p class='ocr_par' dir='ltr' id='par_1_2' title="bbox 1574 382 2483 463">
     <span class='ocr_line' id='line_1_2' title="bbox 1574 382 2483 463; baseline -0.006 0"><span class='ocrx_word' id='word_1_2' title='bbox 1574 382 1962 463; x_wconf 59' lang='lat' dir='ltr'><strong>animus</strong></span> <span class='ocrx_word' id='word_1_3' title='bbox 2016 402 2483 459; x_wconf 63' lang='lat' dir='ltr'><strong>suamsuam!</strong></span> 
     </span>
    </p>
   </div>
   <div class='ocr_carea' id='block_1_3' title="bbox 3589 404 3724 460">
    <p class='ocr_par' dir='ltr' id='par_1_3' title="bbox 3589 404 3724 460">
     <span class='ocr_line' id='line_1_3' title="bbox 3589 404 3724 460; baseline -0.015 0"><span class='ocrx_word' id='word_1_4' title='bbox 3589 404 3724 460; x_wconf 69' lang='grc'><strong>1296</strong></span> 
     </span>
    </p>
   </div>
   <div class='ocr_carea' id='block_1_4' title="bbox 474 524 2031 601">
    <p class='ocr_par' dir='ltr' id='par_1_4' title="bbox 474 527 2031 601">
     <span class='ocr_line' id='line_1_4' title="bbox 474 527 2031 601; baseline -0.004 -14"><span class='ocrx_word' id='word_1_5' title='bbox 474 529 887 601; x_wconf 84' lang='lat' dir='ltr'><strong>concupiscere;</strong></span> <span class='ocrx_word' id='word_1_6' title='bbox 933 548 951 581; x_wconf 78' lang='grc' dir='ltr'><strong>ι</strong></span> <span class='ocrx_word' id='word_1_7' title='bbox 998 538 1052 582; x_wconf 92' lang='lat' dir='ltr'><strong>et</strong></span> <span class='ocrx_word' id='word_1_8' title='bbox 1081 531 1319 592; x_wconf 82' lang='lat' dir='ltr'><strong>tertiam,</strong></span> <span class='ocrx_word' id='word_1_9' title='bbox 1350 547 1368 579; x_wconf 73' lang='grc' dir='ltr'><strong>ι</strong></span> <span class='ocrx_word' id='word_1_10' title='bbox 1398 527 1533 583; x_wconf 84' lang='lat' dir='ltr'><strong>nihil</strong></span> <span class='ocrx_word' id='word_1_11' title='bbox 1554 528 1768 591; x_wconf 79' lang='lat' dir='ltr'><strong>odisse;</strong></span> <span class='ocrx_word' id='word_1_12' title='bbox 1799 547 1818 579; x_wconf 73' lang='grc' dir='ltr'><strong>ι</strong></span> <span class='ocrx_word' id='word_1_13' title='bbox 1847 527 2031 581; x_wconf 88' lang='lat' dir='ltr'><strong>volun-</strong></span> 
     </span>
    </p>
   </div>
   <div class='ocr_carea' id='block_1_5' title="bbox 2137 524 3731 601">
    <p class='ocr_par' dir='ltr' id='par_1_5' title="bbox 2140 524 3731 600">
     <span class='ocr_line' id='line_1_5' title="bbox 2140 524 3731 600; baseline -0.001 -22"><span class='ocrx_word' id='word_1_14' title='bbox 2140 527 2378 600; x_wconf 76' lang='grc' dir='ltr'>ἐνεργεῖν</span> <span class='ocrx_word' id='word_1_15' title='bbox 2409 525 2585 580; x_wconf 79' lang='grc' dir='ltr'>τοίνυν</span> <span class='ocrx_word' id='word_1_16' title='bbox 2630 525 2790 580; x_wconf 77' lang='grc' dir='ltr'>αὐτὸν</span> <span class='ocrx_word' id='word_1_17' title='bbox 2828 524 2924 590; x_wconf 76' lang='grc' dir='ltr'>τὰς</span> <span class='ocrx_word' id='word_1_18' title='bbox 2951 524 3161 597; x_wconf 71' lang='grc' dir='ltr'>θλίψεις</span> <span class='ocrx_word' id='word_1_19' title='bbox 3188 524 3401 579; x_wconf 72' lang='grc' dir='ltr'>οἴεσθαι</span> <span class='ocrx_word' id='word_1_20' title='bbox 3442 525 3552 596; x_wconf 73' lang='grc' dir='ltr'><strong>χρή</strong></span> <span class='ocrx_word' id='word_1_21' title='bbox 3576 541 3594 554; x_wconf 73' lang='grc'><strong><em>⁸</em></strong></span> <span class='ocrx_word' id='word_1_22' title='bbox 3634 525 3731 595; x_wconf 59' lang='grc' dir='ltr'><strong>(μὴ</strong></span> 
     </span>
    </p>
   </div>
   <div class='ocr_carea' id='block_1_6' title="bbox 475 618 2041 691">
    <p class='ocr_par' dir='ltr' id='par_1_6' title="bbox 475 618 2041 691">
     <span class='ocr_line' id='line_1_6' title="bbox 475 618 2041 691; baseline -0.004 -12"><span class='ocrx_word' id='word_1_23' title='bbox 475 630 587 679; x_wconf 84' lang='lat' dir='ltr'><strong>tate</strong></span> <span class='ocrx_word' id='word_1_24' title='bbox 625 621 719 677; x_wconf 91' lang='lat' dir='ltr'><strong>Dei</strong></span> <span class='ocrx_word' id='word_1_25' title='bbox 749 629 912 676; x_wconf 84' lang='lat' dir='ltr'><strong>erunt</strong></span> <span class='ocrx_word' id='word_1_26' title='bbox 953 621 1116 675; x_wconf 85' lang='lat' dir='ltr'><strong>etiam</strong></span> <span class='ocrx_word' id='word_1_27' title='bbox 1169 619 1473 690; x_wconf 84' lang='lat' dir='ltr'><strong>supplicia:</strong></span> <span class='ocrx_word' id='word_1_28' title='bbox 1512 618 1654 691; x_wconf 86' lang='lat' dir='ltr'><strong>quod</strong></span> <span class='ocrx_word' id='word_1_29' title='bbox 1686 619 1904 689; x_wconf 80' lang='lat' dir='ltr'><strong>quidem</strong></span> <span class='ocrx_word' id='word_1_30' title='bbox 1936 618 2041 672; x_wconf 89' lang='lat' dir='ltr'><strong>im-</strong></span> 
     </span>
    </p>
   </div>
   <div class='ocr_carea' id='block_1_7' title="bbox 473 708 2041 785">
    <p class='ocr_par' dir='ltr' id='par_1_7' title="bbox 473 708 2041 785">
     <span class='ocr_line' id='line_1_7' title="bbox 473 708 2041 785; baseline -0.003 -17"><span class='ocrx_word' id='word_1_31' title='bbox 473 713 622 785; x_wconf 89' lang='lat' dir='ltr'><strong>pium</strong></span> <span class='ocrx_word' id='word_1_32' title='bbox 657 720 739 768; x_wconf 89' lang='lat' dir='ltr'><strong>est</strong></span> <span class='ocrx_word' id='word_1_33' title='bbox 769 712 1031 781; x_wconf 71' lang='lat' dir='ltr'><strong>cogitare.</strong></span> <span class='ocrx_word' id='word_1_34' title='bbox 1074 711 1260 782; x_wconf 77' lang='lat' dir='ltr'><strong>Neque</strong></span> <span class='ocrx_word' id='word_1_35' title='bbox 1282 711 1426 766; x_wconf 91' lang='lat' dir='ltr'><strong>enim</strong></span> <span class='ocrx_word' id='word_1_36' title='bbox 1454 708 1717 766; x_wconf 85' lang='lat' dir='ltr'><strong>Dominus</strong></span> <span class='ocrx_word' id='word_1_37' title='bbox 1741 723 1937 780; x_wconf 89' lang='lat' dir='ltr'><strong>passus</strong></span> <span class='ocrx_word' id='word_1_38' title='bbox 1957 716 2041 763; x_wconf 90' lang='lat' dir='ltr'><strong>est</strong></span> 
     </span>
    </p>
   </div>
   <div class='ocr_carea' id='block_1_8' title="bbox 472 802 2037 873">
    <p class='ocr_par' dir='ltr' id='par_1_8' title="bbox 472 802 2037 873">
     <span class='ocr_line' id='line_1_8' title="bbox 472 802 2037 873; baseline -0.003 -15"><span class='ocrx_word' id='word_1_39' title='bbox 472 806 750 860; x_wconf 81' lang='lat' dir='ltr'><strong>voluntate</strong></span> <span class='ocrx_word' id='word_1_40' title='bbox 775 803 976 871; x_wconf 86' lang='lat' dir='ltr'><strong>Patris,</strong></span> <span class='ocrx_word' id='word_1_41' title='bbox 1010 819 1110 859; x_wconf 89' lang='lat' dir='ltr'><strong>nec</strong></span> <span class='ocrx_word' id='word_1_42' title='bbox 1145 803 1239 873; x_wconf 90' lang='lat' dir='ltr'><strong>qui</strong></span> <span class='ocrx_word' id='word_1_43' title='bbox 1277 803 1556 872; x_wconf 89' lang='lat' dir='ltr'><strong>patiuntur</strong></span> <span class='ocrx_word' id='word_1_44' title='bbox 1581 802 2037 871; x_wconf 83' lang='lat' dir='ltr'><strong>persecutionem,</strong></span> 
     </span>
    </p>
   </div>
   <div class='ocr_carea' id='block_1_9' title="bbox 471 891 2041 967">
    <p class='ocr_par' dir='ltr' id='par_1_9' title="bbox 471 891 2041 967">
     <span class='ocr_line' id='line_1_9' title="bbox 471 891 2041 967; baseline -0.006 -12"><span class='ocrx_word' id='word_1_45' title='bbox 471 915 591 955; x_wconf 88' lang='lat' dir='ltr'><strong>eam</strong></span> <span class='ocrx_word' id='word_1_46' title='bbox 621 897 716 954; x_wconf 88' lang='lat' dir='ltr'><strong>Dei</strong></span> <span class='ocrx_word' id='word_1_47' title='bbox 735 897 1014 953; x_wconf 87' lang='lat' dir='ltr'><strong>voluntate</strong></span> <span class='ocrx_word' id='word_1_48' title='bbox 1034 896 1336 967; x_wconf 81' lang='lat' dir='ltr'><strong>patiuntur.</strong></span> <span class='ocrx_word' id='word_1_49' title='bbox 1372 891 1504 949; x_wconf 82' lang='lat' dir='ltr'><strong>Nam</strong></span> <span class='ocrx_word' id='word_1_50' title='bbox 1531 909 1598 949; x_wconf 81' lang='lat' dir='ltr'><strong>ex</strong></span> <span class='ocrx_word' id='word_1_51' title='bbox 1642 892 1862 949; x_wconf 89' lang='lat' dir='ltr'><strong>duobus</strong></span> <span class='ocrx_word' id='word_1_52' title='bbox 1904 892 2041 946; x_wconf 82' lang='lat' dir='ltr'><strong>alte-</strong></span> 
     </span>
    </p>
   </div>
   <div class='ocr_carea' id='block_1_10' title="bbox 472 982 2038 1057">
    <p class='ocr_par' dir='ltr' id='par_1_10' title="bbox 472 982 2038 1057">
     <span class='ocr_line' id='line_1_10' title="bbox 472 982 2038 1057; baseline -0.006 -11"><span class='ocrx_word' id='word_1_53' title='bbox 472 1006 627 1046; x_wconf 88' lang='lat' dir='ltr'><strong>rum:</strong></span> <span class='ocrx_word' id='word_1_54' title='bbox 653 998 749 1045; x_wconf 89' lang='lat' dir='ltr'><strong>aut</strong></span> <span class='ocrx_word' id='word_1_55' title='bbox 775 989 981 1045; x_wconf 89' lang='lat' dir='ltr'><strong>bonum</strong></span> <span class='ocrx_word' id='word_1_56' title='bbox 1013 986 1145 1057; x_wconf 88' lang='lat' dir='ltr'><strong>quid</strong></span> <span class='ocrx_word' id='word_1_57' title='bbox 1174 987 1278 1041; x_wconf 91' lang='lat' dir='ltr'><strong>erit</strong></span> <span class='ocrx_word' id='word_1_58' title='bbox 1316 986 1657 1056; x_wconf 90' lang='lat' dir='ltr'><strong>persecutio,</strong></span> <span class='ocrx_word' id='word_1_59' title='bbox 1688 993 1911 1055; x_wconf 88' lang='lat' dir='ltr'><strong>propter</strong></span> <span class='ocrx_word' id='word_1_60' title='bbox 1944 982 2038 1038; x_wconf 86' lang='lat' dir='ltr'><strong>Dei</strong></span> 
     </span>
    </p>
   </div>
   <div class='ocr_carea' id='block_1_11' title="bbox 470 1077 2040 1146">
    <p class='ocr_par' dir='ltr' id='par_1_11' title="bbox 470 1077 2040 1146">
     <span class='ocr_line' id='line_1_11' title="bbox 470 1077 2040 1146; baseline -0.004 -9"><span class='ocrx_word' id='word_1_61' title='bbox 470 1082 830 1146; x_wconf 74' lang='lat' dir='ltr'><strong>voluntatem,</strong></span> <span class='ocrx_word' id='word_1_62' title='bbox 892 1087 985 1135; x_wconf 90' lang='lat' dir='ltr'><strong>aut</strong></span> <span class='ocrx_word' id='word_1_63' title='bbox 1022 1088 1185 1134; x_wconf 91' lang='lat' dir='ltr'><strong>erunt</strong></span> <span class='ocrx_word' id='word_1_64' title='bbox 1228 1078 1472 1133; x_wconf 84' lang='lat' dir='ltr'><strong>insontes</strong></span> <span class='ocrx_word' id='word_1_65' title='bbox 1509 1077 1604 1146; x_wconf 92' lang='lat' dir='ltr'><strong>qui</strong></span> <span class='ocrx_word' id='word_1_66' title='bbox 1651 1077 1951 1132; x_wconf 87' lang='lat' dir='ltr'><strong>decernunt</strong></span> <span class='ocrx_word' id='word_1_67' title='bbox 1984 1085 2040 1131; x_wconf 90' lang='lat' dir='ltr'><strong>et</strong></span> 
     </span>
    </p>
   </div>
   <div class='ocr_carea' id='block_1_12' title="bbox 474 1166 2037 1243">
    <p class='ocr_par' dir='ltr' id='par_1_12' title="bbox 474 1166 2037 1243">
     <span class='ocr_line' id='line_1_12' title="bbox 474 1166 2037 1243; baseline -0.003 -16"><span class='ocrx_word' id='word_1_68' title='bbox 474 1171 738 1243; x_wconf 64' lang='lat' dir='ltr'><strong>afﬂigunt.</strong></span> <span class='ocrx_word' id='word_1_69' title='bbox 771 1170 875 1226; x_wconf 90' lang='lat' dir='ltr'><strong>Sed</strong></span> <span class='ocrx_word' id='word_1_70' title='bbox 906 1178 1085 1225; x_wconf 88' lang='lat' dir='ltr'><strong>tamen</strong></span> <span class='ocrx_word' id='word_1_71' title='bbox 1112 1168 1250 1223; x_wconf 87' lang='lat' dir='ltr'><strong>nihil</strong></span> <span class='ocrx_word' id='word_1_72' title='bbox 1273 1168 1333 1222; x_wconf 86' lang='lat' dir='ltr'><strong>lit</strong></span> <span class='ocrx_word' id='word_1_73' title='bbox 1362 1168 1484 1222; x_wconf 88' lang='lat' dir='ltr'><strong>sine</strong></span> <span class='ocrx_word' id='word_1_74' title='bbox 1507 1168 1786 1222; x_wconf 80' lang='lat' dir='ltr'><strong>voluntate</strong></span> <span class='ocrx_word' id='word_1_75' title='bbox 1819 1166 2037 1222; x_wconf 89' lang='lat' dir='ltr'><strong>Domini</strong></span> 
     </span>
    </p>
   </div>
   <div class='ocr_carea' id='block_1_13' title="bbox 444 1246 2036 1329">
    <p class='ocr_par' dir='ltr' id='par_1_13' title="bbox 444 1246 2036 1329">
     <span class='ocr_line' id='line_1_13' title="bbox 444 1246 2036 1329; baseline -0.004 -10"><span class='ocrx_word' id='word_1_76' title='bbox 444 1246 447 1251; x_wconf 20' lang='grc' dir='ltr'>Γ</span> <span class='ocrx_word' id='word_1_77' title='bbox 472 1264 878 1320; x_wconf 84' lang='lat' dir='ltr'><strong>universorum.</strong></span> <span class='ocrx_word' id='word_1_78' title='bbox 904 1260 1093 1317; x_wconf 84' lang='lat' dir='ltr'><strong>Restat</strong></span> <span class='ocrx_word' id='word_1_79' title='bbox 1112 1260 1312 1329; x_wconf 81' lang='lat' dir='ltr'><strong>itaque,</strong></span> <span class='ocrx_word' id='word_1_80' title='bbox 1331 1267 1391 1314; x_wconf 93' lang='lat' dir='ltr'><strong>ut</strong></span> <span class='ocrx_word' id='word_1_81' title='bbox 1408 1258 1644 1314; x_wconf 76' lang='lat' dir='ltr'><strong>breviter</strong></span> <span class='ocrx_word' id='word_1_82' title='bbox 1658 1260 1925 1326; x_wconf 83' lang='lat' dir='ltr'><strong>dicamus,</strong></span> <span class='ocrx_word' id='word_1_83' title='bbox 1948 1275 2036 1324; x_wconf 92' lang='lat' dir='ltr'><strong>ea,</strong></span> 
     </span>
    </p>
   </div>
   <div class='ocr_carea' id='block_1_14' title="bbox 471 1350 2032 1425">
    <p class='ocr_par' dir='ltr' id='par_1_14' title="bbox 471 1350 2032 1425">
     <span class='ocr_line' id='line_1_14' title="bbox 471 1350 2032 1425; baseline -0.002 -15"><span class='ocrx_word' id='word_1_84' title='bbox 471 1371 593 1425; x_wconf 61' lang='lat' dir='ltr'><strong>quae</strong></span> <span class='ocrx_word' id='word_1_85' title='bbox 624 1363 753 1410; x_wconf 91' lang='lat' dir='ltr'><strong>sunt</strong></span> <span class='ocrx_word' id='word_1_86' title='bbox 781 1352 1117 1423; x_wconf 82' lang='lat' dir='ltr'><strong>hujusmodi,</strong></span> <span class='ocrx_word' id='word_1_87' title='bbox 1147 1352 1384 1415; x_wconf 82' lang='lat' dir='ltr'><strong>evenire,</strong></span> <span class='ocrx_word' id='word_1_88' title='bbox 1420 1350 1530 1405; x_wconf 90' lang='lat' dir='ltr'><strong>Deo</strong></span> <span class='ocrx_word' id='word_1_89' title='bbox 1560 1366 1667 1406; x_wconf 90' lang='lat' dir='ltr'><strong>non</strong></span> <span class='ocrx_word' id='word_1_90' title='bbox 1692 1353 2032 1421; x_wconf 80' lang='lat' dir='ltr'><strong>prohibente.</strong></span> 
     </span>
    </p>
   </div>
   <div class='ocr_carea' id='block_1_15' title="bbox 470 1442 2033 1514">
    <p class='ocr_par' dir='ltr' id='par_1_15' title="bbox 470 1442 2033 1514">
     <span class='ocr_line' id='line_1_15' title="bbox 470 1442 2033 1514; baseline -0.004 -11"><span class='ocrx_word' id='word_1_91' title='bbox 470 1448 587 1505; x_wconf 84' lang='lat' dir='ltr'><strong>Hoc</strong></span> <span class='ocrx_word' id='word_1_92' title='bbox 599 1448 745 1503; x_wconf 91' lang='lat' dir='ltr'><strong>enim</strong></span> <span class='ocrx_word' id='word_1_93' title='bbox 769 1448 947 1504; x_wconf 88' lang='lat' dir='ltr'><strong>solum</strong></span> <span class='ocrx_word' id='word_1_94' title='bbox 973 1453 1154 1501; x_wconf 80' lang='lat' dir='ltr'><strong>servat</strong></span> <span class='ocrx_word' id='word_1_95' title='bbox 1173 1452 1227 1498; x_wconf 89' lang='lat' dir='ltr'><strong>et</strong></span> <span class='ocrx_word' id='word_1_96' title='bbox 1251 1442 1642 1514; x_wconf 79' lang='lat' dir='ltr'><strong>providentiam</strong></span> <span class='ocrx_word' id='word_1_97' title='bbox 1666 1451 1721 1498; x_wconf 87' lang='lat' dir='ltr'><strong>et</strong></span> <span class='ocrx_word' id='word_1_98' title='bbox 1739 1442 2033 1498; x_wconf 83' lang='lat' dir='ltr'><strong>bonitatem</strong></span> 
     </span>
    </p>
   </div>
   <div class='ocr_carea' id='block_1_16' title="bbox 469 1535 2036 1609">
    <p class='ocr_par' dir='ltr' id='par_1_16' title="bbox 469 1535 2036 1609">
     <span class='ocr_line' id='line_1_16' title="bbox 469 1535 2036 1609; baseline -0.002 -16"><span class='ocrx_word' id='word_1_99' title='bbox 469 1539 582 1595; x_wconf 82' lang='lat' dir='ltr'><strong>Dei.</strong></span> <span class='ocrx_word' id='word_1_100' title='bbox 635 1537 757 1595; x_wconf 79' lang='lat' dir='ltr'><strong>Non</strong></span> <span class='ocrx_word' id='word_1_101' title='bbox 797 1547 881 1595; x_wconf 87' lang='lat' dir='ltr'><strong>est</strong></span> <span class='ocrx_word' id='word_1_102' title='bbox 917 1552 1046 1609; x_wconf 82' lang='lat' dir='ltr'><strong>ergo</strong></span> <span class='ocrx_word' id='word_1_103' title='bbox 1085 1536 1530 1600; x_wconf 82' lang='lat' dir='ltr'><strong>existimandum,</strong></span> <span class='ocrx_word' id='word_1_104' title='bbox 1582 1549 1707 1597; x_wconf 87' lang='lat' dir='ltr'><strong>eum</strong></span> <span class='ocrx_word' id='word_1_105' title='bbox 1761 1535 2036 1604; x_wconf 86' lang='lat' dir='ltr'><strong>operando</strong></span> 
     </span>
    </p>
   </div>
   <div class='ocr_carea' id='block_1_17' title="bbox 416 1626 2038 1701">
    <p class='ocr_par' dir='ltr' id='par_1_17' title="bbox 416 1626 2038 1701">
     <span class='ocr_line' id='line_1_17' title="bbox 416 1626 2038 1701; baseline -0.002 -13"><span class='ocrx_word' id='word_1_106' title='bbox 416 1626 673 1690; x_wconf 71' lang='lat' dir='ltr'><strong>&quot;edicere</strong></span> <span class='ocrx_word' id='word_1_107' title='bbox 719 1632 1040 1688; x_wconf 81' lang='lat' dir='ltr'><strong>amictiones</strong></span> <span class='ocrx_word' id='word_1_108' title='bbox 1089 1630 1266 1701; x_wconf 87' lang='lat' dir='ltr'><strong>(absit</strong></span> <span class='ocrx_word' id='word_1_109' title='bbox 1293 1630 1462 1692; x_wconf 90' lang='lat' dir='ltr'><strong>enim,</strong></span> <span class='ocrx_word' id='word_1_110' title='bbox 1490 1639 1550 1684; x_wconf 93' lang='lat' dir='ltr'><strong>ut</strong></span> <span class='ocrx_word' id='word_1_111' title='bbox 1574 1630 1675 1684; x_wconf 89' lang='lat' dir='ltr'><strong>hoc</strong></span> <span class='ocrx_word' id='word_1_112' title='bbox 1708 1630 1793 1685; x_wconf 90' lang='lat' dir='ltr'><strong>vel</strong></span> <span class='ocrx_word' id='word_1_113' title='bbox 1834 1631 2038 1701; x_wconf 80' lang='lat' dir='ltr'><strong>cogite-</strong></span> 
     </span>
    </p>
   </div>
   <div class='ocr_carea' id='block_1_18' title="bbox 466 1718 2037 1794">
    <p class='ocr_par' dir='ltr' id='par_1_18' title="bbox 466 1718 2037 1794">
     <span class='ocr_line' id='line_1_18' title="bbox 466 1718 2037 1794; baseline -0.004 -15"><span class='ocrx_word' id='word_1_114' title='bbox 466 1725 644 1794; x_wconf 89' lang='lat' dir='ltr'><strong>mus),</strong></span> <span class='ocrx_word' id='word_1_115' title='bbox 668 1723 763 1779; x_wconf 90' lang='lat' dir='ltr'><strong>sed</strong></span> <span class='ocrx_word' id='word_1_116' title='bbox 790 1739 898 1777; x_wconf 89' lang='lat' dir='ltr'><strong>non</strong></span> <span class='ocrx_word' id='word_1_117' title='bbox 928 1721 1217 1792; x_wconf 89' lang='lat' dir='ltr'><strong>prohibere</strong></span> <span class='ocrx_word' id='word_1_118' title='bbox 1240 1735 1356 1784; x_wconf 89' lang='lat' dir='ltr'><strong>eos,</strong></span> <span class='ocrx_word' id='word_1_119' title='bbox 1383 1719 1477 1790; x_wconf 91' lang='lat' dir='ltr'><strong>qui</strong></span> <span class='ocrx_word' id='word_1_120' title='bbox 1500 1734 1593 1775; x_wconf 90' lang='lat' dir='ltr'><strong>eas</strong></span> <span class='ocrx_word' id='word_1_121' title='bbox 1624 1718 1882 1785; x_wconf 77' lang='lat' dir='ltr'><strong>efﬁciunt,</strong></span> <span class='ocrx_word' id='word_1_122' title='bbox 1913 1735 2037 1790; x_wconf 88' lang='lat' dir='ltr'><strong>per-</strong></span> 
     </span>
    </p>
   </div>
   <div class='ocr_carea' id='block_1_19' title="bbox 464 1811 2032 1882">
    <p class='ocr_par' dir='ltr' id='par_1_19' title="bbox 464 1811 2032 1882">
     <span class='ocr_line' id='line_1_19' title="bbox 464 1811 2032 1882; baseline -0.004 -10"><span class='ocrx_word' id='word_1_123' title='bbox 464 1831 687 1872; x_wconf 88' lang='lat' dir='ltr'><strong>suasum</strong></span> <span class='ocrx_word' id='word_1_124' title='bbox 730 1815 930 1877; x_wconf 84' lang='lat' dir='ltr'><strong>habere</strong></span> <span class='ocrx_word' id='word_1_125' title='bbox 967 1813 1259 1879; x_wconf 87' lang='lat' dir='ltr'><strong>convenit,</strong></span> <span class='ocrx_word' id='word_1_126' title='bbox 1294 1812 1550 1882; x_wconf 90' lang='lat' dir='ltr'><strong>quodque</strong></span> <span class='ocrx_word' id='word_1_127' title='bbox 1595 1811 2032 1866; x_wconf 89' lang='lat' dir='ltr'><strong>adversariorum</strong></span> 
     </span>
    </p>
   </div>
   <div class='ocr_carea' id='block_1_20' title="bbox 2140 611 3733 691">
    <p class='ocr_par' dir='ltr' id='par_1_20' title="bbox 2140 611 3733 691">
     <span class='ocr_line' id='line_1_20' title="bbox 2140 611 3733 691; baseline -0.003 -20"><span class='ocrx_word' id='word_1_128' title='bbox 2140 617 2248 691; x_wconf 74' lang='grc' dir='ltr'><strong>γὰρ</strong></span> <span class='ocrx_word' id='word_1_129' title='bbox 2282 617 2365 689; x_wconf 80' lang='grc' dir='ltr'>εἴη</span> <span class='ocrx_word' id='word_1_130' title='bbox 2393 616 2547 671; x_wconf 86' lang='grc' dir='ltr'>τοῦτο</span> <span class='ocrx_word' id='word_1_131' title='bbox 2578 611 2775 671; x_wconf 63' lang='grc' dir='ltr'>ἐννιὲῖν</span> <span class='ocrx_word' id='word_1_132' title='bbox 2801 617 2836 688; x_wconf 83' lang='grc' dir='ltr'>ί)</span> <span class='ocrx_word' id='word_1_133' title='bbox 2867 615 3001 670; x_wconf 80' lang='grc' dir='ltr'>ἀλλὰ</span> <span class='ocrx_word' id='word_1_134' title='bbox 3036 614 3111 688; x_wconf 78' lang='grc' dir='ltr'>μὴ</span> <span class='ocrx_word' id='word_1_135' title='bbox 3150 616 3383 671; x_wconf 79' lang='grc' dir='ltr'><strong>κωλύειν</strong></span> <span class='ocrx_word' id='word_1_136' title='bbox 3410 617 3545 681; x_wconf 74' lang='grc' dir='ltr'>τοὺς</span> <span class='ocrx_word' id='word_1_137' title='bbox 3580 617 3733 685; x_wconf 75' lang='grc' dir='ltr'>ἐνερ-</span> 
     </span>
    </p>
   </div>
   <div class='ocr_carea' id='block_1_21' title="bbox 2140 701 3732 777">
    <p class='ocr_par' dir='ltr' id='par_1_21' title="bbox 2140 701 3732 777">
     <span class='ocr_line' id='line_1_21' title="bbox 2140 701 3732 777; baseline 0.002 -24"><span class='ocrx_word' id='word_1_138' title='bbox 2140 701 2386 768; x_wconf 87' lang='grc' dir='ltr'>γοῦντας,</span> <span class='ocrx_word' id='word_1_139' title='bbox 2401 701 2693 756; x_wconf 82' lang='grc' dir='ltr'>πεπεῖσθαι</span> <span class='ocrx_word' id='word_1_140' title='bbox 2719 704 3010 777; x_wconf 80' lang='grc' dir='ltr'>προσῆκεν,</span> <span class='ocrx_word' id='word_1_141' title='bbox 3031 704 3413 777; x_wconf 78' lang='grc' dir='ltr'>καταχρῆσθαί</span> <span class='ocrx_word' id='word_1_142' title='bbox 3433 722 3500 758; x_wconf 88' lang='grc' dir='ltr'><strong>τε</strong></span> <span class='ocrx_word' id='word_1_143' title='bbox 3530 707 3611 768; x_wconf 84' lang='grc' dir='ltr'>εἰς</span> <span class='ocrx_word' id='word_1_144' title='bbox 3633 722 3732 756; x_wconf 81' lang='grc' dir='ltr'>κα·-</span> 
     </span>
    </p>
   </div>
   <div class='ocr_carea' id='block_1_22' title="bbox 2140 794 3730 869">
    <p class='ocr_par' dir='ltr' id='par_1_22' title="bbox 2140 794 3730 869">
     <span class='ocr_line' id='line_1_22' title="bbox 2140 794 3730 869; baseline 0.002 -22"><span class='ocrx_word' id='word_1_145' title='bbox 2140 794 2229 849; x_wconf 78' lang='grc' dir='ltr'><strong>λὸν</strong></span> <span class='ocrx_word' id='word_1_146' title='bbox 2258 799 2369 860; x_wconf 83' lang='grc' dir='ltr'>τοῖς</span> <span class='ocrx_word' id='word_1_147' title='bbox 2404 796 2511 848; x_wconf 85' lang='grc' dir='ltr'><strong>τῶν</strong></span> <span class='ocrx_word' id='word_1_148' title='bbox 2542 798 2793 850; x_wconf 73' lang='grc' dir='ltr'><strong>ἐναντίων</strong></span> <span class='ocrx_word' id='word_1_149' title='bbox 2824 798 3163 869; x_wconf 81' lang='grc' dir='ltr'><strong>τολμήμασιν</strong></span> <span class='ocrx_word' id='word_1_150' title='bbox 3185 816 3199 829; x_wconf 91' lang='grc'><strong>·</strong></span> <span class='ocrx_word' id='word_1_151' title='bbox 3238 819 3257 851; x_wconf 79' lang='grc' dir='ltr'><strong>ι</strong></span> <span class='ocrx_word' id='word_1_152' title='bbox 3294 798 3541 853; x_wconf 77' lang='grc' dir='ltr'>Καθελῶ</span> <span class='ocrx_word' id='word_1_153' title='bbox 3571 798 3730 867; x_wconf 80' lang='grc' dir='ltr'>γοῦν,</span> 
     </span>
    </p>
   </div>
   <div class='ocr_carea' id='block_1_23' title="bbox 2142 891 3727 964">
    <p class='ocr_par' dir='ltr' id='par_1_23' title="bbox 2142 891 3727 964">
     <span class='ocr_line' id='line_1_23' title="bbox 2142 891 3727 964; baseline -0.001 -19"><span class='ocrx_word' id='word_1_154' title='bbox 2142 892 2298 963; x_wconf 68' lang='grc' dir='ltr'>φησι,</span> <span class='ocrx_word' id='word_1_155' title='bbox 2333 891 2422 945; x_wconf 84' lang='grc' dir='ltr'><strong>τὸν</strong></span> <span class='ocrx_word' id='word_1_156' title='bbox 2445 896 2620 964; x_wconf 82' lang='grc' dir='ltr'>τοῖχον</span> <span class='ocrx_word' id='word_1_157' title='bbox 2646 893 2755 964; x_wconf 69' lang='grc'>(72)</span> <span class='ocrx_word' id='word_1_158' title='bbox 2776 933 2791 957; x_wconf 88' lang='grc'><strong>,</strong></span> <span class='ocrx_word' id='word_1_159' title='bbox 2836 894 2930 948; x_wconf 70' lang='grc' dir='ltr'><strong>καὶ</strong></span> <span class='ocrx_word' id='word_1_160' title='bbox 2960 895 3111 950; x_wconf 77' lang='grc' dir='ltr'>ἔσται</span> <span class='ocrx_word' id='word_1_161' title='bbox 3139 896 3217 959; x_wconf 84' lang='grc' dir='ltr'><strong>είς</strong></span> <span class='ocrx_word' id='word_1_162' title='bbox 3246 892 3637 963; x_wconf 74' lang='grc' dir='ltr'>καταπάτημα</span> <span class='ocrx_word' id='word_1_163' title='bbox 3656 908 3671 919; x_wconf 90' lang='grc'><strong>·</strong></span> <span class='ocrx_word' id='word_1_164' title='bbox 3704 910 3727 943; x_wconf 72' lang='grc' dir='ltr'><strong>ι</strong></span> 
     </span>
    </p>
   </div>
   <div class='ocr_carea' id='block_1_24' title="bbox 2144 983 3733 1058">
    <p class='ocr_par' dir='ltr' id='par_1_24' title="bbox 2144 983 3733 1058">
     <span class='ocr_line' id='line_1_24' title="bbox 2144 983 3733 1058; baseline -0.001 -22"><span class='ocrx_word' id='word_1_165' title='bbox 2144 984 2490 1056; x_wconf 83' lang='grc' dir='ltr'>παιδευτικῆς</span> <span class='ocrx_word' id='word_1_166' title='bbox 2543 985 2734 1058; x_wconf 75' lang='grc' dir='ltr'>τέχνης</span> <span class='ocrx_word' id='word_1_167' title='bbox 2773 986 2872 1057; x_wconf 82' lang='grc' dir='ltr'>τῆς</span> <span class='ocrx_word' id='word_1_168' title='bbox 2920 986 3097 1041; x_wconf 79' lang='grc' dir='ltr'><strong>τοιάδε</strong></span> <span class='ocrx_word' id='word_1_169' title='bbox 3148 985 3319 1056; x_wconf 79' lang='grc' dir='ltr'>αὐτῆς</span> <span class='ocrx_word' id='word_1_170' title='bbox 3369 983 3548 1054; x_wconf 69' lang='grc' dir='ltr'>οὔσης</span> <span class='ocrx_word' id='word_1_171' title='bbox 3599 999 3733 1052; x_wconf 77' lang='grc' dir='ltr'>προ-</span> 
     </span>
    </p>
   </div>
   <div class='ocr_carea' id='block_1_25' title="bbox 2141 1074 3737 1149">
    <p class='ocr_par' dir='ltr' id='par_1_25' title="bbox 2141 1074 3737 1149">
     <span class='ocr_line' id='line_1_25' title="bbox 2141 1074 3737 1149; baseline 0.001 -21"><span class='ocrx_word' id='word_1_172' title='bbox 2141 1075 2289 1140; x_wconf 87' lang='grc' dir='ltr'>νοίας</span> <span class='ocrx_word' id='word_1_173' title='bbox 2317 1077 2462 1149; x_wconf 83' lang='grc'>(75)·</span> <span class='ocrx_word' id='word_1_174' title='bbox 2505 1077 2596 1131; x_wconf 78' lang='grc' dir='ltr'>ἐπὶ</span> <span class='ocrx_word' id='word_1_175' title='bbox 2640 1077 2739 1148; x_wconf 84' lang='grc' dir='ltr'>μὲν</span> <span class='ocrx_word' id='word_1_176' title='bbox 2778 1078 2885 1131; x_wconf 82' lang='grc' dir='ltr'>τῶν</span> <span class='ocrx_word' id='word_1_177' title='bbox 2912 1078 3084 1132; x_wconf 75' lang='grc' dir='ltr'>ἄλλων</span> <span class='ocrx_word' id='word_1_178' title='bbox 3110 1076 3196 1131; x_wconf 76' lang='grc' dir='ltr'><strong>διὰ</strong></span> <span class='ocrx_word' id='word_1_179' title='bbox 3231 1077 3332 1140; x_wconf 79' lang='grc' dir='ltr'><strong>τάς</strong></span> <span class='ocrx_word' id='word_1_180' title='bbox 3357 1077 3579 1139; x_wconf 76' lang='grc' dir='ltr'>οἰκείας</span> <span class='ocrx_word' id='word_1_181' title='bbox 3606 1074 3737 1130; x_wconf 71' lang='grc' dir='ltr'>ἑκά-</span> 
     </span>
    </p>
   </div>
   <div class='ocr_carea' id='block_1_26' title="bbox 2142 1167 3734 1241">
    <p class='ocr_par' dir='ltr' id='par_1_26' title="bbox 2142 1167 3734 1241">
     <span class='ocr_line' id='line_1_26' title="bbox 2142 1167 3734 1241; baseline 0 -20"><span class='ocrx_word' id='word_1_182' title='bbox 2142 1185 2267 1221; x_wconf 86' lang='grc' dir='ltr'>στου</span> <span class='ocrx_word' id='word_1_183' title='bbox 2299 1167 2601 1240; x_wconf 84' lang='grc' dir='ltr'>ἁμαρτίας,</span> <span class='ocrx_word' id='word_1_184' title='bbox 2643 1168 2736 1222; x_wconf 77' lang='grc' dir='ltr'>ἐπὶ</span> <span class='ocrx_word' id='word_1_185' title='bbox 2761 1169 2819 1223; x_wconf 78' lang='grc' dir='ltr'><strong>δὲ</strong></span> <span class='ocrx_word' id='word_1_186' title='bbox 2848 1169 2941 1223; x_wconf 87' lang='grc' dir='ltr'><strong>τοῦ</strong></span> <span class='ocrx_word' id='word_1_187' title='bbox 2972 1169 3177 1241; x_wconf 81' lang='grc' dir='ltr'><strong>Κυρίου</strong></span> <span class='ocrx_word' id='word_1_188' title='bbox 3206 1167 3301 1222; x_wconf 76' lang='grc' dir='ltr'>κα).</span> <span class='ocrx_word' id='word_1_189' title='bbox 3348 1168 3460 1221; x_wconf 77' lang='grc' dir='ltr'><strong>τῶν</strong></span> <span class='ocrx_word' id='word_1_190' title='bbox 3489 1167 3734 1221; x_wconf 73' lang='grc' dir='ltr'>ἀποστό-</span> 
     </span>
    </p>
   </div>
   <div class='ocr_carea' id='block_1_27' title="bbox 2139 1258 3731 1331">
    <p class='ocr_par' dir='ltr' id='par_1_27' title="bbox 2139 1258 3731 1331">
     <span class='ocr_line' id='line_1_27' title="bbox 2139 1258 3731 1331; baseline -0.013 -2"><span class='ocrx_word' id='word_1_191' title='bbox 2139 1258 2244 1312; x_wconf 77' lang='grc' dir='ltr'><strong>λων</strong></span> <span class='ocrx_word' id='word_1_192' title='bbox 2286 1258 2370 1313; x_wconf 57' lang='grc' dir='ltr'><strong>διὰ</strong></span> <span class='ocrx_word' id='word_1_193' title='bbox 2429 1258 2528 1323; x_wconf 72' lang='grc' dir='ltr'><strong>τὰς</strong></span> <span class='ocrx_word' id='word_1_194' title='bbox 2587 1259 2763 1331; x_wconf 50' lang='lat' dir='ltr'><strong>ﬁgi-3v.</strong></span> <span class='ocrx_word' id='word_1_195' title='bbox 2818 1261 3026 1315; x_wconf 78' lang='grc' dir='ltr'>Αὐτίκα</span> <span class='ocrx_word' id='word_1_196' title='bbox 3078 1263 3106 1315; x_wconf 90' lang='grc' dir='ltr'>ὁ</span> <span class='ocrx_word' id='word_1_197' title='bbox 3155 1260 3294 1324; x_wconf 87' lang='grc' dir='ltr'>θεῖος</span> <span class='ocrx_word' id='word_1_198' title='bbox 3359 1259 3731 1323; x_wconf 73' lang='grc' dir='ltr'>Ἀπόστολος·</span> 
     </span>
    </p>
   </div>
   <div class='ocr_carea' id='block_1_28' title="bbox 2145 1351 3735 1424">
    <p class='ocr_par' dir='ltr' id='par_1_28' title="bbox 2145 1351 3735 1424">
     <span class='ocr_line' id='line_1_28' title="bbox 2145 1351 3735 1424; baseline -0.001 -21"><span class='ocrx_word' id='word_1_199' title='bbox 2145 1370 2163 1403; x_wconf 79' lang='grc' dir='ltr'><strong>ι</strong></span> <span class='ocrx_word' id='word_1_200' title='bbox 2205 1351 2372 1407; x_wconf 89' lang='grc' dir='ltr'>Τοῦτο</span> <span class='ocrx_word' id='word_1_201' title='bbox 2397 1352 2504 1424; x_wconf 83' lang='grc' dir='ltr'><strong>γάρ</strong></span> <span class='ocrx_word' id='word_1_202' title='bbox 2534 1352 2734 1406; x_wconf 74' lang='grc' dir='ltr'>ἔστιτὸ</span> <span class='ocrx_word' id='word_1_203' title='bbox 2762 1352 2872 1424; x_wconf 66' lang='grc'>(74)</span> <span class='ocrx_word' id='word_1_204' title='bbox 2905 1352 3115 1423; x_wconf 81' lang='grc' dir='ltr'>θέλημα</span> <span class='ocrx_word' id='word_1_205' title='bbox 3144 1352 3238 1405; x_wconf 87' lang='grc' dir='ltr'><strong>τοῦ</strong></span> <span class='ocrx_word' id='word_1_206' title='bbox 3272 1351 3432 1417; x_wconf 85' lang='grc' dir='ltr'>Θεοῦ,</span> <span class='ocrx_word' id='word_1_207' title='bbox 3479 1370 3503 1403; x_wconf 71' lang='grc' dir='ltr'><strong>ι</strong></span> <span class='ocrx_word' id='word_1_208' title='bbox 3541 1352 3735 1421; x_wconf 60' lang='grc' dir='ltr'>φησιν,</span> 
     </span>
    </p>
   </div>
   <div class='ocr_carea' id='block_1_29' title="bbox 2144 1444 3733 1517">
    <p class='ocr_par' dir='ltr' id='par_1_29' title="bbox 2144 1444 3733 1517">
     <span class='ocr_line' id='line_1_29' title="bbox 2144 1444 3733 1517; baseline 0.003 -24"><span class='ocrx_word' id='word_1_209' title='bbox 2144 1462 2162 1493; x_wconf 76' lang='grc' dir='ltr'><strong>ι</strong></span> <span class='ocrx_word' id='word_1_210' title='bbox 2194 1444 2222 1496; x_wconf 80' lang='grc'>6</span> <span class='ocrx_word' id='word_1_211' title='bbox 2263 1444 2530 1514; x_wconf 79' lang='grc' dir='ltr'>ἁγιασμὸς</span> <span class='ocrx_word' id='word_1_212' title='bbox 2570 1445 2751 1515; x_wconf 80' lang='grc' dir='ltr'>ὑμῶν,</span> <span class='ocrx_word' id='word_1_213' title='bbox 2783 1445 3081 1517; x_wconf 79' lang='grc' dir='ltr'>ἀπέχεσθαι</span> <span class='ocrx_word' id='word_1_214' title='bbox 3120 1446 3264 1515; x_wconf 74' lang='grc' dir='ltr'>ὑμᾶς</span> <span class='ocrx_word' id='word_1_215' title='bbox 3307 1444 3419 1498; x_wconf 76' lang='grc' dir='ltr'><strong>ἀπὸ</strong></span> <span class='ocrx_word' id='word_1_216' title='bbox 3451 1445 3565 1515; x_wconf 73' lang='grc' dir='ltr'>τῆς</span> <span class='ocrx_word' id='word_1_217' title='bbox 3591 1460 3733 1515; x_wconf 68' lang='grc' dir='ltr'>τωρ-</span> 
     </span>
    </p>
   </div>
   <div class='ocr_carea' id='block_1_30' title="bbox 2138 1535 3733 1608">
    <p class='ocr_par' dir='ltr' id='par_1_30' title="bbox 2138 1535 3733 1608">
     <span class='ocr_line' id='line_1_30' title="bbox 2138 1535 3733 1608; baseline 0.001 -21"><span class='ocrx_word' id='word_1_218' title='bbox 2138 1535 2313 1599; x_wconf 88' lang='grc' dir='ltr'>νείας,</span> <span class='ocrx_word' id='word_1_219' title='bbox 2353 1535 2550 1588; x_wconf 79' lang='grc' dir='ltr'>εἰδέναι</span> <span class='ocrx_word' id='word_1_220' title='bbox 2589 1535 2814 1591; x_wconf 76' lang='grc' dir='ltr'>ἕκαστον</span> <span class='ocrx_word' id='word_1_221' title='bbox 2843 1537 2996 1608; x_wconf 82' lang='grc' dir='ltr'>ὑμῶν</span> <span class='ocrx_word' id='word_1_222' title='bbox 3033 1537 3094 1590; x_wconf 80' lang='grc' dir='ltr'><strong>τὸ</strong></span> <span class='ocrx_word' id='word_1_223' title='bbox 3127 1536 3320 1590; x_wconf 80' lang='grc' dir='ltr'>ἑαυτοῦ</span> <span class='ocrx_word' id='word_1_224' title='bbox 3354 1535 3561 1600; x_wconf 82' lang='grc' dir='ltr'>σκεῦος</span> <span class='ocrx_word' id='word_1_225' title='bbox 3592 1537 3733 1589; x_wconf 67' lang='grc' dir='ltr'>κτᾶ-</span> 
     </span>
    </p>
   </div>
   <div class='ocr_carea' id='block_1_31' title="bbox 2140 1629 3731 1702">
    <p class='ocr_par' dir='ltr' id='par_1_31' title="bbox 2140 1629 3731 1702">
     <span class='ocr_line' id='line_1_31' title="bbox 2140 1629 3731 1702; baseline -0.003 -19"><span class='ocrx_word' id='word_1_226' title='bbox 2140 1629 2260 1683; x_wconf 86' lang='grc' dir='ltr'>σθαι</span> <span class='ocrx_word' id='word_1_227' title='bbox 2307 1631 2364 1683; x_wconf 78' lang='grc' dir='ltr'>ἐν</span> <span class='ocrx_word' id='word_1_228' title='bbox 2406 1629 2663 1701; x_wconf 78' lang='grc' dir='ltr'><strong>ἁγιασμῷ</strong></span> <span class='ocrx_word' id='word_1_229' title='bbox 2690 1631 2784 1683; x_wconf 81' lang='grc' dir='ltr'><strong>καὶ</strong></span> <span class='ocrx_word' id='word_1_230' title='bbox 2815 1633 2969 1702; x_wconf 81' lang='grc' dir='ltr'>τιμῇ,</span> <span class='ocrx_word' id='word_1_231' title='bbox 3007 1632 3084 1702; x_wconf 83' lang='grc' dir='ltr'>μὴ</span> <span class='ocrx_word' id='word_1_232' title='bbox 3116 1632 3173 1684; x_wconf 79' lang='grc' dir='ltr'>ὲν</span> <span class='ocrx_word' id='word_1_233' title='bbox 3202 1629 3363 1683; x_wconf 88' lang='grc' dir='ltr'>πάθει</span> <span class='ocrx_word' id='word_1_234' title='bbox 3399 1629 3731 1699; x_wconf 72' lang='grc' dir='ltr'>ἐπιθυμίας,</span> 
     </span>
    </p>
   </div>
   <div class='ocr_carea' id='block_1_32' title="bbox 2137 1722 3730 1797">
    <p class='ocr_par' dir='ltr' id='par_1_32' title="bbox 2137 1722 3730 1797">
     <span class='ocr_line' id='line_1_32' title="bbox 2137 1722 3730 1797; baseline 0.001 -21"><span class='ocrx_word' id='word_1_235' title='bbox 2137 1722 2386 1797; x_wconf 82' lang='grc' dir='ltr'>καθάπερ</span> <span class='ocrx_word' id='word_1_236' title='bbox 2422 1724 2514 1777; x_wconf 74' lang='grc' dir='ltr'><strong>καὶ</strong></span> <span class='ocrx_word' id='word_1_237' title='bbox 2535 1722 2605 1777; x_wconf 75' lang='grc' dir='ltr'>τὰ</span> <span class='ocrx_word' id='word_1_238' title='bbox 2628 1724 2774 1796; x_wconf 78' lang='grc' dir='ltr'>ἔθνη,</span> <span class='ocrx_word' id='word_1_239' title='bbox 2801 1724 2869 1778; x_wconf 80' lang='grc' dir='ltr'><strong>τά</strong></span> <span class='ocrx_word' id='word_1_240' title='bbox 2906 1726 2980 1795; x_wconf 81' lang='grc' dir='ltr'>μὴ</span> <span class='ocrx_word' id='word_1_241' title='bbox 3009 1724 3187 1778; x_wconf 79' lang='grc' dir='ltr'>εἰδότα</span> <span class='ocrx_word' id='word_1_242' title='bbox 3217 1724 3309 1777; x_wconf 82' lang='grc' dir='ltr'><strong>τὸν</strong></span> <span class='ocrx_word' id='word_1_243' title='bbox 3335 1724 3555 1795; x_wconf 82' lang='grc' dir='ltr'>Κύριον</span> <span class='ocrx_word' id='word_1_244' title='bbox 3577 1722 3690 1794; x_wconf 77' lang='grc'>(75)</span> <span class='ocrx_word' id='word_1_245' title='bbox 3712 1738 3730 1752; x_wconf 88' lang='grc'><strong>·</strong></span> 
     </span>
    </p>
   </div>
   <div class='ocr_carea' id='block_1_33' title="bbox 2137 1814 3733 1887">
    <p class='ocr_par' dir='ltr' id='par_1_33' title="bbox 2137 1814 3733 1887">
     <span class='ocr_line' id='line_1_33' title="bbox 2137 1814 3733 1887; baseline -0.001 -19"><span class='ocrx_word' id='word_1_246' title='bbox 2137 1816 2198 1869; x_wconf 77' lang='grc' dir='ltr'>τὸ</span> <span class='ocrx_word' id='word_1_247' title='bbox 2224 1814 2298 1886; x_wconf 83' lang='grc' dir='ltr'>μὴ</span> <span class='ocrx_word' id='word_1_248' title='bbox 2344 1814 2690 1887; x_wconf 76' lang='grc' dir='ltr'>ὑπερϐαίνειν</span> <span class='ocrx_word' id='word_1_249' title='bbox 2728 1816 2822 1870; x_wconf 75' lang='grc' dir='ltr'><strong>καὶ</strong></span> <span class='ocrx_word' id='word_1_250' title='bbox 2850 1815 3188 1869; x_wconf 81' lang='grc' dir='ltr'>πλεονεκτεῖν</span> <span class='ocrx_word' id='word_1_251' title='bbox 3220 1816 3279 1868; x_wconf 81' lang='grc' dir='ltr'>ὲν</span> <span class='ocrx_word' id='word_1_252' title='bbox 3318 1814 3402 1884; x_wconf 80' lang='grc' dir='ltr'>τῷ</span> <span class='ocrx_word' id='word_1_253' title='bbox 3427 1814 3733 1885; x_wconf 71' lang='grc' dir='ltr'>πράγματι</span> 
     </span>
    </p>
   </div>
   <div class='ocr_carea' id='block_1_34' title="bbox 464 1903 2031 1978">
    <p class='ocr_par' dir='ltr' id='par_1_34' title="bbox 464 1903 2029 1963">
     <span class='ocr_line' id='line_1_34' title="bbox 464 1903 2029 1963; baseline -0.001 -2"><span class='ocrx_word' id='word_1_254' title='bbox 464 1906 802 1963; x_wconf 81' lang='lat' dir='ltr'><strong>facinoribus</strong></span> <span class='ocrx_word' id='word_1_255' title='bbox 828 1914 1017 1961; x_wconf 89' lang='lat' dir='ltr'><strong>utatur</strong></span> <span class='ocrx_word' id='word_1_256' title='bbox 1070 1904 1137 1959; x_wconf 85' lang='lat' dir='ltr'><strong>ad</strong></span> <span class='ocrx_word' id='word_1_257' title='bbox 1183 1904 1389 1958; x_wconf 87' lang='lat' dir='ltr'><strong>bonum</strong></span> <span class='ocrx_word' id='word_1_258' title='bbox 1439 1917 1507 1958; x_wconf 80' lang='lat' dir='ltr'><strong>ex</strong></span> <span class='ocrx_word' id='word_1_259' title='bbox 1557 1903 1625 1958; x_wconf 91' lang='lat' dir='ltr'><strong>iis</strong></span> <span class='ocrx_word' id='word_1_260' title='bbox 1666 1903 2029 1959; x_wconf 86' lang='lat' dir='ltr'><strong>eliciendum:</strong></span> 
     </span>
    </p>
   </div>
   <div class='ocr_carea' id='block_1_35' title="bbox 2137 1903 3736 1978">
    <p class='ocr_par' dir='ltr' id='par_1_35' title="bbox 2137 1906 3736 1978">
     <span class='ocr_line' id='line_1_35' title="bbox 2137 1906 3736 1978; baseline 0.001 -18"><span class='ocrx_word' id='word_1_261' title='bbox 2137 1908 2224 1960; x_wconf 75' lang='grc' dir='ltr'><strong>τὸν</strong></span> <span class='ocrx_word' id='word_1_262' title='bbox 2256 1906 2481 1977; x_wconf 74' lang='grc' dir='ltr'>ἀδελφὸν</span> <span class='ocrx_word' id='word_1_263' title='bbox 2506 1907 2670 1962; x_wconf 78' lang='grc' dir='ltr'>αὑτοῦ</span> <span class='ocrx_word' id='word_1_264' title='bbox 2689 1948 2704 1971; x_wconf 87' lang='grc'><strong>,</strong></span> <span class='ocrx_word' id='word_1_265' title='bbox 2731 1907 2863 1961; x_wconf 82' lang='grc' dir='ltr'>διότι</span> <span class='ocrx_word' id='word_1_266' title='bbox 2893 1906 3102 1972; x_wconf 78' lang='grc' dir='ltr'>ἔκδικος</span> <span class='ocrx_word' id='word_1_267' title='bbox 3125 1910 3154 1962; x_wconf 84' lang='grc' dir='ltr'><strong>ό</strong></span> <span class='ocrx_word' id='word_1_268' title='bbox 3181 1907 3388 1978; x_wconf 84' lang='grc' dir='ltr'>Κύριος</span> <span class='ocrx_word' id='word_1_269' title='bbox 3422 1909 3563 1977; x_wconf 71' lang='grc' dir='ltr'>περὶ</span> <span class='ocrx_word' id='word_1_270' title='bbox 3596 1908 3736 1961; x_wconf 72' lang='grc' dir='ltr'>πάν-</span> 
     </span>
    </p>
   </div>
   <div class='ocr_carea' id='block_1_36' title="bbox 471 1992 2037 2066">
    <p class='ocr_par' dir='ltr' id='par_1_36' title="bbox 471 1992 2037 2066">
     <span class='ocr_line' id='line_1_36' title="bbox 471 1992 2037 2066; baseline -0.001 -16"><span class='ocrx_word' id='word_1_271' title='bbox 471 2018 488 2050; x_wconf 82' lang='grc' dir='ltr'><strong>ι</strong></span> <span class='ocrx_word' id='word_1_272' title='bbox 519 1997 830 2063; x_wconf 88' lang='lat' dir='ltr'><strong>Destruam,</strong></span> <span class='ocrx_word' id='word_1_273' title='bbox 867 1996 1067 2066; x_wconf 57' lang='lat' dir='ltr'><strong>inquit;</strong></span> <span class='ocrx_word' id='word_1_274' title='bbox 1092 2010 1335 2060; x_wconf 88' lang='lat' dir='ltr'><strong>murum,</strong></span> <span class='ocrx_word' id='word_1_275' title='bbox 1369 2002 1424 2049; x_wconf 88' lang='lat' dir='ltr'><strong>et</strong></span> <span class='ocrx_word' id='word_1_276' title='bbox 1457 1992 1560 2048; x_wconf 87' lang='lat' dir='ltr'><strong>erit</strong></span> <span class='ocrx_word' id='word_1_277' title='bbox 1589 1994 1644 2047; x_wconf 87' lang='lat' dir='ltr'><strong>in</strong></span> <span class='ocrx_word' id='word_1_278' title='bbox 1667 1993 2037 2049; x_wconf 88' lang='lat' dir='ltr'><strong>conculcatio-</strong></span> 
     </span>
    </p>
   </div>
   <div class='ocr_carea' id='block_1_37' title="bbox 465 2087 2037 2158">
    <p class='ocr_par' dir='ltr' id='par_1_37' title="bbox 465 2087 2037 2158">
     <span class='ocr_line' id='line_1_37' title="bbox 465 2087 2037 2158; baseline -0.002 -14"><span class='ocrx_word' id='word_1_279' title='bbox 465 2105 589 2144; x_wconf 89' lang='lat' dir='ltr'><strong>nem</strong></span> <span class='ocrx_word' id='word_1_280' title='bbox 621 2101 683 2144; x_wconf 73' lang='grc' dir='ltr'><strong>ιε</strong></span> <span class='ocrx_word' id='word_1_281' title='bbox 726 2108 743 2138; x_wconf 74' lang='grc' dir='ltr'><strong>ι</strong></span> <span class='ocrx_word' id='word_1_282' title='bbox 790 2089 957 2158; x_wconf 74' lang='lat'><strong>218</strong></span> <span class='ocrx_word' id='word_1_283' title='bbox 987 2088 1126 2142; x_wconf 88' lang='lat' dir='ltr'><strong>solet</strong></span> <span class='ocrx_word' id='word_1_284' title='bbox 1165 2088 1309 2141; x_wconf 90' lang='lat' dir='ltr'><strong>enim</strong></span> <span class='ocrx_word' id='word_1_285' title='bbox 1364 2087 1467 2141; x_wconf 89' lang='lat' dir='ltr'><strong>hac</strong></span> <span class='ocrx_word' id='word_1_286' title='bbox 1513 2094 1630 2141; x_wconf 88' lang='lat' dir='ltr'><strong>arte</strong></span> <span class='ocrx_word' id='word_1_287' title='bbox 1683 2102 1783 2141; x_wconf 91' lang='lat' dir='ltr'><strong>nos</strong></span> <span class='ocrx_word' id='word_1_288' title='bbox 1818 2087 2037 2141; x_wconf 84' lang='lat' dir='ltr'><strong>erudire</strong></span> 
     </span>
    </p>
   </div>
   <div class='ocr_carea' id='block_1_38' title="bbox 462 2178 2037 2251">
    <p class='ocr_par' dir='ltr' id='par_1_38' title="bbox 462 2178 2037 2251">
     <span class='ocr_line' id='line_1_38' title="bbox 462 2178 2037 2251; baseline -0.001 -17"><span class='ocrx_word' id='word_1_289' title='bbox 462 2180 841 2251; x_wconf 81' lang='lat' dir='ltr'><strong>providentia:</strong></span> <span class='ocrx_word' id='word_1_290' title='bbox 876 2180 932 2234; x_wconf 90' lang='lat' dir='ltr'><strong>in</strong></span> <span class='ocrx_word' id='word_1_291' title='bbox 958 2179 1082 2234; x_wconf 88' lang='lat' dir='ltr'><strong>aliis</strong></span> <span class='ocrx_word' id='word_1_292' title='bbox 1119 2178 1337 2249; x_wconf 86' lang='lat' dir='ltr'><strong>quidem</strong></span> <span class='ocrx_word' id='word_1_293' title='bbox 1382 2187 1602 2248; x_wconf 86' lang='lat' dir='ltr'><strong>propter</strong></span> <span class='ocrx_word' id='word_1_294' title='bbox 1634 2192 1731 2233; x_wconf 79' lang='lat' dir='ltr'><strong>sua</strong></span> <span class='ocrx_word' id='word_1_295' title='bbox 1776 2179 2037 2234; x_wconf 54' lang='lat' dir='ltr'><strong>uniuscu-</strong></span> 
     </span>
    </p>
   </div>
   <div class='ocr_carea' id='block_1_39' title="bbox 458 2270 2033 2345">
    <p class='ocr_par' dir='ltr' id='par_1_39' title="bbox 458 2270 2033 2345">
     <span class='ocr_line' id='line_1_39' title="bbox 458 2270 2033 2345; baseline -0.002 -16"><span class='ocrx_word' id='word_1_296' title='bbox 458 2273 661 2345; x_wconf 84' lang='lat' dir='ltr'><strong>jusque</strong></span> <span class='ocrx_word' id='word_1_297' title='bbox 733 2280 987 2344; x_wconf 88' lang='lat' dir='ltr'><strong>peccata;</strong></span> <span class='ocrx_word' id='word_1_298' title='bbox 1035 2272 1100 2326; x_wconf 80' lang='lat' dir='ltr'><strong>in</strong></span> <span class='ocrx_word' id='word_1_299' title='bbox 1158 2270 1387 2326; x_wconf 90' lang='lat' dir='ltr'><strong>Domino</strong></span> <span class='ocrx_word' id='word_1_300' title='bbox 1431 2280 1610 2327; x_wconf 88' lang='lat' dir='ltr'><strong>autem</strong></span> <span class='ocrx_word' id='word_1_301' title='bbox 1666 2282 1720 2324; x_wconf 89' lang='lat' dir='ltr'><strong>et</strong></span> <span class='ocrx_word' id='word_1_302' title='bbox 1768 2271 2033 2339; x_wconf 84' lang='lat' dir='ltr'><strong>apostolis</strong></span> 
     </span>
    </p>
   </div>
   <div class='ocr_carea' id='block_1_40' title="bbox 461 2356 2035 2437">
    <p class='ocr_par' dir='ltr' id='par_1_40' title="bbox 461 2356 2035 2437">
     <span class='ocr_line' id='line_1_40' title="bbox 461 2356 2035 2437; baseline -0.002 -17"><span class='ocrx_word' id='word_1_303' title='bbox 461 2374 682 2437; x_wconf 85' lang='lat' dir='ltr'><strong>propter</strong></span> <span class='ocrx_word' id='word_1_304' title='bbox 703 2373 911 2421; x_wconf 91' lang='lat' dir='ltr'><strong>nostra.</strong></span> <span class='ocrx_word' id='word_1_305' title='bbox 946 2364 1066 2419; x_wconf 81' lang='lat' dir='ltr'><strong>Jam</strong></span> <span class='ocrx_word' id='word_1_306' title='bbox 1088 2379 1214 2419; x_wconf 89' lang='lat' dir='ltr'><strong>vero</strong></span> <span class='ocrx_word' id='word_1_307' title='bbox 1244 2364 1464 2419; x_wconf 84' lang='lat' dir='ltr'><strong>divinus</strong></span> <span class='ocrx_word' id='word_1_308' title='bbox 1489 2356 1816 2431; x_wconf 76' lang='lat' dir='ltr'><strong>Apostolus:</strong></span> <span class='ocrx_word' id='word_1_309' title='bbox 1855 2382 1872 2413; x_wconf 84' lang='grc' dir='ltr'><strong>ι</strong></span> <span class='ocrx_word' id='word_1_310' title='bbox 1910 2360 2035 2417; x_wconf 66' lang='lat' dir='ltr'><strong>llaec</strong></span> 
     </span>
    </p>
   </div>
   <div class='ocr_carea' id='block_1_41' title="bbox 462 2454 2027 2527">
    <p class='ocr_par' dir='ltr' id='par_1_41' title="bbox 462 2454 2027 2527">
     <span class='ocr_line' id='line_1_41' title="bbox 462 2454 2027 2527; baseline -0.004 -12"><span class='ocrx_word' id='word_1_311' title='bbox 462 2459 608 2515; x_wconf 85' lang='lat' dir='ltr'><strong>enim</strong></span> <span class='ocrx_word' id='word_1_312' title='bbox 635 2466 739 2525; x_wconf 87' lang='lat' dir='ltr'><strong>est,</strong></span> <span class='ocrx_word' id='word_1_313' title='bbox 767 2457 964 2527; x_wconf 90' lang='lat' dir='ltr'><strong>inquit,</strong></span> <span class='ocrx_word' id='word_1_314' title='bbox 995 2455 1092 2511; x_wconf 88' lang='lat' dir='ltr'><strong>Dei</strong></span> <span class='ocrx_word' id='word_1_315' title='bbox 1123 2457 1402 2520; x_wconf 85' lang='lat' dir='ltr'><strong>voluntas,</strong></span> <span class='ocrx_word' id='word_1_316' title='bbox 1434 2454 1796 2509; x_wconf 80' lang='lat' dir='ltr'><strong>sanctiﬁcatio</strong></span> <span class='ocrx_word' id='word_1_317' title='bbox 1831 2462 2027 2518; x_wconf 85' lang='lat' dir='ltr'><strong>vestra,</strong></span> 
     </span>
    </p>
   </div>
   <div class='ocr_carea' id='block_1_42' title="bbox 460 2544 2034 2613">
    <p class='ocr_par' dir='ltr' id='par_1_42' title="bbox 460 2544 2034 2613">
     <span class='ocr_line' id='line_1_42' title="bbox 460 2544 2034 2613; baseline -0.003 -9"><span class='ocrx_word' id='word_1_318' title='bbox 460 2557 522 2604; x_wconf 89' lang='lat' dir='ltr'><strong>ut</strong></span> <span class='ocrx_word' id='word_1_319' title='bbox 550 2563 651 2604; x_wconf 84' lang='lat' dir='ltr'><strong>vos</strong></span> <span class='ocrx_word' id='word_1_320' title='bbox 691 2547 1010 2604; x_wconf 88' lang='lat' dir='ltr'><strong>abstineatis</strong></span> <span class='ocrx_word' id='word_1_321' title='bbox 1038 2562 1068 2601; x_wconf 88' lang='lat' dir='ltr'><strong>a</strong></span> <span class='ocrx_word' id='word_1_322' title='bbox 1102 2544 1483 2611; x_wconf 78' lang='lat' dir='ltr'><strong>fornicatione,</strong></span> <span class='ocrx_word' id='word_1_323' title='bbox 1505 2554 1556 2598; x_wconf 88' lang='lat' dir='ltr'><strong>et</strong></span> <span class='ocrx_word' id='word_1_324' title='bbox 1578 2544 1714 2599; x_wconf 86' lang='lat' dir='ltr'><strong>sciat</strong></span> <span class='ocrx_word' id='word_1_325' title='bbox 1739 2544 2034 2613; x_wconf 87' lang='lat' dir='ltr'><strong>unusquis—</strong></span> 
     </span>
    </p>
   </div>
   <div class='ocr_carea' id='block_1_43' title="bbox 460 2633 2034 2710">
    <p class='ocr_par' dir='ltr' id='par_1_43' title="bbox 460 2633 2034 2710">
     <span class='ocr_line' id='line_1_43' title="bbox 460 2633 2034 2710; baseline -0.003 -17"><span class='ocrx_word' id='word_1_326' title='bbox 460 2654 568 2710; x_wconf 85' lang='lat' dir='ltr'><strong>que</strong></span> <span class='ocrx_word' id='word_1_327' title='bbox 591 2647 832 2694; x_wconf 88' lang='lat' dir='ltr'><strong>vestrum</strong></span> <span class='ocrx_word' id='word_1_328' title='bbox 856 2652 950 2692; x_wconf 89' lang='lat' dir='ltr'><strong>vas</strong></span> <span class='ocrx_word' id='word_1_329' title='bbox 977 2652 1136 2691; x_wconf 87' lang='lat' dir='ltr'><strong>suum</strong></span> <span class='ocrx_word' id='word_1_330' title='bbox 1171 2635 1451 2705; x_wconf 89' lang='lat' dir='ltr'><strong>possidere</strong></span> <span class='ocrx_word' id='word_1_331' title='bbox 1497 2633 1550 2688; x_wconf 90' lang='lat' dir='ltr'><strong>iu</strong></span> <span class='ocrx_word' id='word_1_332' title='bbox 1599 2634 2034 2689; x_wconf 83' lang='lat' dir='ltr'><strong>sanctiﬁcatione</strong></span> 
     </span>
    </p>
   </div>
   <div class='ocr_carea' id='block_1_44' title="bbox 459 2726 2032 2798">
    <p class='ocr_par' dir='ltr' id='par_1_44' title="bbox 459 2726 2032 2798">
     <span class='ocr_line' id='line_1_44' title="bbox 459 2726 2032 2798; baseline -0.006 -10"><span class='ocrx_word' id='word_1_333' title='bbox 459 2741 515 2788; x_wconf 89' lang='lat' dir='ltr'><strong>et</strong></span> <span class='ocrx_word' id='word_1_334' title='bbox 543 2732 768 2798; x_wconf 89' lang='lat' dir='ltr'><strong>honore,</strong></span> <span class='ocrx_word' id='word_1_335' title='bbox 797 2731 980 2785; x_wconf 92' lang='lat' dir='ltr'><strong>nonin</strong></span> <span class='ocrx_word' id='word_1_336' title='bbox 1021 2729 1303 2785; x_wconf 78' lang='lat' dir='ltr'><strong>aﬂectioue</strong></span> <span class='ocrx_word' id='word_1_337' title='bbox 1326 2728 1640 2797; x_wconf 80' lang='lat' dir='ltr'><strong>cupiditatis</strong></span> <span class='ocrx_word' id='word_1_338' title='bbox 1660 2768 1675 2792; x_wconf 88' lang='lat'><strong>,</strong></span> <span class='ocrx_word' id='word_1_339' title='bbox 1726 2726 1868 2780; x_wconf 87' lang='lat' dir='ltr'><strong>sicut</strong></span> <span class='ocrx_word' id='word_1_340' title='bbox 1898 2740 2032 2796; x_wconf 77' lang='lat' dir='ltr'><strong>geu-</strong></span> 
     </span>
    </p>
   </div>
   <div class='ocr_carea' id='block_1_45' title="bbox 458 2804 2029 2895">
    <p class='ocr_par' dir='ltr' id='par_1_45' title="bbox 458 2804 2029 2895">
     <span class='ocr_line' id='line_1_45' title="bbox 458 2804 2029 2895; baseline -0.004 -16"><span class='ocrx_word' id='word_1_341' title='bbox 458 2834 565 2892; x_wconf 88' lang='lat' dir='ltr'><strong>tes,</strong></span> <span class='ocrx_word' id='word_1_342' title='bbox 597 2838 716 2895; x_wconf 72' lang='lat' dir='ltr'><strong>qua:</strong></span> <span class='ocrx_word' id='word_1_343' title='bbox 740 2839 846 2879; x_wconf 89' lang='lat' dir='ltr'><strong>non</strong></span> <span class='ocrx_word' id='word_1_344' title='bbox 894 2830 1095 2878; x_wconf 88' lang='lat' dir='ltr'><strong>norunt</strong></span> <span class='ocrx_word' id='word_1_345' title='bbox 1128 2804 1449 2886; x_wconf 82' lang='lat' dir='ltr'><strong>Dominum;</strong></span> <span class='ocrx_word' id='word_1_346' title='bbox 1478 2830 1533 2874; x_wconf 89' lang='lat' dir='ltr'><strong>et</strong></span> <span class='ocrx_word' id='word_1_347' title='bbox 1570 2835 1679 2873; x_wconf 90' lang='lat' dir='ltr'><strong>non</strong></span> <span class='ocrx_word' id='word_1_348' title='bbox 1720 2827 2029 2888; x_wconf 80' lang='lat' dir='ltr'><strong>exsuperet,</strong></span> 
     </span>
    </p>
   </div>
   <div class='ocr_carea' id='block_1_46' title="bbox 459 2909 2028 2988">
    <p class='ocr_par' dir='ltr' id='par_1_46' title="bbox 459 2909 2028 2988">
     <span class='ocr_line' id='line_1_46' title="bbox 459 2909 2028 2988; baseline -0.005 -16"><span class='ocrx_word' id='word_1_349' title='bbox 459 2925 515 2972; x_wconf 86' lang='lat' dir='ltr'><strong>et</strong></span> <span class='ocrx_word' id='word_1_350' title='bbox 560 2932 657 2988; x_wconf 92' lang='lat' dir='ltr'><strong>per</strong></span> <span class='ocrx_word' id='word_1_351' title='bbox 682 2915 964 2971; x_wconf 85' lang='lat' dir='ltr'><strong>avaritiam</strong></span> <span class='ocrx_word' id='word_1_352' title='bbox 995 2912 1411 2969; x_wconf 82' lang='lat' dir='ltr'><strong>circumscribat</strong></span> <span class='ocrx_word' id='word_1_353' title='bbox 1455 2912 1511 2966; x_wconf 90' lang='lat' dir='ltr'><strong>in</strong></span> <span class='ocrx_word' id='word_1_354' title='bbox 1563 2911 1779 2982; x_wconf 78' lang='lat' dir='ltr'><strong>negotio</strong></span> <span class='ocrx_word' id='word_1_355' title='bbox 1805 2909 2028 2965; x_wconf 81' lang='lat' dir='ltr'><strong>fratrem</strong></span> 
     </span>
    </p>
   </div>
   <div class='ocr_carea' id='block_1_47' title="bbox 460 3004 2033 3080">
    <p class='ocr_par' dir='ltr' id='par_1_47' title="bbox 460 3004 2033 3080">
     <span class='ocr_line' id='line_1_47' title="bbox 460 3004 2033 3080; baseline -0.006 -14"><span class='ocrx_word' id='word_1_356' title='bbox 460 3026 643 3079; x_wconf 87' lang='lat' dir='ltr'><strong>suum,</strong></span> <span class='ocrx_word' id='word_1_357' title='bbox 671 3008 931 3080; x_wconf 90' lang='lat' dir='ltr'><strong>quoniam</strong></span> <span class='ocrx_word' id='word_1_358' title='bbox 970 3007 1165 3062; x_wconf 82' lang='lat' dir='ltr'><strong>vindex</strong></span> <span class='ocrx_word' id='word_1_359' title='bbox 1217 3015 1302 3062; x_wconf 88' lang='lat' dir='ltr'><strong>est</strong></span> <span class='ocrx_word' id='word_1_360' title='bbox 1354 3004 1618 3062; x_wconf 88' lang='lat' dir='ltr'><strong>Dominus</strong></span> <span class='ocrx_word' id='word_1_361' title='bbox 1673 3005 1869 3058; x_wconf 89' lang='lat' dir='ltr'><strong>horum</strong></span> <span class='ocrx_word' id='word_1_362' title='bbox 1918 3007 2033 3058; x_wconf 78' lang='grc' dir='ltr'>ὸιιι-</span> 
     </span>
    </p>
   </div>
   <div class='ocr_carea' id='block_1_48' title="bbox 458 3094 2031 3171">
    <p class='ocr_par' dir='ltr' id='par_1_48' title="bbox 458 3094 2031 3171">
     <span class='ocr_line' id='line_1_48' title="bbox 458 3094 2031 3171; baseline -0.006 -12"><span class='ocrx_word' id='word_1_363' title='bbox 458 3104 641 3171; x_wconf 89' lang='lat' dir='ltr'><strong>ninm;</strong></span> <span class='ocrx_word' id='word_1_364' title='bbox 677 3102 820 3159; x_wconf 81' lang='lat' dir='ltr'><strong>sicut</strong></span> <span class='ocrx_word' id='word_1_365' title='bbox 860 3102 1022 3157; x_wconf 89' lang='lat' dir='ltr'><strong>etiam</strong></span> <span class='ocrx_word' id='word_1_366' title='bbox 1067 3099 1223 3154; x_wconf 88' lang='lat' dir='ltr'><strong>vobis</strong></span> <span class='ocrx_word' id='word_1_367' title='bbox 1264 3096 1615 3168; x_wconf 73' lang='lat' dir='ltr'><strong>praediximus</strong></span> <span class='ocrx_word' id='word_1_368' title='bbox 1661 3105 1717 3151; x_wconf 92' lang='lat' dir='ltr'><strong>et</strong></span> <span class='ocrx_word' id='word_1_369' title='bbox 1754 3094 2031 3151; x_wconf 79' lang='lat' dir='ltr'><strong>testiﬁcati</strong></span> 
     </span>
    </p>
   </div>
   <div class='ocr_carea' id='block_1_49' title="bbox 458 3188 2032 3258">
    <p class='ocr_par' dir='ltr' id='par_1_49' title="bbox 458 3188 2032 3258">
     <span class='ocr_line' id='line_1_49' title="bbox 458 3188 2032 3258; baseline -0.006 -6"><span class='ocrx_word' id='word_1_370' title='bbox 458 3210 671 3252; x_wconf 88' lang='lat' dir='ltr'><strong>sumus.</strong></span> <span class='ocrx_word' id='word_1_371' title='bbox 699 3193 817 3249; x_wconf 84' lang='lat' dir='ltr'><strong>Non</strong></span> <span class='ocrx_word' id='word_1_372' title='bbox 844 3193 989 3249; x_wconf 86' lang='lat' dir='ltr'><strong>enim</strong></span> <span class='ocrx_word' id='word_1_373' title='bbox 1014 3192 1230 3247; x_wconf 86' lang='lat' dir='ltr'><strong>vocavit</strong></span> <span class='ocrx_word' id='word_1_374' title='bbox 1263 3208 1363 3246; x_wconf 81' lang='lat' dir='ltr'><strong>nos</strong></span> <span class='ocrx_word' id='word_1_375' title='bbox 1380 3188 1522 3245; x_wconf 87' lang='lat' dir='ltr'><strong>Deus</strong></span> <span class='ocrx_word' id='word_1_376' title='bbox 1548 3198 1768 3258; x_wconf 90' lang='lat' dir='ltr'><strong>propter</strong></span> <span class='ocrx_word' id='word_1_377' title='bbox 1795 3189 2032 3243; x_wconf 88' lang='lat' dir='ltr'><strong>immun-</strong></span> 
     </span>
    </p>
   </div>
   <div class='ocr_carea' id='block_1_50' title="bbox 2136 2000 3734 2073">
    <p class='ocr_par' dir='ltr' id='par_1_50' title="bbox 2136 2000 3734 2073">
     <span class='ocr_line' id='line_1_50' title="bbox 2136 2000 3734 2073; baseline 0.001 -20"><span class='ocrx_word' id='word_1_378' title='bbox 2136 2018 2247 2055; x_wconf 88' lang='grc' dir='ltr'><strong>των</strong></span> <span class='ocrx_word' id='word_1_379' title='bbox 2282 2002 2485 2055; x_wconf 73' lang='grc' dir='ltr'>τούτων</span> <span class='ocrx_word' id='word_1_380' title='bbox 2508 2017 2521 2031; x_wconf 85' lang='lat'><strong><em>°</em></strong></span> <span class='ocrx_word' id='word_1_381' title='bbox 2570 2000 2752 2064; x_wconf 80' lang='grc' dir='ltr'>καθὼς</span> <span class='ocrx_word' id='word_1_382' title='bbox 2778 2003 2872 2055; x_wconf 75' lang='grc' dir='ltr'><strong>καὶ</strong></span> <span class='ocrx_word' id='word_1_383' title='bbox 2916 2000 3246 2073; x_wconf 81' lang='grc' dir='ltr'>προείπομεν</span> <span class='ocrx_word' id='word_1_384' title='bbox 3287 2002 3444 2071; x_wconf 82' lang='grc' dir='ltr'>ὑμῖν,</span> <span class='ocrx_word' id='word_1_385' title='bbox 3490 2000 3601 2054; x_wconf 74' lang='grc' dir='ltr'><strong>καὶ</strong></span> <span class='ocrx_word' id='word_1_386' title='bbox 3623 2001 3734 2054; x_wconf 72' lang='grc' dir='ltr'>διε-ν</span> 
     </span>
    </p>
   </div>
   <div class='ocr_carea' id='block_1_51' title="bbox 2138 2090 3736 2164">
    <p class='ocr_par' dir='ltr' id='par_1_51' title="bbox 2138 2090 3736 2164">
     <span class='ocr_line' id='line_1_51' title="bbox 2138 2090 3736 2164; baseline 0.001 -20"><span class='ocrx_word' id='word_1_387' title='bbox 2138 2092 2553 2164; x_wconf 84' lang='grc' dir='ltr'>μαρτυράμεθα.</span> <span class='ocrx_word' id='word_1_388' title='bbox 2583 2092 2657 2145; x_wconf 70' lang='grc' dir='ltr'><strong>Οὐ</strong></span> <span class='ocrx_word' id='word_1_389' title='bbox 2682 2092 2791 2163; x_wconf 86' lang='grc' dir='ltr'><strong>γάρ</strong></span> <span class='ocrx_word' id='word_1_390' title='bbox 2816 2092 3071 2146; x_wconf 80' lang='grc' dir='ltr'>ἐκάλεσεν</span> <span class='ocrx_word' id='word_1_391' title='bbox 3098 2093 3241 2162; x_wconf 75' lang='grc' dir='ltr'>ἡμᾶς</span> <span class='ocrx_word' id='word_1_392' title='bbox 3257 2093 3287 2144; x_wconf 81' lang='grc' dir='ltr'>ὁ</span> <span class='ocrx_word' id='word_1_393' title='bbox 3316 2090 3456 2154; x_wconf 66' lang='grc' dir='ltr'>Θεὸς</span> <span class='ocrx_word' id='word_1_394' title='bbox 3479 2092 3736 2145; x_wconf 74' lang='grc' dir='ltr'>ὲπίάκα-</span> 
     </span>
    </p>
   </div>
   <div class='ocr_carea' id='block_1_52' title="bbox 2135 2183 3737 2255">
    <p class='ocr_par' dir='ltr' id='par_1_52' title="bbox 2135 2183 3737 2255">
     <span class='ocr_line' id='line_1_52' title="bbox 2135 2183 3737 2255; baseline 0.001 -18"><span class='ocrx_word' id='word_1_395' title='bbox 2135 2183 2361 2255; x_wconf 72' lang='grc' dir='ltr'>θαρσίᾳ,</span> <span class='ocrx_word' id='word_1_396' title='bbox 2408 2183 2519 2237; x_wconf 83' lang='grc' dir='ltr'>ἀλλ’</span> <span class='ocrx_word' id='word_1_397' title='bbox 2552 2185 2608 2238; x_wconf 84' lang='grc' dir='ltr'>ὲν</span> <span class='ocrx_word' id='word_1_398' title='bbox 2649 2183 2920 2255; x_wconf 79' lang='grc' dir='ltr'>ἁγιασμῷ.</span> <span class='ocrx_word' id='word_1_399' title='bbox 2953 2184 3253 2255; x_wconf 83' lang='grc' dir='ltr'>Τοιγαροῦν</span> <span class='ocrx_word' id='word_1_400' title='bbox 3287 2186 3316 2236; x_wconf 85' lang='grc' dir='ltr'>ὁ</span> <span class='ocrx_word' id='word_1_401' title='bbox 3359 2183 3593 2238; x_wconf 78' lang='grc' dir='ltr'>ἀθετῶν</span> <span class='ocrx_word' id='word_1_402' title='bbox 3638 2185 3737 2238; x_wconf 69' lang='grc' dir='ltr'>οὐκ</span> 
     </span>
    </p>
   </div>
   <div class='ocr_carea' id='block_1_53' title="bbox 2134 2276 3736 2348">
    <p class='ocr_par' dir='ltr' id='par_1_53' title="bbox 2134 2276 3736 2348">
     <span class='ocr_line' id='line_1_53' title="bbox 2134 2276 3736 2348; baseline 0 -17"><span class='ocrx_word' id='word_1_403' title='bbox 2134 2276 2413 2348; x_wconf 81' lang='grc' dir='ltr'>ἄνθρωπον</span> <span class='ocrx_word' id='word_1_404' title='bbox 2450 2277 2667 2340; x_wconf 81' lang='grc' dir='ltr'>ἀθετεῖ,</span> <span class='ocrx_word' id='word_1_405' title='bbox 2716 2277 2850 2331; x_wconf 76' lang='grc' dir='ltr'>ἀλλὰ</span> <span class='ocrx_word' id='word_1_406' title='bbox 2895 2277 2987 2331; x_wconf 73' lang='grc' dir='ltr'>τὸν</span> <span class='ocrx_word' id='word_1_407' title='bbox 3012 2277 3143 2331; x_wconf 81' lang='grc' dir='ltr'>Θεὸν</span> <span class='ocrx_word' id='word_1_408' title='bbox 3163 2317 3178 2342; x_wconf 89' lang='grc'><strong>,</strong></span> <span class='ocrx_word' id='word_1_409' title='bbox 3222 2277 3314 2330; x_wconf 77' lang='grc' dir='ltr'>τὸν</span> <span class='ocrx_word' id='word_1_410' title='bbox 3344 2276 3445 2331; x_wconf 74' lang='grc' dir='ltr'><strong>καὶ</strong></span> <span class='ocrx_word' id='word_1_411' title='bbox 3472 2277 3657 2331; x_wconf 55' lang='lat' dir='ltr'><strong>Wa.</strong></span> <span class='ocrx_word' id='word_1_412' title='bbox 3679 2280 3736 2331; x_wconf 67' lang='grc' dir='ltr'>τὺ</span> 
     </span>
    </p>
   </div>
   <div class='ocr_carea' id='block_1_54' title="bbox 2135 2369 3737 2441">
    <p class='ocr_par' dir='ltr' id='par_1_54' title="bbox 2135 2369 3737 2441">
     <span class='ocr_line' id='line_1_54' title="bbox 2135 2369 3737 2441; baseline 0.002 -20"><span class='ocrx_word' id='word_1_413' title='bbox 2135 2369 2357 2440; x_wconf 88' lang='grc' dir='ltr'>Πνεῦμα</span> <span class='ocrx_word' id='word_1_414' title='bbox 2390 2369 2553 2422; x_wconf 80' lang='grc' dir='ltr'>αὑτοῦ</span> <span class='ocrx_word' id='word_1_415' title='bbox 2593 2369 2655 2423; x_wconf 80' lang='grc' dir='ltr'><strong>τὸ</strong></span> <span class='ocrx_word' id='word_1_416' title='bbox 2700 2369 2853 2437; x_wconf 77' lang='grc' dir='ltr'>ἅγιον</span> <span class='ocrx_word' id='word_1_417' title='bbox 2898 2372 2979 2434; x_wconf 86' lang='grc' dir='ltr'>εἰς</span> <span class='ocrx_word' id='word_1_418' title='bbox 3019 2371 3164 2441; x_wconf 74' lang='grc' dir='ltr'>ὑμᾶς</span> <span class='ocrx_word' id='word_1_419' title='bbox 3190 2369 3320 2439; x_wconf 85' lang='grc'>(76).</span> <span class='ocrx_word' id='word_1_420' title='bbox 3364 2389 3385 2421; x_wconf 78' lang='grc' dir='ltr'><strong>ι</strong></span> <span class='ocrx_word' id='word_1_421' title='bbox 3427 2371 3542 2423; x_wconf 72' lang='grc' dir='ltr'><strong>Διά</strong></span> <span class='ocrx_word' id='word_1_422' title='bbox 3573 2371 3737 2425; x_wconf 71' lang='grc' dir='ltr'>τοῦτο</span> 
     </span>
    </p>
   </div>
   <div class='ocr_carea' id='block_1_55' title="bbox 2138 2459 3738 2534">
    <p class='ocr_par' dir='ltr' id='par_1_55' title="bbox 2138 2459 3738 2534">
     <span class='ocr_line' id='line_1_55' title="bbox 2138 2459 3738 2534; baseline 0.001 -18"><span class='ocrx_word' id='word_1_423' title='bbox 2138 2459 2231 2516; x_wconf 79' lang='grc' dir='ltr'><strong>οῦν</strong></span> <span class='ocrx_word' id='word_1_424' title='bbox 2265 2462 2355 2515; x_wconf 79' lang='grc' dir='ltr'><strong>τὸν</strong></span> <span class='ocrx_word' id='word_1_425' title='bbox 2382 2463 2651 2534; x_wconf 64' lang='grc' dir='ltr'>ἁγιασμόν</span> <span class='ocrx_word' id='word_1_426' title='bbox 2678 2463 2787 2534; x_wconf 84' lang='grc'>(77)</span> <span class='ocrx_word' id='word_1_427' title='bbox 2827 2463 2983 2534; x_wconf 82' lang='grc' dir='ltr'>ἡμῶν</span> <span class='ocrx_word' id='word_1_428' title='bbox 3027 2464 3129 2517; x_wconf 79' lang='grc' dir='ltr'><strong>οὐκ</strong></span> <span class='ocrx_word' id='word_1_429' title='bbox 3176 2461 3427 2532; x_wconf 77' lang='grc' dir='ltr'><strong>ἐκωλύθη</strong></span> <span class='ocrx_word' id='word_1_430' title='bbox 3456 2463 3677 2516; x_wconf 65' lang='grc' dir='ltr'>παθεῖν</span> <span class='ocrx_word' id='word_1_431' title='bbox 3709 2466 3738 2518; x_wconf 71' lang='grc' dir='ltr'><strong>ὁ</strong></span> 
     </span>
    </p>
   </div>
   <div class='ocr_carea' id='block_1_56' title="bbox 2134 2554 3736 2626">
    <p class='ocr_par' dir='ltr' id='par_1_56' title="bbox 2134 2554 3736 2626">
     <span class='ocr_line' id='line_1_56' title="bbox 2134 2554 3736 2626; baseline 0.001 -19"><span class='ocrx_word' id='word_1_432' title='bbox 2134 2554 2356 2626; x_wconf 64' lang='grc' dir='ltr'>Κύριος.</span> <span class='ocrx_word' id='word_1_433' title='bbox 2386 2555 2449 2607; x_wconf 82' lang='grc' dir='ltr'><strong>Εἰ</strong></span> <span class='ocrx_word' id='word_1_434' title='bbox 2487 2554 2686 2617; x_wconf 83' lang='grc' dir='ltr'>τοίνυν,</span> <span class='ocrx_word' id='word_1_435' title='bbox 2720 2554 3152 2626; x_wconf 84' lang='grc' dir='ltr'>ἀπολογούμενὸς</span> <span class='ocrx_word' id='word_1_436' title='bbox 3176 2571 3260 2618; x_wconf 90' lang='grc' dir='ltr'><strong>τις</strong></span> <span class='ocrx_word' id='word_1_437' title='bbox 3303 2554 3489 2608; x_wconf 69' lang='grc' dir='ltr'>αὐτῶν</span> <span class='ocrx_word' id='word_1_438' title='bbox 3510 2595 3532 2619; x_wconf 84' lang='grc'><strong>,</strong></span> <span class='ocrx_word' id='word_1_439' title='bbox 3586 2555 3736 2624; x_wconf 77' lang='grc' dir='ltr'>λέγοι</span> 
     </span>
    </p>
   </div>
   <div class='ocr_carea' id='block_1_57' title="bbox 2133 2644 3737 2719">
    <p class='ocr_par' dir='ltr' id='par_1_57' title="bbox 2133 2644 3737 2719">
     <span class='ocr_line' id='line_1_57' title="bbox 2133 2644 3737 2719; baseline 0.001 -20"><span class='ocrx_word' id='word_1_440' title='bbox 2133 2644 2449 2710; x_wconf 71' lang='grc' dir='ltr'>κολάζεσθαι</span> <span class='ocrx_word' id='word_1_441' title='bbox 2496 2646 2592 2715; x_wconf 77' lang='grc' dir='ltr'><strong>μὲν</strong></span> <span class='ocrx_word' id='word_1_442' title='bbox 2620 2646 2711 2699; x_wconf 70' lang='grc' dir='ltr'>τὸν</span> <span class='ocrx_word' id='word_1_443' title='bbox 2742 2646 2995 2719; x_wconf 85' lang='grc' dir='ltr'>μάρτυρα</span> <span class='ocrx_word' id='word_1_444' title='bbox 3026 2645 3116 2698; x_wconf 74' lang='grc' dir='ltr'><strong>διὰ</strong></span> <span class='ocrx_word' id='word_1_445' title='bbox 3140 2645 3240 2708; x_wconf 78' lang='grc' dir='ltr'>τὰς</span> <span class='ocrx_word' id='word_1_446' title='bbox 3282 2645 3392 2716; x_wconf 77' lang='grc' dir='ltr'><strong>πρὸ</strong></span> <span class='ocrx_word' id='word_1_447' title='bbox 3424 2646 3611 2716; x_wconf 77' lang='grc' dir='ltr'>τῆσδε</span> <span class='ocrx_word' id='word_1_448' title='bbox 3639 2647 3737 2717; x_wconf 74' lang='grc' dir='ltr'>τῆς</span> 
     </span>
    </p>
   </div>
   <div class='ocr_carea' id='block_1_58' title="bbox 2132 2736 3736 2809">
    <p class='ocr_par' dir='ltr' id='par_1_58' title="bbox 2132 2736 3736 2809">
     <span class='ocr_line' id='line_1_58' title="bbox 2132 2736 3736 2809; baseline 0.001 -18"><span class='ocrx_word' id='word_1_449' title='bbox 2132 2737 2570 2807; x_wconf 77' lang='grc' dir='ltr'>ἐνσωματώσεως</span> <span class='ocrx_word' id='word_1_450' title='bbox 2612 2738 2915 2809; x_wconf 82' lang='grc' dir='ltr'>ἁμαρτίας,</span> <span class='ocrx_word' id='word_1_451' title='bbox 2958 2737 3048 2791; x_wconf 75' lang='grc' dir='ltr'>τὸν</span> <span class='ocrx_word' id='word_1_452' title='bbox 3094 2737 3311 2808; x_wconf 78' lang='grc' dir='ltr'>καρπὸν</span> <span class='ocrx_word' id='word_1_453' title='bbox 3346 2736 3405 2789; x_wconf 88' lang='grc' dir='ltr'>δὲ</span> <span class='ocrx_word' id='word_1_454' title='bbox 3444 2738 3555 2808; x_wconf 76' lang='grc' dir='ltr'>τῆς</span> <span class='ocrx_word' id='word_1_455' title='bbox 3591 2739 3736 2792; x_wconf 74' lang='grc' dir='ltr'><strong>κατᾶ</strong></span> 
     </span>
    </p>
   </div>
   <div class='ocr_carea' id='block_1_59' title="bbox 2129 2826 3737 2902">
    <p class='ocr_par' dir='ltr' id='par_1_59' title="bbox 2129 2826 3737 2902">
     <span class='ocr_line' id='line_1_59' title="bbox 2129 2826 3737 2902; baseline -0.001 -18"><span class='ocrx_word' id='word_1_456' title='bbox 2129 2830 2279 2884; x_wconf 83' lang='grc' dir='ltr'>τόνδε</span> <span class='ocrx_word' id='word_1_457' title='bbox 2312 2831 2403 2883; x_wconf 82' lang='grc' dir='ltr'>τὸν</span> <span class='ocrx_word' id='word_1_458' title='bbox 2431 2829 2543 2901; x_wconf 82' lang='grc' dir='ltr'>βίον</span> <span class='ocrx_word' id='word_1_459' title='bbox 2572 2830 2846 2894; x_wconf 80' lang='grc' dir='ltr'>πολιτείας</span> <span class='ocrx_word' id='word_1_460' title='bbox 2886 2826 3043 2893; x_wconf 80' lang='grc' dir='ltr'>αὖθις</span> <span class='ocrx_word' id='word_1_461' title='bbox 3090 2828 3468 2902; x_wconf 75' lang='grc' dir='ltr'>ἀπολήψεσθαι</span> <span class='ocrx_word' id='word_1_462' title='bbox 3489 2845 3505 2859; x_wconf 85' lang='grc'><strong>·</strong></span> <span class='ocrx_word' id='word_1_463' title='bbox 3589 2830 3737 2883; x_wconf 72' lang='grc' dir='ltr'>οὕτω</span> 
     </span>
    </p>
   </div>
   <div class='ocr_carea' id='block_1_60' title="bbox 2134 2921 3734 2995">
    <p class='ocr_par' dir='ltr' id='par_1_60' title="bbox 2134 2921 3734 2995">
     <span class='ocr_line' id='line_1_60' title="bbox 2134 2921 3734 2995; baseline -0.001 -18"><span class='ocrx_word' id='word_1_464' title='bbox 2134 2922 2239 2993; x_wconf 76' lang='grc' dir='ltr'>γὰρ</span> <span class='ocrx_word' id='word_1_465' title='bbox 2280 2922 2625 2995; x_wconf 83' lang='grc' dir='ltr'>διατετάχθαι</span> <span class='ocrx_word' id='word_1_466' title='bbox 2664 2923 2763 2995; x_wconf 84' lang='grc' dir='ltr'>τὴν</span> <span class='ocrx_word' id='word_1_467' title='bbox 2818 2922 3111 2995; x_wconf 85' lang='grc' dir='ltr'>διοίκησιν·</span> <span class='ocrx_word' id='word_1_468' title='bbox 3164 2921 3479 2993; x_wconf 82' lang='grc' dir='ltr'>πευσόμεθα</span> <span class='ocrx_word' id='word_1_469' title='bbox 3524 2922 3734 2983; x_wconf 71' lang='grc' dir='ltr'>αὐτοῦ,</span> 
     </span>
    </p>
   </div>
   <div class='ocr_carea' id='block_1_61' title="bbox 2131 3014 3734 3088">
    <p class='ocr_par' dir='ltr' id='par_1_61' title="bbox 2131 3014 3734 3088">
     <span class='ocr_line' id='line_1_61' title="bbox 2131 3014 3734 3088; baseline -0.002 -18"><span class='ocrx_word' id='word_1_470' title='bbox 2131 3017 2180 3070; x_wconf 84' lang='grc' dir='ltr'><strong>εί</strong></span> <span class='ocrx_word' id='word_1_471' title='bbox 2208 3019 2274 3072; x_wconf 69' lang='grc' dir='ltr'>ἐκ</span> <span class='ocrx_word' id='word_1_472' title='bbox 2295 3015 2552 3086; x_wconf 78' lang='grc' dir='ltr'>προνοίας</span> <span class='ocrx_word' id='word_1_473' title='bbox 2577 3016 2788 3085; x_wconf 86' lang='grc' dir='ltr'>γίνεται</span> <span class='ocrx_word' id='word_1_474' title='bbox 2817 3018 2850 3088; x_wconf 77' lang='grc' dir='ltr'><strong>ἠ</strong></span> <span class='ocrx_word' id='word_1_475' title='bbox 2875 3015 3246 3080; x_wconf 80' lang='grc' dir='ltr'>ἀνταπόδοσις.</span> <span class='ocrx_word' id='word_1_476' title='bbox 3273 3016 3337 3069; x_wconf 76' lang='lat' dir='ltr'><strong>Ei</strong></span> <span class='ocrx_word' id='word_1_477' title='bbox 3369 3014 3475 3086; x_wconf 79' lang='grc' dir='ltr'><strong>μὲν</strong></span> <span class='ocrx_word' id='word_1_478' title='bbox 3500 3014 3632 3086; x_wconf 70' lang='grc' dir='ltr'><strong>γὰρ</strong></span> <span class='ocrx_word' id='word_1_479' title='bbox 3660 3015 3734 3085; x_wconf 80' lang='grc' dir='ltr'>μὴ</span> 
     </span>
    </p>
   </div>
   <div class='ocr_carea' id='block_1_62' title="bbox 2131 3108 3734 3182">
    <p class='ocr_par' dir='ltr' id='par_1_62' title="bbox 2131 3108 3734 3182">
     <span class='ocr_line' id='line_1_62' title="bbox 2131 3108 3734 3182; baseline 0.002 -22"><span class='ocrx_word' id='word_1_480' title='bbox 2131 3108 2214 3179; x_wconf 79' lang='grc' dir='ltr'><strong>εἴη</strong></span> <span class='ocrx_word' id='word_1_481' title='bbox 2260 3110 2359 3180; x_wconf 83' lang='grc' dir='ltr'>τῆς</span> <span class='ocrx_word' id='word_1_482' title='bbox 2397 3108 2547 3173; x_wconf 84' lang='grc' dir='ltr'>θείας</span> <span class='ocrx_word' id='word_1_483' title='bbox 2587 3110 2939 3182; x_wconf 78' lang='grc' dir='ltr'>διοικήσεως,</span> <span class='ocrx_word' id='word_1_484' title='bbox 2979 3110 3243 3181; x_wconf 83' lang='grc' dir='ltr'>οἵχεταιή</span> <span class='ocrx_word' id='word_1_485' title='bbox 3285 3108 3585 3178; x_wconf 84' lang='grc' dir='ltr'>οίκονομία</span> <span class='ocrx_word' id='word_1_486' title='bbox 3618 3108 3734 3163; x_wconf 73' lang='grc' dir='ltr'>τῶν</span> 
     </span>
    </p>
   </div>
   <div class='ocr_carea' id='block_1_63' title="bbox 2130 3198 3731 3273">
    <p class='ocr_par' dir='ltr' id='par_1_63' title="bbox 2130 3198 3731 3273">
     <span class='ocr_line' id='line_1_63' title="bbox 2130 3198 3731 3273; baseline 0.001 -21"><span class='ocrx_word' id='word_1_487' title='bbox 2130 3198 2472 3271; x_wconf 83' lang='grc' dir='ltr'>καθαρσίων,</span> <span class='ocrx_word' id='word_1_488' title='bbox 2503 3201 2597 3255; x_wconf 73' lang='grc' dir='ltr'><strong>καὶ</strong></span> <span class='ocrx_word' id='word_1_489' title='bbox 2631 3202 2922 3255; x_wconf 81' lang='grc' dir='ltr'>πέπτωκεν</span> <span class='ocrx_word' id='word_1_490' title='bbox 2960 3204 2993 3273; x_wconf 86' lang='grc' dir='ltr'><strong>ή</strong></span> <span class='ocrx_word' id='word_1_491' title='bbox 3030 3199 3284 3265; x_wconf 82' lang='grc' dir='ltr'>ὑπόθεσις</span> <span class='ocrx_word' id='word_1_492' title='bbox 3315 3202 3506 3263; x_wconf 75' lang='grc' dir='ltr'>αὐτοῖς</span> <span class='ocrx_word' id='word_1_493' title='bbox 3531 3217 3549 3230; x_wconf 85' lang='grc'><strong>·</strong></span> <span class='ocrx_word' id='word_1_494' title='bbox 3591 3203 3646 3253; x_wconf 80' lang='grc' dir='ltr'>εἰ</span> <span class='ocrx_word' id='word_1_495' title='bbox 3674 3200 3731 3254; x_wconf 74' lang='grc' dir='ltr'>δι</span> 
     </span>
    </p>
   </div>
   <div class='ocr_carea' id='block_1_64' title="bbox 457 3265 2031 3364">
    <p class='ocr_par' dir='ltr' id='par_1_64' title="bbox 457 3276 2023 3355">
     <span class='ocr_line' id='line_1_64' title="bbox 457 3276 2023 3355; baseline -0.006 -10"><span class='ocrx_word' id='word_1_496' title='bbox 457 3276 668 3354; x_wconf 66' lang='lat' dir='ltr'><strong>ditiam,</strong></span> <span class='ocrx_word' id='word_1_497' title='bbox 714 3287 809 3344; x_wconf 89' lang='lat' dir='ltr'><strong>sed</strong></span> <span class='ocrx_word' id='word_1_498' title='bbox 854 3286 909 3340; x_wconf 86' lang='lat' dir='ltr'><strong>in</strong></span> <span class='ocrx_word' id='word_1_499' title='bbox 955 3284 1406 3349; x_wconf 81' lang='lat' dir='ltr'><strong>sanctiﬁcatione.</strong></span> <span class='ocrx_word' id='word_1_500' title='bbox 1456 3283 1643 3355; x_wconf 76' lang='lat' dir='ltr'><strong>Itaqpe</strong></span> <span class='ocrx_word' id='word_1_501' title='bbox 1665 3283 1758 3352; x_wconf 92' lang='lat' dir='ltr'><strong>qui</strong></span> <span class='ocrx_word' id='word_1_502' title='bbox 1796 3282 2023 3352; x_wconf 89' lang='lat' dir='ltr'><strong>spernit,</strong></span> 
     </span>
    </p>
   </div>
   <div class='ocr_carea' id='block_1_65' title="bbox 2137 3265 3729 3364">
    <p class='ocr_par' dir='ltr' id='par_1_65' title="bbox 2137 3288 3729 3364">
     <span class='ocr_line' id='line_1_65' title="bbox 2137 3288 3729 3364; baseline -0.001 -21"><span class='ocrx_word' id='word_1_503' title='bbox 2137 3290 2195 3344; x_wconf 76' lang='grc' dir='ltr'>ὲκ</span> <span class='ocrx_word' id='word_1_504' title='bbox 2220 3290 2473 3363; x_wconf 83' lang='grc' dir='ltr'>προνοίας</span> <span class='ocrx_word' id='word_1_505' title='bbox 2495 3290 2564 3344; x_wconf 84' lang='grc' dir='ltr'>τὰ</span> <span class='ocrx_word' id='word_1_506' title='bbox 2594 3290 2897 3364; x_wconf 83' lang='grc' dir='ltr'>καθάρσια,</span> <span class='ocrx_word' id='word_1_507' title='bbox 2943 3293 3010 3344; x_wconf 81' lang='grc' dir='ltr'>ὲκ</span> <span class='ocrx_word' id='word_1_508' title='bbox 3050 3289 3308 3361; x_wconf 83' lang='grc' dir='ltr'>προνοίας</span> <span class='ocrx_word' id='word_1_509' title='bbox 3339 3288 3437 3342; x_wconf 79' lang='grc' dir='ltr'><strong>καὶ</strong></span> <span class='ocrx_word' id='word_1_510' title='bbox 3464 3288 3523 3341; x_wconf 85' lang='grc' dir='ltr'>αἱ</span> <span class='ocrx_word' id='word_1_511' title='bbox 3554 3288 3729 3342; x_wconf 67' lang='grc' dir='ltr'>κολά-</span> 
     </span>
    </p>
   </div>
   <div class='ocr_carea' id='block_1_66' title="bbox 458 3375 2027 3451">
    <p class='ocr_par' dir='ltr' id='par_1_66' title="bbox 458 3375 2027 3451">
     <span class='ocr_line' id='line_1_66' title="bbox 458 3375 2027 3451; baseline -0.007 -13"><span class='ocrx_word' id='word_1_512' title='bbox 458 3399 567 3440; x_wconf 89' lang='lat' dir='ltr'><strong>non</strong></span> <span class='ocrx_word' id='word_1_513' title='bbox 596 3383 870 3439; x_wconf 89' lang='lat' dir='ltr'><strong>hominem</strong></span> <span class='ocrx_word' id='word_1_514' title='bbox 897 3381 1126 3451; x_wconf 88' lang='lat' dir='ltr'><strong>spernit,</strong></span> <span class='ocrx_word' id='word_1_515' title='bbox 1181 3379 1274 3434; x_wconf 88' lang='lat' dir='ltr'><strong>sed</strong></span> <span class='ocrx_word' id='word_1_516' title='bbox 1321 3377 1523 3441; x_wconf 81' lang='lat' dir='ltr'><strong>Deum,</strong></span> <span class='ocrx_word' id='word_1_517' title='bbox 1551 3376 1648 3447; x_wconf 90' lang='lat' dir='ltr'><strong>qui</strong></span> <span class='ocrx_word' id='word_1_518' title='bbox 1693 3376 1843 3431; x_wconf 87' lang='lat' dir='ltr'><strong>dedit</strong></span> <span class='ocrx_word' id='word_1_519' title='bbox 1870 3375 2027 3429; x_wconf 87' lang='lat' dir='ltr'><strong>vobis</strong></span> 
     </span>
    </p>
   </div>
   <div class='ocr_carea' id='block_1_67' title="bbox 460 3468 2027 3547">
    <p class='ocr_par' dir='ltr' id='par_1_67' title="bbox 460 3468 2027 3547">
     <span class='ocr_line' id='line_1_67' title="bbox 460 3468 2027 3547; baseline -0.008 -16"><span class='ocrx_word' id='word_1_520' title='bbox 460 3476 723 3547; x_wconf 86' lang='lat' dir='ltr'><strong>Spiritum</strong></span> <span class='ocrx_word' id='word_1_521' title='bbox 750 3489 910 3530; x_wconf 90' lang='lat' dir='ltr'><strong>suum</strong></span> <span class='ocrx_word' id='word_1_522' title='bbox 940 3482 1188 3527; x_wconf 85' lang='lat' dir='ltr'><strong>sanctum</strong></span> <span class='ocrx_word' id='word_1_523' title='bbox 1214 3471 1262 3525; x_wconf 71' lang='grc' dir='ltr'><strong>ι).</strong></span> <span class='ocrx_word' id='word_1_524' title='bbox 1289 3489 1308 3521; x_wconf 74' lang='grc' dir='ltr'><strong>ι</strong></span> <span class='ocrx_word' id='word_1_525' title='bbox 1332 3468 1559 3537; x_wconf 88' lang='lat' dir='ltr'><strong>Propter</strong></span> <span class='ocrx_word' id='word_1_526' title='bbox 1584 3468 1728 3522; x_wconf 88' lang='lat' dir='ltr'><strong>hanc</strong></span> <span class='ocrx_word' id='word_1_527' title='bbox 1741 3481 1870 3538; x_wconf 85' lang='lat' dir='ltr'><strong>ergo</strong></span> <span class='ocrx_word' id='word_1_528' title='bbox 1899 3481 2027 3520; x_wconf 81' lang='lat' dir='ltr'><strong>san-</strong></span> 
     </span>
    </p>
   </div>
   <div class='ocr_carea' id='block_1_68' title="bbox 458 3555 2029 3630">
    <p class='ocr_par' dir='ltr' id='par_1_68' title="bbox 458 3555 2029 3630">
     <span class='ocr_line' id='line_1_68' title="bbox 458 3555 2029 3630; baseline -0.008 -7"><span class='ocrx_word' id='word_1_529' title='bbox 458 3567 851 3623; x_wconf 74' lang='lat' dir='ltr'><strong>ctilicationem.</strong></span> <span class='ocrx_word' id='word_1_530' title='bbox 872 3575 1115 3619; x_wconf 86' lang='lat' dir='ltr'><strong>nostram</strong></span> <span class='ocrx_word' id='word_1_531' title='bbox 1168 3576 1276 3615; x_wconf 91' lang='lat' dir='ltr'><strong>non</strong></span> <span class='ocrx_word' id='word_1_532' title='bbox 1303 3560 1607 3630; x_wconf 86' lang='lat' dir='ltr'><strong>prohibitus</strong></span> <span class='ocrx_word' id='word_1_533' title='bbox 1644 3556 1748 3611; x_wconf 81' lang='lat' dir='ltr'><strong>iuit</strong></span> <span class='ocrx_word' id='word_1_534' title='bbox 1778 3557 1886 3626; x_wconf 86' lang='lat' dir='ltr'><strong>pati</strong></span> <span class='ocrx_word' id='word_1_535' title='bbox 1917 3555 2029 3611; x_wconf 84' lang='lat' dir='ltr'><strong>Do-</strong></span> 
     </span>
    </p>
   </div>
   <div class='ocr_carea' id='block_1_69' title="bbox 458 3650 2024 3728">
    <p class='ocr_par' dir='ltr' id='par_1_69' title="bbox 458 3650 2024 3728">
     <span class='ocr_line' id='line_1_69' title="bbox 458 3650 2024 3728; baseline -0.008 -12"><span class='ocrx_word' id='word_1_536' title='bbox 458 3660 663 3715; x_wconf 89' lang='lat' dir='ltr'><strong>minus.</strong></span> <span class='ocrx_word' id='word_1_537' title='bbox 707 3656 767 3714; x_wconf 88' lang='lat' dir='ltr'><strong>Si</strong></span> <span class='ocrx_word' id='word_1_538' title='bbox 798 3657 924 3728; x_wconf 91' lang='lat' dir='ltr'><strong>quis</strong></span> <span class='ocrx_word' id='word_1_539' title='bbox 947 3664 1125 3710; x_wconf 86' lang='lat' dir='ltr'><strong>autem</strong></span> <span class='ocrx_word' id='word_1_540' title='bbox 1151 3667 1220 3709; x_wconf 81' lang='lat' dir='ltr'><strong>ex</strong></span> <span class='ocrx_word' id='word_1_541' title='bbox 1253 3652 1333 3708; x_wconf 87' lang='lat' dir='ltr'><strong>eis</strong></span> <span class='ocrx_word' id='word_1_542' title='bbox 1355 3650 1714 3720; x_wconf 79' lang='lat' dir='ltr'><strong>reSpondens,</strong></span> <span class='ocrx_word' id='word_1_543' title='bbox 1750 3650 1897 3705; x_wconf 86' lang='lat' dir='ltr'><strong>dicat</strong></span> <span class='ocrx_word' id='word_1_544' title='bbox 1924 3664 2024 3719; x_wconf 85' lang='lat' dir='ltr'><strong>pu-</strong></span> 
     </span>
    </p>
   </div>
   <div class='ocr_carea' id='block_1_70' title="bbox 457 3749 2024 3823">
    <p class='ocr_par' dir='ltr' id='par_1_70' title="bbox 457 3749 2024 3823">
     <span class='ocr_line' id='line_1_70' title="bbox 457 3749 2024 3823; baseline -0.007 -15"><span class='ocrx_word' id='word_1_545' title='bbox 457 3753 565 3809; x_wconf 88' lang='lat' dir='ltr'><strong>niri</strong></span> <span class='ocrx_word' id='word_1_546' title='bbox 592 3751 812 3823; x_wconf 90' lang='lat' dir='ltr'><strong>quidem</strong></span> <span class='ocrx_word' id='word_1_547' title='bbox 855 3758 1150 3820; x_wconf 84' lang='lat' dir='ltr'><strong>martyrem</strong></span> <span class='ocrx_word' id='word_1_548' title='bbox 1195 3754 1418 3816; x_wconf 83' lang='lat' dir='ltr'><strong>propter</strong></span> <span class='ocrx_word' id='word_1_549' title='bbox 1462 3752 1683 3813; x_wconf 85' lang='lat' dir='ltr'><strong>peccata</strong></span> <span class='ocrx_word' id='word_1_550' title='bbox 1724 3758 1848 3812; x_wconf 69' lang='lat' dir='ltr'><strong>qua:</strong></span> <span class='ocrx_word' id='word_1_551' title='bbox 1894 3749 2024 3798; x_wconf 89' lang='lat' dir='ltr'><strong>sunt</strong></span> 
     </span>
    </p>
   </div>
   <div class='ocr_carea' id='block_1_71' title="bbox 457 3829 2025 3905">
    <p class='ocr_par' dir='ltr' id='par_1_71' title="bbox 457 3829 2025 3905">
     <span class='ocr_line' id='line_1_71' title="bbox 457 3829 2025 3905; baseline -0.009 -5"><span class='ocrx_word' id='word_1_552' title='bbox 457 3842 695 3900; x_wconf 88' lang='lat' dir='ltr'><strong>admissa</strong></span> <span class='ocrx_word' id='word_1_553' title='bbox 735 3850 862 3896; x_wconf 87' lang='lat' dir='ltr'><strong>ante</strong></span> <span class='ocrx_word' id='word_1_554' title='bbox 891 3840 1032 3894; x_wconf 88' lang='lat' dir='ltr'><strong>hanc</strong></span> <span class='ocrx_word' id='word_1_555' title='bbox 1089 3836 1144 3890; x_wconf 88' lang='lat' dir='ltr'><strong>in</strong></span> <span class='ocrx_word' id='word_1_556' title='bbox 1194 3850 1394 3905; x_wconf 88' lang='lat' dir='ltr'><strong>corpus</strong></span> <span class='ocrx_word' id='word_1_557' title='bbox 1444 3833 1860 3901; x_wconf 70' lang='lat' dir='ltr'><strong>migrationem;</strong></span> <span class='ocrx_word' id='word_1_558' title='bbox 1915 3829 2025 3886; x_wconf 65' lang='grc' dir='ltr'>ἰτα-</span> 
     </span>
    </p>
   </div>
   <div class='ocr_carea' id='block_1_72' title="bbox 456 3924 2024 4001">
    <p class='ocr_par' dir='ltr' id='par_1_72' title="bbox 456 3924 2024 4001">
     <span class='ocr_line' id='line_1_72' title="bbox 456 3924 2024 4001; baseline -0.008 -10"><span class='ocrx_word' id='word_1_559' title='bbox 456 3945 602 3991; x_wconf 90' lang='lat' dir='ltr'><strong>ctum</strong></span> <span class='ocrx_word' id='word_1_560' title='bbox 649 3944 828 3990; x_wconf 90' lang='lat' dir='ltr'><strong>autem</strong></span> <span class='ocrx_word' id='word_1_561' title='bbox 853 3929 1080 4001; x_wconf 88' lang='lat' dir='ltr'><strong>posthac</strong></span> <span class='ocrx_word' id='word_1_562' title='bbox 1105 3942 1228 3982; x_wconf 89' lang='lat' dir='ltr'><strong>esse</strong></span> <span class='ocrx_word' id='word_1_563' title='bbox 1279 3936 1661 3995; x_wconf 88' lang='lat' dir='ltr'><strong>percepturum</strong></span> <span class='ocrx_word' id='word_1_564' title='bbox 1709 3924 1866 3989; x_wconf 63' lang='lat' dir='ltr'><strong>vitae,</strong></span> <span class='ocrx_word' id='word_1_565' title='bbox 1899 3939 2024 3993; x_wconf 80' lang='lat' dir='ltr'><strong>quae</strong></span> 
     </span>
    </p>
   </div>
   <div class='ocr_carea' id='block_1_73' title="bbox 442 4014 2024 4099">
    <p class='ocr_par' dir='ltr' id='par_1_73' title="bbox 442 4014 2024 4099">
     <span class='ocr_line' id='line_1_73' title="bbox 442 4014 2024 4099; baseline -0.009 -17"><span class='ocrx_word' id='word_1_566' title='bbox 442 4027 548 4099; x_wconf 37' lang='lat' dir='ltr'><strong>.hic</strong></span> <span class='ocrx_word' id='word_1_567' title='bbox 598 4021 969 4080; x_wconf 82' lang='lat' dir='ltr'><strong>aeta.fuerit:</strong></span> <span class='ocrx_word' id='word_1_568' title='bbox 1019 4020 1100 4075; x_wconf 86' lang='lat' dir='ltr'><strong>sic</strong></span> <span class='ocrx_word' id='word_1_569' title='bbox 1144 4018 1290 4073; x_wconf 90' lang='lat' dir='ltr'><strong>enim</strong></span> <span class='ocrx_word' id='word_1_570' title='bbox 1326 4014 1695 4071; x_wconf 77' lang='lat' dir='ltr'><strong>constitutam</strong></span> <span class='ocrx_word' id='word_1_571' title='bbox 1750 4028 1872 4068; x_wconf 88' lang='lat' dir='ltr'><strong>esse</strong></span> <span class='ocrx_word' id='word_1_572' title='bbox 1928 4014 2024 4068; x_wconf 88' lang='lat' dir='ltr'><strong>ad-</strong></span> 
     </span>
    </p>
   </div>
   <div class='ocr_carea' id='block_1_74' title="bbox 378 4103 2026 4191">
    <p class='ocr_par' dir='ltr' id='par_1_74' title="bbox 378 4103 2026 4191">
     <span class='ocr_line' id='line_1_74' title="bbox 378 4103 2026 4191; baseline -0.01 -17"><span class='ocrx_word' id='word_1_573' title='bbox 378 4170 385 4191; x_wconf 65' lang='grc'><em>,</em></span> <span class='ocrx_word' id='word_1_574' title='bbox 454 4114 948 4173; x_wconf 86' lang='lat' dir='ltr'><strong>ministrationem:</strong></span> <span class='ocrx_word' id='word_1_575' title='bbox 979 4125 1104 4166; x_wconf 89' lang='lat' dir='ltr'><strong>eum</strong></span> <span class='ocrx_word' id='word_1_576' title='bbox 1140 4107 1455 4178; x_wconf 82' lang='lat' dir='ltr'><strong>rogabimus</strong></span> <span class='ocrx_word' id='word_1_577' title='bbox 1505 4120 1575 4159; x_wconf 90' lang='lat' dir='ltr'><strong>an</strong></span> <span class='ocrx_word' id='word_1_578' title='bbox 1606 4103 1892 4160; x_wconf 88' lang='lat' dir='ltr'><strong>retributio</strong></span> <span class='ocrx_word' id='word_1_579' title='bbox 1931 4105 2026 4159; x_wconf 88' lang='lat' dir='ltr'><strong>liat</strong></span> 
     </span>
    </p>
   </div>
   <div class='ocr_carea' id='block_1_75' title="bbox 453 4195 2024 4280">
    <p class='ocr_par' dir='ltr' id='par_1_75' title="bbox 453 4195 2024 4280">
     <span class='ocr_line' id='line_1_75' title="bbox 453 4195 2024 4280; baseline -0.011 -13"><span class='ocrx_word' id='word_1_580' title='bbox 453 4226 521 4267; x_wconf 80' lang='lat' dir='ltr'><strong>ex</strong></span> <span class='ocrx_word' id='word_1_581' title='bbox 570 4206 927 4280; x_wconf 85' lang='lat' dir='ltr'><strong>providentia.</strong></span> <span class='ocrx_word' id='word_1_582' title='bbox 955 4201 1091 4257; x_wconf 85' lang='lat' dir='ltr'><strong>Nam</strong></span> <span class='ocrx_word' id='word_1_583' title='bbox 1115 4201 1158 4256; x_wconf 89' lang='lat' dir='ltr'><strong>si</strong></span> <span class='ocrx_word' id='word_1_584' title='bbox 1190 4200 1407 4271; x_wconf 88' lang='lat' dir='ltr'><strong>quidem</strong></span> <span class='ocrx_word' id='word_1_585' title='bbox 1429 4212 1536 4253; x_wconf 91' lang='lat' dir='ltr'><strong>non</strong></span> <span class='ocrx_word' id='word_1_586' title='bbox 1553 4195 1718 4252; x_wconf 82' lang='lat' dir='ltr'><strong>fuerit</strong></span> <span class='ocrx_word' id='word_1_587' title='bbox 1740 4210 1807 4251; x_wconf 80' lang='lat' dir='ltr'><strong>ex</strong></span> <span class='ocrx_word' id='word_1_588' title='bbox 1839 4196 2024 4251; x_wconf 89' lang='lat' dir='ltr'><strong>divina</strong></span> 
     </span>
    </p>
   </div>
   <div class='ocr_carea' id='block_1_76' title="bbox 452 4288 2035 4365">
    <p class='ocr_par' dir='ltr' id='par_1_76' title="bbox 452 4288 2035 4365">
     <span class='ocr_line' id='line_1_76' title="bbox 452 4288 2035 4365; baseline -0.011 -7"><span class='ocrx_word' id='word_1_589' title='bbox 452 4299 948 4361; x_wconf 86' lang='lat' dir='ltr'><strong>administratione,</strong></span> <span class='ocrx_word' id='word_1_590' title='bbox 1000 4292 1141 4365; x_wconf 89' lang='lat' dir='ltr'><strong>perit</strong></span> <span class='ocrx_word' id='word_1_591' title='bbox 1165 4290 1455 4351; x_wconf 89' lang='lat' dir='ltr'><strong>consilium</strong></span> <span class='ocrx_word' id='word_1_592' title='bbox 1483 4296 1553 4344; x_wconf 80' lang='lat' dir='ltr'><strong>et’</strong></span> <span class='ocrx_word' id='word_1_593' title='bbox 1578 4288 1911 4357; x_wconf 86' lang='lat' dir='ltr'><strong>dispensatio</strong></span> <span class='ocrx_word' id='word_1_594' title='bbox 1936 4302 2035 4343; x_wconf 63' lang='grc' dir='ltr'><strong>ες·-</strong></span> 
     </span>
    </p>
   </div>
   <div class='ocr_carea' id='block_1_77' title="bbox 454 4380 2022 4465">
    <p class='ocr_par' dir='ltr' id='par_1_77' title="bbox 454 4380 2022 4465">
     <span class='ocr_line' id='line_1_77' title="bbox 454 4380 2022 4465; baseline -0.009 -15"><span class='ocrx_word' id='word_1_595' title='bbox 454 4392 734 4465; x_wconf 87' lang='lat' dir='ltr'><strong>piationis,</strong></span> <span class='ocrx_word' id='word_1_596' title='bbox 754 4399 810 4446; x_wconf 90' lang='lat' dir='ltr'><strong>et</strong></span> <span class='ocrx_word' id='word_1_597' title='bbox 830 4390 913 4445; x_wconf 90' lang='lat' dir='ltr'><strong>eis</strong></span> <span class='ocrx_word' id='word_1_598' title='bbox 938 4403 1037 4444; x_wconf 89' lang='lat' dir='ltr'><strong>sua</strong></span> <span class='ocrx_word' id='word_1_599' title='bbox 1080 4386 1284 4442; x_wconf 80' lang='lat' dir='ltr'><strong>excidit</strong></span> <span class='ocrx_word' id='word_1_600' title='bbox 1336 4382 1672 4455; x_wconf 86' lang='lat' dir='ltr'><strong>hypothesis.</strong></span> <span class='ocrx_word' id='word_1_601' title='bbox 1738 4380 1798 4436; x_wconf 89' lang='lat' dir='ltr'><strong>Si</strong></span> <span class='ocrx_word' id='word_1_602' title='bbox 1840 4392 2022 4437; x_wconf 87' lang='lat' dir='ltr'><strong>autem</strong></span> 
     </span>
    </p>
   </div>
   <div class='ocr_carea' id='block_1_78' title="bbox 2130 3381 3733 3454">
    <p class='ocr_par' dir='ltr' id='par_1_78' title="bbox 2130 3381 3733 3454">
     <span class='ocr_line' id='line_1_78' title="bbox 2130 3381 3733 3454; baseline -0.001 -19"><span class='ocrx_word' id='word_1_603' title='bbox 2130 3399 2261 3446; x_wconf 87' lang='grc' dir='ltr'>σεις.</span> <span class='ocrx_word' id='word_1_604' title='bbox 2299 3382 2363 3435; x_wconf 82' lang='grc' dir='ltr'><strong><em>Ἠ</em></strong></span> <span class='ocrx_word' id='word_1_605' title='bbox 2388 3383 2612 3452; x_wconf 84' lang='grc' dir='ltr'>πρόνοια</span> <span class='ocrx_word' id='word_1_606' title='bbox 2633 3383 2711 3448; x_wconf 76' lang='grc' dir='ltr'><strong>δὲ,</strong></span> <span class='ocrx_word' id='word_1_607' title='bbox 2746 3386 2793 3437; x_wconf 86' lang='grc' dir='ltr'><strong>εί</strong></span> <span class='ocrx_word' id='word_1_608' title='bbox 2823 3384 2917 3437; x_wconf 78' lang='grc' dir='ltr'><strong>καὶ</strong></span> <span class='ocrx_word' id='word_1_609' title='bbox 2941 3383 3050 3437; x_wconf 86' lang='grc' dir='ltr'><strong>ἀπὸ</strong></span> <span class='ocrx_word' id='word_1_610' title='bbox 3073 3382 3167 3437; x_wconf 86' lang='grc' dir='ltr'><strong>τοῦ</strong></span> <span class='ocrx_word' id='word_1_611' title='bbox 3196 3382 3479 3454; x_wconf 77' lang='grc' dir='ltr'>ἄρχοντος,</span> <span class='ocrx_word' id='word_1_612' title='bbox 3507 3381 3596 3443; x_wconf 80' lang='grc' dir='ltr'>ὡς</span> <span class='ocrx_word' id='word_1_613' title='bbox 3626 3381 3733 3449; x_wconf 67' lang='grc' dir='ltr'><strong>φά-</strong></span> 
     </span>
    </p>
   </div>
   <div class='ocr_carea' id='block_1_79' title="bbox 2128 3471 3727 3547">
    <p class='ocr_par' dir='ltr' id='par_1_79' title="bbox 2128 3471 3727 3547">
     <span class='ocr_line' id='line_1_79' title="bbox 2128 3471 3727 3547; baseline -0.002 -20"><span class='ocrx_word' id='word_1_614' title='bbox 2128 3491 2235 3539; x_wconf 85' lang='grc' dir='ltr'>ναι,</span> <span class='ocrx_word' id='word_1_615' title='bbox 2263 3474 2524 3528; x_wconf 75' lang='grc' dir='ltr'>κινεῖσθαι</span> <span class='ocrx_word' id='word_1_616' title='bbox 2540 3474 2786 3547; x_wconf 82' lang='grc' dir='ltr'>ἄρχεται,</span> <span class='ocrx_word' id='word_1_617' title='bbox 2813 3475 2926 3529; x_wconf 81' lang='grc' dir='ltr'>ἁλλ’</span> <span class='ocrx_word' id='word_1_618' title='bbox 2952 3473 3341 3546; x_wconf 83' lang='grc' dir='ltr'>ὲγκατεσπάρη</span> <span class='ocrx_word' id='word_1_619' title='bbox 3357 3475 3485 3535; x_wconf 87' lang='grc' dir='ltr'>ταῖς</span> <span class='ocrx_word' id='word_1_620' title='bbox 3502 3471 3727 3537; x_wconf 74' lang='grc' dir='ltr'>οὐσίαις</span> 
     </span>
    </p>
   </div>
   <div class='ocr_carea' id='block_1_80' title="bbox 2130 3562 3728 3636">
    <p class='ocr_par' dir='ltr' id='par_1_80' title="bbox 2130 3562 3728 3636">
     <span class='ocr_line' id='line_1_80' title="bbox 2130 3562 3728 3636; baseline -0.003 -17"><span class='ocrx_word' id='word_1_621' title='bbox 2130 3567 2227 3619; x_wconf 79' lang='grc' dir='ltr'><strong>σὺν</strong></span> <span class='ocrx_word' id='word_1_622' title='bbox 2259 3566 2354 3619; x_wconf 70' lang='grc' dir='ltr'><strong>καὶ</strong></span> <span class='ocrx_word' id='word_1_623' title='bbox 2396 3568 2462 3636; x_wconf 79' lang='grc' dir='ltr'>τῇ</span> <span class='ocrx_word' id='word_1_624' title='bbox 2495 3564 2604 3619; x_wconf 84' lang='grc' dir='ltr'><strong>τῶν</strong></span> <span class='ocrx_word' id='word_1_625' title='bbox 2644 3564 2841 3619; x_wconf 79' lang='grc' dir='ltr'>οὐσιῶν</span> <span class='ocrx_word' id='word_1_626' title='bbox 2879 3565 3091 3634; x_wconf 83' lang='grc' dir='ltr'>γενέσει</span> <span class='ocrx_word' id='word_1_627' title='bbox 3133 3562 3396 3636; x_wconf 78' lang='grc' dir='ltr'>πρὸςτοῦ</span> <span class='ocrx_word' id='word_1_628' title='bbox 3432 3562 3546 3615; x_wconf 81' lang='grc' dir='ltr'>τῶν</span> <span class='ocrx_word' id='word_1_629' title='bbox 3581 3563 3728 3616; x_wconf 76' lang='grc' dir='ltr'>ὅλων</span> 
     </span>
    </p>
   </div>
   <div class='ocr_carea' id='block_1_81' title="bbox 2126 3650 3727 3726">
    <p class='ocr_par' dir='ltr' id='par_1_81' title="bbox 2126 3650 3727 3726">
     <span class='ocr_line' id='line_1_81' title="bbox 2126 3650 3727 3726; baseline -0.001 -17"><span class='ocrx_word' id='word_1_630' title='bbox 2126 3656 2282 3710; x_wconf 89' lang='grc' dir='ltr'>Θεοῦ.</span> <span class='ocrx_word' id='word_1_631' title='bbox 2313 3650 2411 3709; x_wconf 87' lang='grc' dir='ltr'>Ὧν</span> <span class='ocrx_word' id='word_1_632' title='bbox 2438 3656 2609 3719; x_wconf 78' lang='grc' dir='ltr'>οὕτως</span> <span class='ocrx_word' id='word_1_633' title='bbox 2635 3656 2868 3726; x_wconf 75' lang='grc' dir='ltr'>ἐχόντων</span> <span class='ocrx_word' id='word_1_634' title='bbox 2885 3696 2901 3720; x_wconf 91' lang='grc'><strong>,</strong></span> <span class='ocrx_word' id='word_1_635' title='bbox 2941 3656 3152 3726; x_wconf 82' lang='grc' dir='ltr'>ἀνάγκη</span> <span class='ocrx_word' id='word_1_636' title='bbox 3190 3654 3477 3726; x_wconf 81' lang='grc' dir='ltr'>ὁμολογεῖν</span> <span class='ocrx_word' id='word_1_637' title='bbox 3512 3655 3727 3717; x_wconf 67' lang='grc' dir='ltr'>αὐτοὺς</span> 
     </span>
    </p>
   </div>
   <div class='ocr_carea' id='block_1_82' title="bbox 2126 3743 3726 3818">
    <p class='ocr_par' dir='ltr' id='par_1_82' title="bbox 2126 3743 3726 3818">
     <span class='ocr_line' id='line_1_82' title="bbox 2126 3743 3726 3818; baseline -0.001 -19"><span class='ocrx_word' id='word_1_638' title='bbox 2126 3746 2161 3818; x_wconf 80' lang='grc' dir='ltr'><strong>ἢ</strong></span> <span class='ocrx_word' id='word_1_639' title='bbox 2183 3746 2283 3817; x_wconf 85' lang='grc' dir='ltr'>τὴν</span> <span class='ocrx_word' id='word_1_640' title='bbox 2310 3747 2528 3801; x_wconf 79' lang='grc' dir='ltr'>κόλασιν</span> <span class='ocrx_word' id='word_1_641' title='bbox 2564 3746 2638 3817; x_wconf 89' lang='grc' dir='ltr'>μὴ</span> <span class='ocrx_word' id='word_1_642' title='bbox 2665 3743 2802 3801; x_wconf 82' lang='grc' dir='ltr'>εἶναι</span> <span class='ocrx_word' id='word_1_643' title='bbox 2830 3746 3032 3810; x_wconf 78' lang='grc' dir='ltr'>ἄδικον,</span> <span class='ocrx_word' id='word_1_644' title='bbox 3081 3747 3174 3800; x_wconf 77' lang='grc' dir='ltr'>καὶ</span> <span class='ocrx_word' id='word_1_645' title='bbox 3218 3744 3726 3816; x_wconf 81' lang='grc' dir='ltr'>δικαιοπραγοῦσιν</span> 
     </span>
    </p>
   </div>
   <div class='ocr_carea' id='block_1_83' title="bbox 2126 3835 3723 3915">
    <p class='ocr_par' dir='ltr' id='par_1_83' title="bbox 2126 3835 3723 3915">
     <span class='ocr_line' id='line_1_83' title="bbox 2126 3835 3723 3915; baseline 0.001 -26"><span class='ocrx_word' id='word_1_646' title='bbox 2126 3838 2178 3889; x_wconf 88' lang='grc' dir='ltr'>οἱ</span> <span class='ocrx_word' id='word_1_647' title='bbox 2228 3835 2676 3902; x_wconf 71' lang='grc' dir='ltr'>καταδικάζοντες</span> <span class='ocrx_word' id='word_1_648' title='bbox 2704 3840 2798 3894; x_wconf 82' lang='grc' dir='ltr'>καὶ</span> <span class='ocrx_word' id='word_1_649' title='bbox 2824 3836 3107 3901; x_wconf 85' lang='grc' dir='ltr'>διώκοντες</span> <span class='ocrx_word' id='word_1_650' title='bbox 3151 3837 3278 3900; x_wconf 78' lang='grc' dir='ltr'>τοὺς</span> <span class='ocrx_word' id='word_1_651' title='bbox 3331 3837 3657 3915; x_wconf 55' lang='grc' dir='ltr'>μάρτυρας·</span> <span class='ocrx_word' id='word_1_652' title='bbox 3686 3839 3723 3909; x_wconf 82' lang='grc' dir='ltr'><strong>ἧ</strong></span> 
     </span>
    </p>
   </div>
   <div class='ocr_carea' id='block_1_84' title="bbox 2127 3928 3723 4001">
    <p class='ocr_par' dir='ltr' id='par_1_84' title="bbox 2127 3928 3723 4001">
     <span class='ocr_line' id='line_1_84' title="bbox 2127 3928 3723 4001; baseline 0.002 -20"><span class='ocrx_word' id='word_1_653' title='bbox 2127 3929 2193 3982; x_wconf 85' lang='grc' dir='ltr'><strong>ὲκ</strong></span> <span class='ocrx_word' id='word_1_654' title='bbox 2211 3928 2508 3999; x_wconf 80' lang='grc' dir='ltr'>θελήματος</span> <span class='ocrx_word' id='word_1_655' title='bbox 2528 3929 2864 4001; x_wconf 75' lang='grc' dir='ltr'>ἐνεργεῖσθαι</span> <span class='ocrx_word' id='word_1_656' title='bbox 2878 3929 2971 3983; x_wconf 90' lang='grc' dir='ltr'><strong>τοῦ</strong></span> <span class='ocrx_word' id='word_1_657' title='bbox 2987 3929 3121 3983; x_wconf 83' lang='grc' dir='ltr'>Θεοῦ</span> <span class='ocrx_word' id='word_1_658' title='bbox 3146 3930 3239 3982; x_wconf 75' lang='grc' dir='ltr'><strong>καὶ</strong></span> <span class='ocrx_word' id='word_1_659' title='bbox 3252 3930 3379 3993; x_wconf 72' lang='grc' dir='ltr'>τοὺς</span> <span class='ocrx_word' id='word_1_660' title='bbox 3407 3929 3723 4000; x_wconf 77' lang='grc' dir='ltr'>διωγμοὺς.</span> 
     </span>
    </p>
   </div>
   <div class='ocr_carea' id='block_1_85' title="bbox 2128 4016 3724 4088">
    <p class='ocr_par' dir='ltr' id='par_1_85' title="bbox 2128 4016 3724 4088">
     <span class='ocr_line' id='line_1_85' title="bbox 2128 4016 3724 4088; baseline 0.001 -15"><span class='ocrx_word' id='word_1_661' title='bbox 2128 4021 2243 4074; x_wconf 76' lang='grc' dir='ltr'><strong>υὺκ</strong></span> <span class='ocrx_word' id='word_1_662' title='bbox 2272 4020 2351 4072; x_wconf 80' lang='grc' dir='ltr'>ἐτι</span> <span class='ocrx_word' id='word_1_663' title='bbox 2382 4016 2475 4073; x_wconf 80' lang='grc' dir='ltr'>οὖν</span> <span class='ocrx_word' id='word_1_664' title='bbox 2505 4022 2534 4073; x_wconf 87' lang='grc' dir='ltr'>ὁ</span> <span class='ocrx_word' id='word_1_665' title='bbox 2558 4020 2717 4084; x_wconf 86' lang='grc' dir='ltr'>πόνος</span> <span class='ocrx_word' id='word_1_666' title='bbox 2747 4023 2839 4075; x_wconf 78' lang='grc' dir='ltr'>καὶ</span> <span class='ocrx_word' id='word_1_667' title='bbox 2863 4024 2892 4075; x_wconf 86' lang='grc' dir='ltr'><strong>ό</strong></span> <span class='ocrx_word' id='word_1_668' title='bbox 2931 4020 3114 4088; x_wconf 81' lang='grc' dir='ltr'>φόϐος,</span> <span class='ocrx_word' id='word_1_669' title='bbox 3147 4022 3223 4085; x_wconf 82' lang='grc' dir='ltr'>ὡς</span> <span class='ocrx_word' id='word_1_670' title='bbox 3251 4022 3408 4075; x_wconf 79' lang='grc' dir='ltr'>αὐτοὶ</span> <span class='ocrx_word' id='word_1_671' title='bbox 3436 4021 3724 4088; x_wconf 78' lang='grc' dir='ltr'>λέγουσιν,</span> 
     </span>
    </p>
   </div>
   <div class='ocr_carea' id='block_1_86' title="bbox 2127 4111 3733 4186">
    <p class='ocr_par' dir='ltr' id='par_1_86' title="bbox 2127 4111 3733 4186">
     <span class='ocr_line' id='line_1_86' title="bbox 2127 4111 3733 4186; baseline 0.004 -23"><span class='ocrx_word' id='word_1_672' title='bbox 2127 4111 2508 4183; x_wconf 80' lang='grc' dir='ltr'>ὲπισυμὸαίνει</span> <span class='ocrx_word' id='word_1_673' title='bbox 2549 4116 2664 4176; x_wconf 85' lang='grc' dir='ltr'>τοῖς</span> <span class='ocrx_word' id='word_1_674' title='bbox 2709 4114 3033 4185; x_wconf 85' lang='grc' dir='ltr'>πράγμασιν</span> <span class='ocrx_word' id='word_1_675' title='bbox 3072 4114 3150 4179; x_wconf 81' lang='grc' dir='ltr'>ὡς</span> <span class='ocrx_word' id='word_1_676' title='bbox 3177 4117 3208 4169; x_wconf 86' lang='grc' dir='ltr'><strong>ό</strong></span> <span class='ocrx_word' id='word_1_677' title='bbox 3242 4115 3317 4178; x_wconf 72' lang='lat' dir='ltr'><strong>lo;</strong></span> <span class='ocrx_word' id='word_1_678' title='bbox 3361 4114 3441 4186; x_wconf 81' lang='grc' dir='ltr'>τῷ</span> <span class='ocrx_word' id='word_1_679' title='bbox 3482 4114 3733 4186; x_wconf 68' lang='grc' dir='ltr'>σιδήρῳ,</span> 
     </span>
    </p>
   </div>
   <div class='ocr_carea' id='block_1_87' title="bbox 2129 4202 3723 4277">
    <p class='ocr_par' dir='ltr' id='par_1_87' title="bbox 2129 4202 3723 4277">
     <span class='ocr_line' id='line_1_87' title="bbox 2129 4202 3723 4277; baseline 0.004 -23"><span class='ocrx_word' id='word_1_680' title='bbox 2129 4202 2240 4255; x_wconf 79' lang='grc' dir='ltr'>ἀλλ’</span> <span class='ocrx_word' id='word_1_681' title='bbox 2270 4205 2332 4255; x_wconf 85' lang='grc' dir='ltr'>ὲκ</span> <span class='ocrx_word' id='word_1_682' title='bbox 2369 4202 2667 4274; x_wconf 83' lang='grc' dir='ltr'>βουλήσεως</span> <span class='ocrx_word' id='word_1_683' title='bbox 2703 4203 2838 4268; x_wconf 77' lang='grc' dir='ltr'>ἰδίας</span> <span class='ocrx_word' id='word_1_684' title='bbox 2872 4205 3241 4277; x_wconf 77' lang='grc' dir='ltr'>προσέρχεται</span> <span class='ocrx_word' id='word_1_685' title='bbox 3281 4208 3347 4276; x_wconf 77' lang='grc' dir='ltr'>τῇ</span> <span class='ocrx_word' id='word_1_686' title='bbox 3400 4205 3567 4276; x_wconf 80' lang='grc' dir='ltr'>ψυχῇ.</span> <span class='ocrx_word' id='word_1_687' title='bbox 3599 4208 3723 4261; x_wconf 74' lang='grc' dir='ltr'><strong>Καὶ</strong></span> 
     </span>
    </p>
   </div>
   <div class='ocr_carea' id='block_1_88' title="bbox 2129 4293 3722 4370">
    <p class='ocr_par' dir='ltr' id='par_1_88' title="bbox 2129 4293 3722 4370">
     <span class='ocr_line' id='line_1_88' title="bbox 2129 4293 3722 4370; baseline 0.006 -25"><span class='ocrx_word' id='word_1_688' title='bbox 2129 4293 2259 4363; x_wconf 79' lang='grc' dir='ltr'>περὶ</span> <span class='ocrx_word' id='word_1_689' title='bbox 2287 4294 2384 4364; x_wconf 83' lang='grc' dir='ltr'><strong>μὲν</strong></span> <span class='ocrx_word' id='word_1_690' title='bbox 2412 4293 2615 4348; x_wconf 79' lang='grc' dir='ltr'>τούτων</span> <span class='ocrx_word' id='word_1_691' title='bbox 2641 4294 2809 4359; x_wconf 84' lang='grc' dir='ltr'>πολὺς</span> <span class='ocrx_word' id='word_1_692' title='bbox 2832 4298 2861 4349; x_wconf 81' lang='grc' dir='ltr'>ὁ</span> <span class='ocrx_word' id='word_1_693' title='bbox 2891 4297 3070 4365; x_wconf 86' lang='grc' dir='ltr'>λόγος,</span> <span class='ocrx_word' id='word_1_694' title='bbox 3089 4299 3212 4351; x_wconf 81' lang='grc' dir='ltr'>ὅσον</span> <span class='ocrx_word' id='word_1_695' title='bbox 3247 4299 3303 4352; x_wconf 80' lang='grc' dir='ltr'>ὲν</span> <span class='ocrx_word' id='word_1_696' title='bbox 3338 4298 3554 4370; x_wconf 78' lang='grc' dir='ltr'>ὑστέρῳ</span> <span class='ocrx_word' id='word_1_697' title='bbox 3585 4315 3722 4354; x_wconf 69' lang='grc' dir='ltr'>σκο-</span> 
     </span>
    </p>
   </div>
   <div class='ocr_carea' id='block_1_89' title="bbox 2131 4384 3517 4459">
    <p class='ocr_par' dir='ltr' id='par_1_89' title="bbox 2131 4384 3517 4459">
     <span class='ocr_line' id='line_1_89' title="bbox 2131 4384 3517 4459; baseline 0.006 -21"><span class='ocrx_word' id='word_1_698' title='bbox 2131 4386 2252 4438; x_wconf 82' lang='grc' dir='ltr'>πεῖν</span> <span class='ocrx_word' id='word_1_699' title='bbox 2274 4384 2624 4440; x_wconf 84' lang='grc' dir='ltr'>ἀποκείσεται</span> <span class='ocrx_word' id='word_1_700' title='bbox 2654 4387 2793 4442; x_wconf 81' lang='grc' dir='ltr'>κατὰ</span> <span class='ocrx_word' id='word_1_701' title='bbox 2824 4388 3013 4459; x_wconf 83' lang='grc' dir='ltr'>καιρὸν</span> <span class='ocrx_word' id='word_1_702' title='bbox 3036 4388 3517 4459; x_wconf 77' lang='grc' dir='ltr'>διαλαμϐάνουσιν.</span> 
     </span>
    </p>
   </div>
   <div class='ocr_carea' id='block_1_90' title="bbox 457 4476 3715 4560">
    <p class='ocr_par' dir='ltr' id='par_1_90' title="bbox 457 4476 3715 4560">
     <span class='ocr_line' id='line_1_90' title="bbox 457 4476 3715 4560; baseline -0 -14"><span class='ocrx_word' id='word_1_703' title='bbox 457 4503 487 4546; x_wconf 90' lang='lat' dir='ltr'><strong>a</strong></span> <span class='ocrx_word' id='word_1_704' title='bbox 533 4485 868 4560; x_wconf 86' lang='lat' dir='ltr'><strong>providentia</strong></span> <span class='ocrx_word' id='word_1_705' title='bbox 914 4490 1043 4539; x_wconf 88' lang='lat' dir='ltr'><strong>sunt</strong></span> <span class='ocrx_word' id='word_1_706' title='bbox 1092 4480 1467 4552; x_wconf 85' lang='lat' dir='ltr'><strong>expiationes,</strong></span> <span class='ocrx_word' id='word_1_707' title='bbox 1520 4487 1652 4533; x_wconf 87' lang='lat' dir='ltr'><strong>sunt</strong></span> <span class='ocrx_word' id='word_1_708' title='bbox 1699 4476 2011 4547; x_wconf 89' lang='lat' dir='ltr'><strong>punitiones</strong></span> <span class='ocrx_word' id='word_1_709' title='bbox 2059 4492 2278 4549; x_wconf 90' lang='lat' dir='ltr'><strong>quoque</strong></span> <span class='ocrx_word' id='word_1_710' title='bbox 2318 4494 2385 4534; x_wconf 78' lang='lat' dir='ltr'><strong>ex</strong></span> <span class='ocrx_word' id='word_1_711' title='bbox 2433 4480 2795 4549; x_wconf 81' lang='lat' dir='ltr'><strong>providentia.</strong></span> <span class='ocrx_word' id='word_1_712' title='bbox 2856 4480 3197 4538; x_wconf 86' lang='lat' dir='ltr'><strong>Providentia</strong></span> <span class='ocrx_word' id='word_1_713' title='bbox 3249 4491 3474 4550; x_wconf 85' lang='lat' dir='ltr'><strong>autem,</strong></span> <span class='ocrx_word' id='word_1_714' title='bbox 3517 4488 3626 4543; x_wconf 75' lang='lat' dir='ltr'><strong>etsi</strong></span> <span class='ocrx_word' id='word_1_715' title='bbox 3680 4507 3715 4546; x_wconf 85' lang='lat' dir='ltr'><strong>a</strong></span> 
     </span>
    </p>
   </div>
   <div class='ocr_carea' id='block_1_91' title="bbox 456 4568 3718 4653">
    <p class='ocr_par' dir='ltr' id='par_1_91' title="bbox 456 4568 3718 4653">
     <span class='ocr_line' id='line_1_91' title="bbox 456 4568 3718 4653; baseline -0.002 -16"><span class='ocrx_word' id='word_1_716' title='bbox 456 4580 726 4653; x_wconf 87' lang='lat' dir='ltr'><strong>principe,</strong></span> <span class='ocrx_word' id='word_1_717' title='bbox 749 4576 900 4633; x_wconf 88' lang='lat' dir='ltr'><strong>utita</strong></span> <span class='ocrx_word' id='word_1_718' title='bbox 915 4574 1335 4640; x_wconf 89' lang='lat' dir='ltr'><strong>dicam,moveri</strong></span> <span class='ocrx_word' id='word_1_719' title='bbox 1360 4568 1571 4639; x_wconf 89' lang='lat' dir='ltr'><strong>incipit,</strong></span> <span class='ocrx_word' id='word_1_720' title='bbox 1592 4568 1830 4643; x_wconf 87' lang='lat' dir='ltr'><strong>immista</strong></span> <span class='ocrx_word' id='word_1_721' title='bbox 1873 4575 2054 4627; x_wconf 84' lang='lat' dir='ltr'><strong>tamen</strong></span> <span class='ocrx_word' id='word_1_722' title='bbox 2100 4577 2185 4624; x_wconf 89' lang='lat' dir='ltr'><strong>est</strong></span> <span class='ocrx_word' id='word_1_723' title='bbox 2246 4578 2301 4624; x_wconf 90' lang='lat' dir='ltr'><strong>et</strong></span> <span class='ocrx_word' id='word_1_724' title='bbox 2330 4571 2492 4628; x_wconf 79' lang='lat' dir='ltr'><strong>insita</strong></span> <span class='ocrx_word' id='word_1_725' title='bbox 2525 4571 2579 4625; x_wconf 89' lang='lat' dir='ltr'><strong>in</strong></span> <span class='ocrx_word' id='word_1_726' title='bbox 2611 4571 2953 4636; x_wconf 87' lang='lat' dir='ltr'><strong>substantiis,</strong></span> <span class='ocrx_word' id='word_1_727' title='bbox 2989 4585 3099 4625; x_wconf 88' lang='lat' dir='ltr'><strong>una</strong></span> <span class='ocrx_word' id='word_1_728' title='bbox 3122 4585 3246 4625; x_wconf 89' lang='lat' dir='ltr'><strong>cum</strong></span> <span class='ocrx_word' id='word_1_729' title='bbox 3272 4572 3516 4641; x_wconf 87' lang='lat' dir='ltr'><strong>ipsarum</strong></span> <span class='ocrx_word' id='word_1_730' title='bbox 3536 4574 3718 4647; x_wconf 67' lang='grc' dir='ltr'><strong>ἐωθ-</strong></span> 
     </span>
    </p>
   </div>
   <div class='ocr_carea' id='block_1_92' title="bbox 458 4661 3715 4742">
    <p class='ocr_par' dir='ltr' id='par_1_92' title="bbox 458 4661 3715 4742">
     <span class='ocr_line' id='line_1_92' title="bbox 458 4661 3715 4742; baseline -0.004 -9"><span class='ocrx_word' id='word_1_731' title='bbox 458 4676 708 4739; x_wconf 88' lang='lat' dir='ltr'><strong>ratione,</strong></span> <span class='ocrx_word' id='word_1_732' title='bbox 762 4686 859 4742; x_wconf 88' lang='lat' dir='ltr'><strong>per</strong></span> <span class='ocrx_word' id='word_1_733' title='bbox 908 4668 1079 4724; x_wconf 90' lang='lat' dir='ltr'><strong>Deum</strong></span> <span class='ocrx_word' id='word_1_734' title='bbox 1155 4665 1557 4721; x_wconf 89' lang='lat' dir='ltr'><strong>universorum.</strong></span> <span class='ocrx_word' id='word_1_735' title='bbox 1613 4662 1747 4731; x_wconf 66' lang='lat' dir='ltr'><strong>Quae</strong></span> <span class='ocrx_word' id='word_1_736' title='bbox 1798 4678 1921 4717; x_wconf 90' lang='lat' dir='ltr'><strong>cum</strong></span> <span class='ocrx_word' id='word_1_737' title='bbox 1974 4661 2047 4717; x_wconf 89' lang='lat' dir='ltr'><strong>ita</strong></span> <span class='ocrx_word' id='word_1_738' title='bbox 2102 4662 2376 4730; x_wconf 85' lang='lat' dir='ltr'><strong>habeant,</strong></span> <span class='ocrx_word' id='word_1_739' title='bbox 2439 4680 2663 4721; x_wconf 87' lang='lat' dir='ltr'><strong>necesse</strong></span> <span class='ocrx_word' id='word_1_740' title='bbox 2707 4674 2794 4720; x_wconf 87' lang='lat' dir='ltr'><strong>est</strong></span> <span class='ocrx_word' id='word_1_741' title='bbox 2840 4675 2901 4719; x_wconf 89' lang='lat' dir='ltr'><strong>ut</strong></span> <span class='ocrx_word' id='word_1_742' title='bbox 2955 4664 3057 4734; x_wconf 89' lang='lat' dir='ltr'><strong>ipsi</strong></span> <span class='ocrx_word' id='word_1_743' title='bbox 3106 4662 3413 4730; x_wconf 79' lang='lat' dir='ltr'><strong>fateantur,</strong></span> <span class='ocrx_word' id='word_1_744' title='bbox 3461 4667 3546 4722; x_wconf 80' lang='lat' dir='ltr'><strong>vel</strong></span> <span class='ocrx_word' id='word_1_745' title='bbox 3596 4684 3715 4725; x_wconf 77' lang='lat' dir='ltr'><strong>non</strong></span> 
     </span>
    </p>
   </div>
   <div class='ocr_carea' id='block_1_93' title="bbox 457 4755 3717 4837">
    <p class='ocr_par' dir='ltr' id='par_1_93' title="bbox 457 4755 3717 4837">
     <span class='ocr_line' id='line_1_93' title="bbox 457 4755 3717 4837; baseline -0.002 -12"><span class='ocrx_word' id='word_1_746' title='bbox 457 4782 579 4825; x_wconf 79' lang='lat' dir='ltr'><strong>esse</strong></span> <span class='ocrx_word' id='word_1_747' title='bbox 621 4765 883 4837; x_wconf 87' lang='lat' dir='ltr'><strong>injustam</strong></span> <span class='ocrx_word' id='word_1_748' title='bbox 939 4760 1314 4831; x_wconf 90' lang='lat' dir='ltr'><strong>punitionem;</strong></span> <span class='ocrx_word' id='word_1_749' title='bbox 1369 4768 1426 4813; x_wconf 89' lang='lat' dir='ltr'><strong>et</strong></span> <span class='ocrx_word' id='word_1_750' title='bbox 1475 4765 1591 4811; x_wconf 89' lang='lat' dir='ltr'><strong>tum</strong></span> <span class='ocrx_word' id='word_1_751' title='bbox 1637 4764 1787 4811; x_wconf 87' lang='lat' dir='ltr'><strong>recte</strong></span> <span class='ocrx_word' id='word_1_752' title='bbox 1837 4755 2094 4826; x_wconf 86' lang='lat' dir='ltr'><strong>justeque</strong></span> <span class='ocrx_word' id='word_1_753' title='bbox 2151 4764 2210 4821; x_wconf 54' lang='lat' dir='ltr'><strong>rh</strong></span> <span class='ocrx_word' id='word_1_754' title='bbox 2245 4774 2304 4814; x_wconf 89' lang='lat' dir='ltr'><strong>se</strong></span> <span class='ocrx_word' id='word_1_755' title='bbox 2349 4769 2577 4829; x_wconf 82' lang='lat' dir='ltr'><strong>gerunt,</strong></span> <span class='ocrx_word' id='word_1_756' title='bbox 2631 4760 2726 4829; x_wconf 90' lang='lat' dir='ltr'><strong>qui</strong></span> <span class='ocrx_word' id='word_1_757' title='bbox 2777 4758 3142 4813; x_wconf 89' lang='lat' dir='ltr'><strong>condemnant</strong></span> <span class='ocrx_word' id='word_1_758' title='bbox 3193 4767 3248 4812; x_wconf 88' lang='lat' dir='ltr'><strong>et</strong></span> <span class='ocrx_word' id='word_1_759' title='bbox 3303 4769 3717 4829; x_wconf 80' lang='lat' dir='ltr'><strong>persequuntur</strong></span> 
     </span>
    </p>
   </div>
   <div class='ocr_carea' id='block_1_94' title="bbox 456 4848 3717 4930">
    <p class='ocr_par' dir='ltr' id='par_1_94' title="bbox 456 4848 3717 4930">
     <span class='ocr_line' id='line_1_94' title="bbox 456 4848 3717 4930; baseline -0.003 -14"><span class='ocrx_word' id='word_1_760' title='bbox 456 4865 763 4930; x_wconf 78' lang='lat' dir='ltr'><strong>martyres;</strong></span> <span class='ocrx_word' id='word_1_761' title='bbox 809 4863 904 4910; x_wconf 86' lang='lat' dir='ltr'><strong>aut</strong></span> <span class='ocrx_word' id='word_1_762' title='bbox 951 4868 1020 4907; x_wconf 81' lang='lat' dir='ltr'><strong>ex</strong></span> <span class='ocrx_word' id='word_1_763' title='bbox 1068 4849 1165 4905; x_wconf 91' lang='lat' dir='ltr'><strong>Dei</strong></span> <span class='ocrx_word' id='word_1_764' title='bbox 1203 4850 1483 4905; x_wconf 88' lang='lat' dir='ltr'><strong>voluntate</strong></span> <span class='ocrx_word' id='word_1_765' title='bbox 1535 4848 1777 4903; x_wconf 77' lang='lat' dir='ltr'><strong>exerceri</strong></span> <span class='ocrx_word' id='word_1_766' title='bbox 1822 4848 2252 4916; x_wconf 78' lang='lat' dir='ltr'><strong>persecutiones.</strong></span> <span class='ocrx_word' id='word_1_767' title='bbox 2303 4849 2423 4905; x_wconf 87' lang='lat' dir='ltr'><strong>Non</strong></span> <span class='ocrx_word' id='word_1_768' title='bbox 2478 4852 2668 4922; x_wconf 88' lang='lat' dir='ltr'><strong>utique</strong></span> <span class='ocrx_word' id='word_1_769' title='bbox 2700 4866 2830 4922; x_wconf 80' lang='lat' dir='ltr'><strong>ergo</strong></span> <span class='ocrx_word' id='word_1_770' title='bbox 2864 4850 3020 4905; x_wconf 89' lang='lat' dir='ltr'><strong>labor</strong></span> <span class='ocrx_word' id='word_1_771' title='bbox 3060 4858 3116 4905; x_wconf 90' lang='lat' dir='ltr'><strong>et</strong></span> <span class='ocrx_word' id='word_1_772' title='bbox 3164 4858 3343 4906; x_wconf 89' lang='lat' dir='ltr'><strong>metus</strong></span> <span class='ocrx_word' id='word_1_773' title='bbox 3377 4850 3541 4905; x_wconf 89' lang='lat' dir='ltr'><strong>rebus</strong></span> <span class='ocrx_word' id='word_1_774' title='bbox 3563 4852 3717 4907; x_wconf 57' lang='lat' dir='ltr'><strong>accio</strong></span> 
     </span>
    </p>
   </div>
   <div class='ocr_carea' id='block_1_95' title="bbox 454 4938 3713 5022">
    <p class='ocr_par' dir='ltr' id='par_1_95' title="bbox 454 4938 3713 5022">
     <span class='ocr_line' id='line_1_95' title="bbox 454 4938 3713 5022; baseline -0.004 -15"><span class='ocrx_word' id='word_1_775' title='bbox 454 4954 554 5018; x_wconf 91' lang='lat' dir='ltr'><strong>dit,</strong></span> <span class='ocrx_word' id='word_1_776' title='bbox 588 4959 649 5006; x_wconf 93' lang='lat' dir='ltr'><strong>ut</strong></span> <span class='ocrx_word' id='word_1_777' title='bbox 697 4948 800 5022; x_wconf 89' lang='lat' dir='ltr'><strong>ipsi</strong></span> <span class='ocrx_word' id='word_1_778' title='bbox 848 4946 1062 5012; x_wconf 89' lang='lat' dir='ltr'><strong>dicunt,</strong></span> <span class='ocrx_word' id='word_1_779' title='bbox 1092 4952 1351 5013; x_wconf 83' lang='lat' dir='ltr'><strong>tanquam</strong></span> <span class='ocrx_word' id='word_1_780' title='bbox 1405 4940 1600 5010; x_wconf 76' lang='lat' dir='ltr'><strong>rubigo</strong></span> <span class='ocrx_word' id='word_1_781' title='bbox 1650 4939 1836 5005; x_wconf 86' lang='lat' dir='ltr'><strong>ferro,</strong></span> <span class='ocrx_word' id='word_1_782' title='bbox 1881 4940 1975 4995; x_wconf 87' lang='lat' dir='ltr'><strong>sed</strong></span> <span class='ocrx_word' id='word_1_783' title='bbox 2019 4940 2089 4996; x_wconf 80' lang='lat' dir='ltr'><strong>ex</strong></span> <span class='ocrx_word' id='word_1_784' title='bbox 2138 4943 2356 5012; x_wconf 85' lang='lat' dir='ltr'><strong>propria</strong></span> <span class='ocrx_word' id='word_1_785' title='bbox 2411 4943 2691 4998; x_wconf 80' lang='lat' dir='ltr'><strong>voluntate</strong></span> <span class='ocrx_word' id='word_1_786' title='bbox 2735 4942 2946 4999; x_wconf 86' lang='lat' dir='ltr'><strong>accedit</strong></span> <span class='ocrx_word' id='word_1_787' title='bbox 2974 4943 3042 4997; x_wconf 87' lang='lat' dir='ltr'><strong>ad</strong></span> <span class='ocrx_word' id='word_1_788' title='bbox 3072 4941 3337 5011; x_wconf 77' lang='lat' dir='ltr'><strong>animam.</strong></span> <span class='ocrx_word' id='word_1_789' title='bbox 3374 4938 3484 4997; x_wconf 85' lang='lat' dir='ltr'><strong>Sed</strong></span> <span class='ocrx_word' id='word_1_790' title='bbox 3524 4941 3592 4996; x_wconf 87' lang='lat' dir='ltr'><strong>de</strong></span> <span class='ocrx_word' id='word_1_791' title='bbox 3620 4942 3713 4996; x_wconf 83' lang='lat' dir='ltr'><strong>bis</strong></span> 
     </span>
    </p>
   </div>
   <div class='ocr_carea' id='block_1_96' title="bbox 454 5036 2809 5117">
    <p class='ocr_par' dir='ltr' id='par_1_96' title="bbox 454 5036 2809 5117">
     <span class='ocr_line' id='line_1_96' title="bbox 454 5036 2809 5117; baseline -0.003 -17"><span class='ocrx_word' id='word_1_792' title='bbox 454 5047 672 5117; x_wconf 87' lang='lat' dir='ltr'><strong>quidem</strong></span> <span class='ocrx_word' id='word_1_793' title='bbox 720 5043 890 5099; x_wconf 87' lang='lat' dir='ltr'><strong>multa</strong></span> <span class='ocrx_word' id='word_1_794' title='bbox 926 5048 1275 5096; x_wconf 85' lang='lat' dir='ltr'><strong>reservantur</strong></span> <span class='ocrx_word' id='word_1_795' title='bbox 1323 5036 1570 5101; x_wconf 87' lang='lat' dir='ltr'><strong>dicenda,</strong></span> <span class='ocrx_word' id='word_1_796' title='bbox 1599 5050 1720 5106; x_wconf 70' lang='lat' dir='ltr'><strong>quae</strong></span> <span class='ocrx_word' id='word_1_797' title='bbox 1759 5037 1984 5104; x_wconf 86' lang='lat' dir='ltr'><strong>posthac</strong></span> <span class='ocrx_word' id='word_1_798' title='bbox 2002 5052 2104 5093; x_wconf 84' lang='lat' dir='ltr'><strong>suo</strong></span> <span class='ocrx_word' id='word_1_799' title='bbox 2132 5047 2374 5108; x_wconf 91' lang='lat' dir='ltr'><strong>tempore</strong></span> <span class='ocrx_word' id='word_1_800' title='bbox 2399 5040 2809 5095; x_wconf 89' lang='lat' dir='ltr'><strong>tractabuntur.</strong></span> 
     </span>
    </p>
   </div>
   <div class='ocr_carea' id='block_1_97' title="bbox 1842 5150 2285 5232">
    <p class='ocr_par' dir='ltr' id='par_1_97' title="bbox 1842 5150 2285 5232">
     <span class='ocr_line' id='line_1_97' title="bbox 1842 5150 2285 5232; baseline 0.002 -2"><span class='ocrx_word' id='word_1_801' title='bbox 1842 5150 2108 5230; x_wconf 23' lang='lat' dir='ltr'><strong>‘CAPUT</strong></span> <span class='ocrx_word' id='word_1_802' title='bbox 2145 5174 2285 5232; x_wconf 84' lang='lat' dir='ltr'><strong>xm.</strong></span> 
     </span>
    </p>
   </div>
   <div class='ocr_carea' id='block_1_98' title="bbox 1355 5270 2775 5345">
    <p class='ocr_par' dir='ltr' id='par_1_98' title="bbox 1355 5270 2775 5345">
     <span class='ocr_line' id='line_1_98' title="bbox 1355 5270 2775 5345; baseline 0 -18"><span class='ocrx_word' id='word_1_803' title='bbox 1355 5271 1619 5328; x_wconf 77' lang='lat' dir='ltr'><strong>Valentini</strong></span> <span class='ocrx_word' id='word_1_804' title='bbox 1650 5273 1852 5326; x_wconf 66' lang='lat' dir='ltr'><strong>nenias</strong></span> <span class='ocrx_word' id='word_1_805' title='bbox 1877 5270 1941 5324; x_wconf 74' lang='lat' dir='ltr'><strong>de</strong></span> <span class='ocrx_word' id='word_1_806' title='bbox 1971 5272 2153 5325; x_wconf 69' lang='lat' dir='ltr'><strong>mortis</strong></span> <span class='ocrx_word' id='word_1_807' title='bbox 2180 5272 2461 5327; x_wconf 79' lang='lat' dir='ltr'><strong>abolitione</strong></span> <span class='ocrx_word' id='word_1_808' title='bbox 2486 5274 2775 5345; x_wconf 70' lang='lat' dir='ltr'><strong>redarguit.</strong></span> 
     </span>
    </p>
   </div>
   <div class='ocr_carea' id='block_1_99' title="bbox 538 5358 2025 5438">
    <p class='ocr_par' dir='ltr' id='par_1_99' title="bbox 538 5358 2025 5438">
     <span class='ocr_line' id='line_1_99' title="bbox 538 5358 2025 5438; baseline -0.005 -13"><span class='ocrx_word' id='word_1_809' title='bbox 538 5369 857 5425; x_wconf 80' lang='lat' dir='ltr'><strong>Valentinus</strong></span> <span class='ocrx_word' id='word_1_810' title='bbox 887 5358 1065 5424; x_wconf 77' lang='lat' dir='ltr'><strong>autem</strong></span> <span class='ocrx_word' id='word_1_811' title='bbox 1094 5369 1149 5422; x_wconf 92' lang='lat' dir='ltr'><strong>in</strong></span> <span class='ocrx_word' id='word_1_812' title='bbox 1189 5366 1425 5438; x_wconf 88' lang='lat' dir='ltr'><strong>quadam</strong></span> <span class='ocrx_word' id='word_1_813' title='bbox 1467 5364 1689 5421; x_wconf 88' lang='lat' dir='ltr'><strong>bomilia</strong></span> <span class='ocrx_word' id='word_1_814' title='bbox 1724 5364 2025 5420; x_wconf 89' lang='lat' dir='ltr'><strong>scrlbithis</strong></span> 
     </span>
    </p>
   </div>
   <div class='ocr_carea' id='block_1_100' title="bbox 2183 5358 3703 5439">
    <p class='ocr_par' dir='ltr' id='par_1_100' title="bbox 2183 5358 3703 5439">
     <span class='ocr_line' id='line_1_100' title="bbox 2183 5358 3703 5439; baseline -0.006 -20"><span class='ocrx_word' id='word_1_815' title='bbox 2183 5365 2549 5439; x_wconf 61' lang='grc' dir='ltr'><strong>ὶΟὐαλεντίνος</strong></span> <span class='ocrx_word' id='word_1_816' title='bbox 2584 5365 2641 5420; x_wconf 79' lang='grc' dir='ltr'>δὲ</span> <span class='ocrx_word' id='word_1_817' title='bbox 2670 5365 2728 5419; x_wconf 78' lang='grc' dir='ltr'>Εν</span> <span class='ocrx_word' id='word_1_818' title='bbox 2765 5382 2870 5418; x_wconf 88' lang='grc' dir='ltr'>τινι</span> <span class='ocrx_word' id='word_1_819' title='bbox 2897 5363 3080 5435; x_wconf 73' lang='grc' dir='ltr'>ὁμιλίᾳ</span> <span class='ocrx_word' id='word_1_820' title='bbox 3110 5360 3250 5416; x_wconf 79' lang='grc' dir='ltr'>κατὰ</span> <span class='ocrx_word' id='word_1_821' title='bbox 3296 5358 3443 5427; x_wconf 75' lang='grc' dir='ltr'>λέξιν</span> <span class='ocrx_word' id='word_1_822' title='bbox 3474 5359 3703 5431; x_wconf 58' lang='grc' dir='ltr'>γράψει’</span> 
     </span>
    </p>
   </div>
   <div class='ocr_carea' id='block_1_101' title="bbox 483 5458 2031 5565">
    <p class='ocr_par' dir='ltr' id='par_1_101' title="bbox 483 5458 2031 5551">
     <span class='ocr_line' id='line_1_101' title="bbox 483 5458 2031 5551; baseline -0.005 -11"><span class='ocrx_word' id='word_1_823' title='bbox 483 5495 490 5503; x_wconf 93' lang='grc'>·</span> <span class='ocrx_word' id='word_1_824' title='bbox 551 5491 611 5550; x_wconf 48' lang='grc' dir='ltr'><strong>ᾗ</strong></span> <span class='ocrx_word' id='word_1_825' title='bbox 640 5483 703 5539; x_wconf 88' lang='lat' dir='ltr'><strong>P.</strong></span> <span class='ocrx_word' id='word_1_826' title='bbox 734 5482 839 5537; x_wconf 73' lang='lat' dir='ltr'><strong>eos</strong></span> <span class='ocrx_word' id='word_1_827' title='bbox 864 5480 972 5535; x_wconf 91' lang='lat' dir='ltr'><strong>ED.</strong></span> <span class='ocrx_word' id='word_1_828' title='bbox 1007 5474 1304 5546; x_wconf 70' lang='grc' dir='ltr'>Ροττειι,</span> <span class='ocrx_word' id='word_1_829' title='bbox 1331 5477 1436 5551; x_wconf 77' lang='lat'><strong>509</strong></span> <span class='ocrx_word' id='word_1_830' title='bbox 1473 5477 1582 5533; x_wconf 86' lang='lat' dir='ltr'><strong>El).</strong></span> <span class='ocrx_word' id='word_1_831' title='bbox 1619 5458 1887 5544; x_wconf 58' lang='lat' dir='ltr'><strong>PARIS-</strong></span> <span class='ocrx_word' id='word_1_832' title='bbox 1930 5488 1957 5517; x_wconf 76' lang='grc' dir='ltr'><strong>ι</strong></span> <span class='ocrx_word' id='word_1_833' title='bbox 1980 5474 2031 5533; x_wconf 90' lang='lat' dir='ltr'><strong>ls</strong></span> 
     </span>
    </p>
   </div>
   <div class='ocr_carea' id='block_1_102' title="bbox 2137 5458 3288 5565">
    <p class='ocr_par' dir='ltr' id='par_1_102' title="bbox 2137 5458 3288 5565">
     <span class='ocr_line' id='line_1_102' title="bbox 2137 5458 3288 5565; baseline -0.005 -30"><span class='ocrx_word' id='word_1_834' title='bbox 2137 5495 2171 5565; x_wconf 77' lang='grc' dir='ltr'>ν.</span> <span class='ocrx_word' id='word_1_835' title='bbox 2193 5479 2246 5535; x_wconf 82' lang='lat'><strong>5.</strong></span> <span class='ocrx_word' id='word_1_836' title='bbox 2325 5479 2355 5520; x_wconf 66' lang='grc' dir='ltr'>δ</span> <span class='ocrx_word' id='word_1_837' title='bbox 2384 5479 2407 5533; x_wconf 90' lang='grc' dir='ltr'><strong>ι</strong></span> <span class='ocrx_word' id='word_1_838' title='bbox 2433 5479 2659 5548; x_wconf 46' lang='lat' dir='ltr'><strong>Thess,</strong></span> <span class='ocrx_word' id='word_1_839' title='bbox 2693 5495 2769 5544; x_wconf 70' lang='grc' dir='ltr'><strong>ιν,</strong></span> <span class='ocrx_word' id='word_1_840' title='bbox 2798 5479 2923 5548; x_wconf 66' lang='grc'>5,.4,</span> <span class='ocrx_word' id='word_1_841' title='bbox 2961 5478 3015 5544; x_wconf 86' lang='lat'><strong>5,</strong></span> <span class='ocrx_word' id='word_1_842' title='bbox 3060 5477 3113 5544; x_wconf 79' lang='grc' dir='ltr'>θ,</span> <span class='ocrx_word' id='word_1_843' title='bbox 3153 5476 3205 5544; x_wconf 84' lang='lat'><strong>7,</strong></span> <span class='ocrx_word' id='word_1_844' title='bbox 3233 5458 3288 5530; x_wconf 71' lang='lat' dir='ltr'><strong>s.’</strong></span> 
     </span>
    </p>
   </div>
   <div class='ocr_carea' id='block_1_103' title="bbox 527 5594 1953 5672">
    <p class='ocr_par' dir='ltr' id='par_1_103' title="bbox 527 5594 1953 5672">
     <span class='ocr_line' id='line_1_103' title="bbox 527 5594 1953 5672; baseline -0.008 -15"><span class='ocrx_word' id='word_1_845' title='bbox 527 5601 639 5672; x_wconf 76' lang='grc'>(72)</span> <span class='ocrx_word' id='word_1_846' title='bbox 674 5602 900 5672; x_wconf 76' lang='grc' dir='ltr'>Τοῖχον.</span> <span class='ocrx_word' id='word_1_847' title='bbox 940 5598 1044 5672; x_wconf 59' lang='lat' dir='ltr'><strong>[sat</strong></span> <span class='ocrx_word' id='word_1_848' title='bbox 1075 5615 1103 5652; x_wconf 90' lang='lat' dir='ltr'><strong>v</strong></span> <span class='ocrx_word' id='word_1_849' title='bbox 1123 5638 1146 5672; x_wconf 69' lang='grc'><strong>,</strong></span> <span class='ocrx_word' id='word_1_850' title='bbox 1167 5600 1353 5672; x_wconf 69' lang='grc' dir='ltr'>τοῖχον</span> <span class='ocrx_word' id='word_1_851' title='bbox 1374 5594 1559 5672; x_wconf 76' lang='grc' dir='ltr'>αὑτοῦ.</span> <span class='ocrx_word' id='word_1_852' title='bbox 1588 5596 1651 5648; x_wconf 82' lang='grc' dir='ltr'>Δ.</span> <span class='ocrx_word' id='word_1_853' title='bbox 1690 5594 1953 5672; x_wconf 38' lang='lat' dir='ltr'><strong>Simone.</strong></span> 
     </span>
    </p>
   </div>
   <div class='ocr_carea' id='block_1_104' title="bbox 527 5661 2024 5744">
    <p class='ocr_par' dir='ltr' id='par_1_104' title="bbox 527 5661 2024 5744">
     <span class='ocr_line' id='line_1_104' title="bbox 527 5661 2024 5744; baseline -0.005 -21"><span class='ocrx_word' id='word_1_854' title='bbox 527 5661 641 5744; x_wconf 74' lang='grc'>(75)</span> <span class='ocrx_word' id='word_1_855' title='bbox 685 5661 830 5744; x_wconf 39' lang='lat' dir='ltr'><strong>Tria:</strong></span> <span class='ocrx_word' id='word_1_856' title='bbox 848 5669 1059 5744; x_wconf 69' lang='grc' dir='ltr'>τοιάδε,</span> <span class='ocrx_word' id='word_1_857' title='bbox 1082 5661 1285 5744; x_wconf 66' lang='grc' dir='ltr'>αὖτῆξ</span> <span class='ocrx_word' id='word_1_858' title='bbox 1326 5667 1524 5735; x_wconf 78' lang='grc' dir='ltr'>οὔσης</span> <span class='ocrx_word' id='word_1_859' title='bbox 1547 5682 1645 5733; x_wconf 85' lang='grc' dir='ltr'>πρ.</span> <span class='ocrx_word' id='word_1_860' title='bbox 1665 5662 1866 5744; x_wconf 82' lang='lat' dir='ltr'><strong>__Forte</strong></span> <span class='ocrx_word' id='word_1_861' title='bbox 1923 5661 2024 5744; x_wconf 76' lang='grc' dir='ltr'>τῆς</span> 
     </span>
    </p>
   </div>
   <div class='ocr_carea' id='block_1_105' title="bbox 457 5735 2027 5811">
    <p class='ocr_par' dir='ltr' id='par_1_105' title="bbox 457 5735 2027 5811">
     <span class='ocr_line' id='line_1_105' title="bbox 457 5735 2027 5811; baseline -0.006 -16"><span class='ocrx_word' id='word_1_862' title='bbox 457 5735 667 5795; x_wconf 74' lang='grc' dir='ltr'>τοιᾶσδε</span> <span class='ocrx_word' id='word_1_863' title='bbox 695 5735 841 5811; x_wconf 80' lang='grc' dir='ltr'><strong>αὗτῴ</strong></span> <span class='ocrx_word' id='word_1_864' title='bbox 872 5740 1036 5810; x_wconf 72' lang='grc' dir='ltr'>οὔσης</span> <span class='ocrx_word' id='word_1_865' title='bbox 1076 5737 1350 5811; x_wconf 72' lang='grc' dir='ltr'>προνοίας,</span> <span class='ocrx_word' id='word_1_866' title='bbox 1386 5754 1403 5785; x_wconf 80' lang='grc' dir='ltr'><strong>ι</strong></span> <span class='ocrx_word' id='word_1_867' title='bbox 1435 5752 1559 5790; x_wconf 90' lang='lat' dir='ltr'><strong>cum</strong></span> <span class='ocrx_word' id='word_1_868' title='bbox 1610 5735 1731 5791; x_wconf 85' lang='lat' dir='ltr'><strong>talis</strong></span> <span class='ocrx_word' id='word_1_869' title='bbox 1757 5748 1819 5790; x_wconf 89' lang='lat' dir='ltr'><strong>ea</strong></span> <span class='ocrx_word' id='word_1_870' title='bbox 1844 5735 2027 5803; x_wconf 76' lang='lat' dir='ltr'><strong>provi-</strong></span> 
     </span>
    </p>
   </div>
   <div class='ocr_carea' id='block_1_106' title="bbox 459 5804 1569 5867">
    <p class='ocr_par' dir='ltr' id='par_1_106' title="bbox 459 5804 1569 5867">
     <span class='ocr_line' id='line_1_106' title="bbox 459 5804 1569 5867; baseline -0.005 0"><span class='ocrx_word' id='word_1_871' title='bbox 459 5811 640 5867; x_wconf 75' lang='lat' dir='ltr'><strong>dentia</strong></span> <span class='ocrx_word' id='word_1_872' title='bbox 676 5804 851 5865; x_wconf 69' lang='lat' dir='ltr'><strong>sitars</strong></span> <span class='ocrx_word' id='word_1_873' title='bbox 886 5804 1269 5863; x_wconf 63' lang='lat' dir='ltr'><strong>institutdria.»</strong></span> <span class='ocrx_word' id='word_1_874' title='bbox 1306 5804 1569 5861; x_wconf 78' lang='lat' dir='ltr'><strong>SvLBunG.</strong></span> 
     </span>
    </p>
   </div>
   <div class='ocr_carea' id='block_1_107' title="bbox 533 5876 1368 5952">
    <p class='ocr_par' dir='ltr' id='par_1_107' title="bbox 533 5876 1368 5952">
     <span class='ocr_line' id='line_1_107' title="bbox 533 5876 1368 5952; baseline 0.004 -25"><span class='ocrx_word' id='word_1_875' title='bbox 533 5882 643 5952; x_wconf 73' lang='grc'>(74)</span> <span class='ocrx_word' id='word_1_876' title='bbox 689 5881 777 5933; x_wconf 76' lang='lat' dir='ltr'><strong>Td.</strong></span> <span class='ocrx_word' id='word_1_877' title='bbox 812 5881 975 5933; x_wconf 78' lang='lat' dir='ltr'><strong>Abest</strong></span> <span class='ocrx_word' id='word_1_878' title='bbox 1000 5896 1029 5934; x_wconf 91' lang='lat' dir='ltr'><strong>e</strong></span> <span class='ocrx_word' id='word_1_879' title='bbox 1064 5876 1255 5932; x_wconf 86' lang='lat' dir='ltr'><strong>Thess.</strong></span> <span class='ocrx_word' id='word_1_880' title='bbox 1295 5891 1368 5930; x_wconf 80' lang='lat' dir='ltr'><strong>tv.</strong></span> 
     </span>
    </p>
   </div>
   <div class='ocr_carea' id='block_1_108' title="bbox 2202 5594 3113 5665">
    <p class='ocr_par' dir='ltr' id='par_1_108' title="bbox 2202 5594 3113 5665">
     <span class='ocr_line' id='line_1_108' title="bbox 2202 5594 3113 5665; baseline -0.008 -9"><span class='ocrx_word' id='word_1_881' title='bbox 2202 5596 2316 5665; x_wconf 76' lang='grc'>(75)</span> <span class='ocrx_word' id='word_1_882' title='bbox 2351 5598 2586 5665; x_wconf 74' lang='grc' dir='ltr'>Κύριον.</span> <span class='ocrx_word' id='word_1_883' title='bbox 2636 5597 2792 5660; x_wconf 83' lang='grc' dir='ltr'>Θεόν,</span> <span class='ocrx_word' id='word_1_884' title='bbox 2820 5594 3015 5650; x_wconf 83' lang='lat' dir='ltr'><strong>Thess.</strong></span> <span class='ocrx_word' id='word_1_885' title='bbox 3042 5610 3113 5650; x_wconf 86' lang='lat' dir='ltr'><strong>tv.</strong></span> 
     </span>
    </p>
   </div>
   <div class='ocr_carea' id='block_1_109' title="bbox 2202 5665 3137 5737">
    <p class='ocr_par' dir='ltr' id='par_1_109' title="bbox 2202 5665 3137 5737">
     <span class='ocr_line' id='line_1_109' title="bbox 2202 5665 3137 5737; baseline -0.002 -17"><span class='ocrx_word' id='word_1_886' title='bbox 2353 5671 2457 5732; x_wconf 78' lang='grc' dir='ltr'><strong>Εἰς</strong></span> <span class='ocrx_word' id='word_1_887' title='bbox 2481 5666 2656 5737; x_wconf 80' lang='grc' dir='ltr'>ὑμᾶς.</span> <span class='ocrx_word' id='word_1_888' title='bbox 2685 5669 2787 5737; x_wconf 58' lang='grc' dir='ltr'>Εἰς</span> <span class='ocrx_word' id='word_1_889' title='bbox 2806 5668 2973 5737; x_wconf 74' lang='grc' dir='ltr'>ἡμᾶς,</span> <span class='ocrx_word' id='word_1_890' title='bbox 3006 5665 3137 5737; x_wconf 72' lang='lat' dir='ltr'><strong>ibid.</strong></span> 
     </span>
    </p>
   </div>
   <div class='ocr_carea' id='block_1_110' title="bbox 2203 5723 3700 5808">
    <p class='ocr_par' dir='ltr' id='par_1_110' title="bbox 2203 5723 3700 5808">
     <span class='ocr_line' id='line_1_110' title="bbox 2203 5723 3700 5808; baseline -0.003 -19"><span class='ocrx_word' id='word_1_891' title='bbox 2203 5723 2314 5808; x_wconf 82' lang='grc'>(77)</span> <span class='ocrx_word' id='word_1_892' title='bbox 2346 5723 2448 5791; x_wconf 81' lang='grc' dir='ltr'><strong>Διᾶ</strong></span> <span class='ocrx_word' id='word_1_893' title='bbox 2483 5723 2656 5790; x_wconf 68' lang='grc' dir='ltr'>τὸῦτό</span> <span class='ocrx_word' id='word_1_894' title='bbox 2714 5723 2983 5793; x_wconf 46' lang='lat' dir='ltr'><strong>cornuin</strong></span> <span class='ocrx_word' id='word_1_895' title='bbox 3013 5735 3107 5806; x_wconf 65' lang='grc' dir='ltr'><strong>ἀγ.</strong></span> <span class='ocrx_word' id='word_1_896' title='bbox 3162 5733 3230 5789; x_wconf 80' lang='grc' dir='ltr'>Δ.</span> <span class='ocrx_word' id='word_1_897' title='bbox 3260 5731 3351 5787; x_wconf 66' lang='grc' dir='ltr'><strong>διὰ</strong></span> <span class='ocrx_word' id='word_1_898' title='bbox 3384 5730 3574 5786; x_wconf 71' lang='grc' dir='ltr'>τοῦτσν</span> <span class='ocrx_word' id='word_1_899' title='bbox 3602 5723 3700 5785; x_wconf 72' lang='grc' dir='ltr'><strong>οὖν</strong></span> 
     </span>
    </p>
   </div>
   <div class='ocr_carea' id='block_1_111' title="bbox 2132 5807 2632 5875">
    <p class='ocr_par' dir='ltr' id='par_1_111' title="bbox 2132 5807 2632 5875">
     <span class='ocr_line' id='line_1_111' title="bbox 2132 5807 2632 5875; baseline 0 -14"><span class='ocrx_word' id='word_1_900' title='bbox 2132 5808 2222 5861; x_wconf 74' lang='grc' dir='ltr'><strong>τὸν</strong></span> <span class='ocrx_word' id='word_1_901' title='bbox 2248 5808 2338 5875; x_wconf 85' lang='grc' dir='ltr'><strong>ἁγ.</strong></span> <span class='ocrx_word' id='word_1_902' title='bbox 2374 5807 2632 5863; x_wconf 71' lang='lat' dir='ltr'><strong>vaunc.</strong></span> 
     </span>
    </p>
   </div>
  </div>
