3934 6522
413 306 421 318 ’
523 336 660 396 ιενθ

1598 350 1984 413 CLEMENTIS
2013 357 2481 420 ALEXANDRINI

3631 377 3650 426 Ι
3659 378 3751 428 δῖε)

513 447 790 524 ditl‘erens,
831 458 1081 518 Christus
1117 466 1485 524 mortem'non
1525 471 1778 539 abolevit,
1813 477 1916 532 nisi
1964 479 2056 549 ips

2181 501 2365 555 γησεν,
2402 488 2450 539 εί
2487 487 2559 560 μὴ
2594 487 2686 542 καὶ
2715 489 2876 554 αὐτὸς
2909 489 3091 554 αὐτοῖς
3117 491 3404 562 ὁμοούσιος
3437 493 3686 566 λεχθεξη’

514 561 733 618 quoque
754 549 963 606 dicatur
996 553 1237 624 ejusdem
1266 573 1390 614 cum
1424 561 1506 618 eis
1537 565 1822 634 essentiae;
1859 568 1942 623 sin
1976 567 2079 625 ait-

512 647 624 692 tem
663 639 719 694 in
751 639 856 697 hoc
887 657 1008 698 eam
1049 646 1302 714 abolevit,
1334 659 1394 705 ut
1440 667 1612 722 genus
1645 670 1754 710 non
1792 659 2080 731 attingeret

509 727 790 796 diti‘erens,
814 746 922 787 non
964 734 1051 790 isti
1083 740 1586 809 mortem‘abolent,
1613 744 1707 813 qui
1743 755 1871 800 sunt
1895 727 2075 804 annuli

510 815 812 885 Creatoris,
849 824 945 893 qui
987 826 1210 895 imagini
1250 844 1364 884 sua:
1399 831 1558 886 istius
1589 835 1804 901 animae,
1836 852 1958 907 qua:
1993 848 2078 894 est

512 923 580 962 ex
615 911 924 977 medietate,
956 931 1247 985 supernam
1285 920 1447 974 vitam
1476 922 1745 991 inspirant
1773 929 2074 984 secundum

511 1002 710 1073 dogma
764 1005 834 1059 ab
885 1007 965 1062 eis
1000 1019 1332 1081 susceptum.
1393 1012 1486 1067 Sin
1546 1031 1676 1071 vero
1737 1018 1840 1073 hoc
1889 1021 2075 1075 dicant

510 1095 731 1151 evenire
781 1112 878 1167 per
933 1111 1196 1166 matrem,
1241 1104 1322 1157 vel
1382 1106 1427 1158 si
1481 1107 1663 1163 dicant
1705 1124 1763 1164 se
1809 1126 1912 1165 una
1947 1127 2071 1166 cum

509 1183 730 1240 Christo
761 1188 1024 1246 adversus
1062 1202 1288 1247 mortem
1312 1194 1650 1266 belligerare,
1680 1209 1864 1268 aperte
1899 1199 2073 1256 faten-

508 1280 600 1328 tur
638 1272 690 1327 id
735 1275 1008 1330 occultum
1075 1279 1292 1350 dogma,
1347 1283 1615 1354 siquidem
1677 1302 1785 1342 non
1844 1289 2072 1346 timeant

508 1360 786 1422 Creatoris
833 1368 1070 1424 divinam
1136 1373 1390 1429 insectari
1464 1379 1781 1445 potentiam,
1810 1382 1902 1436 sed
1951 1383 2070 1452 ejus

506 1465 835 1519 creaturam,
871 1468 1127 1530 tanquam
1184 1464 1286 1534 ipsi
1339 1466 1590 1523 meliores
1639 1481 1843 1538 essent,
1891 1487 2072 1527 emen-

506 1544 659 1612 dant,
691 1556 745 1602 et
778 1551 1065 1606 animalem
1097 1553 1411 1624 imaginem,
1435 1573 1598 1627 quam
1638 1559 1727 1615 ille
1763 1576 1868 1615 non
1893 1564 2070 1632 potuit

504 1635 740 1692 liberare
764 1639 834 1693 ah
866 1641 1108 1707 interitu,
1137 1659 1354 1700 servare
1380 1648 1649 1703 nituntur.
1680 1649 1863 1706 Fuerit
1885 1663 2065 1707 autem

504 1723 769 1783 Dominus
799 1745 1016 1800 quoque
1053 1731 1164 1786 Deo
1197 1743 1440 1790 creatore
1487 1737 1678 1793 melior
1703 1754 1768 1793 ac
1805 1750 2066 1809 praestan-

502 1816 612 1871 tior
651 1836 665 1872 :
696 1835 975 1890 nunquam
1011 1823 1156 1876 enim
1193 1824 1338 1880 ﬁlius
1370 1841 1494 1881 cum
1528 1838 1681 1897 patre
1702 1832 2062 1895 contenderit,
2098 1820 2139 1874 Β

500 1905 666 1977 idque
717 1909 858 1964 inter
907 1912 1058 1966 deos.
1093 1911 1247 1978 Quod
1286 1924 1466 1969 autem
1515 1916 1604 1971 hic
1649 1919 1720 1973 sit
1756 1930 1908 1988 pater
1944 1921 2061 1985 ﬁlii,

498 1997 728 2054 Creator
787 2001 1186 2068 universorum,
1241 2003 1507 2062 Dominus
1581 2009 1947 2078 omnipotens,
1996 2011 2062 2065 ad

498 2091 648 2145 illam
691 2091 1004 2148 distulimus
1053 2095 1500 2164 disputationem,
1549 2099 1602 2152 in
1644 2115 1751 2168 qua
1800 2101 2063 2157 adversus

499 2183 666 2252 219
706 2183 941 2238 haereses
972 2185 1240 2240 disserere
1295 2189 1680 2256 promisimus,
1719 2191 2063 2248 ostendentes

497 2289 624 2327 eum
669 2289 790 2329 esse
835 2275 1034 2341 solum,
1080 2277 1176 2346 qui
1204 2285 1288 2332 est
1321 2278 1389 2332 ab
1428 2279 1548 2348 ipso
1583 2281 1920 2349 pradicatus.
1957 2283 2060 2338 Sed

497 2365 659 2422 nobis
717 2367 935 2438 quidem
991 2369 1236 2425 scribens
1295 2371 1586 2440 Apostolus
1648 2373 1714 2426 de
1769 2374 2062 2429 tolerandis

496 2456 919 2514 alllictionibus:
960 2477 978 2512 ι
1027 2459 1096 2514 Ει
1132 2461 1258 2525 hoc,
1289 2461 1486 2532 inquit,
1514 2478 1580 2517 ex
1619 2461 1746 2530 Deo,
1782 2466 1928 2534 quod
1967 2481 2062 2520 vo-

496 2549 582 2604 bis
609 2549 872 2610 donatum
897 2561 980 2607 est
1002 2567 1103 2623 pro
1133 2553 1447 2617 Christo,ut
1470 2571 1580 2610 non
1601 2557 1778 2612 solum
1807 2558 1860 2610 in
1882 2559 2058 2627 ipsum

495 2640 753 2707 credatis,
794 2643 890 2698 sed
926 2644 1090 2699 ctiam
1131 2659 1231 2714 pro
1287 2659 1353 2700 eo
1415 2647 1733 2716 patiamini;
1771 2649 1912 2704 idem
1964 2650 2062 2704 ba-

493 2733 686 2788 bentcs
733 2745 1038 2798 certamen,
1085 2738 1245 2806 quale
1297 2740 1513 2795 vidistis
1565 2741 1619 2794 in
1679 2756 1784 2804 me,
1825 2750 1878 2794 et
1915 2757 2060 2796 nunc

494 2827 697 2883 auditis
733 2827 786 2881 in
823 2843 930 2884 me.
964 2827 1020 2882 Si
1047 2844 1153 2898 qua
1195 2837 1278 2885 est
1313 2845 1443 2901 ergo
1475 2831 1779 2886 consolatio
1810 2831 1865 2886 in
1895 2831 2058 2886 Chri-

493 2927 610 2984 sto,
641 2920 688 2974 si
739 2921 883 2990 quod
930 2921 1184 2976 solatium
1217 2923 1530 2990 eharitatis,
1576 2924 1623 2978 si
1671 2940 1778 2993 qua
1825 2925 2059 2979 societas

490 3010 738 3079 spiritus,
780 3013 827 3068 si
869 3027 975 3082 qua
1025 3012 1231 3068 viscera
1260 3025 1314 3069 et
1369 3003 1774 3079 miserationes,
1837 3015 2057 3084 implete

491 3116 678 3156 meum
713 3103 993 3173 gaudium,
1042 3111 1101 3158 ut
1152 3103 1295 3159 idem
1359 3105 1628 3170 sentiatis,
1675 3106 1918 3161 eamdem
1952 3107 2053 3160 ha-

488 3191 682 3248 bentes
741 3194 1083 3261 charitatem,
1148 3197 1454 3265 unanimes,
1525 3197 1667 3252 idem
1737 3198 2050 3252 sentientes.

491 3282 552 3337 Si
583 3293 762 3340 autem
819 3287 1134 3343 immolatur
1159 3304 1323 3359 super
1354 3289 1625 3344 sacriﬁcio
1653 3298 1706 3344 et
1751 3289 2056 3344 ministerio

489 3376 613 3432 ﬁdei
669 3378 910 3448 gaudens
959 3389 1014 3435 et
1065 3382 1512 3450 congratulansa,
1561 3400 1579 3432 ι
1620 3395 1744 3445 eos,
1797 3382 1862 3436 ad
1916 3396 2054 3450 quos

487 3467 728 3539 loquitur
779 3471 1096 3542 Apostolus,
1129 3473 1504 3554 Philippenses
1540 3488 1745 3528 vocans
1795 3492 1813 3524 ι
1867 3474 2053 3543 gratim

486 3570 773 3618 consortes
793 3561 844 3629 δ,
879 3583 898 3616 ι
933 3567 1207 3635 quomodo
1250 3567 1396 3636 ipsos
1438 3564 1570 3620 dicit
1621 3585 1639 3616 ι
1697 3567 1984 3620 unanimes
2031 3585 2047 3615 ι

485 3662 543 3706 et
579 3653 876 3709 animales?
915 3655 1175 3711 Similiter
1208 3658 1370 3712 etiam
1413 3659 1479 3713 de
1509 3658 1798 3712 Timotheo
1832 3671 2052 3727 quoque

485 3744 733 3801 scribens
780 3757 834 3800 et
875 3748 1075 3818 seipso,
1104 3768 1122 3799 (
1153 3747 1432 3805 Neminem
1463 3750 1630 3814 enim,
1657 3750 1854 3820 inquit,
1879 3750 2051 3804 habeo

484 3844 596 3890 tam
655 3839 994 3908 unanimem,
1017 3841 1112 3910 qui
1159 3857 1416 3913 germane
1449 3842 1517 3896 de
1547 3843 1700 3898 vobis
1731 3842 1950 3898 futurus
1983 3844 2053 3898 sit

483 3923 777 3985 sollicitus.“
796 3929 997 3986 Omnes
1013 3933 1180 3999 enim,
1211 3949 1332 4003 quae
1355 3949 1451 3989 sua
1481 3943 1628 3999 sunt,
1647 3945 1918 4004 quaerunt,
1942 3950 2048 3988 non

457 4035 605 4090 quae
630 4019 757 4076 Jesu
790 4020 992 4078 Christi
1021 4034 1065 4078 ο.
1109 4043 1128 4075 ι
1162 4021 1239 4079 Ne
1259 4039 1389 4093 ergo
1412 4025 1594 4094 probri
1618 4025 1741 4080 loco
1765 4041 1865 4080 nos
1887 4044 1904 4076 ι
1931 4026 2050 4078 ani-

480 4111 654 4167 males
691 4133 710 4165 ι
765 4114 949 4170 dicant
991 4125 1085 4170 aut
1128 4117 1280 4185 prius
1327 4119 1610 4172 memorati
1655 4118 1925 4183 homines,
1955 4126 2049 4171 aut

485 4207 545 4265 ἧς
584 4204 748 4275 etiam
777 4199 1018 4278 Phryges
1051 4224 1064 4261 :
1099 4207 1212 4277 jam
1246 4207 1390 4288 enim
1432 4208 1467 4262 ii
1502 4224 1720 4278 quoque
1751 4209 1872 4262 illos
1898 4252 1911 4272 ,
1947 4209 2039 4279 qui

479 4311 636 4351 novae
665 4312 776 4353 non
803 4301 1092 4353 attendunt
1118 4299 1449 4370 prophetiae,
1481 4319 1499 4351 ι
1531 4301 1797 4355 animales
1819 4321 1836 4352 ι
1865 4302 2046 4370 appel-

477 4387 634 4455 lant,
671 4390 935 4445 adversus
961 4406 1101 4462 quos
1130 4391 1497 4455 disseremus,
1543 4407 1666 4446 cum
1701 4407 1926 4463 agemus
1977 4392 2043 4446 de

2179 573 2224 628 δ’
2272 579 2353 641 είς
2404 578 2559 632 τοῦτο
2613 583 2979 654 κατήργησεν,
3025 583 3102 646 ὡς
3144 583 3219 654 μὴ
3259 584 3355 638 τοῦ
3405 586 3753 657 διαφέροντες

2180 662 2443 720 ἅπτεσθαι
2470 669 2678 736 γένους,
2710 671 2807 742 οὐχ
2834 665 2978 726 οὗτοι
3002 675 3094 727 τὸν
3122 675 3356 730 θάνατον
3387 676 3754 746 memoro-3m

2177 756 2224 808 οί
2269 759 2547 830 ἀντίμιμοι
2582 761 2674 814 τοῦ
2721 765 3082 836 Δημιουργοῦ,
3117 769 3165 819 οἱ
3215 768 3315 839 τῆς
3347 770 3414 820 ὲκ
3461 768 3756 838 μεσότητος

2175 846 2352 918 ψυχῆς
2385 853 2448 920 τῇ
2477 852 2711 924 σφετέρᾳ
2745 855 2915 908 εικόνι
2956 857 3306 927 ἐμφυσῶντες
3350 859 3456 930 τὴν
3489 858 3641 929 ζωὴν
3666 859 3757 931 τὴν

2175 938 2398 1006 ἄνωθεν,
2431 942 2572 996 κατά
2593 944 2690 1015 τὴν
2723 945 2815 998 τοῦ
2839 947 3106 1018 δόγματος
3130 949 3342 1019 αἵρεσιν
3362 966 3378 979 ⁶
3411 949 3523 1003 κᾶν
3557 949 3646 1003 διὰ
3664 950 3754 1018 τῆς

2178 1031 2379 1102 μητρὸς
2417 1033 2575 1088 τοῦτο
2623 1038 2938 1107 συμϐαίνειν
2969 1039 3218 1110 λέγωσιν,
3254 1043 3398 1096 ἀλλὰ
3429 1042 3544 1096 κᾶν
3581 1046 3632 1096 εί
3664 1046 3754 1096 σὺν

2173 1123 2390 1194 Χριστῷ
2411 1130 2940 1200 καταστρατεύεσθαι
2977 1133 3071 1186 τοῦ
3104 1134 3337 1188 θανάτου
3361 1135 3608 1204 λέγοιεν,
3629 1138 3751 1205 ὀμο-

2172 1213 2468 1284 λογούντων
2505 1219 2565 1272 τὸ
2599 1220 2772 1292 δόγμα
2814 1224 2874 1277 τὸ
2907 1227 3307 1297 κεκρυμμένον,
3342 1228 3424 1292 ὡς
3465 1229 3578 1298 τῆς
3611 1228 3753 1293 θείας

2170 1305 2264 1358 τοῦ
2305 1309 2643 1382 Δημιουργοῦ
2671 1316 3022 1386 κατατρέχειν
3053 1316 3288 1388 τολμῶσι
3309 1317 3632 1388 δυνάμεως,
3666 1319 3754 1389 τὴν

2171 1397 2343 1450 κτίσιν
2357 1399 2452 1469 τὴν
2467 1401 2652 1465 αὑτοῦ,
2671 1403 2744 1468 ὡς
2759 1407 3036 1476 κρείττους
3052 1407 3550 1483 ἐπανορθούμενοι,

2173 1505 2321 1558 μενοι
2350 1490 2539 1555 σώζειν
2568 1495 2666 1566 τὴν
2693 1495 2927 1568 ψυχικὴν
2952 1499 3152 1565 εἰκόνα,
3187 1499 3254 1570 ἧν
3284 1500 3453 1564 αὐτὸς
3489 1499 3755 1572 ῥύσασθαι

2167 1582 2265 1652 τῆς
2305 1582 2508 1656 φθορᾶς
2551 1587 2612 1640 οὐ
2659 1589 3002 1658 κατίσχυσεν.
3051 1592 3148 1662 Εῖη
3181 1592 3225 1644 δ’
3251 1592 3317 1646 ἂν
3351 1594 3454 1646 καὶ
3496 1594 3529 1645 ὁ
3561 1591 3756 1662 Κύριος

2168 1673 2404 1743 ἀμείνων
2425 1675 2517 1728 τοῦ
2541 1677 2869 1750 δημιουργοῦ
2888 1681 3018 1734 Θεοῦ
3035 1699 3046 1710 ·
3079 1682 3140 1734 οὐ
3176 1682 3283 1753 γὰρ
3315 1683 3386 1736 ἄν
3411 1698 3559 1736 ποτε
3596 1684 3626 1734 ὁ
3652 1681 3756 1743 sib;

2168 1765 2247 1835 ’τῷ
2286 1770 2452 1839 πατρὶ
2496 1769 2934 1843 διαφιλονεικοίη,
2971 1775 3062 1827 καὶ
3101 1774 3274 1829 ταῦτα
3319 1778 3382 1828 ἐν
3421 1775 3602 1837 θεοῖς.
3645 1774 3753 1824 Ὅτι

2167 1854 2223 1906 δὲ
2255 1852 2409 1920 οὗτός
2441 1859 2586 1911 ἐστιν
2615 1862 2641 1912 ὁ
2673 1859 2765 1912 τοῦ
2799 1861 2912 1913 υἱοῦ
2947 1864 3151 1933 πατὴρ,
3184 1864 3212 1915 ὁ
3245 1861 3619 1932 Δημιουργδς
3659 1860 3755 1911 τῶν

2168 1947 2519 2016 συμπάντων,
2543 1951 2571 2002 ὁ
2594 1953 2983 2023 παντοκράτωρ
3007 1953 3226 2024 Κύριος,
3258 1955 3338 2015 εἰς
3370 1955 3619 2006 ἐκείνων
3642 1955 3753 2004 ἀνε-

2165 2033 2437 2106 ϐαλόμεθα
2487 2036 2582 2107 τὴν
2639 2039 2847 2108 σκέψιν,
2883 2040 3004 2094 καθ’
3058 2042 3124 2112 ἢν
3171 2043 3305 2113 πρὸς
3359 2042 3466 2104 τὰς
3509 2042 3754 2111 αἱρέσες

2166 2125 2516 2196 ὑπεσχήμεθα
2545 2128 2903 2194 διαλέξασθαι,
2931 2132 3118 2186 τοῦτον
3146 2130 3284 2188 εἶναι
3316 2135 3484 2204 μόνον
3510 2134 3754 2186 auriti-ob

2162 2232 2253 2280 τες
2304 2218 2395 2270 τὸν
2446 2219 2536 2271 ὑπ’
2568 2221 2728 2274 αὐτοῦ
2773 2225 3198 2295 κεκηρυγμένον.
3263 2227 3408 2279 Ἀλλ’
3441 2228 3588 2298 ἡμῖν
3624 2243 3688 2294 γε
3726 2229 3752 2277 ὁ

2176 2309 2493 2374 Ἀπόστολος
2536 2313 2615 2376 είς
2652 2315 2750 2383 τὴν
2779 2314 2884 2367 τῶν
2910 2315 3137 2386 θλίψεων
3160 2319 3442 2389 ὑπομονὴν
3481 2321 3748 2392 γράφω-θ’

2169 2417 2188 2448 ι
2228 2400 2335 2451 Καὶ
2382 2400 2557 2464 τοῦτο,
2592 2403 2773 2472 φησὶν,
2803 2405 2906 2458 ἀπὸ
2938 2406 3096 2471 Θεοῦ,
3119 2409 3199 2462 ὅτι
3231 2410 3357 2480 ὑμῖν
3383 2409 3669 2481 ἐχαρίσθη
3695 2409 3748 2461 τὸ

2163 2488 2301 2560 ὑπὲρ
2334 2491 2585 2561 Χριστοῦ,
2620 2494 2679 2545 οὐ
2711 2495 2866 2564 μόνον
2888 2497 2947 2550 τὸ
2972 2499 3052 2560 είς
3075 2499 3236 2552 αὑτὸν
3265 2500 3582 2563 πιστεύειν,
3619 2500 3749 2554 ἀλλὰ

2162 2579 2254 2632 καὶ
2282 2579 2342 2632 τὸ
2371 2581 2510 2652 ὑπὲρ
2541 2583 2702 2637 αὐτοῦ
2741 2587 2966 2657 πάσχειν
2985 2606 2998 2619 ”
3037 2589 3125 2642 τὸν
3163 2592 3322 2644 αὐτὸν
3348 2592 3548 2659 ἀγῶνα
3604 2592 3750 2661 Expr-

2159 2685 2270 2732 τες,
2289 2665 2398 2723 οἷον
2419 2671 2556 2724 ἴδετε
2581 2675 2637 2726 ὲν
2659 2675 2798 2743 ἐμοὶ,
2820 2677 2912 2729 καὶ
2938 2676 3032 2730 νῦν
3055 2678 3278 2732 ἀκούετε
3306 2681 3361 2732 ὲν
3378 2681 3528 2750 ἐμοί.
3571 2681 3648 2733 Εἴ
3667 2698 3749 2742 τις

2159 2756 2250 2813 οὖν
2263 2762 2602 2832 παράκλησις
2617 2767 2672 2818 ὲν
2687 2767 2925 2838 Χριστῷ,
2941 2768 2995 2821 εἴ
3005 2786 3056 2821 τι
3072 2755 3416 2840 παραμύθιον
3426 2772 3688 2842 ἀγάπης,
3703 2771 3751 2824 εἰ

2157 2867 2242 2916 τις
2268 2855 2516 2908 κοινωνία
2537 2857 2860 2928 πνεύματος,
2881 2859 3063 2913 εῐτινα
3093 2861 3371 2931 σπλάγχνα
3400 2864 3500 2915 καὶ
3527 2864 3747 2933 οἰκτιρ-

2163 2943 2271 3011 μοὶ,
2295 2943 2616 3016 πληρώσατέ
2653 2965 2750 3018 μου
2782 2948 2878 3020 τὴν
2897 2951 3090 3022 χαρὰν,
3117 2952 3202 3004 ἵνα
3225 2952 3284 3005 τὸ
3305 2953 3440 3006 αὐτὸ
3476 2955 3744 3024 φρονῆτε,

2156 3033 2256 3105 τὴν
2287 3035 2454 3105 αὐτὴν
2484 3037 2702 3108 ἀγάπην
2729 3039 2957 3110 ἔχοντες,
2985 3042 3272 3113 σύμψυχοι,
3296 3044 3357 3096 τὸ
3382 3045 3444 3095 ἓν
3479 3045 3746 3115 φρονοῦν-

2157 3138 2264 3185 τες.
2302 3123 2365 3175 El
2393 3124 2449 3176 se
2482 3125 2761 3181 σπένδεται
2787 3130 2878 3182 ἐπὶ
2901 3134 2964 3201 τῇ
2999 3131 3158 3202 θυσίᾳ
3191 3132 3283 3185 καὶ
3313 3136 3377 3203 τῇ
3416 3133 3746 3209 λειτουργίᾳ

2157 3211 2258 3282 τῆς
2280 3214 2513 3281 πίστεως
2529 3219 2729 3292 χαίρων
2751 3221 2844 3274 καὶ
2862 3221 3186 3293 συγχαίρων,
3217 3241 3235 3275 ι
3260 3223 3393 3297 πρὸς
3410 3225 3507 3288 οὓς
3523 3229 3556 3278 ὁ
3584 3227 3743 3294 λόγος

2155 3299 2234 3371 τῷ
2267 3303 2584 3377 Ἀποστόλῳ,
2612 3307 2737 3372 τοὺς
2762 3308 3149 3380 Φιλιππησίους
3179 3329 3197 3360 ι
3229 3313 3615 3380 συμμετόχους
3644 3313 3739 3382 τῆς

2116 3439 2120 3442 .
2157 3393 2376 3464 χάριτος
2398 3395 2504 3466 (85)
2543 3415 2560 3446 ι
2593 3397 2788 3464 καλῶν,
2817 3399 2932 3463 πῶς
2960 3401 3156 3463 αὐτοὺς
3181 3421 3198 3450 ι
3232 3401 3557 3472 sugq/tirio;
3595 3423 3616 3453 ι
3645 3405 3739 3456 καὶ

2154 3483 2417 3555 ψυχικοὺς
2451 3485 2558 3556 (86)
2582 3487 2754 3556 λέγεις
2803 3489 3030 3560 Ὁμοίως
3056 3491 3149 3543 καὶ
3179 3493 3307 3562 περὶ
3334 3492 3612 3561 Τιμοθέου
3644 3495 3740 3546 καὶ

2155 3575 2348 3630 ἑαυτοῦ
2393 3578 2637 3648 γράφων,
2681 3599 2698 3630 ι
2776 3579 2964 3633 οὐδένα
3006 3582 3113 3652 γὰρ
3151 3582 3280 3652 ἔχω,
3315 3583 3506 3651 φησὶν,
3544 3585 3740 3652 ἰσόψυ-

2154 3684 2268 3737 χον,
2296 3667 2444 3730 ὅστις
2473 3668 2707 3739 γνησίως
2758 3669 2827 3722 τὰ
2879 3671 3007 3740 περὶ
3072 3671 3224 3740 ὑμῶν
3270 3674 3648 3743 μεριμνήσει·
3687 3675 3736 3724 οἱ

2155 3759 2354 3824 πάντες
2379 3762 2486 3832 γὰρ
2510 3760 2577 3813 τὰ
2609 3762 2812 3814 ἑαυτῶν
2833 3762 3110 3833 ζητοῦσιν,
3144 3765 3204 3815 οὐ
3235 3763 3304 3815 τὰ
3351 3764 3531 3834 Ἰησοῦ
3587 3766 3732 3834 Χρι-

2154 3851 2280 3904 στοῦ
2332 3853 2459 3918 (87).
2507 3873 2523 3904 ι
2566 3853 2656 3924 Μὴ
2696 3855 2870 3908 τοίνυν
2924 3874 2942 3904 ι
3004 3854 3268 3923 ψυχικοὺς
3310 3874 3328 3904 ι
3373 3857 3430 3907 ὲν
3488 3856 3734 3916 ὀνείδους

2156 3941 2310 4012 μέρει
2370 3943 2633 4011 λεγόντων
2695 3946 2842 4014 ἡμᾶς
2877 3947 2942 3997 oi
2996 3945 3404 4015 προειρημένοι,
3457 3944 3597 3997 ἀλλὰ
3639 3945 3734 3996 καὶ

2151 4033 2201 4082 οἱ
2225 4031 2453 4102 Φρύγες·
2480 4032 2578 4104 ἤδη
2604 4032 2713 4104 γὰρ
2737 4036 2832 4086 καὶ
2859 4031 3004 4088 οῦτοι
3026 4037 3150 4098 τοὺς
3188 4038 3253 4105 τῇ
3287 4035 3386 4105 νέᾳ
3416 4037 3732 4106 προφητείᾳ

2154 4121 2228 4192 μὴ
2251 4122 2613 4193 προσέχοντας
2646 4143 2664 4174 ι
2702 4123 2962 4194 ψυχικοὺς
3005 4145 3022 4175 ι
3061 4124 3341 4190 καλοῦσιν,
3375 4125 3515 4195 πρὸς
3544 4124 3645 4187 οὓς
3673 4128 3732 4177 ὲν

2149 4217 2260 4276 τοῖς
2295 4233 2312 4264 ι
2345 4216 2478 4287 Περὶ
2500 4216 2834 4286 προφητείας
2874 4236 2892 4267 ι
2925 4215 3296 4285 διαλεξόμεθα.
3342 4216 3590 4284 Ἀγάπην
3634 4213 3730 4269 οὖν

2149 4305 2335 4358 ἀσκεῖν
2367 4307 2456 4358 τὸν
2488 4307 2688 4360 τέλειον
2723 4308 2862 4378 χρὴ,
2894 4305 3148 4360 κάνθένδε
3183 4306 3274 4357 ἐπὶ
3312 4307 3411 4375 τὴν
3445 4305 3600 4358 θείαν
3637 4324 3729 4374 gu-

2148 4397 2266 4450 λίαν
2296 4397 2566 4468 σπεύδειν,
2588 4398 2655 4450 δι’
2677 4399 2895 4468 ἀγάπην
2922 4395 3241 4449 ὲκτελοῦντα
3267 4395 3364 4458 τὰς
3385 4395 3627 4457 ἐντολάς.
3654 4397 3730 4447 T'o

475 4480 782 4550 prophetia.
841 4480 978 4536 Eum
1017 4496 1179 4551 ergo,
1217 4482 1310 4552 qui
1349 4491 1429 4537 est
1464 4481 1771 4552 perfectus,
1827 4493 2040 4553 oportet

2159 4488 2195 4540 se
2224 4489 2440 4559 ἀγαπᾷν
2464 4489 2590 4552 τοὺς
2615 4489 2841 4559 ἐχθροὺς
2869 4491 2967 4542 οὐκ
2999 4489 3215 4558 ἀγαπᾷν
3252 4487 3314 4539 τὸ
3349 4489 3519 4541 κακὸν
3553 4489 3727 4556 λέγει,

478 4583 731 4624 exercere
762 4571 1122 4636 charitatem,
1160 4581 1213 4627 et
1252 4572 1381 4628 hinc
1421 4575 1486 4628 ad
1521 4572 1614 4626 Dei
1651 4575 1871 4628 tendere
1902 4575 2041 4628 ami-

476 4659 697 4723 citiam,
739 4676 835 4730 per
870 4663 1192 4718 charitatem
1246 4665 1366 4733 ejus
1415 4667 1670 4732 mandata
1717 4683 2039 4736 exsequens.

473 4749 612 4804 Cum
671 4765 797 4805 vero
841 4753 995 4820 jubet
1042 4753 1267 4823 diligere
1321 4756 1606 4823 inimicos,
1659 4772 1768 4812 non
1821 4759 2043 4828 diligere

474 4841 694 4910 quidem
753 4842 956 4897 malum
1001 4843 1298 4913 jubemur,
1335 4863 1510 4916 neque
1550 4850 1917 4919 impietatem,
1961 4852 2040 4906 vel

473 4932 832 5001 adulterium,
874 4936 961 4990 vel
1001 4934 1248 5002 furtum;
1293 4936 1386 4991 sed
1427 4937 1638 5007 furem,
1679 4951 1734 4996 et
1771 4944 2038 5012 impium,

470 5034 525 5078 et
566 5025 908 5094 adulterum,
958 5043 1068 5082 non
1116 5027 1335 5097 quidem
1388 5040 1658 5098 quatenus
1712 5044 1930 5102 peccat,
1987 5045 2041 5091 et

2145 4579 2264 4631 οὐδὲ
2293 4580 2564 4645 ἀσέϐειαν,
2599 4581 2630 4652 ἢ
2666 4579 2983 4650 μοιχείαν,ἣ
3016 4579 3256 4647 κλοπὴν,
3300 4578 3436 4631 ἀλλά
3463 4580 3557 4631 τὸν
3594 4581 3726 4632 κλέα

2145 4689 2304 4742 πτην,
2346 4673 2439 4725 καὶ
2466 4673 2556 4725 τὸν
2581 4672 2773 4741 ἀσεϐῆ,
2809 4673 2902 4725 καὶ
2920 4672 3011 4738 τρν
3039 4671 3246 4741 μοιχὸν,
3286 4671 3346 4722 οὐ
3371 4669 3509 4722 καθὸ
3544 4672 3727 4741 ἁμαρ-

2144 4762 2314 4824 τάνει,
2349 4765 2442 4815 καὶ
2468 4767 2535 4834 τῇ
2566 4765 2694 4834 ποιᾷ
2721 4763 2968 4835 ἐνεργείᾳ
3022 4761 3236 4832 μολύνει
3282 4761 3381 4831 τὴν
3429 4761 3723 4831 ἀνθρώπου

2146 4855 2535 4925 προσηγορίαν,
2587 4855 2707 4908 καθ’
2738 4855 2765 4905 ὃ
2803 4855 2860 4908 δὲ
2893 4854 3173 4926 ἄνθρωπός
3217 4856 3372 4916 ἐστι,
3420 4855 3517 4905 καὶ
3562 4853 3724 4923 ἔργον

2146 4946 2298 5000 Θεοῦ.
2365 4947 2577 5017 Ἀμέλει
2618 4947 2678 4998 τὸ
2723 4947 3053 5018 ἁμαρτάνειν
3094 4945 3343 5016 ἐνεργείᾳ
3368 4948 3580 5007 κεῖται,
3618 4946 3721 4995 οὐκ

2145 5039 2318 5109 οὐσίᾳ·
2366 5039 2445 5092 διὸ
2487 5040 2607 5093 οὐδὲ
2655 5039 2812 5111 ἔργον
2855 5039 3008 5093 Θεοῦ.
3053 5039 3265 5109 Ἐχθροὶ
3305 5039 3360 5090 δὲ
3391 5040 3443 5091 οἱ
3473 5038 3718 5108 ἁμαρτά-

544 5134 838 5250 satagens
876 5157 983 5219 ED.
1023 5163 1318 5228 POTTER,
1344 5165 1443 5221 su
1485 5166 1591 5221 El).
1630 5166 1851 5250 PARIS.
1931 5183 1957 5211 ι
1989 5169 2056 5226 Ρι

2159 5194 2183 5229 ι.
2231 5192 2267 5242 ι,
2302 5177 2882 5245 29,50;n,1,2,i7.
2961 5175 3204 5247 bPhilip.
3239 5194 3277 5238 ι.
3311 5177 3364 5230 7.
3447 5188 3469 5215 ε
3514 5175 3712 5244 Philip.

467 5248 534 5300 ιι,
569 5233 662 5300 '20,
692 5233 781 5288 21.

466 5371 772 5441 spirituale,
807 5372 954 5440 quod
1005 5373 1242 5430 haeretici
1302 5376 1664 5441 affirmabant,
1697 5395 1727 5433 e
1791 5381 1933 5434 caelo
1975 5382 2040 5435 ad

467 5440 792 5520 abolendam
826 5453 1057 5498 mortem
1095 5445 1443 5504 descendisse
1468 5467 1480 5503 :
1505 5459 1566 5504 ut
1598 5440 1761 5520 paulo
1790 5452 2041 5518 superius

467 5510 605 5563 dixit
637 5519 842 5564 auctor.
1598 5510 1614 5520 ⁵
1859 5510 1873 5518 ”

467 5646 502 5658 _
539 5580 650 5658 (8_5_)
671 5583 1088 5658 ξυμμετόχους
1105 5601 1134 5636 τ
1136 5583 1214 5658 ᾖς
1231 5584 1493 5658 χάριτος.
1513 5587 1750 5658 Respicit
1776 5587 1972 5656 Philip.
1995 5605 2034 5654 ι,

467 5646 638 5729 7,_ubi
674 5646 1075 5729 Apostolus'ait
1098 5671 1110 5707 :
1134 5646 1533 5723 Συγκόινωνούς
1557 5646 1657 5729 μοῖδ
1687 5662 1786 5729 τῆς
1819 5646 2036 5727 χάρίτοέ

469 5720 677 5790 πάντας
702 5720 844 5790 ῦμᾶς
877 5720 1054 5784 ὂντας.

543 5787 655 5860 (86)
681 5787 1044 5864 Σὺμψύχους
1080 5793 1172 5845 καὶ
1211 5797 1526 5864 ψυχικαῖς.
1563 5797 1675 5855 Vox
1707 5799 1976 5870 posterior
2003 5815 2049 5853 at

2147 5383 2312 5452 priori
2345 5384 2412 5438 ab
2441 5393 2660 5460 auctore
2678 5383 2922 5460 infertur
2943 5403 2968 5460 _:
3001 5397 3126 5460 nam
3153 5380 3437 5460 coptpuxoz
3461 5393 3586 5460 esse
3617 5393 3715 5460 ne-

2147 5446 2372 5535 queunt,
2409 5456 2500 5535 qui
2521 5470 2644 5535 _non
2675 5455 2878 5535 habent
2903 5455 3002 5525 τὴν
3027 5446 3325 5535 ψυχήκζξπ
3355 5446 3583 5535 ιόιζοξιξᾴἐ
3597 5446 3711 5535 ἐξ

2146 5518 2288 5592 χικοί
2342 5518 2488 5596 sunt.
2521 5523 2631 5579 Vox
2673 5527 2790 5594 ipsa
2847 5518 3066 5596 ψυχικοί
3104 5518 3171 5591 ἱιιῖ
3196 5522 3298 5576 hac
3340 5518 3570 5589 epistola
3594 5531 3709 5570 non

2461 5665 2658 5734 Ἰησοῦ
2695 5663 2974 5736 Χριστοῦ.
2998 5663 3078 5718 Τά
3105 5662 3198 5717 τοῦ
3229 5660 3465 5732 Χριστοῦ
3509 5653 3702 5728 Ἰησοῦ,

2203 5751 2235 5788 ιι
2266 5751 2333 5788 ιο.
3029 5772 3033 5776 .

2203 5751 2333 5804 imp.
3029 5772 3033 5776 -
