3934 6554
215 348 356 404 1501

1481 351 1914 413 STROMATUM
1944 354 2082 415 LIB.
2113 355 2215 418 ιν..

2604 244 2660 279 αι’.

3323 351 3465 408 isne

207 483 401 532 νοντες
433 467 677 542 εἴρηνται
704 471 859 537 Θεοῦ,
883 472 932 527 οἱ
961 472 1147 546 ἐχθροὶ
1173 474 1238 546 δὴ
1271 473 1379 529 τῶν
1417 474 1679 542 ἐντολῶν,
1705 470 1791 541 αἷς

1896 477 2138 548 quadam
2179 475 2673 532 actione'humano
2708 474 2953 531 nomini"
2974 473 3210 530 dedecus
3263 470 3458 534 infert,

211 558 354 632 μηδὲ
386 556 757 634 ὐπακηκόασιέ
781 565 1062 636 γενόμενοι
1090 565 1280 639 ὥσπερ
1307 568 1450 646 φίλοι
1483 570 1532 623 οἱ
1571 570 1786 643 ὑπακη-

206 652 424 720 κοᾶτες,
449 658 496 710 οἱ
526 658 624 728 μὲν
650 657 737 712 διὰ
763 658 860 732 τὴν
890 660 1181 725 οίκείωσιν,
1214 663 1263 715 οἱ
1295 660 1350 715 δὲ
1377 659 1465 715 διὰ
1490 661 1588 733 τὴν
1614 662 1793 721 ἀπαλ-

201 742 499 817 λοτρίωσιν
539 747 638 820 τὴν
685 751 750 804 ὲκ
804 752 1175 823 προαιρέσεως
1237 753 1786 828 προσαγορευθέντες·

202 837 369 892 οὐθὲν
413 838 523 910 γὰρ
555 841 588 911 ἡ
619 838 785 913 ἔχθρα
821 842 929 896 οὐδ’
959 844 993 915 ἡ
1031 844 1277 915 ἁμαρτία
1312 845 1440 899 ἄνευ
1472 843 1564 898 τοῦ
1594 844 1789 918 ἐχθροῦ

204 929 309 982 καὶ
324 927 416 983 τοῦ
444 930 867 1002 ἁμαρτάνοντος·
897 934 991 988 καὶ
1010 953 1029 985 ι
1052 934 1113 988 τὸ
1148 934 1372 1005 μηδενὸς
1402 934 1689 1006 ἐπιθυμεῖν
1709 977 1726 1002 ,
1765 956 1784 989 ι

204 1019 314 1092 οὐχ
344 1018 419 1084 ὡς
451 1020 744 1094 ἀλλοτρίων
764 1022 872 1077 τῶν
898 1024 1248 1097 ὲπιθυμητῶν
1268 1024 1465 1091 όντων,
1515 1025 1680 1079 πόθον
1715 1027 1789 1098 μὴ

206 1111 359 1182 ἔχειν
390 1111 651 1179 διδάσκει,
678 1113 929 1186 καθάπερ
957 1113 1319 1186 ὑπειλήφασιν
1350 1117 1399 1169 οἱ
1425 1116 1517 1170 τὸν
1550 1116 1791 1188 κτίστην

166 1270 173 1277 .
205 1199 374 1256 ἄλλον
404 1197 543 1256 εἶναι
585 1203 739 1276 παρὰ
774 1205 866 1259 τὸν
914 1206 1140 1278 πρῶτον.
1175 1206 1305 1261 Θεὸν
1353 1199 1785 1279 δογματίζόντες·

176 1366 183 1369 ἡ
206 1289 328 1344 οὐθ’
356 1291 433 1356 ὡς
458 1291 855 1367 ἔδδελυγμένης
881 1297 979 1353 καὶ.
1002 1297 1177 1368 κακῆς
1205 1296 1370 1369 οὐσης
1400 1298 1500 1369 τῆς
1527 1299 1791 1366 γενέσεως

209 1377 384 1449 (ἄθεοι
416 1378 525 1451 γάρ
573 1383 629 1434 αί
671 1383 816 1448 δόξαι
845 1376 1047 1456 αὗται)·
1100 1405 1119 1436 ι
1157 1385 1410 1459 ἀλλότρια
1449 1407 1466 1439 ι
1519 1388 1575 1442 δὲ
1629 1391 1792 1460 ἡμεῖς

208 1486 397 1541 φαμεν
424 1471 492 1524 τὰ
513 1471 606 1525 τοῦ
633 1473 857 1545 κόσμου,
888 1476 984 1547 οὐχ
1000 1476 1076 1541 ὡς
1101 1477 1298 1541 ἄτοπα,
1320 1478 1430 1532 οὐδ’
1453 1479 1528 1543 ὼς
1560 1480 1679 1551 οὐχ).
1696 1479 1789 1533 τοῦ

205 1558 347 1613 Θεοῦ
379 1560 471 1615 τοῦ
496 1562 712 1618 πάντων
744 1566 972 1638 Κυρίου,
1005 1568 1119 1622 ἀλλ’
1153 1571 1340 1642 ἐπειδὴ
1378 1571 1452 1643 μὴ
1484 1573 1787 1645 καταμένο-

209 1669 318 1722 μεν
350 1654 411 1707 tv
441 1654 625 1719 αὐτοῖς
661 1655 752 1709 τὸν
784 1657 962 1713 πάντα
995 1660 1193 1714 αἰῶνα·
1231 1663 1419 1733 κτήσει
1463 1662 1592 1716 ὄντα
1635 1663 1789 1716 ἀλλό-

1891 568 1986 626 sed
2020 578 2287 640 quatenus
2337 575 2420 624 est
2466 566 2630 621 homo
2656 575 2710 622 et
2737 583 2876 638 opus
2907 565 3023 621 Dei.
3051 548 3284 622 Peccare
3317 573 3463 619 certe

1892 660 2035 717 inter
2054 660 2300 722 actiones
2324 658 2568 728 ponitur,
2588 673 2696 712 non
2716 658 2856 714 inter
2878 657 3249 721 substantias;
3261 670 3456 726 quam-

1860 752 2088 813 ,,obrem
2148 766 2249 806 nec
2306 748 2398 805 Dei
2428 758 2512 806 est
2546 765 2704 819 opus.
2745 749 2839 806 Dei
2866 757 3048 804 autem
3084 748 3295 803 inimici
3328 745 3461 803 dicti

1858 902 1863 907 .
1893 857 2022 904 sunt
2043 855 2379 917 peccatores,
2401 845 2493 914 qui
2514 854 2644 900 sunt
2660 844 2868 899 inimici
2892 843 3277 897 mandatorum
3297 881 3313 906 ,
3338 840 3457 911 qui-
3490 842 3495 847 ⁷

1856 991 1865 999 ,
1892 936 1996 992 bus
2015 952 2122 991 non
2145 935 2426 1000 obediunt,
2444 934 2590 989 sicut
2618 933 2781 988 amici
2803 942 2947 998 sunt,
2965 934 3058 1003 qui
3076 932 3368 999 obediunt;
3403 932 3460 987 hi

1891 1027 2111 1098 quidem
2130 1036 2348 1097 propter
2364 1024 2829 1094 coniunctionem,
2847 1022 2922 1077 illi
2950 1038 3078 1096 vero
3103 1030 3319 1093 propter
3338 1022 3464 1077 alie-

1890 1119 2192 1184 nationem,
2209 1133 2274 1173 ex
2307 1118 2480 1173 libero
2499 1116 2664 1171 animi
2687 1116 2911 1172 arbitrio
2932 1114 3252 1185 profectam,
3279 1114 3463 1185 appel-

1860 1278 1869 1284 ,
1891 1211 2006 1265 lati.
2026 1208 2172 1264 Nihil
2188 1210 2333 1264 enim
2358 1219 2485 1266 sunt
2500 1209 2799 1264 inimicitiae
2815 1223 2990 1277 neque
3016 1215 3320 1280 peccatum,
3338 1206 3464 1284 abs:

1890 1314 2000 1370 que
2026 1300 2253 1358 inimico
2301 1308 2357 1354 et
2386 1308 2701 1370 peccatore.
2727 1297 2862 1354 Illud
2891 1307 3071 1357 autem
3098 1281 3525 1367 praeceptum?

1890 1408 2001 1462 quo
2046 1391 2306 1462 jubemur
2336 1410 2355 1443 ι
2386 1392 2463 1446 nil
2509 1390 2935 1461 concupiscere,
2962 1409 2986 1442 ι
3010 1404 3120 1444 non
3168 1397 3316 1444 vetat
3359 1402 3461 1443 nos

1890 1483 2260 1554 qualicunque
2306 1481 2577 1538 desiderio
2631 1479 2803 1546 allici,
2855 1495 2918 1534 ac
2960 1478 3006 1534 si
3054 1478 3231 1532 aliena
3278 1484 3462 1532 essent

1889 1588 2229 1644 quaecunque
2257 1581 2387 1627 sunt
2416 1571 2795 1627 desiderabilia
2820 1611 2834 1634 ,
2868 1578 2926 1629 ut
2953 1569 3334 1624 existimarunt
3362 1566 3458 1637 qui

1891 1664 2209 1719 Creatorem
2253 1663 2420 1717 alium
2456 1676 2576 1716 esse
2608 1677 2637 1715 a
2673 1662 2851 1731 primo
2892 1660 3001 1714 Deo
3038 1667 3321 1725 statuunt;
3359 1672 3459 1712 ne—

174 1760 375 1815 ,τρια,
404 1747 497 1799 καὶ
535 1747 642 1805 τῶν
670 1749 813 1805 κατά
841 1750 1090 1825 διαδοχὴν
1123 1754 1455 1824 ὑπάρχοντα·
1503 1756 1694 1826 χρήσει
1734 1754 1789 1808 δὲ

1894 1771 1996 1825 que
2024 1764 2283 1824 tanquam
2313 1754 2437 1824 ipsa»
2461 1754 2743 1825 generatio.
2767 1754 2838 1807 sit
2866 1752 3008 1806 mala
3042 1759 3096 1805 et
3123 1748 3457 1805 exsecranda

205 1833 443 1891 ἑκάστου
494 1839 650 1911 ἡμῶν
698 1842 828 1907 ἴδια,
862 1843 930 1896 δι’
961 1824 1053 1907 οὓς
1086 1843 1180 1897 καὶ
1227 1843 1460 1913 ἐγένετο·
1701 1846 1787 1916 ἐφ’

1894 1824 1923 1919 (7
1938 1856 2066 1902 sunt
2090 1846 2237 1902 enim
2269 1846 2450 1916 impia
2473 1824 2795 1914 huiusmodi
2825 1841 3153 1913 opiniones)
3182 1860 3198 1908 ;
3234 1840 3329 1895 sed
3360 1852 3464 1893 nos

176 1927 337 2007 ⁹ὅσον
372 1928 480 2002 (88)
512 1949 575 2000 γε
623 1933 806 1998 αὐτοῖς
845 1935 1138 2004 ἀναγκαῖον
1191 1940 1576 2008 συμπαρεῖναι.
1631 1938 1791 1995 Κατά

205 2019 449 2091 φυσικὴν
492 2023 670 2077 τοίνυν
710 2023 890 2095 ὄρεξιν
922 2027 1186 2098 χρηστέον
1235 2029 1347 2091 τοῖς
1389 2027 1788 2100 κεκωλυμένοις

205 2105 417 2173 καλῶς,
446 2111 624 2165 πᾶσαν
649 2113 1064 2184 ὐπερέκπτωσιν
1094 2116 1188 2169 καὶ⁹
1205 2117 1549 2187 συμπάθειαν
1585 2135 1783 2191 παραι-

178 2260 189 2266 -
204 2212 304 2250 του
312 2198 526 2268 μένους.

1892 1954 1980 1994 res
2005 1938 2172 2009 hujus
2197 1937 2385 1991 mundi
2413 1936 2667 1990 «alienas
2690 1954 2709 1985 ι
2739 1949 2861 1989 esse
2885 1933 3119 1989 dicimus
3136 1973 3152 2001 ,
3180 1947 3295 1986 non.
3314 1929 3462 2002 quod

1895 2029 2008 2084 sint
2058 2029 2309 2085 absurdae
2351 2042 2417 2082 ac
2464 2037 2686 2097 turpes,
2725 2035 2818 2080 aut
2844 2025 2990 2096 quod
3033 2025 3099 2079 ad
3142 2024 3308 2079 Deum
3349 2020 3460 2076 Do-

1891 2120 2099 2175 minum
2129 2121 2510 2174 universorum
2551 2132 2660 2171 non
2693 2118 3036 2186 pertineant,
3067 2116 3161 2171 sed
3193 2115 3459 2187 quoniam

1888 2213 1943 2267 in
1985 2212 2065 2267 eis
2101 2226 2211 2266 non
2246 2225 2630 2279 permanemus
2671 2210 2725 2263 in
2766 2223 2930 2263 omne
2978 2208 3273 2271 saeculum,
3334 2221 3459 2261 cum

178 2291 392 2359 ~quoad
434 2293 839 2361 possessionem
878 2295 989 2350 sint
1027 2296 1237 2361 aliena,
1270 2306 1325 2353 et
1353 2301 1766 2357 successoribus
1805 2302 2008 2357 nostris
2036 2301 2519 2372 tradenda,quoad
2569 2315 2726 2357 usum
2776 2315 2907 2355 vero
2950 2300 3062 2354 sint
3101 2299 3458 2368 uniuscujus-

182 2399 321 2455 _que
347 2392 597 2440 nostrum
620 2387 867 2457 propria,
895 2398 1115 2459 propter
1150 2406 1290 2459 quos
1323 2392 1486 2446 etiam
1518 2392 1661 2449 facta
1686 2403 1844 2461 sunt;
1897 2396 1989 2451 sed
2019 2404 2200 2450 tamen
2227 2403 2454 2449 eatenus
2473 2433 2488 2459 ,
2525 2402 2792 2464 quatenus
2819 2408 2923 2448 una
2952 2408 3074 2448 cum
3105 2393 3185 2449 eis
3211 2407 3333 2447 esse
3359 2406 3460 2446 no'

205 2474 301 2530 bis
332 2492 554 2533 necesse
579 2486 683 2535 est.
718 2478 887 2549 Igitur
930 2480 1317 2536 convenienter
1371 2484 1609 2538 naturali
1672 2485 1984 2554 appetitioni
2047 2493 2195 2538 recte
2238 2485 2496 2538 utendum
2552 2492 2634 2539 est
2680 2482 2776 2549 iis,
2821 2498 2942 2553 qua:
2982 2497 3113 2538 sunt
3146 2484 3456 2553 prohibita,

206 2578 469 2627 caventes
519 2585 587 2625 ne
635 2571 857 2627 modum
905 2572 1268 2639 excedamus,
1310 2582 1362 2628 et
1401 2589 1564 2645 supra
1605 2591 1768 2646 quam
1795 2592 1892 2647 par
1919 2585 2005 2635 est
2031 2577 2086 2631 in
2117 2592 2180 2632 ea
2209 2572 2528 2637 alﬁciam'ur.
3169 2559 3174 2562 l

1629 2676 1858 2783 CAPUT
1900 2727 2038 2786 XIV.

1253 2839 1331 2894 De
1361 2840 1646 2896 dilectione
1676 2842 1935 2903 omnium,
1973 2841 2132 2895 etiant
2167 2841 2518 2896 inimicorum.

188 2984 195 2993 .
287 2955 426 3027 ὀση
457 2957 551 3010 καὶ
591 2956 929 3027 χρηστότης;
988 2975 1007 3008 ι
1065 2957 1338 3027 Ἀγαπᾶτε
1386 2957 1513 3020 τούς
1564 2957 1791 3029 ἐχθροὺς
1854 2949 1877 2957 ’

210 3045 390 3116 ὐμῶν,
459 3065 478 3099 ι
535 3046 700 3116 λέγει·
769 3067 788 3099 ι
854 3047 1125 3117 εὐλογεῖτε
1176 3050 1304 3113 τούς
1363 3048 1792 3120 καταρωμένους

211 3138 363 3209 ὑμᾶς
387 3137 519 3208 (89)·
555 3140 649 3194 κα)⁵
672 3140 1041 3212 προσεύχεσθε
1065 3140 1206 3212 ὑπὲρ
1230 3138 1339 3193 τῶν
1379 3139 1791 3211 ἐπηρεαζόντων

1967 2955 2138 3014 Porro
2173 2966 2354 3014 autem
2381 2965 2585 3028 quanta
2621 2963 2708 3012 est
2745 2954 2907 3010 etiam
2945 2954 3289 3026 benignitas?
3318 2973 3337 3006 ι
3366 2953 3460 3008 Di-

1906 3047 2057 3118 ligite
2071 3086 2087 3113 ,
2106 3067 2125 3099 »
2144 3049 2345 3122 inquit,
2362 3072 2380 3106 ι
2400 3049 2655 3108 inimicos
2665 3060 2893 3108 vestros.
2913 3050 3225 3111 Benedicite
3250 3054 3321 3110 iis
3360 3048 3454 3120 qui

1897 3155 1998 3195 vos
2028 3151 2403 3206 exsecrantur,
2430 3148 2485 3194 et
2512 3147 2664 3196 orate
2690 3155 2791 3211 pro
2822 3141 2903 3197 eis
2922 3183 2938 3209 ,
2970 3140 3065 3212 qui
3091 3155 3191 3196 vos
3219 3139 3463 3196 alliciunt

211 3231 382 3300 ὑμῖν,
420 3249 440 3282 ι
486 3231 580 3285 καὶ
615 3231 685 3285 τὰ
709 3233 893 3303 ὃμοια·
934 3228 1015 3295 οἷς
1068 3232 1445 3303 προστίθησιν·
1485 3251 1505 3283 ι
1544 3233 1662 3286 Ἵνα
1700 3231 1791 3300 γέ-

1897 3233 2243 3288 contumeliis
2264 3245 2313 3300 α,
2337 3252 2355 3286 ι
2376 3242 2432 3288 et
2457 3234 2676 3292 similia.
2718 3233 2931 3301 Quibus
2953 3232 3141 3304 adjicit
3164 3253 3177 3287 :
3203 3252 3222 3285 ι
3244 3231 3316 3287 Ut
3340 3231 3462 3287 sitis

192 3322 385 3394 σνησθε
411 3325 516 3377 υίοὶ
541 3325 634 3378 τοῦ
663 3325 877 3398 Πατρὸς
901 3324 1056 3397 ὑμῶν
1086 3324 1176 3380 τοῦ
1215 3327 1273 3378 tv
1312 3327 1425 3388 τοῖς
1455 3324 1724 3397 οὐρανοῖς·
1765 3342 1785 3375 ›

196 3415 316 3485 οτὴν
347 3413 666 3486 ἐξομοίωσιν
693 3417 793 3489 τὴν
820 3418 956 3488 πρὸς
1002 3416 1137 3471 Θεὸν
1183 3416 1578 3488 αἰνισσόμενος.
1622 3414 1791 3469 Πάλιν

193 3504 260 3561 ,δ’
295 3501 362 3560 αὖ
393 3523 578 3577 φησιν·
624 3527 644 3560 ι
689 3508 828 3562 Ἴσθι
857 3508 1057 3563 εὐνοῶν
1089 3508 1168 3579 τῷ
1208 3508 1464 3579 ἀντιδίκῳ
1496 3525 1591 3562 σου
1630 3508 1791 3577 ταχὺ,

195 3596 324 3663 -Ξως
350 3598 473 3651 ὅτου
498 3594 549 3652 εἶ
591 3600 648 3652 tv
680 3602 746 3671 τῇ
777 3599 882 3671 ὁδῷ
925 3602 1042 3671 μετ’
1076 3600 1262 3654 αὐτοῦ.
1324 3599 1613 3662 ’Δντίδικος
1668 3617 1687 3650 ι
1736 3599 1794 3653 6t

212 3691 282 3745 οὐ
299 3690 363 3743 τὸ
396 3690 576 3761 σῶμα,
604 3690 680 3756 ὦς
704 3707 847 3755 τινες
890 3691 1189 3762 βούλονται,
1219 3692 1333 3746 ἀλλ’
1365 3694 1394 3746 ὁ
1423 3690 1668 3754 διάϐολος
1698 3692 1793 3746 καὶ

213 3782 269 3834 ot
302 3780 476 3850 τούτῳ
528 3779 930 3852 ὲξομοιούμενοι
951 3820 966 3845 ,
1002 3782 1031 3833 ό
1065 3800 1083 3833 ι
1123 3781 1441 3835 συνοδεύων
1475 3801 1494 3833 ι
1551 3783 1684 3853 ἡμῖν
1725 3782 1792 3836 δι’

213 3868 523 3942 ἀνθρώπων
548 3870 657 3925 τῶν
686 3870 989 3942 ζηλούντων
1017 3872 1086 3925 τὰ
1114 3871 1252 3943 ἔργα
1287 3871 1453 3925 αὐτοῦ
1482 3875 1542 3925 ὲν
1566 3872 1644 3943 τῷ
1669 3876 1787 3927 tm-

198 3963 356 4033 .γείῳ
381 3961 517 4034 τῷδε
545 3963 660 4036 βίῳ.
680 3962 796 4034 Οὐχ
828 3959 939 4017 οἷόν
967 3978 1027 4017 τε
1052 3958 1144 4018 οὖν
1163 3964 1238 4035 μὴ
1260 3963 1453 4017 παθεῖν
1470 3964 1539 4017 τὰ
1572 3963 1798 4034 ἔχθιστα

198 4055 347 4116 οτούς
371 4053 762 4124 ὁμολογοῦντας
792 4055 891 4126 μὲν
923 4056 1147 4120 ἑαυτοὺς
1185 4051 1324 4109 εἶναι
1372 4059 1485 4120 τοῖς
1514 4055 1613 4108 ’τοῦ
1653 4057 1789 4126 Χρι-

201 4143 350 4199 οστοῦ
371 4144 503 4218 (90),
527 4149 585 4200 ὲν
611 4148 669 4201 δὲ
692 4150 805 4211 τοῖς
836 4146 931 4200 τοῦ
958 4146 1204 4201 διαϐόλου
1223 4147 1679 4218 καταγινομένους
1708 4148 1796 4218 ἔρ-

217 4255 359 4308 γοις·
414 4239 720 4309 γέγραπται
775 4238 903 4308 γάρ·
953 4257 970 4290 ι
1029 4240 1118 4309 Μή
1179 4255 1308 4292 ποτε
1371 4238 1598 4309 παραδῷ
1636 4256 1694 4293 σε
1718 4238 1795 4309 τῷ

208 4334 405 4402 κριτῇ,
448 4350 466 4381 ι
499 4332 527 4383 ὁ
557 4331 748 4402 κριτὴς
777 4330 834 4384 δὲ
860 4329 969 4401 (91)
994 4330 1072 4401 τῷ
1101 4331 1345 4402 ὑπηρέτῃ
1379 4331 1479 4399 τῆς
1509 4330 1684 4401 ἀρχῆς
1705 4329 1795 4383 τοῦ

218 4421 490 4477 διαϐόλου.
532 4442 551 4473 ι
602 4422 909 4493 Πέπεισμαι
941 4422 1069 4494 γὰρ,
1100 4424 1181 4477 ὅτι
1224 4422 1352 4479 οὐτε
1398 4421 1657 4487 θάνατος,
1708 4439 1725 4472 ι
1769 4423 1799 4475 ὁ

220 4519 343 4572 κατ’
373 4516 639 4589 ἐπιφορὰν
669 4516 776 4568 τῶν
807 4516 1128 4571 διωκόντων·
1168 4536 1186 4566 ι
1220 4515 1344 4570 οὔτε
1371 4516 1504 4587 ζωὴ,
1541 4536 1558 4568 ι
1595 4519 1628 4586 ή
1657 4515 1798 4570 κατά

1894 3323 2101 3379 similes
2141 3323 2320 3380 Patris
2364 3326 2567 3390 vestri,
2606 3326 2702 3396 qui
2741 3334 2825 3382 est
2866 3326 2919 3380 in
2951 3325 3191 3393 ccclisb;
3234 3344 3253 3377 ι
3289 3323 3461 3395 signi-

1870 3416 2063 3472 ﬁcans
2088 3431 2231 3482 eam,
2250 3433 2372 3487 quae
2400 3415 2569 3471 Deum
2600 3417 2789 3487 refert,
2819 3418 3287 3474 assimilationem.
3323 3415 3464 3469 Rur-

1893 3523 1990 3563 sus
2038 3517 2217 3563 autem
2249 3508 2425 3579 inquit
2463 3527 2476 3563 :
2515 3507 2641 3564 «Sis
2688 3509 2797 3565 cito
2848 3510 3142 3565 benevolus
3199 3509 3455 3563 adversa-

1869 3599 1976 3654 'rio
2016 3607 2131 3665 tuo,
2162 3598 2336 3655 donec
2380 3614 2441 3654 es
2485 3601 2539 3654 in
2582 3599 2667 3654 via
2689 3615 2814 3655 cum
2855 3599 3158 3670 ipson—1
3192 3599 3464 3655 Adversa-

1893 3691 2009 3747 rius
2037 3711 2057 3742 ι
2088 3699 2270 3746 autem
2316 3707 2423 3746 non
2461 3688 2549 3746 est
2585 3700 2818 3762 corpus,
2869 3702 2930 3746 ut
2972 3692 3193 3763 quidam
3239 3692 3462 3756 volunt,

1895 3781 1986 3836 sed
2003 3781 2277 3845 diabolus,
2299 3790 2354 3835 et
2379 3781 2472 3851 qui
2494 3782 2542 3837 ei
2574 3782 2950 3837 assimilantur
2974 3799 2989 3848 ;
3020 3773 3114 3851 qui
3136 3796 3245 3836 una
3269 3780 3461 3836 nobis-

1896 3886 2023 3925 cum
2092 3890 2111 3921 ι
2144 3872 2198 3925 in
2228 3870 2315 3925 via
2349 3890 2368 3922 ι
2399 3871 2722 3941 ingreditur,
2761 3887 2853 3941 per
2893 3871 3172 3933 homines,
3215 3870 3309 3939 qui
3348 3870 3469 3947 ejus

1872 3962 2042 4018 'facta
2074 3963 2363 4017 imitantur
2392 3965 2447 4017 in
2480 3963 2584 4018 hac
2612 3963 2721 4016 vita
2750 3973 2989 4017 terrena.
3025 3962 3170 4019 Fieri
3199 3979 3330 4033 ergo
3359 3978 3468 4017 non

1896 4062 2115 4123 potest,
2146 4063 2207 4108 ut
2236 4069 2346 4108 non
2397 4054 2677 4123 patiantur
2724 4059 2782 4116 >I<
2814 4054 3229 4122 inimicissima,
3276 4054 3369 4124 qui
3411 4069 3469 4109 se

1897 4143 1952 4197 in
1982 4143 2188 4199 Christi
2213 4144 2435 4214 quidem
2463 4160 2587 4201 esse
2614 4145 2980 4210 conﬁtentur,
3024 4145 3078 4199 in
3122 4145 3324 4200 diaboli
3367 4160 3470 4199 au-

1899 4244 2006 4289 tem
2037 4244 2328 4290 versantur
2365 4237 2643 4305 operibus.
2692 4235 2967 4306 Scriptum
3010 4226 3093 4291 eSt
3122 4237 3266 4291 enim
3297 4254 3310 4289 :
3345 4254 3365 4287 ι
3395 4236 3471 4291 Ne

1901 4323 2042 4403 forte
2091 4337 2144 4380 te
2191 4326 2374 4381 tradat
2414 4326 2617 4395 judici,
2641 4326 2811 4397 judex
2837 4335 3020 4382 autem
3045 4325 3296 4382 ministro
3317 4344 3337 4378 ι
3368 4326 3470 4380 im—

1898 4418 2035 4490 perii
2058 4418 2283 4475 diaboli.
2316 4438 2335 4470 σ
2363 4417 2695 4475 Persuasum
2719 4418 2865 4475 enim
2892 4418 3096 4486 habeo,
3123 4418 3268 4488 quod
3294 4432 3472 4487 neque

1902 4525 2072 4575 mors,
2099 4527 2119 4561 ι
2150 4525 2314 4579 quam
2355 4508 2588 4564 atterunt
2631 4509 2669 4563 ii
2712 4509 2805 4579 qui
2848 4514 3344 4578 persequuntur”
3375 4518 3472 4559 ne-

219 4610 315 4664 τὸν
370 4608 482 4680 βίον
532 4607 738 4662 τοῦτον·
775 4626 793 4659 ι
825 4606 945 4663 οὐτε
977 4606 1197 4677 ἄγγελοι
1219 4649 1235 4677 ,
1292 4628 1310 4658 ι
1365 4610 1413 4661 οἱ
1471 4607 1791 4661 ἀποστάται·

1900 4616 2007 4671 que
2047 4602 2190 4665 vita,
2222 4620 2243 4652 ι
2279 4615 2402 4670 quae
2443 4599 2533 4654 hic
2571 4599 2753 4669 agitur
2780 4616 2796 4666 ;
2823 4616 2842 4649 ι
2870 4612 3046 4666 neque
3086 4596 3297 4665 angeli,
3327 4613 3346 4647 ι
3376 4593 3471 4664 qui

228 4720 249 4753 ι
288 4699 410 4754 οὐτε
453 4699 638 4771 ἀρχαί·
679 4719 698 4749 ι
737 4699 879 4770 ἀρχὴ
922 4698 980 4752 δὲ
1025 4697 1105 4768 τῷ
1128 4699 1342 4770 Σατανᾷ
1366 4740 1381 4766 ,
1408 4700 1437 4752 ὁ
1471 4697 1583 4768 βίος
1612 4696 1672 4749 ὃν
1721 4696 1797 4752 εἴ-

222 4793 361 4846 λετο·
397 4790 639 4845 τόιαῧται
667 4788 778 4861 (92)
810 4788 920 4860 γὰρ
954 4792 1009 4843 αἱ
1042 4790 1164 4843 κατ’
1204 4790 1369 4844 αὐτὸν
1400 4790 1562 4862 ἀρχαί
1606 4806 1667 4842 τε
1700 4788 1797 4842 καὶ

301 4931 359 4989 ﬁt
400 4924 461 4981 Ρ.
502 4925 607 4981 606
644 4925 753 4979 ΕΙ).
794 4922 1070 4981 POTTER
1095 4972 1109 4995 ,
1153 4930 1255 4983 ⁸512
1291 4928 1397 4984 ED.
1440 4926 1664 4983 PARIS.

299 5064 410 5136 (88)
457 5063 575 5136 Ἐφ’
599 5062 768 5136 ὅσον.
796 5061 913 5136 Hoc
941 5073 1044 5128 est,
1070 5083 1088 5114 ι
1110 5066 1429 5135 quantisper
1452 5065 1659 5120 versari
1692 5078 1796 5119 nos

227 5138 283 5192 in
309 5133 415 5189 hac
452 5133 561 5187 vita
608 5134 895 5204 contingit,
935 5154 953 5184 ι
1012 5133 1299 5199 ιιοιινετο,
1338 5133 1400 5189 ἰιι
1459 5137 1621 5204 paulo
1669 5143 1793 5188 ante

226 5205 451 5268 dictum,
489 5205 569 5267 εἰς
600 5202 777 5257 πάντα
795 5202 983 5258 αἰῶνα.

230 5292 237 5299 '
299 5274 412 5346 (89)
459 5272 661 5346 Ὑμᾷς.
696 5270 860 5328 Addit
885 5273 1190 5346 Matthaeus,
1218 5274 1398 5339 καλῶς
1430 5277 1635 5327 ποιεῖτε
1664 5276 1793 5346 τούς

233 5342 719 5417 μισοῦπας--ὐμᾶς,
747 5359 866 5412 qua:
888 5342 1122 5417 fortasse
1151 5355 1371 5416 propter
1386 5346 1541 5417 unde;
1590 5345 1793 5417 repeti-

230 5413 369 5478 tum,
399 5430 498 5485 per
518 5413 1267 5485 librariorumnegligentiaIn
1279 5413 1617 5485 exciderunt.
1647 5413 1792 5485 Mox,

232 5482 641 5556 ἐπηρεαζόντων
662 5484 810 5556 ὑμῖν,
837 5482 1107 5551 Matthfv;
1135 5487 1280 5550 dein,
1321 5486 1479 5556 ὅπως
1526 5483 1757 5556 γένησθε
1778 5501 1793 5514 ·

233 5565 285 5611 et
308 5552 455 5626 mox,
492 5552 586 5626 τος)
613 5555 670 5606 ὲν
691 5552 938 5626 οὐρανοῖς
959 5593 973 5618 ,
1002 5556 1207 5626 absque
1229 5555 1480 5610 articulo.

237 5652 243 5657 -
304 5623 415 5693 (90)
445 5623 601 5693 _Ta?¢
637 5622 771 5678 τοῦ
804 5625 1086 5693 Χριστοῦ.
1121 5622 1370 5682 ’Βθειὶιιε
1415 5627 1475 5677 ἐν
1529 5627 1639 5688 τοῖς
1700 5622 1795 5677 τοῦ

238 5691 472 5767 Χριστού
488 5709 611 5748 cum
636 5691 907 5767 praeposit.
933 5703 993 5748 nt
1019 5696 1072 5749 in
1088 5711 1201 5767 seq.
1231 5696 1497 5767 membro.
1526 5694 1793 5750 SvLsunG.

236 5803 244 5817 .
289 5761 415 5835 ’(91)
459 5763 520 5817 '0
542 5761 763 5831 κριτὴς(
785 5762 869 5818 δέ.
907 5767 1015 5822 Καὶ
1054 5768 1082 5819 ό
1106 5761 1317 5840 κριτής,
1350 5764 1536 5821 Matth.

1902 4693 2250 4757 defecerunt,
2284 4710 2305 4743 ι
2335 4705 2511 4761 neque
2567 4689 2907 4759 principatus
2939 4706 2958 4740 ι
2988 4685 3240 4756 (Satanae
3289 4695 3468 4740 autem

1902 4783 2243 4855 principatus
2268 4794 2351 4838 est
2380 4784 2488 4836 vita
2510 4823 2524 4848 ,
2553 4798 2719 4851 quam
2749 4781 2933 4853 eligit:
2964 4780 3103 4857 tales
3130 4779 3273 4834 enim
3307 4783 3468 4842 sunt,

1744 4937 1769 4965 ι
1805 4920 1996 4977 Matth.
2038 4937 2101 4986 ν,
2145 4920 2252 4982 Η,
2287 4920 2380 4976 45.
2453 4922 2483 4961 b
2522 4920 2653 4977 Ibid.
2694 4922 2785 4977 24.

1976 5056 2090 5125 (92)
2128 5056 2416 5125 Τοιαῦται.
2444 5058 2582 5112 Ante
2603 5058 2743 5112 hanc
2775 5071 2979 5125 vocem,
3009 5055 3073 5107 Α.
3114 5051 3467 5125 inserendum

1900 5123 2079 5209 putat,
2108 5124 2233 5209 οὔτε
2267 5126 2525 5209 δυνάμεις
2542 5127 2782 5209 °‘deinde
2809 5137 2933 5180 ante
2955 5124 3030 5187 ὼς
3046 5123 3138 5206 τοῦ
3159 5124 3255 5209 μεν
3279 5139 3466 5194 στρατ.

1900 5193 2355 5262 interserendum,
2383 5193 2507 5249 οὐτε
2527 5196 2593 5249 τὰ
2626 5195 2886 5262 μέλλοντα
2905 5212 2918 5224 ·
2952 5206 3012 5248 ιιι
3044 5193 3272 5262 singulis
3297 5193 3469 5245 mem-

1901 5266 2016 5321 bris
2042 5281 2140 5321 sua
2182 5267 2508 5335 respondeat
2540 5262 2700 5319 ratio.
2744 5264 2943 5335 Prima;
2973 5273 3154 5317 tamen
3186 5262 3469 5335 insertioni

1901 5337 2084 5392 obstat
2128 5332 2411 5390 relativum
2463 5335 2646 5403 αὐτόν,
2696 5334 2840 5403 quod
2899 5349 2929 5388 a
2979 5348 3080 5388 suo
3119 5332 3470 5388 antecedente

1900 5406 2132 5462 discludi
2163 5420 2271 5460 non
2301 5413 2493 5475 potest.
2516 5402 2626 5458 Nec
2649 5402 2815 5460 altera
2863 5418 3034 5474 usque
3059 5404 3193 5475 adeo
3218 5415 3463 5475 necessa.

1901 5477 1984 5531 ria
2015 5485 2126 5541 est;
2154 5491 2279 5531 cum
2301 5471 2468 5529 militi
2496 5490 2671 5544 spem,
2713 5483 2769 5529 et
2814 5471 3103 5529 mercatori
3130 5473 3379 5544 lucrum,
3415 5471 3469 5525 in

1834 5596 1835 5601 η
1904 5547 2007 5602 hac
2036 5547 2142 5601 vita
2163 5586 2179 5613 ,
2214 5554 2470 5614 tanquam
2525 5546 2811 5613 praesentia
2832 5585 2847 5609 ,
2886 5544 3161 5613 proposita
3203 5556 3325 5597 esse
3355 5543 3471 5609 ipse

1854 5614 1861 5619 ⁴
1904 5617 2156 5671 Clemens
2187 5614 2406 5669 iudicet.
2439 5614 2700 5670 Cnostico
2753 5629 2885 5669 sane
2905 5614 3017 5683 jam
3060 5627 3298 5683 praesens
3348 5625 3472 5665 esse

1898 5686 1974 5752 id,
2008 5686 2151 5755 quod
2179 5685 2423 5741 futurum
2448 5693 2548 5752 est,
2573 5684 2713 5740 idem
2746 5683 2886 5743 intra
2909 5681 3168 5739 declarat.
3204 5681 3469 5743 Susum.

2320 5842 2430 5867 .-.5.
2490 5858 2523 5865 ..
