3934 6582
207 411 349 468 1505

1463 413 1891 474 STROMATUM
1921 417 2052 473 LIB.
2093 417 2186 476 IV.

3311 427 3446 486 1506

199 519 366 579 εἶναι’
410 523 444 590 ἢ
485 522 785 594 ὑπόδειγμα
811 525 923 586 τοῖς
954 522 1196 577 θέλουσιν
1223 524 1648 597 ἑγκρατεύεσθαι
1682 543 1766 596 γιο

1873 529 1937 584 sti
1970 541 2033 597 ις
2071 548 2090 582 ι
2120 528 2328 586 scilicet
2374 545 2540 586 onera
2585 532 3071 600 circumferentes.
3107 556 3233 596 cum
3277 558 3444 612 opor-

201 616 440 686 νὸμενοι,
494 615 568 688 μὴ
595 615 1030 687 οἰκοδομούμενοι
1062 618 1142 680 είς
1165 617 1228 670 τὸ
1268 615 1447 689 ἀηδῶς
1489 617 1556 671 τά
1592 634 1770 691 παρα-

197 707 459 778 τιθέμενα
491 706 566 778 (1)
597 706 814 772 ἐσθίειν,
862 710 956 763 καὶ
997 708 1074 774 ὡς
1107 710 1293 782 ἔτυχεν
1324 710 1532 781 ὁμιλεῖν
1567 714 1634 782 τῇ
1677 727 1773 779 γυ-

198 800 371 856 ναικί·
387 799 616 871 μάλιστα
634 799 689 853 δὲ
707 801 834 866 τοὺς
860 801 1191 873 τηλικαύτην
1205 803 1514 874 οἰκονομίαν
1547 820 1772 857 πεπεισο

203 893 402 964 μένους
451 891 526 964 (2)
577 891 882 966 ὑπόδειγμα
935 896 1048 959 τοῖς
1098 894 1458 966 μανθάνουσιν
1507 894 1772 966 ἄχραντον

197 984 482 1038 ἐκκεῖσθαι
511 985 794 1056 προσήκει.
820 1004 839 1036 ι
864 984 1172 1058 Ἐλεύθερος
1197 985 1306 1057 γὰρ
1333 985 1407 1038 ὢν
1440 987 1504 1039 ὲκ
1531 986 1768 1053 πάντων,

198 1079 368 1131 πᾶσιν
420 1077 653 1148 ἐμαυτὸν
693 1077 981 1142 ἐδούλωσα,
1029 1078 1214 1148 φησιν,
1262 1077 1350 1131 ἵνα
1389 1079 1514 1141 τοὺς
1568 1077 1772 1142 πάντας

145 1214 172 1232 .
195 1167 468 1240 κερδήσω.
501 1168 611 1222 Καὶ
649 1169 757 1232 πᾶς
780 1168 838 1225 δὲ
861 1172 890 1224 ὁ
913 1168 1332 1240 ἀγωνιζόμενος,
1370 1170 1546 1223 πάντα
1575 1172 1772 1241 ἐγκρα-

189 1259 436 1314 τεύεται.
471 1256 632 1313 Ἀλλά
649 1259 742 1313 τοῦ
776 1259 1032 1332 Κυρίουή
1055 1259 1149 1329 γῆ,
1181 1259 1357 1312 καὶτὸ
1384 1259 1657 1330 πλήρωμα
1680 1258 1774 1311 αὐ·-

188 1351 319 1422 οιῆς.
347 1351 445 1406 Διά
473 1353 571 1423 τὴν
602 1352 901 1424 συνείδησιν
926 1370 944 1404 ι
969 1347 1062 1406 οῦν
1089 1351 1372 1421 ἀφεκτέον,
1389 1345 1464 1404 ὧν
1483 1350 1767 1420 ἀφεκτέον.

201 1461 221 1494 ι
254 1426 559 1515 Συνείδησιν
588 1444 646 1497 δὲ
669 1443 832 1513 λέγω,
879 1444 1000 1515 οὐχὶ
1041 1444 1139 1516 τὴν
1187 1441 1439 1496 ὲαυτοῦ·›
1493 1440 1768 1513 γνωστικὴ

191 1533 326 1605 γάρ·
351 1532 485 1586 ἀλλά
509 1533 606 1605 τὴν
633 1530 727 1587 τοῦ
755 1533 962 1605 ἑτέρου,
985 1534 1072 1592 ἵνα
1105 1533 1178 1604 μὴ
1202 1533 1387 1596 κακῶς
1418 1533 1766 1603 οἰκοδομηθῇ,

194 1623 409 1696 ἀμαθίᾳ
446 1624 778 1696 μιμούμενος
821 1625 850 1678 ὁ
898 1625 972 1696 μὴ
1019 1623 1296 1694 γινώσκει,
1354 1625 1769 1696 καταφρονητὴς

191 1717 320 1770 ἀντὶ
353 1716 750 1793 μεγαλόφρονος
784 1715 860 1788 (5)
908 1715 1209 1786 γινόμενος.
1267 1732 1286 1766 ι
1313 1713 1430 1766 “lita.
1476 1714 1531 1766 τί
1569 1712 1677 1784 γὰρ
1732 1713 1766 1783 ἡ

193 1807 477 1880 ἐλευθερία
522 1825 623 1880 μου
663 1809 908 1879 κρίνεται
941 1807 1047 1861 ὑπὸ
1087 1807 1251 1879 ἄλλης
1283 1806 1672 1878 συνειδήσεωςς
1702 1805 1766 1858 Εί

195 1901 312 1970 ἐγὼ
347 1901 421 1973 (1)
467 1901 649 1973 χάριτι
701 1901 929 1974 μετέχω,
973 1900 1024 1953 τί
1073 1898 1491 1972 βλασφημοῦμαι
1530 1898 1673 1970 ὑπὲρ
1703 1893 1764 1953 οῦ

191 1993 308 2061 ἐγὼ
334 1993 667 2065 εὑχαριστῶ;
699 1993 873 2046 πάντα
898 1991 972 2065 (5)
997 1987 1089 2046 οῦν
1112 1993 1212 2045 ὅσα
1238 1994 1459 2055 ποιεῖτε,
1491 1993 1569 2054 είς
1606 1990 1763 2056 δόξαν

190 2082 333 2137 Θεοῦ
365 2087 584 2138 ποιεῖτε⁸
608 2103 628 2136 ι
670 2086 768 2138 ὅσα
807 2084 909 2138 ὑπὸ
943 2083 1032 2138 τὸν
1061 2084 1261 2138 κανόνα
1288 2081 1364 2155 (6)
1387 2082 1485 2152 τῆς
1531 2083 1764 2146 πίστεως

191 2179 372 2228 ποιεῖν
402 2177 809 2250 ἐπιτέτραπται.

1877 630 1986 675 teat
2011 636 2133 676 esse
2160 621 2442 690 expeditos
2469 623 2534 676 ad
2561 639 2784 693 omnes;
2816 637 2912 682 aut
2935 627 3108 684 eﬂecti
3135 633 3442 702 exemplum

1874 710 1962 776 iis,
1995 711 2089 780 qui
2127 711 2316 765 volunt
2347 713 2687 769 continentes
2721 730 2863 783 esse,
2905 728 2964 772 ut
2989 719 3082 789 qui
3111 736 3217 776 non
3254 723 3327 777 ita
3355 724 3444 778 in-

1873 799 2064 854 structi
2098 801 2292 865 simus,
2325 810 2386 856 ut
2410 817 2532 872 quae
2566 804 2725 860 nobis
2755 818 3105 876 apponuntur
3133 826 3241 865 non
3269 812 3446 868 liben-

1872 899 1958 948 ter
1985 894 2356 960 comedamus,
2393 906 2447 949 et
2491 907 2693 953 temere
2722 914 2846 955 cum
2887 904 3114 960 muliere
3147 906 3446 965 habeamus

1872 986 2342 1040 consuetudinem.
2399 985 2633 1044 Maxime
2683 998 2862 1046 autem
2916 1007 3057 1058 eos,
3105 997 3306 1066 quibus
3359 1009 3444 1055 est

1871 1076 2075 1131 credita
2105 1087 2250 1132 tanta
2275 1078 2610 1148 dispensatio
2629 1118 2647 1145 ,
2695 1085 2949 1139 convenit
2979 1087 3220 1155 prabere
3242 1105 3442 1158 purum

1869 1177 1924 1222 et
1949 1168 2097 1222 nulla
2123 1168 2245 1224 labe
2267 1171 2530 1240 pollutum
2563 1175 2842 1244 exemplar
2864 1175 3219 1234 discentibus.
3250 1199 3268 1231 ι
3306 1179 3440 1235 Nam

1871 1274 1995 1314 cum
2049 1260 2204 1328 liber,
2267 1263 2465 1332 inquit,
2516 1279 2694 1320 essem
2739 1281 2805 1320 ex
2860 1268 3150 1334 omnibus,
3195 1267 3439 1325 omnium

1870 1368 1957 1406 me
1987 1367 2202 1406 servum
2233 1352 2358 1422 feci,
2386 1361 2447 1408 ut
2475 1370 2666 1411 omnes
2690 1357 3087 1414 lucrifacerem.
3126 1360 3316 1418 Omnis
3340 1379 3442 1417 au-

1870 1451 2002 1509 tem,
2037 1442 2212 1512 quiin
2257 1445 2550 1500 certamine
2588 1448 2886 1511 contendit,
2933 1458 3019 1504 est
3058 1453 3346 1510 continens
3385 1455 3440 1510 in

1869 1533 2124 1588 omnibus
2150 1534 2201 1588 δ.
2235 1533 2340 1589 Sed
2371 1534 2584 1590 Domini
2609 1546 2690 1591 est
2716 1546 2879 1604 terra,
2909 1550 2963 1595 et
2997 1541 3275 1611 plenitudo
3297 1546 3437 1610 eius.

1869 1626 2095 1695 Propter
2135 1626 2521 1682 conscientiam
2578 1633 2605 1680 ι’
2643 1646 2774 1699 ergo
2814 1631 3197 1688 abstinendum
3244 1649 3322 1691 est
3373 1639 3443 1692 ab

1869 1716 1957 1781 iis,
1991 1732 2020 1770 a
2048 1718 2248 1786 quibus
2279 1728 2362 1773 est
2392 1719 2807 1788 abstinendum;
2851 1741 2871 1774 ι
2916 1725 3306 1781 conscientiam
3338 1745 3441 1784 all--

1869 1813 1975 1861 tem
2010 1807 2154 1874 dico,
2189 1825 2296 1864 non
2339 1825 2532 1879 suam;
2572 1832 2591 1864 ι
2625 1821 2709 1868 εει
2747 1815 2891 1869 enim
2940 1817 3252 1888 cognitione
3304 1835 3441 1888 pne-

1867 1898 2012 1964 dita;
2055 1899 2147 1954 sed
2175 1899 2421 1966 alterius,
2466 1917 2533 1958 ne
2573 1904 2712 1958 male
2737 1905 3052 1971 aediﬁcetur,
3093 1923 3189 1978 per
3225 1910 3442 1979 ignora-

1869 1990 2087 2044 tionem
2122 1990 2383 2046 imitando
2430 1993 2514 2057 id,
2548 1996 2692 2064 quod
2728 2013 2834 2052 non
2880 2001 3192 2069 cognoscit,
3242 2010 3296 2054 et
3344 2017 3459 2069 pro,

1868 2083 2069 2139 excelsi
2093 2085 2262 2138 animi
2289 2086 2406 2142 viro
2435 2086 2526 2140 fiat
2552 2081 2909 2158 contemptor.
2940 2109 2959 2141 ι
2987 2090 3098 2146 Cur
3144 2092 3286 2146 enim
3323 2108 3439 2146 mea

1867 2175 2095 2229 libertas
2131 2176 2404 2244 judicatur
2428 2176 2496 2232 ab
2520 2178 2624 2232 alia
2653 2181 3028 2236 conscientia?
3081 2183 3136 2236 Si
3179 2199 3278 2256 ego
3313 2201 3439 2240 cum

189 2269 367 2343 gratia
408 2269 694 2338 participo,
729 2283 828 2323 cur
871 2266 1172 2323 maledictis
1202 2273 1428 2336 appetor
1449 2279 1548 2334 pro
1589 2279 1675 2326 eo,
1722 2278 1820 2332 pro
1848 2279 1959 2335 quo
1992 2265 2194 2335 gratias
2232 2265 2367 2336 ago?
2425 2267 2616 2321 Omnia
2655 2283 2806 2339 ergo,
2843 2285 2965 2340 quae
3000 2269 3199 2341 facitis,
3248 2275 3300 2328 in
3330 2275 3444 2344 glo-

191 2362 336 2418 riam
372 2359 464 2415 Dei
501 2359 662 2414 facile
685 2370 747 2426 c;
788 2379 808 2412 ι
842 2374 963 2429 quae
987 2358 1198 2414 scilicet
1225 2372 1255 2412 a
1287 2357 1472 2428 regula
1503 2357 1622 2412 fidei
1648 2358 1972 2427 permissum
1997 2367 2081 2412 est
2111 2357 2307 2414 facere.

1613 2502 1842 2558 CAPUT
1881 2502 2024 2558 XVI.

613 2597 870 2665 Quaedam
895 2597 1184 2660 Scriptum
1206 2599 1321 2652 loca
1345 2598 1409 2652 de
1441 2600 1758 2661 constantia,
1780 2601 2035 2666 patientia
2059 2608 2104 2652 et
2133 2598 2391 2652 cliaritate
2417 2608 2711 2664 martyrum
2737 2599 2996 2656 illustrat.

271 2729 292 2762 ι
326 2711 538 2785 Καρδίᾳ
573 2713 670 2786 μὲν
692 2715 999 2769 πιστεύεται
1024 2716 1102 2778 είς
1136 2713 1504 2785 δικαιοσύνην,
1533 2713 1760 2786 στόματι

187 2801 250 2854 δὲ
279 2803 613 2874 ὁμολογεῖται
640 2807 720 2870 είς
739 2807 1029 2879 σωτηρίαν.
1048 2807 1208 2874 Λέγει
1232 2806 1361 2876 γοῦν
1382 2807 1456 2879 (7)
1482 2809 1514 2878 ἡ
1547 2808 1757 2879 Γραφή⁶

192 2892 314 2956 Πᾶς
360 2895 389 2946 ὁ
437 2896 704 2950 πιστεύων
755 2900 840 2950 ἐπ’
886 2899 1034 2970 αὺτῷ
1091 2900 1149 2951 οὐ
1203 2899 1754 2970 καταισχυνθήσεται’

183 2984 436 3039 τουτέστι
467 2985 542 3058 (8)
591 2987 652 3041 τὺ
700 2989 851 3060 ῥῆμα
894 2991 994 3062 τῆς
1038 2991 1274 3056 πίστεως
1313 2991 1344 3044 ὃ
1390 2991 1755 3062 κηρύσσομενν

192 3073 282 3127 ὃτι
307 3075 399 3128 ὲάν
425 3077 762 3150 ὁμολογήσῃς
793 3081 854 3133 τὸ
891 3082 1041 3152 ῥῆμα
1073 3083 1131 3134 ἑν
1163 3081 1241 3152 τῷ
1287 3082 1514 3154 στόματί
1553 3100 1646 3136 σου
1681 3084 1763 3137 ὅτι

195 3164 404 3237 Κύριος
445 3167 668 3238 Ἰησοῦς,
696 3170 792 3224 καὶ
821 3172 1116 3243 πιστεύσῃς
1144 3173 1202 3224 ὲν
1231 3175 1296 3243 τῇ
1337 3172 1534 3244 καρδίᾳ
1564 3189 1655 3225 σου
1682 3173 1763 3226 ὅτι

191 3256 224 3308 ὁ
245 3253 378 3318 Θεὸς
405 3256 619 3329 ἤγειρεν
643 3259 800 3313 αὐτὸν
829 3262 891 3313 ὲκ
919 3259 1145 3332 νεκρῶν,
1181 3261 1418 3336 σωθήσῃ.
1435 3281 1452 3311 ι
1475 3263 1759 3332 Ἀντικρυς

1940 2733 1958 2766 ι
1996 2715 2168 2770 Corde
2210 2735 2228 2767 ι
2261 2716 2478 2783 quidem
2535 2734 2554 2766 ι
2597 2715 2839 2770 creditur
2881 2715 2950 2770 ad
2990 2714 3257 2785 justitiam
3285 2756 3302 2782 ,
3345 2730 3440 2772 ore

1864 2816 2047 2861 autem
2095 2806 2154 2860 fit
2183 2805 2454 2861 confessio
2486 2806 2552 2859 ad
2595 2807 2848 2861 salutem.
2888 2805 3024 2861 Dicit
3062 2806 3248 2877 itaque
3291 2805 3442 2861 Scri-

1863 2906 2054 2966 ptura:
2104 2895 2362 2964 Quisquis
2405 2896 2575 2950 credit
2607 2896 2660 2950 in
2700 2896 2898 2965 ipsum,
2935 2897 3143 2966 pudore
3183 2912 3291 2952 non
3326 2896 3442 2952 alli-

1868 2986 2061 3041 cietur.
2112 2984 2225 3041 Hoc
2259 2997 2342 3041 est
2384 2987 2606 3062 Verbum
2653 2987 2809 3052 ﬁdei,
2853 2988 2998 3058 quod
3042 2988 3434 3057 praedicamus:

1869 3079 2013 3146 quod
2043 3078 2087 3132 si
2117 3078 2402 3134 confessus
2436 3078 2603 3134 fueris
2642 3080 2865 3133 verbum
2907 3081 2960 3133 in
2999 3095 3095 3134 ore
3133 3089 3256 3143 tuo,
3293 3079 3439 3149 quod

1869 3167 2133 3224 Dominus
2169 3167 2358 3231 Jcsus,
2397 3179 2450 3224 et
2487 3170 2782 3225 credideris
2825 3171 2881 3225 in
2923 3171 3088 3225 corde
3132 3179 3255 3234 tuo,
3295 3169 3440 3239 quod

1870 3259 2013 3316 Deus
2063 3277 2186 3316 cum
2237 3242 2520 3315 suscitavit
2552 3277 2582 3315 a
2628 3260 2898 3323 mortuis,
2952 3261 3137 3316 salvus
3183 3262 3292 3316 eris
3334 3260 3385 3316 ά.
3414 3279 3436 3313 ι

186 3344 404 3400 τελείαν
445 3347 787 3421 δικαιοσύνην
813 3349 1141 3421 ὑπογράφει,
1173 3349 1319 3422 ἔργῳ
1351 3369 1411 3404 τε
1439 3351 1533 3405 καὶ
1562 3351 1764 3426 θεωρίᾳ

1873 3358 2153 3414 Evidentcr
2203 3358 2495 3429 perfectam
2549 3358 2810 3413 describit
2849 3357 3162 3427 justitiam,
3212 3373 3335 3426 quae
3387 3369 3442 3414 et

190 3437 646 3510 πεπληρωμένην.
703 3459 722 3490 ι
752 3440 1082 3510 Εὐλογητέον
1131 3436 1224 3495 οὖν
1266 3443 1391 3505 τοὺς
1445 3440 1754 3505 διώκοντας.

187 3528 499 3598 Εὑλογεῖτε,
527 3533 620 3584 καὶ
653 3532 725 3602 μὴ
757 3533 1080 3603 καταρᾶσθε
1109 3535 1142 3605 ῄ
1168 3533 1278 3605 γὰρ
1307 3532 1572 3604 καύχησις
1604 3533 1760 3603 ήμῶν

188 3617 333 3688 αῦτη
361 3619 496 3682 ἐστὶ,
534 3619 594 3673 τὺ
626 3601 918 3693 μαρτύριον
955 3623 1053 3693 τῆς
1093 3601 1447 3692 συνειδήσεως
1681 3622 1761 3677 ὅτι

189 3713 252 3770 ὲν
272 3711 512 3781 ἁγιότητι
531 3711 605 3782 (9)
623 3715 715 3766 καὶ
740 3713 1052 3785 είλικρινείᾳ
1074 3713 1205 3766 Θεὸν
1241 3712 1502 3784 ἔγνωμεν·
1518 3733 1536 3764 ι
1557 3713 1624 3766 δι’
1653 3713 1762 3766 ὀλί-

187 3819 297 3873 γης
314 3802 510 3872 ταύτης
531 3803 852 3874 προφάσεως
875 3804 936 3856 τὸ
955 3805 1053 3874 τῆς
1087 3804 1304 3876 ἀγάπης
1321 3803 1479 3875 ἔργον
1495 3803 1757 3857 ἐνδεικνύ-

195 3910 369 3965 μενοι,
416 3894 498 3946 ὁτι
533 3913 552 3946 ι
599 3895 698 3948 οὐκ
745 3896 803 3948 ὲν
839 3895 999 3966 σοφίᾳ
1038 3898 1296 3967 σαρκικῇ,
1331 3895 1446 3948 ἀλλ’
1494 3897 1551 3948 ὲν
1579 3895 1760 3966 χάριτι

189 3985 329 4038 Θεοῦ
356 3986 770 4058 ἀνεστράφημεν
801 3987 858 4038 ὲν
885 3987 964 4056 τῷ
995 3986 1200 4056 κόσμῳ.
1229 4005 1247 4036 ι
1280 3985 1463 4041 Ταῦτα
1503 3987 1600 4056 μὲν
1630 3986 1758 4056 περὶ

185 4080 290 4149 τῆς
321 4079 570 4146 γνώσεως
615 4081 656 4152 ὁ,
677 4078 1008 4142 Ἀπόστολος⁹
1055 4077 1151 4150 τὴν
1182 4078 1240 4132 δὲ
1276 4078 1458 4149 κοινὴν
1505 4077 1758 4131 διδασκα-

187 4171 312 4224 λίαν
341 4170 448 4242 (10)
479 4172 577 4241 τῆς
626 4171 860 4235 πίστεως
910 4169 1120 4240 (ὀσμὴν
1159 4169 1410 4239 γνώσεως
1463 4188 1482 4221 ι
1542 4169 1761 4240 εἴρηκεν

189 4266 252 4317 ἐν
279 4266 345 4334 τῇ
377 4263 601 4334 δευτέρᾳ
630 4262 742 4334 (11)
768 4261 905 4332 πρὸς
930 4261 1265 4332 Κορινθίους.
1303 4280 1321 4312 ι
1349 4263 1510 4333 Ἀχρι
1534 4261 1642 4331 γὰρ
1661 4261 1762 4332 τῆς

189 4357 432 4428 σήμερον
464 4356 674 4427 ἡμέρας
725 4355 785 4408 τὸ
812 4355 940 4409 αὐτὸ
977 4353 1239 4424 κάλυμμα
1278 4356 1389 4418 τοῖς
1424 4353 1636 4416 πολλοῖς
1671 4353 1763 4406 ἐπὶ

187 4450 260 4518 τῇ
313 4446 612 4516 ἀναγνώσει
656 4447 757 4516 τῆς
801 4445 1035 4509 παλαιᾶς
1079 4444 1352 4517 Διαθήκης
1403 4444 1573 4515 μένει,
1602 4463 1620 4495 ι
1686 4443 1759 4514 μὴ

270 4565 330 4624 )Is
364 4558 428 4614 Ρ.
458 4558 562 4614 608
595 4558 702 4614 ED.
727 4559 1024 4626 POTTER,
1054 4561 1158 4616 514
1187 4560 1296 4616 ED.
1323 4557 1546 4614 PARIS.
1625 4571 1651 4601 ι
1692 4557 1710 4610 1
1748 4557 1783 4614 C

1873 4603 1876 4612 .
1908 4576 1992 4623 ιιι,
2029 4559 2084 4622 4,
2107 4560 2273 4622 5,12.
2355 4559 2382 4599 δ
2412 4558 2542 4613 Ibid.
2573 4559 2658 4623 19,
2684 4559 2776 4612 25.

1293 4642 1317 4670 ο
1358 4630 1518 4684 Rom.
1555 4645 1652 4693 xu,
1683 4629 1770 4684 M.
1849 4628 1869 4668 τ
1905 4629 1947 4683 ll
1975 4629 2097 4684 Cor.
2131 4630 2262 4684 112.
2342 4628 2434 4682 811
2473 4630 2600 4683 Cor.
2637 4629 2787 4691 11,”.

192 4629 289 4698 30,
331 4630 426 4686 at.
501 4628 528 4667 ά
568 4628 727 4685 Rom.
753 4647 810 4697 χ,
842 4631 930 4699 to,
961 4631 1049 4698 ll,
1077 4633 1130 4697 8,
1162 4633 1216 4687 9.

1864 3461 2028 3516 opere
2054 3455 2107 3501 et
2142 3446 2593 3516 contemplatione
2632 3445 2952 3515 completur.
2992 3464 3010 3496 ι
3044 3444 3371 3500 Benedicere
3408 3463 3428 3497 ι

1868 3551 1997 3607 ergo
2023 3545 2235 3607 oportet
2269 3557 2286 3588 ι
2323 3538 2410 3602 ἱὶε,
2442 3537 2534 3605 qui
2569 3546 2989 3606 persequuntur.
3024 3535 3355 3598 Benedicite,
3387 3544 3442 3591 et

1867 3631 2034 3685 nolite
2071 3630 2342 3685 exsecrari
2373 3641 2416 3683 θ.
2448 3629 2712 3684 Cloriatio
2747 3629 2890 3684 enim
2937 3638 3121 3684 nostra
3165 3628 3280 3683 lucc
3322 3635 3440 3691 est,

1865 3719 2238 3776 testimonium
2270 3720 2617 3775 conscientiae
2651 3729 2871 3783 nostrae,
2897 3719 3042 3788 quod
3069 3717 3122 3771 in
3157 3717 3444 3772 sanctitate

1862 3819 1918 3866 et
1959 3812 2270 3866 sinceritate
2307 3811 2472 3865 Deum
2510 3813 2897 3882 cognovimus;
2952 3830 2970 3863 ι
3002 3827 3095 3880 ρει·
3137 3809 3276 3864 banc
3315 3825 3441 3878 par-

1862 3919 1985 3956 vam
2018 3903 2359 3957 occasionem
2423 3918 2559 3971 opus
2593 3903 2940 3956 ostendentes
2966 3901 3266 3960 charitatis,
3297 3897 3450 3968 quod

1866 4012 1885 4044 ι
1923 4009 2027 4046 non
2060 3995 2114 4046 in
2147 3992 2410 4061 sapientia
2443 3993 2680 4054 carnali,
2732 3993 2825 4046 sed
2874 3993 2926 4044 in
2968 3990 3141 4061 gratia
3175 3989 3266 4042 Dei
3305 4004 3439 4043 con-

1864 4083 2060 4138 versati
2090 4099 2280 4138 sumus
2303 4083 2355 4136 in
2389 4083 2590 4137 mundo
2621 4083 2666 4136 τ.
2697 4102 2714 4133 ι
2747 4082 2870 4137 llrec
2898 4082 3192 4152 Apostolus
3221 4081 3438 4149 quidem

1864 4175 1930 4230 de
1958 4175 2287 4243 cognitione.
2335 4173 2692 4228 Communem
2729 4183 2906 4228 autem
2947 4174 3066 4227 ﬁdci
3111 4172 3437 4236 doctrinam,

1872 4269 1930 4327 >14
1959 4264 2095 4317 dixit
2129 4283 2147 4314 ι
2185 4264 2418 4317 odorem.
2443 4263 2770 4333 cognitionis
2801 4266 2858 4328 ε,
2900 4281 2918 4314 ι
2957 4263 3009 4316 in
3048 4261 3282 4318 secunda
3314 4259 3441 4329 Epi-

1868 4357 2006 4409 stola
2058 4357 2125 4409 ad
2168 4355 2498 4409 Corinthios.
2551 4373 2570 4405 ι
2617 4353 2749 4408 Nam
2797 4355 2852 4407 in
2898 4354 3220 4408 hodiernum
3267 4367 3440 4420 usque

1866 4442 2006 4496 diem
2068 4441 2208 4496 idem
2241 4444 2416 4498 velum
2445 4442 2625 4496 multis
2661 4443 2714 4495 in
2749 4443 2978 4497 lectione
3010 4441 3218 4497 Veteris
3251 4440 3440 4496 Testa-

2852 4569 2873 4597 ο
2908 4557 2930 4612 1
2985 4557 3112 4612 Cor.
3139 4572 3193 4623 Χ,
3219 4557 3309 4623 98,
3344 4556 3438 4612 29.

267 4749 342 4820 (1)
373 4744 468 4820 Μὴ
490 4747 601 4800 οίκ.
629 4749 715 4820 εις
738 4746 802 4820 τό
827 4747 1023 4820 ἀηδῶς
1042 4747 1116 4820 fit
1137 4759 1201 4820 π.
1226 4745 1452 4820 Videtur
1470 4745 1757 4820 legendum

1873 4765 1891 4798 ι
1919 4747 2216 4802 secundum
2253 4747 2567 4820 regnlam.r
2589 4747 2828 4820 Vulgata:
2850 4743 3099 4800 lectionis
3121 4759 3313 4820 sensus
3333 4753 3434 4810 est,

188 4815 720 4888 οἰκοδομούμενοιεῐς
738 4816 797 4888 to
823 4818 897 4888 μὴ
927 4817 1105 4887 ἀηδῶς
1124 4817 1193 4888 τὰ
1221 4835 1284 4888 π.
1318 4815 1434 4872 Vox
1454 4816 1764 4887 οἰκοδομού-

195 4834 720 4888 οικοοομουμενοιεις
738 4834 797 4869 το
863 4834 897 4886 η
927 4834 1105 4887 αηοως
1124 4834 1193 4871 τα
1221 4835 1284 4871 π.
1327 4834 1434 4872 vox
1454 4834 1532 4870 οικ

195 4906 356 4961 μενοι
384 4895 596 4961 sumpta
623 4896 705 4961 est
723 4902 755 4941 e
776 4885 796 4938 Ι
817 4834 944 4940 δον.
964 4901 1083 4961 vni,
1109 4887 1195 4940 10.
1219 4887 1468 4961 [ρης-ιιι.-
1511 4904 1532 4929 ο

265 4960 342 5028 (2)
376 4953 732 5028 οὶκομογίαν
763 4955 1219 5028 πεπεισμένους.
1242 4955 1361 5028 Non
1389 4957 1529 5028 solet
1556 4953 1662 5028 dici
1685 4957 1766 5008 οι-

190 5024 450 5099 κονομίαν
489 5024 823 5099 πείθεσθαι,
848 5025 942 5081 sed
981 5024 1349 5099 πιστεύεσθαι.
1391 5025 1756 5099 Quamobrem

190 5095 560 5161 scribendum,
581 5095 892 5166 οἰκονομίαν
926 5096 1403 5166 πεπιστευμένους.
1439 5096 1555 5166 Qua
1576 5095 1760 5164 phrasi

189 5184 329 5231 usus
356 5159 831 5235 estApOstolbs'in
856 5165 961 5235 hoc
990 5166 1112 5235 ipso
1134 5159 1331 5235 capite,
1353 5159 1501 5235 quod
1515 5159 1640 5235 jam
1665 5180 1766 5235 ex-

189 5239 358 5308 plicat
375 5232 724 5308 auctor._netu
733 5249 796 5302 pe
813 5233 834 5288 l
852 5232 987 5308 Co_r._
994 5232 1080 5308 rx,
1094 5234 1158 5288 17
1176 5232 1414 5308 {Ei-rip
1437 5233 1578 5308 ἑκὼν
1596 5234 1756 5308 τοῦτο

189 5303 445 5379 πράσσω,
479 5304 666 5376 μισθὸν
699 5304 837 5376 ἔχω·
883 5306 935 5358 εί
965 5304 1023 5358 δὲ
1051 5305 1227 5369 ἄκων,
1253 5303 1562 5373 οἰκονομίαν
1595 5303 1758 5357 πεπί-

189 5394 444 5430 στευμαι.

265 5394 840 5516 sopor-oc.
855 5443 1114 5514 Μεγαλόφ
1122 5460 1279 5516 ρονας
1293 5443 1514 5513 opponit
1530 5443 1596 5499 iis
1621 5459 1759 5513 quos

189 5514 486 5586 Apostolus
511 5514 755 5586 ἀσθενεῖς
783 5522 961 5586 voc_at._

265 5587 343 5654 (4)
381 5588 450 5639 El
473 5585 605 5654 ἐγώ.
635 5585 696 5638 Et
718 5585 774 5638 δι
795 5584 926 5653 ιγώ,
955 5582 976 5637 ι
997 5583 1120 5639 Cor.
1147 5601 1202 5638 ι.

369 5647 591 5710 Πάν-ἔα.
618 5647 927 5725 Abbreviat.
961 5654 980 5707 ι
1010 5655 1134 5708 Cor.
1168 5670 1222 5716 χ,
1242 5653 1303 5708 5|
1331 5671 1342 5725 ς
1370 5651 1495 5705 Εῖτε
1516 5647 1628 5725 γοῦν
1647 5656 1754 5725 μεσ-

192 5722 361 5791 θίετε,
387 5725 498 5778 εἴτε
531 5726 742 5791 πίνετε,
777 5723 886 5777 εἴτε
933 5741 983 5776 τι
1021 5726 1240 5789 ποιεῖτε,
1274 5722 1450 5775 πάντα
1481 5723 1560 5784 εἰς
1601 5723 1756 5789 δόξαν

190 5795 327 5849 Θεοῦ
354 5799 574 5849 ποιεῖτε.
594 5842 596 5844 τ

267 5867 342 5938 (ιί)
371 5865 499 5920 Ὑπὸ
531 5864 623 5921 τέιι
661 5865 902 5931 κανόνα.
930 5865 993 5918 Α.
1019 5863 1223 5921 mavult
1254 5862 1392 5925 κατά
1426 5861 1514 5915 τὸν
1543 5862 1757 5932 κανόνα,

1870 4834 2209 4942 ἓυεεευιιιιιιε
2252 4815 2450 4888 regula:
2502 4818 2624 4872 lidei
2670 4815 2938 4886 subjicere
2976 4815 3298 4885 permissum
3329 4822 3433 4870 est.

1917 4903 2138 4942 veneno.

1917 4903 2138 4942 Ὴιιῦυῐὶῦ.

1939 4957 2230 5030 (j)_I‘m3:_r.
2271 4956 2384 5030 Γάρ
2417 4956 2576 5030 Rom.

1930 5021 2002 5097 (Β)
2025 5025 2324 5081 Τουτέστι.
2344 5021 2417 5097 Ᾰ.
2431 5028 2603 5082 divise
2623 5024 2763 5078 τοῦτ’
2781 5023 3270 5097 ἐστι.,8γι.ιιυιιε.ῗ
3288 5021 3433 5097 Mox,

1871 5091 2244 5170 Ὀμολογήσῃς
2273 5100 2335 5170 ὲν
2354 5096 2431 5168 τῷ
2471 5097 2694 5167 στόματί
2727 5111 2820 5148 σου
2859 5093 3060 5164 Κύριον
3089 5091 3316 5164 Ἰησοῦν,
3343 5094 3437 5146 καὶ

1862 5165 2013 5222 πιστ.
2044 5165 2212 5221 Rom:
2236 5184 2291 5233 ς,
2314 5169 2368 5223 9.

1934 5237 2011 5304 (9)
2050 5232 2668 5306 Ἁγιότητι.⁹ᾼπλὸτητι,
2695 5235 2757 5306 ll_
2770 5233 2897 5306 Cor.
2928 5232 3082 5306 1,12.

1925 5301 2038 5377 (10)
2072 5301 2192 5374 Τὴν
2221 5301 2300 5377 δὲ,
2320 5301 2532 5374 κοινὴν
2559 5301 2673 5377 διδ.
2718 5304 2828 5377 Τῂν
2855 5304 3039 5374 κοινὴν
3083 5301 3432 5377 διδασκαλίαν

1863 5373 2182 5448 opponite?)
2224 5376 2423 5448 ὀλίγοις
2453 5373 2876 5448 παραδιδομένη,
2918 5373 3132 5448 areana:
3169 5373 3430 5448 scientias.

1939 5443 2051 5517 (11)
2096 5443 2212 5517 '13;
2231 5445 2305 5514 τῇ
2322 5443 2607 5512 δευτέρᾳ.
2637 5443 2727 5497 Α(
2748 5443 3027 5513 legendum
3068 5452 3252 5517 censet
3279 5445 3340 5517 ἐν
3364 5446 3432 5514 τῇ

1865 5512 2308 5588 αὐτῇ,’(ιιιοιιίειιι
2343 5512 2831 5588 superiorquoque
2857 5512 3433 5588 sctitetitia_ex_eadeni

1863 5580 2092 5656 epistula
2114 5588 2398 5664 desumpta
2423 5580 2527 5638 est.
2563 5580 2825 5664 ςΗμέρας,
2845 5593 2899 5664 et
2922 5586 3041 5664 τοῖς
3058 5580 3288 5664 πολλοῖς,
3313 5599 3434 5664 quae

1862 5653 2186 5727 sequuntur,
2207 5656 2402 5709 absunt
2432 5670 2462 5708 a
2489 5653 2719 5723 vulgatis
2740 5653 2888 5707 Pauli
2917 5655 3068 5708 editt.
3101 5660 3160 5706 ut
3193 5653 3332 5707 idem
3364 5653 3429 5706 Α.

1864 5727 2126 5804 adnotat...
2159 5728 2420 5804 Sanunc.
2459 5755 2531 5804 -ν
2562 5723 2697 5778 Sunt
2742 5733 2918 5779 autem
2967 5724 3430 5792 interpretamenti

1865 5797 1986 5852 loco
2014 5814 2042 5851 ιι
2070 5795 2341 5852 Clemente
2373 5796 2503 5849 inse:
2521 5803 2590 5849 ta.
