3934 6536
204 378 345 464 nos

1415 390 1872 464 'srnomruu
1900 402 2027 461 LIB.
2065 403 2122 460 ιι
2154 410 2159 421 π

3310 393 3446 453 ιδιο

201 539 315 576 των
346 521 504 577 θείων
535 523 879 596 παρίστησιν.
926 520 1043 579 «Ἦ
1087 524 1192 597 γὰρ
1232 523 1294 579 ού
1333 523 1531 590 πίστει,
1555 544 1573 576 ι
1618 524 1762 595 φησι.

1879 522 2002 577 ﬁdei
2055 522 2122 577 ad
2151 519 2568 591 acquisitionem
2596 536 2618 572 ι
2665 516 2924 572 animai.
2962 512 3167 570 Deinde
3225 511 3447 567 adduci:

190 626 232 665 ἰ
254 614 324 668 δι’
352 614 630 687 ὑπομονῆς
659 614 1027 688 κατώρθωσαν
1066 616 1178 689 (22)
1222 617 1271 670 οἰ
1314 617 1642 688 ἐμπαιγμῶν
1682 618 1777 670 καὶ

203 703 488 773 μαστίγων
514 705 705 776 πετρᾶν
732 704 982 769 λαϐόντες
1011 705 1143 777 (25),
1169 705 1247 760 ἔτι
1264 707 1321 760 δὲ
1333 706 1545 778 δεσμῶν
1563 708 1657 761 καὶ
1678 724 1775 777 φυο

183 793 406 867 ελακῆς;
433 795 841 869 Ἐλιθάσθησαν,
865 798 1264 871 ἐπειράσθησαν
1285 799 1418 869 (26),
1445 802 1503 854 ἐν
1518 799 1663 870 φόνῳ
1680 816 1778 870 μα-

199 887 405 959 χαίρας
423 887 688 943 ἀπέθανον
706 905 720 919 ·
756 889 1041 962 περιῆλθον
1063 893 1122 944 ἐν
1147 890 1439 962 μηλωταῖς,
1469 893 1526 944 ἐν
1549 890 1775 959 αἰγείοις

184 977 491 1051 δέρμασιν,
531 980 933 1053 ὑστερούμενοι,
964 981 1285 1054 θλιϐόμενοι,
1325 982 1770 1054 κακουχούμενοι,

146 1069 169 1080 ⁸
194 1062 284 1122 ὧν
305 1069 404 1123 οὐκ
427 1066 494 1142 ἦν
519 1070 666 1137 ἄξιος
699 1074 730 1125 ὀ
760 1071 961 1143 κόσμος
983 1089 996 1103 ·
1028 1074 1086 1127 ἐν
1123 1074 1378 1144 ἐρημίαις
1413 1072 1770 1144 πλανώμενοι,

178 1161 303 1217 ⁸καὶ.
332 1159 502 1232 ὄρεσι,
541 1161 633 1215 καὶ
682 1160 981 1232 σπηλαίοις,
1028 1162 1122 1216 καὶ
1163 1166 1283 1226 ταῖς
1328 1164 1488 1226 ὀπαῖς
1520 1164 1621 1233 τῆς
1645 1164 1768 1234 γῆς.

197 1250 318 1305 Καὶ
338 1250 538 1315 πάντες
562 1251 673 1323 (25)
705 1251 1140 1325 μαρτυρηθέντες
1165 1253 1252 1308 διά
1275 1254 1372 1324 τῆς
1392 1254 1644 1318 πίστεως,
1674 1254 1773 1307 οὐκ

176 1342 529 1415 ἐκομίσαντο
556 1345 654 1416 τὴν
694 1344 1020 1415 ἐπαγγελίαν
1056 1344 1150 1399 τοῦ
1177 1344 1310 1400 Θεοῦ
1330 1363 1342 1376 ·
1371 1365 1389 1397 ι
1422 1345 1771 1400 ἀπολείπεται

176 1435 343 1487 ’νοεῖν
382 1433 442 1487 τὸ
491 1433 634 1487 κατὰ
676 1432 1095 1507 παρασιώπησιν
1139 1435 1445 1507 εἰρημένον,
1494 1455 1513 1487 ι
1544 1437 1712 1508 μόνοι.
1746 1456 1765 1489 ι

172 1567 181 1575 .
206 1524 491 1596 Ἐπιφέρει
523 1524 673 1595 γοῦν·
719 1545 737 1578 ι
766 1525 900 1597 Περὶ
929 1526 1085 1597 ἡμῶν
1110 1526 1351 1598 κρεῖττόν
1388 1545 1439 1580 τι
1466 1527 1775 1600 προειδομέ-

187 1633 294 1669 νυυ
323 1616 417 1670 τοῦ
460 1615 615 1682 Θεοῦ,
641 1637 659 1670 ι
699 1617 921 1689 (ἀγαθὸς
947 1618 1054 1690 γὰρ
1083 1613 1151 1690 ἦν
1179 1618 1289 1690 (26)
1308 1619 1347 1690 ·)
1386 1638 1404 1670 ι
1435 1620 1519 1674 ἶνα
1554 1619 1629 1691 μὴ
1661 1638 1770 1690 χω-

183 1707 290 1778 ρὶς
334 1708 488 1779 ἡμῶν
516 1708 863 1764 τελειωθῶσι.
912 1711 1210 1783 Τοιγαροῦν
1240 1712 1334 1766 καὶ
1362 1714 1541 1782 ἡμεῖς,
1585 1711 1771 1765 τοσοῦ-

164 1814 289 1850 ιτον
313 1796 525 1867 ἔχοντες
552 1801 930 1872 περικείμενον
955 1803 1084 1872 ἡμῖν
1115 1801 1274 1870 νέφος
1302 1820 1320 1852 ι
1353 1799 1505 1870 ἅγιον
1526 1800 1619 1855 καὶ
1650 1801 1772 1855 διει-

1878 614 1974 669 tibi
2037 628 2262 669 examen
2310 613 2684 682 exemplorum
2734 611 3066 667 divinorum.
3123 625 3144 659 ι
3193 605 3387 660 Annon
3424 643 3441 670 ,

1875 703 2096 772 inquit,
2153 702 2259 757 ﬁde
2320 717 2416 771 per
2472 701 2786 771 patientiam
2846 715 2906 756 se
2952 698 3212 769 praeclare
3268 707 3447 765 gesse-

1875 803 2022 861 runt,
2062 794 2155 864 qui
2189 794 2422 849 ludibria
2446 802 2507 847 et
2536 791 2767 863 ﬂagella,
2813 800 2868 845 et
2896 789 3111 845 vincula
3144 794 3442 857 praeterea,

1873 894 1928 941 et
1960 901 2233 941 carcerem
2272 887 2478 955 experti
2513 884 2686 939 sunt?
2737 881 2984 952 Lapidati
3026 879 3279 943 fuerunt,
3332 888 3445 933 teu-

1872 978 1973 1032 tati
2005 986 2153 1043 sunt,
2199 977 2254 1031 in
2288 976 2434 1032 caede
2463 976 2626 1047 gladii
2676 974 2876 1030 mortui
2919 981 3067 1049 sunt,
3106 972 3444 1027 circuierunt

1873 1070 1929 1125 in
1964 1070 2143 1125 ovinis
2174 1079 2227 1125 et
2258 1069 2496 1139 caprinis
2544 1069 2795 1140 pellibus,
2843 1076 3081 1136 egentes,
3114 1063 3318 1128 atllicti,
3351 1078 3444 1118 νε-

1873 1162 2008 1228 xati,
2056 1163 2257 1233 quibus
2293 1161 2491 1233 dignus
2528 1176 2636 1215 non
2664 1168 2783 1216 erat
2816 1162 3086 1225 mundus;
3119 1157 3174 1211 in
3206 1156 3445 1211 solitudi-

1858 1253 2035 1307 nibus
2059 1261 2327 1319 errantes,
2352 1261 2407 1307 et
2427 1252 2723 1317 montibus,
2751 1259 2807 1306 et
2842 1249 3149 1320 speluncis,
3196 1257 3251 1303 et
3290 1247 3441 1302 fora-

1872 1342 2112 1401 minibus
2131 1354 2305 1399 terraa.
2332 1342 2398 1397 Et
2425 1343 2482 1397 hi
2507 1357 2697 1397 omnes
2723 1340 3034 1397 testimonio
3058 1340 3179 1395 ﬁdei
3202 1338 3440 1409 probati,

1865 1451 1982 1495 non
2027 1445 2355 1505 acceperunt
2394 1434 2880 1505 promissionemp
2923 1441 3093 1488 restat
3138 1431 3441 1489 subintelli;

1866 1528 2127 1597 gendum,
2162 1529 2306 1599 quod
2338 1529 2501 1583 tacite
2529 1527 2734 1582 dictum
2775 1534 2879 1592 est,
2919 1544 2939 1576 ι
2972 1524 3095 1581 soli.
3138 1543 3158 1576 ι
3201 1523 3441 1593 Suhjun-

1854 1621 1949 1691 .git
1996 1622 2217 1692 itaque:
2279 1640 2298 1673 ι
2335 1620 2472 1675 Cum
2520 1620 2587 1675 de
2632 1619 2787 1676 nobis
2831 1619 3025 1674 melius
3057 1616 3263 1688 aliquid
3296 1615 3442 1671 Deus

1873 1713 2210 1784 pra-vidisset
2244 1712 2458 1783 (bonus
2494 1710 2639 1767 enim
2685 1710 2836 1779 erat)
2882 1718 2942 1765 ut
2986 1723 3095 1763 non
3134 1710 3252 1763 sine
3282 1706 3440 1761 nobis

1873 1805 2029 1874 221
2081 1814 2612 1859 consummarentur.
2668 1803 2851 1873 itaque
2893 1817 3013 1857 cum
3054 1810 3107 1879 et
3154 1815 3254 1854 nos
3294 1798 3438 1857 circa

184 1888 286 1952 δὲς
320 1890 428 1960 (27)
468 1909 486 1941 ι
510 1890 823 1964 μαρτύρων,
876 1893 1037 1962 δγκον
1072 1890 1398 1963 ἀποθέμενοι
1429 1892 1627 1956 πάντα,
1678 1892 1762 1946 καὶ

1870 1912 1971 1952 nos
2004 1897 2304 1952 habeamus
2336 1905 2541 1951 tantam
2564 1896 2764 1951 nubem
2800 1914 2818 1947 ι
2849 1877 3102 1948 sanctam
3127 1901 3181 1946 et
3210 1891 3437 1961 pelluci-

185 1980 299 2053 τὴν
330 1982 715 2054 εὐπερίστατον
749 1985 1043 2057 ἁμαρτίαν,
1085 1983 1150 2037 δι’
1178 1972 1452 2055 ύπομονῆς
1490 1984 1769 2055 τρέχωμεν

163 2060 289 2127 *τὸν
321 2076 675 2147 προκείμενον
710 2078 838 2147 ἡμῖν
865 2075 1072 2145 ἀγῶνα,
1103 2075 1413 2147 ἀφορῶντες
1445 2078 1524 2138 εἰς
1555 2062 1645 2129 τὸν
1672 2076 1769 2147 τῆς

179 2167 431 2232 πίστεως
460 2168 701 2239 ἀρχηγὸν
729 2167 822 2220 καὶ
871 2166 1158 2238 τελειωτὴν
1192 2166 1419 2237 Ἰησοῦν.
1448 2186 1468 2219 ι
1514 2168 1635 2221 Ὅτι
1670 2169 1767 2239 μὲν

172 2253 287 2313 οὖν
313 2258 442 2330 μίαν
480 2259 752 2330 σωτηρίαν
771 2258 920 2327 λέγει
954 2260 1011 2313 ἐν
1044 2258 1264 2330 Χριστῷ
1287 2258 1395 2311 τῶν
1422 2258 1646 2313 δικαίων
1673 2260 1768 2313 καὶ

166 2350 349 2423 ζἡμῶν
384 2350 519 2422 (28),
558 2350 744 2419 σαφῶς
792 2351 892 2421 μὲν
934 2351 1149 2422 εἴρηκεν
1192 2351 1486 2422 πρότερον·
1523 2351 1671 2404 οὐδὲν
1709 2351 1766 2405 δέ

172 2437 356 2514 ⁴ἧττον
387 2443 481 2495 καὶ
508 2442 636 2514 περὶ
656 2442 936 2502 Μωῦσέως
956 2441 1147 2511 λέγων,
1178 2443 1456 2515 ἐπιφέρει·
1492 2464 1509 2495 ι
1529 2443 1765 2509 Μείζονα

178 2531 424 2586 πλοῦτον
461 2534 805 2606 ἡγησάμενος
845 2532 953 2586 τῶν
994 2533 1267 2602 Αἰγύπτου
1320 2535 1430 2607 (29)
1477 2535 1766 2609 θησαυρῶν

177 2623 287 2677 τὸν
314 2623 613 2696 ὀνειδισμὸν
642 2624 736 2678 τοῦ
766 2624 1001 2695 Χριστοῦ
1022 2641 1035 2655 ·
1084 2625 1360 2681 ἀπέϐλεπε
1406 2625 1513 2698 γὰρ
1547 2629 1625 2692 εἰς
1666 2628 1764 2701 τὴν

182 2715 644 2787 μισθαποδοσίαν·
689 2717 869 2770 πίστει
902 2716 1191 2771 κατέλιπεν
1226 2716 1519 2787 Αἴγυπτον,
1565 2717 1640 2791 μὴ
1672 2735 1766 2788 φο-

174 2807 381 2878 ὗηθείς
406 2808 497 2861 τὸν
529 2808 700 2879 θυμὸν
730 2807 822 2862 τοῦ
851 2808 1133 2879 βασιλέως·
1163 2809 1256 2862 τὸν
1291 2809 1399 2881 γὰρ
1429 2810 1657 2882 ἀόρατον
1689 2810 1763 2875 ὡς

174 2900 334 2974 ὁρῶν
375 2901 757 2975 ἐκαρτέρησεν.
802 2921 821 2955 ι
865 2902 930 2956 Ἡ
963 2901 1081 2956 θεία
1110 2902 1279 2972 Σοφία
1317 2902 1443 2975 περὶ
1483 2904 1589 2956 τῶν
1624 2920 1766 2977 μαρ-

176 2992 369 3064 τύρων
397 2992 576 3062 λέγει·
627 3011 645 3044 ι
672 2992 855 3058 ἔδοξαν
882 2993 938 3046 ἐν
962 2992 1256 3064 ὀφθαλμοῖς
1299 2994 1546 3065 ἀφρόνων
1578 2994 1764 3048 τεθνά-

174 3098 302 3145 ναι,
350 3084 443 3136 καὶ
482 3081 733 3153 ἐλογίσθη
769 3083 1073 3155 κάκωσιςή
1116 3083 1289 3149 ἔξοδος
1333 3086 1532 3154 αὐτῶν,
1583 3086 1677 3140 καὶ
1726 3088 1758 3158 η

1869 1988 1993 2043 dam
2044 2005 2063 2038 ι
2096 1987 2315 2042 testium
2343 2028 2357 2051 ,
2401 1988 2730 2077 deponentes
2761 2001 2922 2040 omne
2968 1986 3214 2058 pondus,
3256 1994 3310 2039 et
3337 2000 3438 2039 nos

1869 2076 2027 2134 facile
2053 2079 2419 2134 circumstans
2450 2076 2754 2149 peccatum,
2783 2094 2879 2149 per
2896 2079 3209 2148 patientiam
3243 2092 3439 2131 curra-

1852 2185 1992 2237 ,mus
2035 2170 2102 2225 ad
2136 2170 2296 2225 nobis
2340 2171 2684 2240 propositum
2720 2180 3035 2241 certamen,
3081 2170 3438 2239 respicientes

3315 2259 3438 2315 »Ει
3534 2293 3545 2303 ~

1847 2352 2010 2421 ‘quod
2045 2368 2211 2407 unam
2244 2353 2601 2422 eamdemque
2634 2351 2899 2421 intelligat
2929 2353 3161 2407 salutem
3194 2351 3249 2405 in
3280 2351 3440 2406 Chri-

1867 2260 1933 2314 ad
1968 2261 2088 2315 ﬁdei
2112 2269 2390 2316 auctorem
2421 2270 2474 2316 et
2498 2270 2994 2315 consummatorem
3023 2259 3208 2315 Jesurn
3228 2260 3277 2312 δ.

1865 2452 1972 2503 sto,
2003 2460 2125 2498 eum
2149 2443 2449 2514 justorum,
2490 2454 2604 2498 tum
2638 2444 2799 2497 etiam
2824 2454 3090 2511 nostram,
3119 2444 3272 2514 prius
3315 2443 3439 2513 qui-

1848 2536 1985 2590 dem
2038 2538 2175 2591 dixit
2228 2546 2443 2607 aperte,
2494 2539 2666 2611 nihilo
2706 2550 2883 2594 tamen
2937 2539 3117 2592 secius
3140 2538 3207 2591 de
3249 2534 3435 2606 Moyse

1867 2641 2088 2697 quoque
2116 2628 2326 2694 dicens,
2352 2622 2633 2701 subjungit
2660 2644 2674 2682 :
2715 2628 2978 2699 «Majores
3010 2627 3331 2682 existimans
3352 2627 3434 2680 di-

1863 2721 2022 2776 vitias
2069 2736 2233 2791 quam
2286 2722 2577 2777 thesauros
2621 2721 2864 2793 Egypti,
2918 2720 3123 2776 Christi
3172 2720 3437 2789 imprope-

1862 2811 2003 2866 rium
2029 2830 2044 2876 ;
2083 2813 2410 2883 respiciebat
2431 2815 2576 2868 enim
2606 2808 3124 2868 remunerationem.
3156 2810 3287 2867 Fide
3315 2810 3436 2865 reli-

1861 2903 1980 2974 quit
2008 2902 2451 2974 IEgyptummon
2489 2905 2697 2959 veritus
2730 2905 2863 2957 iram
2906 2904 3067 2972 regis.
3104 2902 3432 2956 lnvisihilent

1846 2984 2004 3050 enim
2028 3004 2285 3066 tanquam
2320 2996 2414 3066 qui
2446 2995 2672 3060 videret,
2704 2994 3032 3050 sustinuitc.
3061 3014 3078 3045 ι
3118 2993 3304 3047 Divina
3334 2990 3435 3045 Sa-

1861 3086 2063 3156 pientia
2096 3086 2230 3141 dicit
2269 3086 2335 3142 de
2369 3086 2700 3158 martyribus
2742 3103 2753 3140 ;
2805 3106 2824 3137 ι
2857 3084 2971 3139 Visi
3015 3095 3141 3139 sunt
3173 3084 3226 3137 in
3258 3082 3435 3137 oculis

176 3175 284 3244 ἀφ’
311 3174 469 3247 ἡμῶν
495 3176 691 3247 πορεία
728 3176 1061 3249 σύντριμμα·
1093 3177 1142 3229 οἱ
1177 3177 1233 3231 δέ
1273 3178 1408 3232 εἰσιν
1446 3181 1504 3232 ἐν
1536 3181 1753 3253 εἰρήνῃ·

1863 3176 2233 3246 insipientium
2279 3178 2439 3241 mori,
2484 3187 2538 3231 et
2582 3185 2831 3245 reputata
2878 3185 2963 3231 est
2995 3177 3214 3231 vexatio
3240 3190 3432 3230 eorum

174 3266 287 3320 καὶ
314 3265 421 3340 γὰρ
448 3269 505 3321 ὲν
537 3268 655 3337 ὄψει
687 3268 986 3341 ἀνθρώπων
1023 3271 1117 3324 ὲάν
1147 3271 1498 3336 κολασθῶσιν,
1531 3275 1563 3344 ἡ
1604 3273 1758 3339 ἐλπὶς

1863 3268 2060 3335 exitus,
2103 3276 2155 3324 et
2222 3283 2252 3322 a
2300 3268 2457 3322 nobis
2503 3266 2799 3328 discessus,
2851 3265 3145 3320 contritio:
3180 3264 3254 3319 illi
3306 3279 3433 3318 vero

161 3356 366 3409 αὐτῶν
413 3357 708 3423 ἀθανασίας
754 3359 983 3431 πλήρης.
1011 3381 1030 3413 ι
1068 3358 1201 3416 Εἶτα
1242 3364 1456 3432 ἐπάγει,
1497 3364 1760 3437 κάθαρσιν

181 3445 397 3511 ἔνδοξον
425 3448 485 3502 τὸ
520 3440 813 3522 μαρτύριον
852 3451 1206 3506 διδάσκουσα·
1256 3473 1274 3505 ι
1300 3456 1409 3508 Καὶ
1447 3455 1597 3525 ὀλίγα
1631 3474 1756 3510 παι-

178 3541 489 3607 δευθέντες,
516 3545 724 3616 μεγάλα
746 3546 1263 3620 εύεργετηθήσονται
1279 3566 1293 3579 ·
1316 3550 1396 3604 ὅτι
1417 3552 1447 3603 ὀ
1465 3550 1595 3615 Θεὸς
1617 3552 1759 3606 ἐπεί-

166 3652 354 3707 -ρασεν
397 3636 627 3701 αὐτούς·
656 3657 674 3689 ι
716 3640 1013 3704 τουτέστιν,
1061 3642 1139 3705 εἰς
1176 3641 1416 3714 δοκίμιον
1460 3645 1555 3699 καὶ
1584 3645 1756 3699 δυσω-

160 3720 318 3779 ’πίαν
360 3725 455 3779 τοῦ
506 3727 854 3799 πειράζοντος
901 3728 1081 3784 εἴασεν
1118 3731 1314 3795 αὐτοὺς
1359 3733 1751 3806 πειρασθῆναι·

189 3837 210 3868 ι
241 3817 337 3871 καὶ
366 3817 524 3888 εὗρεν
568 3820 763 3883 αὐτοὺς
796 3819 976 3886 ἀξίους
1008 3822 1220 3889 ἑαυτοῦ,
1248 3806 1696 3897 υίοὺς⁶κληθῆναι
1731 3847 1750 3880 ι
1824 3892 1831 3896 ς

176 3909 446 3978 δηλονότι.
482 3929 503 3962 ι
525 3911 613 3975 Ὠς
633 3912 834 3982 χρυσὸν
865 3913 923 3965 ὲν
946 3913 1292 3985 χωνευτηρίῳ
1314 3915 1631 3987 ἐδοκίμασεν
1657 3920 1755 3972 αύ-

160 4000 333 4065 οτοὺς,
380 4002 473 4054 καὶ
501 4001 577 4066 ὡς
619 4002 985 4076 ὀλοκάρπωμα
1025 4003 1213 4068 θυσίας
1259 4007 1614 4075 προσεδέξατο
1655 4011 1754 4064 αύ-

161 4090 338 4155 ’τούς·
382 4093 475 4146 καὶ
517 4094 576 4148 ὲν
609 4093 783 4166 καιρῷ
825 4096 1127 4168 ἐπισκοπῆς
1156 4098 1332 4152 αὐτῶν
1360 4099 1753 4171 ἀναλάμψουσι,

179 4181 282 4233 καὶ
326 4179 401 4243 ὡς
446 4179 738 4251 σπινθῆρες
782 4182 839 4234 ὲν
880 4181 1099 4254 καλάμῃ
1146 4183 1589 4256 διαδραμοῦνται·
1639 4204 1758 4258 κρι-

174 4270 367 4325 νοῦσιν
407 4271 556 4347 ἔθνη,
605 4273 699 4326 καὶ
733 4274 1063 4345 κρατήσουσι
1113 4274 1277 4339 λαῶν,
1313 4277 1404 4330 καὶ
1452 4276 1755 4347 βασιλεύσει

162 4358 366 4418 αὐτῶν
392 4346 596 4435 Κύριος
625 4365 706 4428 εἰς
735 4365 860 4431 τοὺς
892 4366 1109 4431 αἰῶνας.
1134 4386 1152 4418 ι

1859 3370 1988 3414 sunt
2022 3361 2079 3415 in
2111 3375 2262 3429 pace.
2322 3358 2531 3414 Etenim
2581 3356 2629 3412 si
2660 3358 2716 3411 in
2757 3357 2931 3413 oculis
2976 3356 3256 3411 hominum
3303 3371 3434 3423 sup-

1857 3453 2037 3522 pliciis
2066 3452 2243 3507 aﬂ‘eeti
2272 3451 2495 3518 fuerint,
2525 3466 2648 3521 spes
2673 3466 2862 3506 eorum
2893 3450 3051 3519 plena
3082 3455 3168 3502 est
3204 3447 3434 3500 immor-

1857 3544 2146 3602 talitatisd.
2197 3564 2215 3596 ι
2256 3544 2458 3599 Deinde
2488 3543 2790 3614 subjungit,
2827 3541 3119 3612 gloriosam
3165 3550 3434 3607 espurga-

1856 3638 2059 3693 tionem
2113 3637 2317 3692 docens
2363 3651 2484 3691 esse
2534 3633 2903 3705 martyrium:
2956 3650 2974 3683 ι
3015 3628 3081 3684 Ει
3130 3629 3183 3683 in
3242 3627 3433 3698 paucis

1858 3730 2129 3800 castigati,
2186 3728 2400 3799 magnis
2457 3726 2784 3781 afﬁcientura
2816 3722 3118 3787 beneﬁciis,
3168 3721 3431 3797 quoniam

1857 3820 2002 3877 Deus
2036 3818 2263 3875 tentavit
2289 3832 2406 3879 eos,
2450 3834 2469 3868 ι
2523 3816 2626 3870 hoc
2664 3824 2768 3879 est,
2803 3814 2870 3868 ad
2917 3828 3106 3868 eorum
3149 3811 3429 3880 prohatio~

1860 3926 2005 3976 nem,
2045 3919 2098 3964 et
2133 3917 2194 3962 ut
2219 3907 2428 3976 pudore
2456 3905 2722 3960 aiIiciatur
2752 3888 3009 3969 tentator,
3042 3903 3167 3958 sivit
3190 3916 3284 3956 eos
3317 3909 3432 3954 ten-

1825 4002 1997 4065 -tari;
2053 4017 2072 4050 ι
2103 4008 2158 4053 et
2204 3997 2411 4052 invenit
2451 4010 2627 4051 cosse
2668 3997 2881 4066 dignos,
2916 4014 2934 4047 ι
2979 4004 3039 4049 υι
3084 3993 3291 4049 scilicet
3336 4009 3431 4047 vo-

1857 4100 2054 4147 ceutur
2074 4090 2189 4145 lilii.
2230 4110 2251 4143 ι
2289 4089 2570 4161 Tanquam
2605 4104 2799 4144 aurum
2838 4089 2893 4141 in
2921 4085 3144 4139 fornace
3176 4084 3424 4154 probavit

1856 4197 1974 4247 eos,
2014 4190 2070 4237 et
2107 4192 2368 4252 tauquam
2402 4182 2632 4238 solidam
2671 4177 2928 4235 sacriﬁcii
2968 4177 3295 4231 oblationem
3329 4189 3423 4228 ex-

1858 4275 2001 4344 cepit
2057 4290 2173 4338 eos,
2203 4275 2335 4329 etin
2368 4284 2609 4343 tempore
2642 4270 2999 4340 iuspcctionis
3039 4283 3224 4322 eorum
3263 4264 3433 4335 fulge-

1858 4365 2020 4428 hunt,
2077 4373 2133 4418 et
2168 4375 2424 4435 tanquam
2453 4364 2704 4420 scintillae
2753 4363 2806 4415 iu
2853 4360 3052 4429 stipula
3092 4364 3428 4427 percurrent.

1822 4450 1827 4455 θ
1859 4454 2193 4512 Judicabunt
2216 4467 2424 4526 gentes,
2465 4467 2518 4510 et
2541 4455 2969 4510 dominabuntur
2997 4452 3231 4522 populis,
3259 4460 3313 4505 et
3335 4466 3429 4505 rex

1785 4568 1830 4622 ι)
1860 4563 2054 4604 eorum
2090 4549 2193 4604 erit
2220 4549 2484 4604 Dominus
2516 4549 2570 4603 in
2600 4547 2795 4603 sarcula
2817 4557 2862 4601 ο.
2899 4565 2917 4598 ι

256 4708 471 4800 :HebI.
496 4728 552 4800 at,
586 4712 778 4800 3:21:59.
856 4715 885 4756 ι’
913 4713 1075 4773 Hebr.
1107 4735 1184 4787 ιι,
1210 4719 1301 4789 56,
1329 4721 1418 4787 57,
1455 4722 1545 4791 58,
1582 4725 1670 4791 59,
1696 4725 1762 4781 40

1863 4745 1932 4795 ιι,
1964 4730 2013 4793 l,
2054 4729 2108 4783 ε.
2140 4730 2179 4800 λ
2207 4737 2230 4767 ε
2261 4725 2425 4782 Hebr.
2453 4724 2644 4792 x1,26,
2673 4725 2765 4780 εγ.
2837 4724 2901 4790 λιι
2936 4724 3063 4793 Sap.
3091 4706 3335 4789 "1,2,5,
3370 4722 3425 4777 4.

148 4772 210 4851 fe
240 4777 374 4836 ibid.
408 4782 462 4848 5,
502 4772 557 4850 6',
586 4781 638 4850 7,
670 4783 724 4838 8.

254 4934 368 5010 (22)
396 4931 480 4991 Ἦ
507 4937 618 5010 γὰρ
651 4979 665 4992 .
699 4976 713 4992 .
757 4975 774 4993 .
803 4940 1213 5010 κατώρθωσαν.
1250 4945 1546 5004 Clementis
1573 4950 1757 5005 'verha

174 5005 449 5079 sunthaec
466 5005 534 5079 ad
550 5023 637 5073 ea,
662 5025 787 5078 quae
806 5005 1132 5079 sequuntur,
1153 5017 1443 5071 transitum
1477 5019 1755 5075 facientis.

146 5121 159 5128 -
398 5076 617 5158 ῌέῖριξις
646 5075 956 5158 ζαϐόντές.
984 5075 1151 5158 Hebr.
1186 5101 1265 5158 xl,
1293 5090 1492 5158 πεῖραν
1544 5089 1757 5143 ἔλαϐον.

255 5145 371 5221 (24)
412 5146 890 5221 Ἐλέράσςρῃσςαν,
911 5145 1404 5221 ἐπειράσθησαν]
1427 5155 1583 5221 Vulg.
1622 5158 1759 5215 Bibl.

256 5176 371 5216 μιν)
426 5176 648 5202 nu.qu
662 5176 890 5217 ινιιυαν,
923 5176 1391 5221 επειρασσησαν.
1437 5176 1526 5212 VUI
1571 5199 1583 5211 .
1622 5176 1759 5215 UIDI.

175 5215 349 5300 Hebr.
376 5216 605 5300 1133:]:
645 5218 1072 5300 'Egteaaeqagv,
1121 5224 1491 5300 ἐπρίσθησαν,
1533 5176 1763 5300 ἔπειρά-

177 5287 408 5357 σθησαν.
440 5283 544 5357 Ubl
591 5288 740 5343 conf.
760 5305 881 5357 qua:
913 5283 1293 5349 adnotavit'Cl.
1326 5283 1546 5352 Millius.

148 5406 153 5411 .
216 5423 229 5433 .
254 5354 365 5433 (25)
399 5356 647 5433 Πάκτες.
683 5354 842 5433 Vulg.
882 5359 1022 5415 Bibl.
1047 5357 1195 5417 οὗτοι
1226 5367 1426 5431 πάντες
1448 5384 1461 5397 ·
1502 5377 1556 5422 et
1581 5383 1709 5424 mox
1735 5412 1751 5433 ,

174 5423 638 5505 ﬁtétayyeiiay
663 5468 679 5493 ,
718 5423 926 5505 ab_§qu_e
952 5434 1119 5501 genit.
1150 5434 1246 5505 τοῦ
1278 5423 1441 5490 Θεοῦ·
1483 5438 1631 5496 dein.
1661 5423 1754 5493 τοῦ

174 5496 659 5587 Θεοξοπεριημὶῶν
686 5496 1021 5587 κρεῖτξτόνιξτι
1054 5504 1528 5587 προϐλεψαμένου.

180 5634 193 5645 ν
254 5565 369 5636 (26)
412 5565 657 5645 Ἀνᾷβὸς
684 5565 795 5638 γὰρ
824 5565 1396 5645 ἦν.ϐριηῐὴοιίοιὶἰιὸε
1421 5577 1744 5635 aClemente

178 5637 448 5716 insertum
480 5637 701 5692 videtur
721 5637 942 5710 propter
975 5642 1261 5703 luereticos
1316 5647 1407 5716 qui
1435 5646 1603 5704 Deum
1637 5666 1737 5707 ne-

174 5706 381 5774 gabant
403 5706 605 5762 bonum
633 5706 775 5764 esse.

1932 4947 2044 5017 (27)
2075 4949 2273 5018 Ἀγιον
2329 4946 2427 5018 καί
2459 4945 2717 5018 διειδέςε-
2746 4943 3089 5018 Commation
3130 4941 3261 4994 illud
3311 4940 3430 4996 Cie-

1868 5013 2071 5074 mentis
2101 5013 2206 5083 est,
2248 5032 2356 5071 non
2389 5017 2637 5086 Apostoli
2675 5014 2963 5086 Hebr.__xn.
2994 5013 3255 5086 Summe.

1937 5089 2050 5159 (28)
2098 5081 2222 5159 Τ
2248 5081 2498 5159 δικαίώίν·
2518 5083 2815 5151 καίἡμῶτκ
2834 5081 3039 5159 Eempe
3067 5100 3086 5131 ι
3109 5081 3423 5159 justorum_r

1865 5160 1960 5228 qui
1994 5150 2118 5212 ante
2137 5157 2417 5211 Christum
2451 5150 2722 5228 v_i_xerunt,
2751 5161 2805 5206 et
2825 5150 3284 5228 Christianorum,
3306 5150 3429 5217 qui-

1868 5219 1973 5284 bus
2001 5228 2189 5282 eadem
2229 5236 2312 5282 est
2339 5242 2434 5295 per
2465 5222 2837 5295 Christum_ad
2858 5221 3097 5295 salutem
3138 5219 3223 5295 via
3252 5235 3277 5295 Ξ
3298 5234 3425 5295 nam

1867 5299 2028 5361 αὐτὸς
2053 5297 2121 5368 ἂν
2143 5295 2280 5368 θύρα
2294 5287 2387 5368 τοῦ
2406 5294 2639 5368 ῌατρος,
2652 5292 2722 5368 δι’
2736 5288 2805 5361 ἦς
2825 5287 3385 5368 εἰσέρχονταιςᾼϐραά

1867 5305 2028 5361 αὐτὸς
2053 5305 2121 5350 ἂν
2143 5305 2280 5368 θύρα
2294 5305 2387 5348 του
2407 5305 2639 5365 Πατρος,
2650 5305 2721 5376 ρι’
2736 5305 2805 5361 ης
2825 5305 3158 5371 εισερχονται
3185 5305 3426 5409 aggerat:

1865 5370 1958 5422 καὶ
1972 5367 2159 5421 Ἰσαὰκ
2180 5366 2277 5418 καὶ
2301 5363 2497 5418 Ἰακὼϐ
2511 5365 2603 5417 καὶ
2618 5379 2666 5414 οι
2691 5376 2987 5431 προφηται,
3013 5359 3107 5431 καὶ
3128 5360 3175 5411 οἰ
3196 5358 3229 5410 ἀ
3267 5427 3278 5431 Α
3306 5374 3426 5410 στο-

1864 5437 1967 5505 λοι,
2004 5439 2096 5491 καὶ
2128 5439 2161 5507 ή
2195 5434 2510 5507 Ἐκκλησία.
2565 5431 2709 5507 (ille
2736 5427 2746 5431 ’
2776 5427 3069 5507 (Christus)
3126 5437 3220 5507 est
3260 5427 3427 5496 janua

1860 5496 2039 5563 Patris
2064 5525 2078 5574 ;
2114 5496 2207 5576 per
2230 5496 2394 5576 quani
2426 5496 3351 5576 ingrediuntursbraliametIsaae
3374 5507 3429 5548 et

1849 5577 2041 5657 Jacob,
2066 5567 2147 5657 ’(ξι
2176 5567 2455 5657 propheta:
2473 5567 2875 5657 ,'etnaposto'li.,
2903 5578 2957 5623 et
2986 5567 3231 5657 Ecclesia
3246 5608 3261 5633 ,
3315 5587 3334 5618 ι
3371 5576 3429 5619 ιιι

1846 5649 1923 5703 ait
1946 5637 2194 5715 Iguatius
2245 5637 2417 5711 Epist.
2446 5641 2525 5715 ad
2559 5637 3020 5715 Philadelphenos,
3049 5653 3168 5707 cap.
3198 5637 3251 5692 9.
3311 5697 3322 5710 ⁸

1915 5707 2026 5788 (2ῧ)
2076 5707 2395 5785 Αἰγύπτου.
2443 5712 2529 5765 Ἑν
2560 5707 2834 5780 Αἰγύπτῳ,
2865 5707 3024 5764 Hebr.
