3934 6514
198 356 330 408 ﬁlii

1390 373 1767 437 STROMATU
1779 380 1825 436 Μ
1861 379 1988 435 UB.
2034 383 2121 438 IV.

3303 402 3441 459 1546

118 550 126 556 ,
275 469 486 569 ἐνηπᾶσι
510 473 1223 576 πεπληριῳένοιεύρήοεις
1243 485 1396 554 γοῦν,
1418 488 1484 560 ῆν
1510 491 1737 568 θελήσῃς

1871 498 2098 564 apostoli
2146 507 2325 553 autem
2373 499 2710 575 fuere-pleni
2755 507 2807 562 in
2859 510 3134 568 omnibus.
3168 510 3443 576 'lnvenies

186 557 255 609 ἐκ
283 557 391 611 τῶν
421 558 671 631 πράξεων
695 566 788 619 καὶ
819 567 926 620 τῶν
956 577 1405 646 συγγραμμάτων
1430 582 1632 648 αὐτῶν,
1658 585 1758 656 τὴν

186 647 409 745 γνῶσιν,
442 651 532 745 τὸν
563 651 695 722 βίον,
719 656 779 708 τὸ
802 658 1082 731 κήρυγμα,
1113 663 1210 735 τὴν
1233 666 1617 743 δικαιοσύνην,
1660 647 1759 745 την

185 740 430 809 ἁγνείαν,
472 742 571 814 τὴν
598 749 957 820 προφητείαν.
1005 754 1201 810 ’ἰστέον
1232 759 1438 829 μέντοι,
1473 740 1553 817 ὅτι
1584 766 1632 818 εἰ
1666 740 1760 820 καὶ

181 834 214 886 ὀ
246 834 455 900 Παῦλος
478 839 587 901 τοῖς
619 841 832 911 χρόνοις
864 844 1077 911 νεάζει,
1109 849 1313 916 εὐθέως
1351 855 1491 925 μετὰ
1528 857 1626 930 τὴν
1664 859 1755 913 τοῦ

182 926 387 998 Κυρίου
416 928 680 1000 ἀνάληψιν
729 934 1008 1006 ἀκμάσας·
1046 939 1159 992 ἀλλ’
1187 937 1279 995 οὖν
1325 945 1357 1015 ἡ
1395 926 1758 1021 γραφὴ-αύτῷ

186 1018 253 1069 ἐκ
281 1020 379 1091 τῆς
410 1020 653 1087 Παλαιᾶς
694 1026 923 1099 ἤρτηται
948 1030 1221 1106 Διαθήκης
1239 1074 1254 1097 ,
1290 1037 1497 1092 ἐκεῖθεν
1524 1041 1759 1095 ἀναπνέ-

176 1127 317 1164 ουσα
345 1114 438 1166 καὶ
477 1114 733 1170 λαλοῦσα·
770 1119 803 1189 ἡ
843 1119 951 1192 γὰρ
987 1124 1068 1187 είς
1094 1125 1328 1195 Χριστὸν
1360 1128 1542 1196 πίστις
1584 1133 1679 1188 καὶ
1723 1134 1755 1205 ἡ

174 1200 270 1254 τοῦ
300 1203 630 1274 Εύαγγελίου
658 1210 860 1278 γνῶσις
893 1212 1151 1286 ὲξήγησίς
1173 1220 1290 1272 ἐστι
1327 1223 1423 1275 καὶ
1457 1223 1550 1277 τοῦ
1592 1200 1752 1296 νόμού

175 1294 602 1371 πλήρωσις(92)·
629 1302 723 1355 καὶ
741 1302 831 1356 διὰ
857 1306 1015 1359 τοῦτο
1035 1307 1250 1380 εἴρηται
1295 1315 1407 1375 τοῖς
1458 1294 1750 1387 Ἑϐραίοις·

179 1404 200 1437 ι
256 1388 379 1441 Ἐάν
402 1388 475 1460 μὴ
515 1393 877 1465 πιστεύσητε,
914 1399 976 1451 ού
1021 1399 1096 1471 μὴ
1146 1399 1258 1472 (9'5)
1302 1405 1518 1474 συνῆτε·
1566 1427 1585 1457 ι
1637 1426 1756 1462 του-

171 1480 375 1547 τέστιν,
400 1485 495 1538 ἐὰν
532 1487 606 1558 μὴ
640 1490 967 1562 πιστεύσητε
996 1492 1076 1564 τῷ
1118 1493 1208 1548 διὰ
1246 1497 1412 1566 νόμου
1447 1516 1755 1572 προφητευ-

170 1572 323 1628 θέντι
369 1577 463 1630 καὶ
514 1579 619 1632 ὑπὸ
671 1580 835 1652 νόμου
870 1583 1232 1651 θεσπισθέντι,
1264 1590 1325 1642 ού
1368 1594 1625 1667 συνήσετε
1656 1595 1751 1667 τὴν

168 1665 448 1740 Διαθήκην
476 1669 573 1741 τὴν
605 1672 868 1741 Παλαιὰν,
896 1676 963 1747 ἢν
984 1678 1309 1743 αὑτὸςκατὲ
1331 1665 1427 1755 τὴν
1458 1685 1591 1739 ίδίαν
1622 1665 1749 1759 ἑξη-

168 1759 378 1829 γήσατο
404 1764 725 1834 παρουσίαν.
1274 1759 1290 1780 ’

1865 585 2085 655 itaque,
2142 589 2190 643 si
2234 592 2506 657 volueris,
2551 612 2620 651 ex
2660 612 2853 654 eorum
2894 601 3046 658 Actis
3086 613 3143 659 et
3184 604 3436 676 scriptis,

1861 690 2049 731 eorum
2107 681 2507 751 cognitionem,
2572 687 2773 753 vitam,
2823 693 3303 764 praedicationem,
3349 697 3444 768 ju-

1860 769 2092 836 stitiam,
2124 773 2456 841 castitatem,
2483 781 2842 848 prophetiam.
2879 782 3173 842 Sciendum
3218 798 3303 845 est
3339 806 3440 846 auo

1863 866 2007 922 tem,
2050 863 2195 930 quod
2242 866 2344 920 etsi
2390 865 2593 925 Paulus
2635 870 2707 925 sit
2752 881 2995 941 tempore
3039 880 3334 945 recentior,
3376 888 3440 936 ut

1858 951 1952 1019 qui
1973 953 2163 1008 statim
2180 954 2422 1013 ﬂoruerit
2438 970 2561 1029 post
2581 960 2801 1017 Domini
2827 972 3255 1036 assumptionem
3280 990 3296 1039 ;
3315 972 3439 1043 ejus

1858 1050 2038 1098 tamen
2084 1047 2351 1117 scriptura
2389 1053 2591 1120 pendet
2630 1069 2696 1109 ex
2744 1054 2923 1110 Veteri
2966 1057 3343 1131 Testamento,
3369 1063 3438 1118 il-

1856 1136 1970 1192 linc
2000 1149 2053 1192 et
2085 1140 2303 1210 Spirans
2330 1153 2388 1199 et
2414 1146 2664 1217 loquens.
2692 1148 2829 1205 Nam
2864 1153 2999 1208 lides
3029 1155 3083 1208 in
3117 1154 3394 1213 Christum
3414 1195 3434 1227 ,

1857 1239 1911 1284 et
1940 1229 2221 1304 Evangelii
2251 1238 2491 1308 cognitio
2511 1280 2525 1297 .
2559 1250 2643 1297 est
2673 1244 2947 1314 expositio
2969 1288 2983 1312 ,
3017 1255 3071 1300 et
3097 1247 3230 1319 legis
3258 1250 3436 1306 adim~

1856 1321 2021 1390 pletio
2047 1365 2061 1388 ,
2103 1334 2161 1379 et
2196 1326 2316 1382 ideo
2353 1328 2559 1386 dictum
2593 1344 2676 1389 est
2702 1333 2940 1393 Hem-teis
2967 1356 2980 1391 :
3011 1337 3161 1394 «Nisi
3190 1341 3434 1397 credide-

1853 1414 1974 1470 ritis
1998 1457 2013 1481 ,
2044 1432 2152 1491 non
2192 1418 2503 1492 intelligetis
2532 1436 2557 1464 α
2586 1443 2601 1491 ;
2633 1444 2653 1477 ι
2684 1425 2786 1483 hoc
2819 1438 2939 1496 est,
2971 1430 3076 1484 nisi
3106 1431 3156 1485 ei
3184 1432 3430 1488 credide-

1851 1506 2003 1574 ritis,
2047 1509 2140 1578 qui
2186 1526 2284 1580 per
2325 1513 2495 1584 legem
2544 1523 2628 1571 est
2667 1519 2963 1587 praedictus
2990 1530 3047 1575 et
3077 1537 3108 1576 a
3145 1522 3278 1593 legis
3305 1539 3433 1578 ora-

1852 1601 1978 1655 culo
2003 1609 2086 1658 est
2119 1603 2458 1675 signiﬁcatus
2482 1648 2498 1671 ,
2543 1625 2652 1663 non
2697 1610 3007 1682 intelligetis
3038 1611 3207 1668 Vetus
3240 1613 3430 1670 Testa-

1851 1703 2096 1750 mentum
2121 1739 2136 1764 ,
2178 1700 2324 1770 quod
2362 1701 2479 1771 ipse
2520 1718 2617 1772 per
2660 1705 2935 1774 propriam
2985 1706 3241 1776 exposuit
3288 1723 3428 1778 pra:-

1851 1788 2106 1845 sentiam.

1500 1931 1744 1988 CAPUT
1793 1936 1954 1996 XXII.

164 2035 467 2108 Perfectum
491 2082 505 2106 ,
537 2058 629 2095 seu
669 2058 782 2097 vere
825 2048 1118 2116 gnosticum
1158 2066 1319 2121 neque
1365 2062 1502 2106 metu
1549 2070 1748 2177 pusula,
1790 2075 1951 2142 neque
1988 2078 2078 2132 spe
2111 2069 2319 2133 prwmii
2358 2070 2583 2138 o/ﬁcium
2625 2072 2832 2141 facere,
2889 2077 2980 2130 sed
3017 2076 3185 2131 solius
3224 2076 3347 2131 boni
3369 2087 3423 2132 et

852 2155 863 2165 -
1538 2141 1605 2177 nu
1632 2144 1743 2177 cm
1783 2141 1997 2177 ηιιωιιι-

852 2155 863 2165 .
1537 2141 1743 2193 putum
1783 2141 1997 2186 mtutlu.

252 2217 307 2272 Ὀ
331 2219 395 2291 δὴ
426 2221 623 2276 συνιὼν
644 2225 739 2277 καὶ
765 2224 1071 2298 διορατικδς
1098 2220 1254 2293 οὗτός
1284 2232 1433 2284 ἐστιν
1463 2232 1492 2282 ὁ
1522 2250 1737 2301 γνωστι-

1919 2239 2184 2306 Quocirca
2233 2245 2327 2315 qui
2378 2247 2689 2322 intelligens
2736 2264 2789 2309 et
2831 2256 3117 2327 perspicax
3157 2268 3283 2327 est,
3333 2263 3425 2319 hic

162 2310 284 2376 κός.
322 2313 524 2385 Ἔργον
545 2314 601 2369 δὲ
630 2316 795 2371 αὐτοῦ
824 2319 922 2389 οὐχ
954 2321 988 2391 ἡ
1015 2320 1194 2394 ἀποχὴ
1217 2321 1325 2375 τῶν
1370 2323 1555 2379 κακῶν
1596 2326 1744 2398 [ἐπι-

161 2403 347 2478 ϐάθρα
364 2406 473 2479 γάρ
500 2407 637 2481 αὕτη
663 2412 948 2482 προκοπῆς
992 2413 1254 2484 μεγίστης
1293 2414 1453 2487 (94η,
1473 2418 1594 2471 οὐδὲ
1637 2420 1743 2492 μὴν

161 2501 342 2552 ποιεῖν
380 2517 432 2553 τι
469 2500 709 2570 ἀγαθὸν,
755 2503 873 2574 ἦτοι
914 2503 1001 2558 διὰ
1033 2504 1218 2573 φόϐον·
1269 2507 1577 2580 γέγραπται
1611 2512 1738 2582 γάρ·

167 2609 190 2643 ιι
235 2592 342 2646 Ποῦ
372 2592 528 2663 φύγω
559 2594 693 2665 (95),
723 2590 953 2648 καὶίποῦ
980 2596 1327 2677 κρυϐήσομαι
1374 2600 1481 2653 ἀπὸ
1520 2601 1739 2673 προσώ-

160 2701 268 2739 που
294 2702 386 2739 σου
414 2704 428 2752 ;
475 2686 600 2741 Ἐὰν
631 2686 817 2743 ἀναδῶ
832 2688 911 2752 είς
939 2687 1030 2741 τὸν
1051 2689 1297 2762 οὐρανὸν,
1314 2693 1378 2745 σὺ
1401 2694 1519 2746 ἐκεῖ
1551 2689 1619 2747 εἶ·
1648 2695 1742 2749 ὲάν

157 2776 386 2830 ἀπέλθω
418 2777 529 2847 (96)
563 2779 643 2842 είς
667 2778 735 2833 τά
766 2778 970 2851 ἔσχατα
993 2779 1092 2851 τῆς
1115 2768 1419 2856 θαλάσσης,
1454 2788 1572 2839 ἐκεῖ
1598 2786 1738 2857 ἡδε-

158 2869 253 2935 ξιά
283 2886 398 2923 σου·
429 2870 529 2923 ἐὰν
543 2871 765 2925 καταϐῶ
797 2873 876 2935 εἰς
910 2872 1211 2939 ἀϐύσσους,
1261 2877 1379 2929 ἐκεῖ
1419 2875 1480 2929 τὸ
1524 2877 1740 2949 πνεῦμά

161 2976 279 3013 σου·
298 2980 315 3011 ι
341 2960 454 3014 ἀλλ’
482 2962 603 3015 οὐδὲ
632 2962 700 3015 δι’
725 2963 916 3018 ἐλπίδα
932 2965 1098 3036 τιμῆς
1127 2966 1566 3040 ἐπηγγελμένης·
1583 2969 1737 3042 εἴρη-

156 3068 256 3105 ¹ται
284 3053 445 3125 γάρ·‹
469 3054 599 3108 Ἰδοὺ
630 3054 834 3128 Κύριος
862 3056 997 3129 (97),
1028 3058 1124 3111 καὶ
1149 3060 1177 3111 ὁ
1208 3059 1398 3130 μισθὸς
1432 3060 1596 3115 αὐτοῦ
1629 3062 1739 3117 ἀπὸ

161 3143 455 3216 προσώπου
468 3146 655 3211 αὐτοῦ,
681 3148 972 3203 ἀποδοῦναι
994 3152 1207 3223 ἑκάστῳ
1232 3153 1373 3207 κατά
1392 3153 1461 3207 τὰ
1479 3153 1615 3227 ἔργα
1641 3155 1739 3211 αύ-

157 3237 275 3313 τοῦ·
301 3237 336 3291 ἃ
366 3238 643 3311 ὀφθαλμὸς
670 3242 771 3295 οὐκ
793 3236 954 3307 εἶδεν,
985 3244 1080 3298 καὶ
1112 3240 1207 3308 οὖς
1236 3246 1337 3299 οὐκ
1369 3247 1737 3317 ἦκουσεν,καὶ

156 3330 256 3383 ἐπὶ
272 3332 499 3403 καρδίαν
522 3332 812 3407 ἀνθρώπου
845 3335 943 3390 οὐκ
965 3335 1155 3408 ἀνέϐη,
1185 3336 1222 3391 ἃ.
1242 3339 1534 3410 ἡτοίμασεν
1561 3344 1590 3395 ό
1604 3340 1737 3406 Θεὸς

157 3424 276 3487 τοῖς
295 3423 584 3493 ἀγαπῶσιν
601 3427 786 3482 αὐτόν·
800 3446 819 3480 ι
844 3428 976 3499 μόνη
995 3428 1041 3481 δ’
1058 3430 1091 3500 ἠ
1108 3429 1175 3483 δι’
1190 3430 1414 3502 ἀγάπην
1443 3432 1681 3499 εὐποιία,
1696 3437 1730 3507 ἡ

155 3514 227 3567 δι’
250 3514 382 3569 αὐτὸ
395 3516 455 3571 τὺ
475 3518 638 3573 καλὸν
652 3521 844 3593 αἱρετὴ
861 3521 939 3593 τῷ
950 3523 1251 3595 γνωστικῷ.
1267 3524 1474 3578 Αὐτίκα
1489 3526 1554 3580 ἐκ
1567 3544 1735 3599 προσ-

152 3606 309 3662 (ἕπου
324 3609 418 3662 τοῦ
433 3608 568 3664 Θεοῦ
582 3611 662 3683 τῷ
674 3585 865 3685 Κυρίῴ
881 3585 1180 3680 λέλεκταιμ
1194 3585 1427 3689 Ᾰῐτησαι
1446 3585 1733 3691 παρ’ἐμοῦ,
1762 3585 1805 3643 C

154 3700 253 3755 καὶ
266 3699 423 3755 δώσω
441 3719 523 3755 σοι
543 3702 671 3774 ἔθνη
680 3703 779 3776 τὴν
797 3704 1158 3778 κληρονομίαν
1195 3724 1308 3761 σου·
1323 3710 1627 3780 »αῖτηματὸ
1640 3710 1736 3781 βα-

157 3791 512 3848 σιλικώτατον
538 3793 805 3849 διδάσκων
830 3798 1121 3863 αἰτεῖσθαι,
1145 3799 1244 3871 τὴν
1290 3800 1397 3854 τῶν
1433 3785 1735 3874 ἀνθρώπων

156 3887 453 3958 σωτηρίαν,
472 3887 684 3958 ἀμισθὶ,
704 3888 793 3942 ἵνα
824 3888 888 3961 δὴ
925 3892 1086 3963 ἡμεῖς
1121 3892 1618 3965 κληρονομήσωμεν
1640 3896 1735 3949 καὶ

151 3976 481 4050 κτησώμεθα
497 3980 587 4033 τὸν
602 3980 824 4052 Κύριον.
835 3982 1111 4053 Ἐμπαλιν
1126 3983 1252 4054 γὰρ,
1266 3985 1453 4056 χρείας
1467 3985 1613 4049 τινὸς
1627 3986 1735 4039 ἓνε-

154 4088 271 4135 κεν,
309 4072 395 4125 ἶνα
434 4089 523 4143 μοι
556 4072 673 4127 τόδε
696 4074 940 4146 γένηται,
967 4076 1062 4128 καὶ
1092 4076 1209 4130 τόδε
1247 4077 1321 4149 μὴ
1356 4077 1602 4149 γένηται,
1631 4078 1733 4148 τῆς

149 4164 461 4236 ἐπιστήμης
488 4165 735 4233 ἐφίεσθαι
754 4167 854 4238 τῆς
871 4169 999 4238 περὶ
1033 4166 1124 4220 τὸν
1146 4167 1299 4232 Θεὸν,
1317 4169 1417 4222 οὐκ
1440 4168 1569 4223 ἴδιον
1587 4187 1730 4240 γνω-

152 4255 360 4309 στικοῦ·
392 4257 607 4329 ἀπόχρη
643 4258 686 4312 δ’
731 4257 881 4329 αύτῷ
914 4260 1062 4312 αἰτία
1076 4260 1174 4331 τῆς
1200 4259 1435 4333 θεωρίας
1462 4264 1495 4335 ἡ
1530 4262 1732 4330 γνῶσις

149 4347 310 4420 αὐτή.
340 4348 624 4421 Τολμήσας
656 4349 766 4422 γὰρ
794 4350 999 4423 εἴποιμ’
1033 4351 1121 4418 ἂν,
1147 4353 1210 4407 οὐ
1253 4352 1342 4407 διὰ
1366 4355 1428 4408 τὸ
1461 4354 1728 4421 σώζεσθαι

152 4442 548 4515 βούλεσθαιτὴν
576 4443 778 4513 γνῶσιν
804 4445 1087 4516 αἱρήσεται
1118 4446 1146 4497 ὁ
1173 4444 1239 4499 δι’
1255 4445 1423 4518 αὐτὴν
1446 4447 1545 4519 τὴν
1580 4447 1729 4503 θείαν

149 4537 460 4608 ἐπιστήμην
481 4535 729 4607 μεθέπων
754 4537 855 4609 τὴν
887 4537 1106 4607 γνῶσιν·
1141 4537 1203 4591 τὸ
1233 4539 1331 4610 μὲν
1364 4538 1475 4612 γὰρ
1504 4541 1643 4595 νοεῖν
1663 4540 1727 4593 ἐκ

150 4630 534 4701 συνασκήσεως
556 4631 635 4692 είς
650 4629 711 4682 τὸ
731 4630 818 4682 ἀεὶ
843 4632 983 4683 νοεῖν
1000 4629 1315 4683 ἐκτείνεται·
1327 4629 1389 4684 τὸ
1407 4630 1471 4701 δὴ
1487 4631 1573 4683 ἀεὶ
1586 4632 1727 4683 νοεῖν

146 4720 307 4774 οὐσία
332 4698 429 4774 ’τοῦ
454 4719 812 4790 γινώσκοντος
832 4761 847 4785 ,
882 4723 1025 4775 κατὰ
1059 4723 1360 4795 ἀνάκρασιν
1404 4722 1725 4777 ἀδιάστατον

142 4815 436 4887 γενομένη,
466 4818 561 4870 καὶ
589 4815 760 4878 ἀΐδιος
790 4815 1013 4887 θεωρία,
1036 4814 1187 4879 ζῶσα
1216 4816 1513 4879 ὑπόστασις
1548 4815 1720 4887 μένει.

1846 2345 2067 2402 quoque
2098 2344 2181 2390 est
2209 2340 2511 2407 gnosticus.
2545 2342 2641 2399 Est
2666 2354 2850 2401 autem
2885 2348 3009 2417 ejus
3055 2365 3195 2421 opus
3242 2369 3350 2408 non
3390 2370 3422 2411 a

1846 2424 2005 2480 malis
2030 2426 2355 2485 abstinentia
2386 2434 2481 2500 (ea
2512 2445 2595 2491 est
2620 2438 2766 2492 enim
2797 2441 2953 2508 quasi
2985 2443 3185 2513 gradus
3210 2446 3277 2500 ad
3304 2461 3423 2501 ma-

1842 2516 2015 2586 jorem
2054 2521 2439 2602 profectum),
2489 2529 2582 2583 sed
2631 2545 2733 2585 nec
2779 2532 2984 2602 aliquid
3027 2534 3158 2590 boni
3205 2535 3418 2602 facere,

1844 2598 2061 2664 scilicet
2092 2621 2313 2683 propter
2344 2624 2572 2673 metum.
2609 2598 2887 2691 Scriptum
2915 2631 3001 2678 est
3025 2626 3171 2680 enim
3201 2645 3214 2681 :
3248 2647 3267 2680 ι
3298 2598 3421 2695 Quo

1842 2698 2077 2773 fugiam,
2107 2713 2161 2760 et
2186 2707 2277 2762 ubi
2308 2709 2617 2768 abscondar
2641 2730 2670 2769 a
2695 2714 2833 2771 facie
2861 2717 3000 2773 tua?
3033 2717 3090 2773 Si
3121 2721 3421 2778 ascendere

1842 2794 1900 2848 in
1940 2797 2179 2862 malum,
2211 2810 2268 2855 tu
2299 2800 2413 2857 illic
2454 2818 2554 2871 es;
2601 2805 2648 2860 si
2686 2807 2874 2863 abiero
2897 2810 2975 2866 'ad
3017 2821 3260 2869 extrema
3297 2830 3420 2875 ma-

1839 2886 1915 2942 ris
1933 2929 1949 2955 ,
1977 2888 2087 2945 illic
2111 2899 2197 2946 est
2222 2892 2444 2949 dextera
2479 2905 2569 2950 tua
2597 2914 2611 2962 ;
2643 2898 2689 2953 si
2715 2898 3046 2958 descendere
3074 2904 3129 2959 in
3158 2905 3419 2976 abyssos.

1842 2976 1953 3035 illic
1983 2980 2210 3049 spiritus
2234 2991 2363 3039 tuus
2387 2984 2471 3039 δ.»
2509 2984 2615 3040 Sed
2645 3002 2826 3058 neque
2854 3002 3080 3062 propter
3107 3010 3257 3064 spem
3285 3011 3417 3065 pro-

1838 3069 1995 3126 missi
2028 3072 2253 3131 ltonoris
2278 3092 2292 3142 ;
2325 3076 2532 3131 dictum
2549 3088 2635 3134 est
2648 3082 2794 3135 enim
2823 3100 2837 3136 :
2866 3081 3035 3141 «Ecce
3062 3084 3344 3154 Dominus,
3363 3098 3421 3143 et

1839 3176 2048 3218 merces
2061 3163 2183 3233 ejus
2201 3181 2232 3220 a
2255 3165 2395 3222 facie
2415 3168 2562 3238 ejus,
2605 3180 2663 3226 ut
2685 3173 2874 3229 reddat
2897 3175 3193 3247 unicuique
3214 3194 3412 3234 secun-

1836 3252 1965 3307 dum
1993 3269 2158 3325 opera
2184 3271 2283 3312 sua
2295 3266 2346 3325 ος
2376 3275 2499 3329 quae
2519 3263 2712 3319 oculus
2738 3279 2848 3319 non
2875 3265 3030 3331 vidit,
3048 3276 3103 3321 et
3126 3269 3275 3325 auris
3305 3285 3417 3325 non

1837 3345 2076 3414 audivit,
2111 3356 2164 3402 et
2196 3349 2253 3402 in
2285 3364 2382 3405 cor
2421 3350 2662 3408 hominis
2702 3369 2810 3409 non
2851 3358 3246 3424 ascenderunt,
3293 3374 3419 3430 qua:

1837 3438 2163 3506 praeparavit
2189 3437 2333 3496 Deus
2354 3441 2424 3497 iis
2450 3443 2544 3512 qui
2571 3443 2751 3514 ipsum
2778 3447 3015 3516 diligunt
3034 3430 3085 3505 ἀ.
3111 3468 3130 3501 ο
3162 3451 3288 3506 Sola
3312 3466 3415 3506 au-

1839 3534 1946 3581 tem
1978 3526 2332 3601 beneﬁcentia
2358 3574 2373 3600 ,
2402 3549 2525 3605 quae
2564 3545 2784 3606 propter
2821 3538 3146 3597 charitatem
3188 3553 3241 3598 et
3280 3558 3414 3614 pro-

1839 3626 1958 3688 pter
1990 3622 2169 3691 ipsum
2200 3623 2491 3680 honestum
2519 3626 2579 3682 ﬁt
2602 3666 2618 3692 ,
2645 3636 2731 3683 est
2757 3644 2788 3683 a
2820 3630 2938 3685 viro
2966 3634 3217 3702 gnostico
3243 3650 3414 3706 expe-

1839 3709 2021 3767 tenda.
2055 3709 2175 3767 Jam
2216 3730 2345 3770 vero
2377 3731 2445 3771 ex
2487 3732 2724 3787 persona
2758 3718 2885 3786 Dei,
2928 3719 3160 3778 Domino
3204 3724 3411 3780 dictum

1841 3806 1900 3865 ἧς
1929 3812 2013 3858 cst
2038 3822 2051 3858 :
2084 3823 2102 3855 ι
2131 3803 2259 3861 Pete
2287 3822 2316 3861 a
2349 3824 2437 3863 me
2457 3850 2472 3875 ,
2508 3818 2564 3863 et
2591 3809 2734 3866 dabo
2760 3812 2857 3866 tibi
2897 3822 3088 3883 gentes
3127 3815 3413 3872 haeredita—

1836 3904 1943 3951 tem
1973 3906 2122 3951 tuam
2161 3909 2184 3937 ο
2216 3916 2228 3952 :
2263 3918 2281 3950 ι
2313 3900 2635 3969 petitionem
2670 3903 2908 3958 maxime
2939 3906 3176 3975 regiam,
3205 3908 3412 3964 docens

1833 3988 2117 4043 hominum
2150 3990 2378 4045 salutem
2411 4001 2593 4061 petere
2624 3994 2745 4048 sine
2773 3995 3023 4051 mercede
3043 4036 3060 4063 ,
3100 4005 3160 4052 ut
3203 4012 3305 4053 nos
3336 4001 3415 4053 si-

1835 4093 1960 4133 mus
2009 4078 2254 4135 haeredes
2299 4091 2353 4136 et
2399 4083 2781 4152 possideatnus
2833 4082 3148 4141 Dominum.
3204 4085 3415 4144 Contra.

1832 4171 2010 4237 enim,
2054 4171 2291 4242 alicujus
2334 4189 2470 4229 usus
2518 4176 2730 4243 gratia,
2786 4191 2983 4246 nempe
3031 4187 3092 4232 ut
3136 4178 3241 4234 hoc
3282 4179 3411 4248 ﬁat,

1833 4263 1916 4317 vel
1951 4262 2084 4317 illud
2117 4279 2226 4318 non
2263 4265 2387 4328 ﬁat,
2416 4281 2536 4321 eam
2557 4309 2571 4331 ,
2601 4283 2721 4337 qua:
2746 4269 2894 4323 circa
2929 4267 3100 4324 Deum
3138 4281 3408 4339 versatur,

1830 4354 2139 4410 desiderare
2164 4356 2446 4411 scientiam
2465 4397 2479 4421 ,
2506 4374 2613 4412 non
2638 4362 2889 4416 convenit
2907 4362 3190 4432 gnostico;
3218 4379 3409 4418 verum

1829 4445 1878 4500 ei
1917 4462 2017 4516 pro
2045 4463 2212 4502 causa
2241 4450 2717 4519 contemplationis
2760 4450 2956 4508 suﬁicit
2997 4455 3116 4524 ipsa
3144 4456 3403 4523 cognitio.

1829 4537 2018 4593 Ausim
2047 4540 2194 4593 enim
2219 4539 2431 4606 dicere,
2465 4557 2575 4596 nnn
2609 4559 2674 4597 eo
2703 4545 2850 4614 quod
2882 4545 3013 4600 velit
3041 4546 3225 4602 salvus
3253 4562 3409 4614 esse,

1827 4646 1952 4688 eum
1991 4630 2292 4687 electurum
2338 4634 2743 4704 cognitionem,
2788 4638 2882 4707 qui
2928 4639 3273 4709 persequitur
3312 4655 3406 4696 cn-

1828 4724 2130 4795 gnitionem
2177 4735 2397 4797 propter
2447 4728 2621 4798 ipsam
2665 4729 2907 4784 divinam
2956 4732 3263 4787 scientiam.
3321 4732 3407 4786 ln-

1829 4815 2124 4887 telligentia
2157 4818 2302 4873 enim
2336 4819 2599 4875 continua
2631 4822 3022 4879 exercitatione
3055 4824 3115 4880 tit
3142 4834 3404 4895 perpetua

145 4898 352 4978 Είγοῦν
370 4927 454 4973 τις
467 4908 587 4963 καθ’
613 4908 867 4962 ὑπόθεσιν
888 4906 1112 4981 προθείη
1134 4907 1212 4979 τῷ
1229 4909 1533 4981 γνωστικῷ,
1565 4907 1725 4961 πότε-

1852 4908 2204 4980 ntelligentia.
2239 4909 2466 4980 Semper
2489 4922 2672 4968 autem
2698 4914 2998 4986 intelligere
3016 4917 3298 4981 ,‘essentia
3322 4925 3405 4973 est

221 5048 279 5106 Ψ
323 5042 384 5096 ιδ.
421 5042 525 5098 626
557 5042 668 5115 Ep.
700 5040 1013 5115 Ροττειι,
1047 5041 1154 5115 529
1180 5041 1287 5096 en.
1329 5042 1552 5099 PARIS.
1633 5059 1659 5088 ι
1692 5046 1799 5105 lsa.
1851 5064 1961 5115 vn,
1992 5048 2045 5102 9.

144 5113 249 5181 10;
283 5129 418 5181 an,
455 5115 556 5181 il;
590 5112 733 5170 Psal.
768 5113 1208 5183 Lx1,l‘2;Apoc.
1252 5130 1366 5168 ult
1390 5154 1405 5180 ,
1438 5115 1539 5183 12;
1562 5116 1723 5173 Rom.
1766 5135 1829 5187 tt,
1857 5121 1911 5173 6.
1946 5112 1955 5115 ⁷
1986 5116 2013 5157 ά
2038 5117 2058 5171 1
2086 5116 2215 5173 Cor.
2257 5133 2318 5185 tt,
2350 5120 2404 5176 9.

237 5297 324 5368 92)
376 5295 699 5367 Ἕξήτησίς
734 5295 863 5368 ἐστι
900 5294 999 5368 καὶ
1034 5294 1140 5350 τοῦ
1169 5297 1357 5368 νόμον
1387 5298 1715 5368 πλήρωσις-

237 5298 306 5355 92
376 5297 699 5367 Ἐξήγησίς
734 5297 863 5350 ἐστι
900 5297 999 5349 καὶ
1034 5297 1140 5350 τοῦ
1169 5297 1357 5365 νόμου
1387 5298 1715 5368 πλήρωσις.

146 5300 264 5448 vel,
295 5297 555 5448 ἐξήγησις
601 5368 717 5448 ἐστι
743 5364 838 5448 τοῦ
876 5367 1050 5448 ’νόμου
1093 5367 1189 5420 καί
1225 5366 1505 5438 πλήρωσις
1531 5386 1544 5401 ·
1582 5388 1600 5421 ι
1635 5382 1719 5427 est

141 5443 279 5511 legis
304 5437 576 5511 expositio
607 5446 665 5511 et
689 5437 1024 5511 adimpletio.
1050 5448 1074 5488 δ

216 5506 330 5580 (95)
365 5506 447 5563 Οὐ
466 5506 573 5578 μή.
608 5509 710 5562 lsa.
739 5523 840 5580 vit,
863 5507 1113 5580 οὐδεμή.

142 5648 273 5705 mox
305 5648 469 5711 ποιεῖ,
496 5650 662 5705 indic.
696 5648 879 5705 modo.
912 5648 1180 5706 SYLBDRG.

215 5720 329 5793 (95)
354 5719 477 5793 Ποῦ
500 5738 563 5793 εξ.
596 5718 708 5773 Ποῦ
740 5719 989 5793 πορευθῶ
1017 5721 1127 5775 ἀπὸ
1149 5720 1242 5793 τοῦ
1268 5720 1574 5793 πνεύματός
1596 5738 1712 5785 σου,

139 5793 238 5846 καὶ
293 5789 403 5845 ἀπὸ
453 5790 546 5845 τοῦ
601 5789 890 5863 προσώπου
943 5808 1036 5845 σου
1091 5792 1194 5846 ποῦ
1252 5789 1446 5862 φύγοις
1507 5791 1709 5850 Psaltn.

138 5876 362 5919 ειικιι.
1677 5895 1696 5907 ’

2144 5046 2173 5086 δ
2204 5044 2347 5102 Psal.
2370 5063 2613 5118 cxxxvttt
2635 5089 2651 5113 ,
2689 5047 2739 5113 7,
2771 5048 2825 5111 8,
2856 5050 2910 5110 9,
2947 5050 3026 5104 l0.
3117 5060 3141 5090 ο
3171 5049 3276 5107 Isa.
3311 5067 3402 5118 XL,

2486 5130 2510 5158 θ
2548 5117 2752 5174 Psalm.
2787 5135 2845 5183 ιι,
2877 5119 2930 5172 8.

1890 5305 2023 5376 (96)Δ
2046 5302 2188 5376 Ἐὰν
2209 5302 2443 5376 ᾀπέλθη
2474 5301 2854 5376 Ἐὰν-καταϐῶ
2881 5303 2959 5366 εἰς
2992 5301 3267 5376 τὸνλᾷδην,
3300 5302 3399 5376 πά-

1855 5371 1907 5428 ει
1928 5393 1942 5407 ο
1973 5371 2069 5428 ἐὰν
2101 5371 2357 5428 ἀναλάϐω
2388 5371 2487 5444 τάς
2520 5372 2799 5444 πτέρυγάς
2823 5390 2940 5444 μου
2980 5371 3277 5444 κατξβοι.
3308 5372 3400 5444 ὅρ-

1851 5445 1965 5518 ρον)
1997 5444 2093 5518 καὶ
2125 5442 2544 5518 κατασκην-ὡσω.
2568 5442 2649 5507 εἰς
2693 5442 3011 5518 «emam
3049 5442 3151 5514 τῆς
3202 5442 3398 5518 θαλάσ-

2250 5513 2369 5566 ἐκεῖ
2392 5514 2424 5576 ή
2460 5513 2582 5576 χείρ
2629 5530 2724 5567 σου
2767 5514 3024 5576 ὁδηγήσει
3054 5513 3143 5576 με,
3180 5515 3272 5567 καὶ
3301 5530 3399 5567 κα-

218 5514 330 5580 (95)
365 5514 447 5563 Οῠ
466 5514 573 5578 μή.
608 5514 710 5562 lsa.
739 5523 840 5573 VII,
863 5514 1113 5580 οὐδεμή.

218 5581 329 5653 (94)
364 5580 686 5657 Μεγίστης.
738 5576 816 5657 Ηε
851 5578 1079 5657 μεχίστη
1128 5579 1395 5635 nominat.
1440 5595 1571 5636 casu
1606 5598 1619 5634 :
1663 5589 1717 5637 et

2092 5514 2424 5657 $365211);
2460 5514 2582 5586 χείρ
2629 5530 2724 5567 σου
2767 5514 3024 5586 ὁδηγήσει
3054 5530 3143 5585 με,
3180 5515 3272 5567 καὶ
3301 5530 3336 5567 κ

1879 5624 1907 5652 τ
2100 5655 2107 5657 ξ
2180 5607 2204 5637 ξ’
2329 5653 2360 5657 _
2430 5622 2445 5636 ⁸
2565 5652 2595 5657 __
2662 5652 2690 5657 _
2763 5654 2773 5657 _
2996 5654 3007 5657 _
3311 5654 3319 5657 _

1885 5587 1960 5652 Ξει
1995 5604 2061 5657 με
2092 5584 2301 5657 ἠδεξιά
2329 5600 2445 5636 σου.
2552 5584 2559 5586 ⁷
2852 5584 2859 5585 “
2926 5584 2934 5586 ἡ
3060 5584 3063 5585 ⁷
3311 5654 3322 5665 .

1885 5657 1999 5727 (97)
2048 5655 2190 5727 Ἰδοὺ
2220 5658 2288 5709 Κ.
2329 5653 2533 5727 Practer
2561 5652 2619 5727 S.
2658 5652 2954 5727 scriptura;
2995 5654 3399 5727 lora__supertus

1813 5723 1996 5792 allata,
2023 5726 2172 5781 conf.
2207 5740 2329 5795 quze
2356 5725 2638 5780 adnotavit
2668 5723 2972 5781 Cotelerius
2998 5724 3064 5780 ad
3095 5723 3401 5795 Clementis

1822 5797 2055 5883 Romani
2092 5793 2351 5867 Epistula:
2386 5796 2588 5866 prioris
2617 5796 2686 5851 ad
2715 5795 3015 5851 Corinthios
3050 5809 3172 5867 cap.
3197 5793 3288 5848 54.
