3934 6504
177 369 317 426 1557

1418 382 1847 446 STROMATUM
1879 387 2007 445 LIB.
2042 390 2134 447 IV.

3291 398 3426 454 £358

173 492 515 587 χρήσταις-ἢ
567 496 924 587 δυσχρήστως
966 501 1417 574 προσαγομένοις,
1491 505 1601 559 τῶν
1652 509 1733 577 μὲι

1853 518 1960 565 ιυε.
1995 509 2100 566 Sed
2125 526 2189 566 ex
2221 512 2304 578 iis,
2335 529 2456 585 quae
2491 511 2828 570 extrinsecus
2853 512 3210 587 adducuntur,
3258 518 3424 574 bonis

174 583 489 653 ἀπέχονται,
520 588 628 639 τῶν
667 587 712 640 δ’
744 586 826 642 οὐ.
874 590 1032 645 Ἀλλά
1059 594 1152 645 καί¹
1186 589 1260 646 ὧν
1297 594 1619 664 ἀφίστανται
1650 615 1751 669 μυ-

174 676 514 746 σαττόμενοι,
543 678 714 731 ταῦτα
746 680 1023 749 φαίνονται
1053 684 1153 756 τὴν
1193 685 1369 738 κτίσιν
1402 687 1497 739 καὶ
1521 688 1613 740 τὸν
1643 689 1749 760 Δη-

177 768 435 838 μιουργὸν
464 768 870 836 δια6άλλοντες’
902 772 1006 827 κᾶν
1047 775 1125 846 τῷ
1150 776 1322 829 δοκεῖν
1369 777 1573 843 πιστῶς
1620 780 1750 833 ἀνα-

176 859 546 930 στρέφωνται,
592 864 691 935 τὴν
742 864 923 937 κρίσιν
978 867 1187 938 ἔχουσιν
1243 870 1470 923 ἀνόσιον.
1525 871 1600 924 Τὸ
1652 871 1745 936 δὲ,

177 969 200 1002 ς
239 952 352 1005 Οὐκ
381 953 759 1025 ἐπιθυμήσεις,
801 977 819 1008 ι
852 956 976 1010 οὐτε
1025 959 1269 1029 ἀνάγκης
1316 961 1415 1032 τῆς
1465 964 1529 1015 ὲκ
1579 962 1745 1031 φὸὁου

167 1041 365 1106 δεῖται,
413 1044 513 1114 τῆς
565 1045 889 1120 βιαζομένης
917 1049 1216 1119 ἀπέχεσθαι
1256 1051 1363 1104 τῶν
1399 1053 1589 1123 ἡδέων,
1610 1053 1742 1109 ὀὐτε

171 1133 389 1203 μισθοῦ,
417 1136 509 1189 τοῦ
541 1137 609 1190 δι’
658 1139 985 1207 ἐπαγγελίας
1019 1141 1151 1211 (51),
1180 1142 1563 1208 ἀναπείθοντες
1609 1146 1741 1199 ἀνα-

166 1227 392 1280 κόπτειν
414 1229 511 1291 τάς
537 1230 731 1300 ὁρμάς.
766 1230 903 1284 Οὐτε
934 1233 1032 1303 τὴν
1062 1233 1306 1306 ὑπακοὴν
1342 1235 1431 1289 διὰ
1470 1237 1568 1306 τὴν
1595 1238 1743 1291 ἐντο-

152 1318 287 1395 ἱλὴν,
320 1319 406 1373 διὰ
452 1320 508 1373 δὲ
550 1320 646 1393 τὴν
701 1320 1031 1392 ἐπαγγελίαν
1088 1326 1367 1397 αἱροῦνται
1418 1329 1467 1380 οἱ
1506 1328 1591 1383 διὰ
1641 1333 1741 1403 τῆς

165 1411 496 1480 ἐπαγγελίας
544 1413 915 1478 ὐπακηκοὸτες
971 1415 1049 1486 τῷ
1102 1416 1242 1488 Θεῷ,
1292 1417 1496 1472 δελέατι
1545 1422 1739 1492 ἡδονῆς

165 1500 450 1570 ᾑρημένοι.
470 1501 600 1554 Οὐδὲ
622 1501 725 1572 μὴν
741 1503 891 1574 ἡτῶν
909 1506 1176 1576 αἰσθητῶν
1206 1508 1521 1580 ἀποστροφὴ
1549 1513 1646 1584 τὴν
1670 1513 1737 1568 τὰ

168 1592 304 1675 πρὸς
319 1591 389 1644 τά
403 1593 564 1663 νοητᾶ
580 1592 849 1648 οἰκείωσιν
864 1596 1169 1662 ἀκολούθως
1188 1601 1365 1671 ποιοίη
1383 1601 1480 1654 άνο
1504 1602 1735 1674 ἔμπαλιν

163 1689 242 1752 δὲ,
269 1693 302 1761 ή
335 1692 472 1763 πρὸς
502 1692 569 1746 τὰ
593 1693 758 1764 νοητά
784 1695 1052 1759 οἰκείωσις
1070 1696 1208 1750 κατά
1227 1697 1386 1767 φύσιν
1415 1703 1733 1774 περιαγωγὴ

164 1782 244 1852 τῷ
278 1783 559 1855 γνωστικῷ
590 1784 696 1837 ἀπὸ
731 1784 838 1837 τῶν
867 1786 1136 1857 αἰσθητῶν
1166 1788 1393 1856 γίνεται,
1435 1792 1553 1844 κατ’
1582 1792 1735 1845 ἐκλο-

1853 604 1938 658 vel
1952 604 2130 668 malis,
2148 605 2217 660 ab
2244 607 2367 661 aliis
2384 608 2600 677 quidem
2622 610 2918 676 abstinent,
2947 611 3015 665 ab
3038 612 3160 666 aliis
3182 602 3308 667 vero
3322 611 3425 666 mi-

1854 697 2017 752 nime.
2052 696 2251 754 Verum
2282 701 2416 757 iniis
2455 718 2485 757 a
2511 704 2709 773 quibus
2728 698 3383 763 abstinent'ahhorrentes
3402 746 3422 773 ,

1850 798 2158 845 creaturam
2185 800 2239 847 et
2265 792 2513 862 opiﬁcem
2547 806 2845 851 cernuntur
2887 784 3179 865 accusare;
3212 808 3265 853 et
3298 800 3425 855 licet

1849 879 1966 950 ipsa
1989 882 2169 951 specie
2186 895 2468 942 versentur
2492 886 2738 951 tideliter,
2771 888 2971 944 habent
2994 898 3173 945 tamen
3195 892 3421 960 impium

1847 973 2128 1051 iudicium.
2164 974 2295 1032 Illud
2331 986 2555 1033 autem:
2590 998 2609 1031 ι
2639 979 2758 1035 Non
2786 983 3158 1054 concupisces,
3196 1003 3216 1036 ι
3247 1000 3423 1054 neque

1846 1067 2171 1121 necessitate
2199 1076 2339 1138 eget,
2373 1084 2495 1139 quae
2529 1058 2623 1139 per
2674 1072 2928 1128 timorem
2978 1073 3221 1137 incussa,
3278 1076 3422 1144 cogit

1846 1154 2122 1212 abstinere
2143 1172 2173 1212 a
2198 1158 2492 1226 suavibus;
2520 1175 2696 1230 neque
2726 1165 2996 1227 mercede,
3019 1180 3138 1234 quie
3166 1182 3262 1233 per
3294 1182 3422 1234 pro-

1843 1248 2159 1303 missionem
2178 1252 2501 1320 persuadeat
2521 1254 2814 1323 reprimere
2835 1257 3029 1326 appetil
3043 1257 3210 1311 innes.
3237 1257 3419 1327 Neque

1841 1339 2202 1395 obedientiam
2218 1353 2435 1412 propter
2452 1345 2790 1411 mandatum,
2808 1349 2900 1401 sed
2937 1358 3156 1418 propter
3189 1348 3417 1417 promis-

1840 1431 2044 1495 sionem
2067 1432 2292 1503 eligunt,
2323 1435 2415 1502 qui
2436 1433 2546 1490 Deo
2569 1445 2787 1506 propter
2804 1438 3070 1507 promissa
3090 1438 3366 1500 obediunt,
3388 1455 3419 1492 a

1838 1523 2367 1592 voluptateinescati.
2388 1526 2490 1581 Sed
2508 1543 2683 1597 neque
2699 1530 2972 1583 aversatio
2995 1547 3023 1584 a
3053 1532 3213 1584 rebus
3245 1531 3421 1584 sensi—

1834 1611 1977 1667 libus
1992 1613 2298 1669 necessario
2317 1614 2476 1670 infert
2491 1616 2927 1685 conjunctioncm
2943 1633 3064 1671 cum
3085 1618 3150 1671 iis
3163 1630 3277 1685 quis
3298 1630 3421 1686 per-

1834 1704 2107 1773 cipiuntur
2128 1705 2502 1776 intelligentia;
2525 1717 2713 1763 contra
2738 1718 2940 1777 autem,
2960 1708 3273 1777 conjunctio
3291 1723 3415 1762 cum

1833 1796 1920 1860 iis,
1937 1812 2056 1867 qure
2073 1798 2417 1869 intelligentia
2432 1799 3096 1870 percipiuntur,homiuem
3111 1800 3414 1871 gnosticum

164 1874 269 1946 γὴν
291 1874 399 1928 τῶν
426 1876 602 1929 καλῶν
628 1877 863 1946 τάγαθὸν
890 1879 1127 1950 ἑλομένῳ
1154 1882 1487 1948 γνωστικῶς,
1530 1882 1733 1955 θαυμά-

1838 1886 2160 1942 naturaliter
2181 1890 2445 1943 convertit
2460 1905 2488 1943 a
2509 1890 2668 1945 rebus
2692 1890 3011 1956 sensilibus;
3034 1890 3198 1960 utqui
3216 1906 3308 1960 per
3324 1905 3418 1944 eo-

165 1963 312 2030 ζοντι
364 1967 461 2036 μὲν
507 1968 611 2040 τὴν
643 1968 875 2037 γένεσιν,
915 1971 1008 2023 καὶ
1038 1971 1313 2039 ἁγιάζοντι
1355 1973 1445 2027 τὸν
1489 1975 1734 2047 ποιητήν,

167 2056 444 2126 ἀγιάζοντι
484 2060 540 2113 δὲ
573 2060 670 2128 τὴν
703 2061 839 2133 πρὸς
872 2063 933 2115 τὸ
976 2062 1127 2117 Θεῖον
1174 2063 1506 2135 ἐξομοίωσιν.
1572 2067 1737 2140 Ἀτάρ

162 2148 275 2217 ἐγὼ
306 2150 404 2221 ἐμὲ
435 2149 666 2221 λύσομαι
687 2152 786 2222 τῆς
822 2152 1130 2225 ἐπιθυμίας,
1155 2156 1321 2225 φήσαι
1353 2156 1483 2227 ('52),
1526 2156 1613 2211 διὰ
1639 2158 1736 2229 τὴν

163 2240 299 2311 πρὸς
328 2240 387 2293 σὲ
417 2242 708 2304 οίκείωσιν,
739 2242 911 2315 Κύριε
937 2260 951 2273 ·
999 2243 1136 2315 καλὴ
1163 2244 1271 2317 γάρ
1297 2247 1330 2315 ἡ
1365 2245 1644 2301 κτισθεῖσα
1671 2249 1735 2321 δὴ

157 2333 460 2403 οἰκονομία,
492 2334 586 2386 καὶ
630 2335 806 2388 πάντα
836 2330 895 2388 εὖ
930 2334 1229 2396 διοικεῖται,
1276 2336 1431 2390 οὐδὲν
1477 2339 1737 2404 ἀναιτίως

161 2421 391 2490 γίνεται.
448 2424 536 2477 Ἐν
586 2426 699 2488 τοῖς
731 2428 841 2489 σοῖς
890 2421 1028 2479 εἷναί
1072 2443 1139 2497 με
1167 2425 1264 2489 δεῖ,
1315 2427 1730 2505 Παντοκράτρρ·

158 2514 266 2573 κᾶν
297 2516 529 2570 ἐνταῦθα
574 2510 639 2581 ὦ,
675 2518 826 2589 παρά
854 2520 937 2571 σοὶ
964 2518 1110 2590 εἰμί·
1146 2519 1305 2592 ἀδεὴς
1338 2519 1384 2573 δ’
1412 2517 1546 2575 εἶναι
1574 2522 1733 2589 θέλω,

160 2607 249 2660 ἵνα
281 2623 362 2659 σοι
398 2606 735 2677 συνεγγίζειν
775 2607 1006 2680 δυνηθῶ,
1051 2609 1251 2679 ὀλίγοις
1300 2612 1393 2664 καὶ
1426 2612 1733 2683 ἀρκεῖσθαι.

158 2697 402 2769 μελετῶν
432 2699 531 2772 τήν
559 2700 654 2771 σὴν
681 2700 909 2774 ἐκλογήν
928 2700 1025 2774 τὴν
1048 2701 1257 2756 δικαίαν
1286 2702 1392 2756 τῶν
1420 2704 1600 2758 καλῶν
1627 2705 1735 2758 ἀπὸ

154 2790 267 2845 τῶν
294 2791 514 2862 ὁμοίων.
543 2791 941 2848 Μυπικώτατα
977 2795 1071 2847 καὶ
1094 2792 1363 2849 ὁσιώτατα
1405 2797 1433 2848 6
1478 2797 1736 2851 Ἀπόστρ-

155 2882 273 2948 λος,
300 2883 564 2938 διδάσκων
594 2886 738 2957 ἡμᾶς
764 2885 862 2958 τὴν
891 2885 1103 2958 ἀληθῶς
1147 2886 1463 2960 εὐχάριστον
1487 2887 1732 2960 ἐκλογὴν,

155 2978 224 3030 οὐ
256 2979 377 3032 κατ’
425 2978 733 3051 ἀπεκλογὴν
766 2978 875 3032 τῶν
904 2978 1105 3051 ἐτέρων
1137 2979 1212 3043 ὼς
1236 2979 1473 3049 φαύλων,
1503 2978 1616 3033 ἀλλ’
1658 2979 1733 3043 ὡς

155 3070 339 3125 καλῶν
366 3071 616 3127 καλλίονα
647 3071 931 3136 ποιεῖσθαι,
956 3071 1268 3142 μεμήνυκεν
1289 3070 1458 3125 εἰπών
1476 3087 1492 3104 ⁸
1520 3089 1539 3123 ι
1571 3072 1733 3123 Ὥστε

151 3161 255 3216 καὶ
278 3164 308 3215 6
328 3161 577 3233 γαμίζων
599 3161 699 3231 τὴν
729 3160 996 3232 παρθένον
1021 3160 1184 3214 αὐτού
1210 3161 1320 3231 (55)
1344 3160 1524 3224 καλῶς
1555 3163 1727 3214 ποιεῖ’

156 3255 255 3307 καὶ
279 3256 308 3308 6
335 3254 408 3326 μὴ
439 3251 686 3325 γαμίζων
727 3257 978 3326 κρεῖσσον
1006 3256 1150 3307 ποιεῖ
1195 3252 1331 3325 πρὸς
1361 3253 1422 3307 τὸ
1460 3252 1733 3325 εὔσχημον
1758 3237 1803 3296 C

157 3346 253 3399 καὶ
296 3345 627 3417 εὐπάρεδρον
670 3343 748 3416 τῷ
779 3345 969 3417 Κυρίῳ
999 3343 1441 3417 ἀπερισπάστως.
1492 3363 1512 3397 ι
1549 3346 1735 3417 Ἵσμεν

155 3434 217 3490 δὲ
236 3435 306 3490 τά
332 3436 430 3507 μὲν
458 3436 788 3507 δυσπόριστα
814 3438 913 3490 οὐκ
940 3438 1235 3506 ἀναγκαῖα·
1265 3435 1334 3489 τὰ
1363 3436 1420 3490 δὲ
1466 3436 1737 3505 ἀναγκαῖα

156 3528 453 3600 εὐπόριστα
498 3528 825 3598 γεγενῆσθαι
873 3528 1183 3599 φιλαγάθως
1228 3527 1378 3600 παρά
1428 3528 1522 3582 τοῦ
1575 3528 1731 3583 Θεοῦ.

155 3620 358 3690 Διόπερ
380 3622 409 3672 6
437 3619 774 3690 Δημόκριτος
807 3615 867 3672 εὖ
893 3618 1059 3688 λέγει,
1089 3621 1165 3683 ὡς
1199 3638 1218 3672 ι
1253 3622 1287 3691 ή
1331 3618 1493 3689 φύσις
1532 3637 1591 3673 τε
1642 3622 1736 3675 καί⁹

154 3710 345 3783 διδαχὴ
389 3710 763 3783 παραπλήσιόν
803 3715 918 3766 ἐστι
941 3730 954 3743 ·
1001 3731 1021 3765 ι
1052 3714 1144 3766 καὶ
1181 3713 1280 3784 τὴν
1328 3714 1505 3768 αἰτίαν
1544 3715 1734 3770 συντό-

160 3821 283 3874 μως
311 3801 902 3874 προσαποδεδὼκαμεν’
954 3805 1050 3858 καὶ
1094 3803 1202 3875 γὰρ
1229 3805 1263 3875 ἡ
1304 3804 1492 3877 διδαχὴ
1530 3810 1733 3879 μεταρ-

162 3896 413 3969 ῥυθμίζει
441 3897 528 3950 τδν
553 3894 873 3967 ἄνθρωπον·
919 3895 1373 3969 μεταρρυθμοῢσα
1419 3897 1497 3961 δὲ,
1551 3904 1738 3967 φυσω-

159 3992 355 4043 ποιεῖ’
412 3989 504 4043 καὶ
546 3988 825 4060 διήνεγκεν
873 3987 1057 4053 οὐδὲν,
1114 3988 1148 4060 ἦ
1209 3987 1368 4059 φύσει
1430 3989 1735 4063 πλασθῆναι

154 4080 425 4151 τοιόνδε,ἢ
453 4080 628 4153 χρόνῳ
659 4082 752 4134 καί
781 4079 1015 4153 μαθήσει
1046 4079 1734 4154 μετατυπωθῆναι.Ἀμφω

154 4171 219 4224 δὲ
248 4173 278 4225 6
305 4170 505 4242 Κύριος
534 4172 908 4242 παρέσχηται*
958 4169 1020 4222 τὸ
1058 4171 1154 4240 μὲν
1185 4169 1325 4226 κατά
1352 4171 1445 4243 τὴν
1472 4171 1735 4246 δημιουρ-

158 4264 305 4332 γίαν,
332 4262 394 4316 τὸ
428 4262 484 4315 δὲ
516 4263 657 4316 κατά
679 4262 772 4315 τὸν
803 4265 870 4315 ὲκ
896 4262 995 4331 τῆς
1024 4261 1299 4333 Διαθήκης
1342 4264 1624 4318 ἀνάκτισίν
1673 4282 1733 4318 τε

160 4355 257 4409 καὶ
308 4354 621 4408 ἀνανέωσιν.
685 4353 759 4407 Τδ
811 4352 868 4407 δὲ
916 4352 1191 4426 συμφέρον
1246 4352 1325 4424 τῷ
1382 4355 1730 4428 κυριωτέρῳ,

155 4446 317 4503 τοῦτο
338 4446 692 4520 αἱρετώτερον
715 4464 728 4477 ·
758 4444 1091 4517 κυριώτατον
1119 4444 1175 4499 δὲ
1204 4445 1419 4500 πάντων
1443 4450 1477 4519 ή
1502 4446 1728 4502 διάνοια.

1839 1996 2118 2052 rum,quaa
2141 1991 2271 2036 sunt
2301 1984 2547 2051 pulchra,
2586 1983 3143 2043 electionem,bonum
3172 1983 3418 2052 gnostice

1837 2073 2149 2143 elegerit,et
2195 2074 2492 2129 admiretur
2539 2077 2964 2144 generationem,
3010 2081 3064 2128 et
3117 2074 3417 2145 sanctiﬁcet

1837 2164 2175 2231 Creatorem,
2211 2179 2317 2217 una
2344 2173 2523 2219 tamen
2556 2165 2854 2219 sanctilicet
2879 2180 3021 2227 eam,
3044 2180 3165 2233 quae
3193 2164 3255 2223 tit
3281 2161 3413 2227 Deo,

1838 2256 2309 2312 assimilationem.
2337 2256 2442 2311 Sed
2474 2271 2574 2326 ego
2604 2273 2689 2309 me
2718 2256 2978 2320 liberabo,
3000 2256 3218 2319 dixerit,
3248 2270 3278 2308 a
3319 2269 3415 2309 cu-

1836 2348 2082 2418 piditate,
2111 2364 2144 2402 ο
2174 2346 2420 2413 Domine,
2453 2356 2512 2402 ut
2544 2347 2675 2402 ηιίΙιί
2704 2357 2881 2403 tecum
2932 2346 3229 2400 intercedat
3277 2359 3411 2399 con-

1831 2439 2329 2510 junctiozpulchra
2358 2440 2504 2494 enim
2549 2448 2652 2505 εει,
2694 2456 2816 2509 qua:
2851 2439 3037 2509 utique
3068 2446 3252 2493 creata
3304 2446 3410 2502 est,

1836 2531 2197 2599 dispensatio,
2229 2539 2284 2585 et
2310 2531 2495 2584 omnia
2522 2541 2667 2586 recte
2694 2531 3171 2592 administrantur,
3197 2538 3250 2582 et
3277 2528 3414 2582 nihil

1836 2621 1896 2675 tit
1946 2621 2065 2676 sine
2095 2637 2282 2677 causa.
2312 2622 2372 2676 In
2399 2622 2507 2677 tuis
2543 2637 2628 2676 me
2653 2637 2772 2678 esse
2797 2632 3028 2691 Oportet,
3078 2638 3111 2675 ο
3145 2620 3414 2689 Omnipo-

1838 2720 1980 2773 tens,
2010 2718 2064 2764 et
2093 2710 2219 2765 licet
2250 2710 2336 2765 hic
2370 2709 2545 2777 fuero,
2577 2726 2697 2765 sum
2732 2711 2873 2780 apud
2905 2718 2987 2776 te;
3024 2711 3117 2765 sed
3148 2710 3273 2765 volo
3318 2726 3414 2764 ex-

1838 2817 1965 2872 pers
1988 2815 2111 2856 esse
2132 2811 2331 2865 metus,
2362 2809 2421 2856 ut
2446 2800 2513 2855 ad
2542 2810 2594 2855 te
2624 2801 2831 2872 possim
2875 2801 3329 2871 appropinquare,
3358 2813 3414 2855 et

1836 2893 2027 2961 paucis
2065 2892 2231 2947 etiam
2254 2900 2569 2958 contentus,
2629 2903 2778 2948 tuam
2829 2892 3050 2947 imitans
3073 2893 3277 2963 justam
3302 2892 3412 2947 ele-

1838 2985 2096 3051 ctionem,
2120 3001 2244 3055 qua:
2266 2985 2442 3040 bonos
2476 3001 2507 3040 a
2541 2986 2816 3041 similibus
2859 2984 3139 3040 discernit.
3192 2983 3414 3056 Mystice

1837 3078 2125 3132 admodum
2149 3087 2202 3133 et
2232 3086 2420 3134 sancte
2446 3093 2545 3131 nos
2572 3077 2777 3133 docens
2801 3076 3095 3146 Apostolus
3122 3092 3264 3142 eam,
3290 3091 3412 3147 qua:

1836 3183 1961 3223 vere
1985 3175 2133 3239 grata
2158 3176 2262 3231 est,
2289 3169 2631 3233 electionem,
2676 3182 2787 3221 non
2831 3167 2936 3220 alia
2980 3175 3235 3236 tanquam
3268 3164 3413 3219 mala

1836 3259 2196 3329 reprobanda',
2221 3260 2315 3315 sed
2346 3260 2504 3315 bonis
2550 3260 2655 3314 alia
2708 3260 2979 3314 censenda
3010 3273 3133 3314 esse
3164 3257 3410 3321 meliora,

1836 3348 2163 3420 significavit
2190 3350 2377 3404 dicens
2403 3367 2417 3404 :
2457 3368 2476 3402 ι
2512 3346 2693 3416 Quare
2713 3357 2766 3404 et
2794 3348 2887 3418 qui
2911 3347 3260 3402 matrimonio
3282 3347 3414 3417 jun-

1835 3442 1913 3511 git
1944 3441 2208 3512 virginem
2232 3456 2411 3506 suam,
2442 3440 2583 3495 bene
2614 3439 2781 3505 facit;
2814 3447 2868 3493 et
2906 3439 3000 3509 qui
3053 3453 3161 3492 non
3209 3437 3410 3507 jungit,

1835 3531 2031 3586 melius
2056 3530 2274 3593 [acit,ad
2299 3530 2371 3596 id,
2404 3531 2549 3600 quod
2567 3531 2854 3586 honestum
2873 3540 2956 3584 est
2982 3529 3147 3600 229
3163 3537 3217 3583 et
3239 3527 3412 3583 facul-

1834 3631 1998 3678 tatem
2026 3621 2227 3693 praebet
2255 3621 2526 3677 indivulse
2546 3607 2809 3677 ‘Domino
2836 3622 3111 3677 assidendi
3141 3633 3189 3675 ι.
3245 3641 3264 3672 ι
3302 3619 3412 3677 Sci-

1834 3728 1958 3767 mus
1983 3721 2163 3767 autem
2188 3727 2275 3776 ea,
2303 3727 2427 3783 quas
2473 3712 2759 3767 diﬂiculter
2801 3711 3020 3781 quidem
3074 3712 3251 3780 parari
3282 3725 3412 3780 pos-

1833 3814 1981 3871 sunt,
2009 3821 2119 3861 non
2140 3821 2262 3860 esse
2284 3805 2631 3872 necessaria;
2664 3821 2785 3874 qua:
2813 3806 2991 3859 aute‘m
3049 3814 3177 3859 sunt
3221 3819 3407 3859 neces-

1832 3900 1997 3963 saria,
2012 3907 2202 3969 paratu
2226 3895 2405 3951 facilia
2420 3896 2749 3966 benignitate
2768 3895 2857 3950 Dei
2877 3912 2998 3951 esse
3022 3896 3181 3949 facta.
3209 3895 3411 3962 Quam-

1833 3990 2016 4045 obrem
2068 3990 2205 4044 bene
2258 3988 2393 4043 dicit
2446 3986 2809 4053 Democritus,
2854 4007 2873 4039 ι
2927 3997 3176 4041 naturain
3224 3997 3276 4042 et
3306 3987 3408 4041 do-

1832 4083 2065 4139 ctrinam
2096 4097 2213 4136 rem
2252 4096 2371 4136 esse
2396 4080 2752 4151 persimilem.
2778 4098 2799 4134 ι
2826 4080 3062 4134 Causam
3089 4089 3269 4134 autem
3294 4081 3411 4134 bre-

1832 4170 2609 4230 viterreddidimusDocti-ina
2632 4171 2775 4227 enim
2808 4172 3083 4226 hominem
3118 4172 3409 4227 concinnat

1832 4275 1886 4318 et
1910 4262 2221 4334 componit;
2251 4264 2593 4319 concinnans
2619 4272 2802 4318 autem
2832 4278 2897 4318 ac
2925 4277 3277 4332 componens,
3310 4278 3408 4318 ua-

1833 4367 2010 4412 turam
2038 4358 2086 4412 ei
2114 4355 2345 4421 tribuit;
2380 4371 2557 4426 neque
2592 4355 2838 4420 interest,
2872 4372 2940 4410 an
2994 4352 3159 4409 fuerit
3210 4362 3406 4409 natura

1833 4448 2059 4504 effectus
2087 4448 2230 4514 talis,
2289 4463 2358 4502 an
2388 4456 2633 4516 tempore
2652 4456 2707 4503 et
2731 4448 3015 4519 disciplina
3048 4445 3409 4502 transforma-

159 4541 317 4596 Οὕτω
350 4542 531 4596 τοίνυν
568 4540 647 4611 τῷ
695 4540 807 4594 δντι
854 4538 995 4593 καλὰ
1038 4539 1286 4609 φαίνεται
1337 4539 1548 4609 ἥδιστα,
1600 4529 1729 4612 παρ’

1838 4550 1945 4595 ιυε.
1972 4539 2274 4610 Utrumque
2302 4549 2483 4593 autem
2510 4538 2738 4610 priebuit
2784 4537 3066 4601 Dominus,
3103 4537 3231 4592 illud
3284 4537 3409 4606 qui-

155 4632 414 4687 αὐτοῦ·δὲ
446 4633 726 4705 πορίζεται
772 4631 882 4704 (54)
916 4631 976 4683 δν
1018 4631 1173 4686 ποθεῖ
1216 4633 1445 4704 καρπον,
1487 4633 1585 4705 τὴν
1630 4635 1729 4707 τῆς

1838 4633 1958 4688 dem
1988 4647 2085 4702 per
2113 4631 2465 4694 creationem,
2500 4630 2603 4686 hoc
2629 4646 2757 4685 vero
2781 4645 2876 4700 per
2905 4632 3297 4685 recreationem
3344 4635 3403 4693 >14

154 4724 333 4796 ψυχῆς
366 4723 477 4794 \55)
509 4724 847 4778 εὐστάθειαν.
897 4740 916 4773 ι
965 4723 1023 4775 Ὀ
1054 4722 1112 4776 δὲ
1156 4720 1289 4793 ἐμοῦ
1334 4723 1578 4787 ἀκούων,
1620 4741 1728 4795 φη-

1833 4738 1885 4780 et
1919 4722 2347 4787 renovationem,
2377 4739 2499 4793 qua:
2538 4722 2598 4778 lit
2622 4737 2688 4777 ex
2718 4721 3088 4778 Testamento.
3121 4719 3278 4788 Quod
3303 4737 3407 4775 au-

229 4825 433 4889 'lCor.
461 4832 643 4894 th,38
676 4832 765 4889 55.
835 4843 893 4902 >3
935 4836 995 4892 P.
1038 4837 1143 4892 652
1170 4837 1274 4892 ED.
1308 4836 1601 4905 POTTER,
1640 4836 1733 4893 551

1838 4836 1878 4893 ὅ
1903 4834 2010 4890 ED.
2062 4834 2286 4890 PARIS.

231 4960 341 5028 (51)
381 4961 782 5030 Ἐπαγγελιάς.
820 4958 1101 5013 Editiones
1150 4957 1507 5031 Sylburgiana
1538 4976 1728 5016 recen-

154 5030 324 5085 tiores
349 5031 688 5099 ἀπαγγελίας
716 5045 994 5099 perperam
1020 5030 1297 5084 exhibent.

229 5100 339 5170 (δε)
375 5097 587 5167 mea.
626 5097 740 5155 Etsi
789 5097 1084 5168 optativum
1117 5098 1289 5170 φήσαι
1346 5097 1472 5153 ferri
1524 5109 1723 5170 potest,

155 5169 341 5224 tamen
376 5173 421 5226 si
448 5173 571 5240 quis
596 5170 944 5240 indicatiyum
970 5171 1130 5239 φήσει
1159 5169 1330 5231 malit,
1354 5183 1449 5240 per
1470 5169 1553 5240 me
1581 5171 1722 5224 licet.

153 5240 366 5294 Allusio
386 5238 561 5295 autem
578 5249 662 5295 est
692 5238 1139 5310 adillomeriCum
1168 5240 1298 5292 illud
1325 5257 1339 5305 ;
1364 5238 1550 5310 Αὐτὰρ
1584 5241 1725 5309 ἐγὼν

153 5310 320 5373 αὐτὸς
348 5312 447 5381 ἐμὲ
472 5312 721 5381 λύσομαι.
756 5309 1016 5381 Sustine.

228 5328 320 5373 τος
348 5328 447 5381 εμε
472 5328 600 5365 Λυσο
709 5352 721 5362 .
756 5328 1016 5365 ausum.

228 5381 339 5451 (55)
370 5382 433 5452 ὀ
459 5328 710 5452 ιι-ειιιίὲίῖί⁸
733 5379 847 5447 τὴν
867 5377 1391 5452 παρθένον-καύτοῦ.
1423 5376 1592 5452 1001⁸.
1614 5394 1721 5452 _vn,

148 5448 545 5521 ὀέκγαμίζώνζ
565 5453 773 5507 omisso
817 5450 1108 5505 commatio
1139 5449 1252 5513 illo,
1297 5449 1396 5518 τὴν
1450 5448 1721 5521 παρθένον

151 5518 509 5588 αὐτού-ἰιιιοιι
542 5524 813 5591 glossema
859 5535 980 5574 esse
1013 5521 1225 5591 videtur
1247 5538 1281 5591 :7
1319 5527 1371 5572 et
1391 5518 1553 5591 mox,
1599 5522 1628 5572 6
1664 5518 1722 5571 δὲ

154 5593 230 5663 μή
260 5588 592 5661 ὲκγαμιζων.
644 5592 906 5646 Snnuuc.
936 5618 1005 5630 -
1036 5588 1188 5652 Dein,
1233 5588 1594 5664 εὐπρὸσεδρον
1627 5603 1725 5659 pro

154 5661 510 5714 εὐπάρεδρον..
555 5663 686 5714 Ibid.

150 5678 177 5714 ε
190 5663 212 5713 3
224 5663 510 5715 πάρεδρον..
555 5663 686 5715 Ibid.

224 5680 510 5784 παρεῆρον.
555 5680 705 5749 ιριυ...
1138 5729 1148 5740 ⁸
1666 5730 1677 5742 0

224 5731 335 5803 (34;
403 5749 477 5799 ap
522 5747 708 5803 αυτου
728 5729 795 5803 δὲ
814 5729 996 5803 πορίζ.
1127 5729 1551 5803 Διιιειλιτιιιερνιιιιι
1579 5729 1728 5803 legit,

151 5797 251 5853 aui
286 5804 413 5872 παρ’
442 5797 623 5872 αὐτοῦ
659 5802 849 5872 πορίζ.
874 5797 1016 5861 Mox,
1040 5797 1195 5872 Vulg.
1234 5798 1369 5872 Dibl.
1402 5797 1728 5872 Proverb.“

151 5818 251 5853 aut
286 5818 411 5872 παρ’
458 5818 623 5859 αὐτου
659 5819 728 5853 πο
769 5818 836 5864 ιζ.
874 5818 1016 5861 mox,
1048 5818 1195 5870 vutg.
1234 5818 1369 5852 nam.
1404 5818 1660 5853 rrovcru.
1691 5818 1728 5862 I,

150 5871 563 5949 κατασκηνώσει
595 5873 678 5923 ἐπ’
710 5818 880 5925 ἐλπίδι
914 5869 1209 5926 πεποιθώς.
1251 5868 1514 5924 Susum}.
1550 5900 1619 5910 --
1654 5870 1732 5922 lbi

1834 4973 1963 5014 vero
1986 4957 2285 5012 Flaminius
2307 4954 2553 5011 Nobilius
2574 4969 2605 5009 e
2628 4952 2838 5008 scholio
2854 4950 3089 5019 quodam
3110 4948 3225 5019 limo
3243 4944 3408 4998 verba

1830 5028 2145 5098 adnotavit:
2181 5027 2554 5098 ἀναπαύσεται
2583 5025 2642 5076 ὲν
2674 5017 3199 5098 ᾳρήνῃπεποιθιῦς..
3276 5086 3288 5097 .
3358 5084 3369 5095 .

1901 5095 2013 5168 (55)
2042 5096 2156 5165 Τῆς
2179 5097 2408 5167 ψυχῆς.
2448 5096 2659 5168 Rursus
2684 5090 3054 5168 Democritum
3090 5090 3291 5168 imitari
3321 5090 3407 5168 vi-

1830 5157 2024 5222 deiur':
2051 5157 2422 5238 ηιὶῖῃἿιιξῖτῆν
2446 5162 2649 5238 εὐεστὼ
2678 5175 2954 5238 summum
2999 5158 3208 5238 bonum
3229 5157 3405 5236 dixitj

1830 5238 1998 5301 Τέλος
2034 5237 2090 5290 δὲ
2122 5221 2390 5307 εἶναιτὴν’
2410 5235 2696 5307 εὐθυμίαν,
2731 5232 2808 5307 οὐ.
2830 5230 2928 5307 τὴν
2963 5221 3315 5307 αὐτὴν-ρᾷςαν
3476 5284 3482 5290 .

1866 5294 1994 5379 δονῇ
2004 5308 2077 5371 ὡς
2094 5308 2243 5381 ξνιοι,
2263 5294 2730 5381 παρακούσαντες,
2750 5294 3098 5381 ἐξεδέξαντο,
3114 5296 3251 5381 ἀλλὰ
3283 5294 3386 5381 καί)

1867 5395 1896 5429 ν
1917 5365 2164 5447 γᾶληνῶς
2188 5365 2283 5432 καὶ
2316 5365 2593 5447 εὐσταθῶς
2614 5377 2654 5447 ῄ
2689 5365 2852 5447 ψυχὴ.
2867 5370 3066 5447 διάγει,
3096 5369 3213 5447 ίὰπδ
3248 5365 3411 5447 μηδε-

1831 5404 1896 5447 ην
1918 5404 2164 5447 γαληνως
2189 5404 2283 5432 και
2316 5404 2590 5436 ευστυιυω,
2627 5404 2654 5445 ιι
2689 5404 2835 5442 qui”
2868 5404 3066 5436 υιαίει,
3102 5404 3213 5422 ..ην
3248 5404 3379 5447 ην...

1831 5449 1920 5511 νὸς
1951 5448 2342 5519 ταραττομένη
2365 5446 2553 5519 φόδου,
2674 5439 3132 5519 δεισιδαιμονίας,
3173 5438 3207 5507 ἢ
3246 5404 3406 5519 adeo

1824 5503 1967 5582 τινδς
1997 5503 2222 5580 τξάθουξ.
2246 5503 2414 5571 κάλέι
2450 5515 2507 5567 δὲ
2543 5503 2735 5584 ἀὐτὴν
2765 5503 2992 5573 εὐεστὼ,
3048 5510 3143 5563 καὶ
3194 5503 3409 5584 πολλοῖς

1828 5579 2006 5652 ἄλλοις
2037 5579 2313 5658 ὀνόμασιν.
2355 5606 2374 5639 ι
2400 5584 2588 5638 Finem
2608 5579 2876 5658 veroesse
2894 5588 3107 5658 rectum
3132 5579 3408 5658 quietum—

1829 5675 1937 5727 que
1963 5648 2143 5712 a'nimi'
2164 5665 2536 5725 statumhquae
2560 5669 2669 5721 _uon
2695 5654 2837 5706 idem
2861 5652 2935 5705 sit
2958 5651 3102 5720 quod
3131 5648 3407 5727 voluptas,

1834 5719 1889 5783 ut
1917 5730 2136 5794 quidam
2169 5719 2859 5798 obliqueinterpretantur.
2885 5719 3072 5775 Vt't'lllll
3103 5719 3406 5798 secundum

1831 5814 1996 5867 quam
2051 5799 2271 5852 animus
2300 5793 2519 5863 unagna
2570 5793 2959 5867 tranquillitate
2991 5793 3411 5867 Constantiaquo

1835 5863 2026 5924 beatus
2056 5877 2159 5936 est,
2184 5869 2312 5921 dum
2349 5868 2498 5923 nullo
2513 5864 2845 5931 ructu,‘nulla
2877 5863 3283 5929 superstit'une,
3314 5865 3408 5913 aut
