3934 6518
456 336 597 395 1363

1574 420 1579 427 ι
1616 353 2005 409 CLEMENTIS
2045 355 2519 412 ALEXANDBINI

3596 355 3729 411 1366

449 458 555 522 ria,
585 466 640 512 et
679 473 801 529 qua:
844 459 980 517 tium
1003 478 1101 534 per
1139 465 1576 536 ignorationem;
1618 470 1841 538 perinde
1870 486 1933 526 ac
1981 486 2006 525 s

2130 473 2311 538 λαϐες,
2343 475 2532 545 ἄνομε,
2573 476 2655 529 ὅτι
2694 473 2888 544 ἔσομαί
2931 473 3026 527 σοι’
3056 474 3259 544 ὅμοιος.
3295 493 3313 525 ι
3367 473 3525 527 Ἀλλ’
3562 478 3616 527 εἰ
3646 480 3733 528 καὶ

453 550 620 606 homo
676 552 897 620 aliquis,
944 557 1268 624 non’Deus,
1306 566 1418 614 tam
1464 575 1721 631 magnum
1768 563 2030 631 praeberet

451 640 679 697 donum.
718 643 856 702 Huic
888 647 1021 703 dicit
1045 648 1327 721 Scriptura
1370 669 1385 705 :
1424 673 1444 705 ι
1476 653 1833 722 Existimasti,
1868 674 1902 713 ο
1927 660 2031 713 im-

452 735 559 801 pie,
599 737 744 805 quod
778 754 874 793 ero
905 741 982 794 tui
1008 742 1203 797 similis
1226 755 1274 798 α.
1310 763 1328 796 ι
1363 744 1467 800 Sed
1491 747 1590 802 etsi
1625 748 1880 817 punimur
1903 765 2030 819 pro-

452 836 570 893 :atcr
612 830 942 897 voluntaria,
980 850 1088 888 non
1139 845 1198 890 ut
1244 837 1496 892 desinant
1543 856 1664 895 esse
1706 841 1866 904 facta,
1904 859 2027 898 cum

455 917 598 973 facta
635 922 855 987 iuerint,
886 926 976 978 sed
1017 926 1161 994 quod
1192 926 1330 981 facta
1369 931 1476 984 sint
1500 970 1514 992 ,
1562 933 1837 1000 punimur.
1863 934 2031 990 Puni-

455 1011 529 1063 tio
566 1024 746 1067 autent
793 1032 899 1069 non
935 1018 1091 1085 juvat
1133 1037 1256 1075 cum
1312 1023 1404 1091 qui
1445 1027 1707 1091 peccavit,
1740 1026 1804 1081 ad
1842 1028 1945 1082 hoc
1971 1032 2031 1082 ut

453 1117 556 1154 non
595 1105 802 1170 fecerit,
837 1109 927 1162 sed
965 1111 1029 1162 ad
1063 1112 1164 1165 hoc
1190 1121 1247 1165 ut
1274 1127 1382 1166 non
1414 1124 1597 1182 peccet
1634 1116 1889 1186 amplius,
1936 1135 2030 1173 ne-

450 1210 556 1263 que
590 1197 731 1251 ullus
782 1200 924 1254 alius
950 1201 1155 1256 incidat
1187 1203 1239 1256 in
1274 1205 1499 1259 similia.
1551 1205 1652 1262 Hic
1686 1224 1815 1279 ergo
1853 1212 2027 1265 bonus

450 1284 593 1341 Deus
637 1291 868 1360 castigat
918 1305 1140 1362 propter
1203 1296 1300 1350 bas
1352 1309 1462 1353 tres
1515 1315 1751 1355 causas:
1789 1302 2025 1372 primum

447 1380 686 1446 quidem,
725 1392 782 1436 ut
816 1384 882 1448 is,
932 1386 1025 1454 qui
1073 1387 1391 1457 castigatur,
1451 1393 1633 1461 seipse
1685 1395 1879 1448 melior
1903 1410 2029 1450 cva-

446 1469 573 1537 dat;
629 1472 842 1536 deinde,
917 1486 977 1529 ut
1027 1477 1084 1542 ii,
1135 1480 1229 1548 qui
1285 1482 1516 1549 possunt
1563 1483 1697 1538 salvi
1743 1484 1881 1551 ﬁeri,
1932 1501 2030 1556 per

445 1564 690 1632 exempla
750 1579 1124 1635 prmparentur
1160 1572 1426 1628 admoniti
1459 1592 1474 1643 ;
1534 1584 1587 1629 et
1646 1578 1827 1643 tertio,
1856 1593 1924 1633 ne
1954 1579 2024 1645 is,

445 1654 536 1721 qui
571 1655 765 1722 injuria
798 1659 1067 1727 afﬁcitur,
1102 1666 1440 1734 contemptui
1476 1667 1760 1732 habeatur,
1792 1677 1844 1723 et
1865 1677 2024 1738 aptus

443 1742 514 1796 sit
548 1745 613 1798 ad
642 1746 896 1815 injuriam
923 1752 1320 1820 accipiendam.
1357 1754 1495 1810 Sunt
1516 1767 1694 1812 autem
1726 1758 1835 1812 duo
1861 1759 2024 1829 230

2131 564 2223 616 ἐπὶ
2246 567 2365 628 ταῖς
2393 565 2658 628 ἑκουσίοις
2684 563 3043 635 κολαζόμεθα,
3071 566 3168 636 οὐχ
3209 565 3296 619 ἵνα
3329 565 3416 636 μὴ
3456 565 3733 633 γένωνται

2130 656 2439 726 γενόμεναι,
2476 655 2589 709 ἀλλ’
2621 656 2703 709 ὅτι
2729 655 2997 724 ἐγένοντο,
3031 656 3457 737 τιμωρούμεθρ.
3484 658 3734 718 Κόλασις

2130 743 2187 796 δὲ
2212 744 2303 797 τὸν
2326 746 2717 816 ἀμαρτήσαντα
2737 745 2836 797 οὐκ
2869 744 3069 814 ώφελεῖ
3098 748 3176 809 είς
3202 745 3265 799 τὸ
3290 745 3371 816 μὴ
3418 747 3735 816 πεποιηκέ-

2130 852 2238 899 ναι,
2279 836 2392 889 ἀλλ’
2419 838 2497 901 είς
2520 837 2582 889 τὸ
2609 836 2805 907 μηκέτι
2839 837 3192 908 ἁμαρτάνειν,
3223 838 3365 909 μηδὲ
3414 836 3537 908 μὴν
3578 838 3731 892 ἄλλον

2129 928 2252 983 τινά
2274 932 2387 992 τοῖς
2409 929 2616 1000 ὁμοίοις
2642 931 2980 1000 περιπεσεῖν.
3018 928 3281 983 Ἐνταῦθα
3316 925 3421 982 οὖν
3448 930 3480 981 6
3522 930 3733 996 ἀγαθὸς

2130 1020 2261 1084 Θεὸς
2287 1020 2374 1074 διά
2398 1024 2547 1093 τρεῖς
2585 1009 2787 1083 ταύτας
2811 1020 3050 1073 παιδεύει
3075 1020 3284 1083 αἰτίας·
3316 1020 3561 1090 πρῶτον
3598 1020 3731 1088 μὲν,

2130 1111 2195 1163 ἵν’
2219 1112 2381 1175 αὐτὸς
2424 1112 2662 1181 ἀμείνων
2707 1107 2874 1164 αὐτοῦ
2915 1110 3138 1180 γένηται
3182 1111 3211 1161 6
3266 1109 3727 1178 παιδευόμενος

2130 1202 2427 1264 είσέπειτα,
2468 1203 2615 1266 ὅπως
2651 1202 2703 1254 οἱ
2728 1200 2799 1253 δι’
2821 1202 3230 1272 ὑποδειγμάτων
3265 1201 3525 1269 σωθῆναι
3563 1201 3730 1254 δυνά-

2133 1311 2281 1365 μενοι
2310 1293 2821 1365 προανακρούωνται
2843 1293 3266 1363 νουθετούμενον
3295 1293 3397 1346 καὶ
3416 1292 3731 1363 τρίτον,ώς

2131 1384 2204 1456 μὴ
2234 1387 2261 1438 6
2283 1386 2633 1456 ἀδικούμενος
2659 1387 3131 1457 εὐκαταφρόνητος
3165 1380 3220 1456 ᾗ,
3271 1386 3370 1438 καὶ
3407 1385 3729 1454 ἐπιτήδειος

2127 1476 2444 1532 ἀδικεῖσθαι.
2473 1477 2575 1530 Δύο
2602 1478 2658 1531 δὲ
2695 1480 2789 1531 καὶ
2816 1479 3005 1550 τρόποι
3047 1478 3143 1548 τῆς
3180 1475 3631 1546 ἐπανορθώσεως
3649 1493 3663 1503 ·
3694 1478 3724 1528 ὀ

2130 1569 2227 1639 μὲν
2250 1568 2639 1633 διδασκαλικὸς,
2666 1571 2695 1622 6
2717 1570 2772 1622 δὲ
2791 1569 3128 1632 κολαστικὸς,
3153 1568 3211 1621 ὃν
3234 1568 3331 1621 καὶ
3357 1568 3721 1622 παιδευτικὸν

2126 1662 2445 1732 εἰρήκαμεν·
2481 1662 2655 1715 ἰστέον
2687 1662 2887 1733 μέντοι,
2917 1663 3043 1725 τοὺς
3080 1660 3216 1731 μετά
3238 1660 3302 1714 τὸ
3336 1660 3583 1732 λουτρὸν
3611 1660 3718 1729 (5|)

2123 1754 2241 1813 τοῖς
2266 1753 2627 1824 ἁμαρτήμασι
2670 1753 3111 1824 περιπίπτοντας,
3153 1751 3379 1813 τούτους
3408 1746 3562 1803 εἶναι
3594 1751 3719 1815 τοὺς

443 1849 660 1902 quoque
679 1840 824 1893 modi
854 1844 1211 1899 correctionis
1245 1863 1259 1899 :
1295 1862 1437 1902 unus
1461 1848 1702 1916 quidem,
1734 1849 2006 1916 docendo;

2119 1842 2557 1914 παιδευομένους·
2600 1842 2669 1897 τά
2702 1844 2801 1915 μὲν
2832 1843 2938 1916 γὰρ
2968 1842 3449 1915 προενεργηθέντα
3474 1842 3715 1913 ἀφείθη,

441 1924 578 1982 alter
608 1943 739 1983 vero
768 1933 1064 2000 puniendo,
1091 1951 1255 2004 quem
1283 1937 1446 1992 etiam
1481 1939 1840 2009 castigantem
1873 1941 2015 1995 dixi-

442 2029 586 2070 mus.
626 2017 915 2074 Sciendum
960 2030 1043 2076 est
1087 2033 1265 2078 autem
1295 2039 1410 2087 eos,
1446 2025 1538 2094 qui
1591 2034 1712 2094 post
1742 2026 2016 2080 lavacrum

443 2104 496 2159 in
531 2118 752 2176 peccata
790 2111 1055 2178 incidunt,
1085 2129 1180 2171 eos
1211 2129 1332 2170 esse
1360 2116 1453 2185 qui
1484 2119 1845 2187 castigantur.
1883 2116 2018 2184 ρυλε

442 2196 590 2251 enim
624 2202 777 2268 prius
811 2201 952 2257 facta
986 2213 1145 2269 sunt,
1194 2205 1422 2261 dimissa
1464 2218 1619 2274 sunt;
1673 2224 1795 2278 quae
1838 2219 2020 2263 autem

2118 1933 2190 1987 τά
2219 1934 2275 1987 δὲ
2312 1935 2665 2005 ἐπιγινόμενα
2704 1934 3117 2005 ἐκκαθαίρεται.
3156 1933 3294 2002 Περὶ
3316 1933 3431 1985 τῶν
3462 1934 3714 1986 ἀπίστων

2126 2025 2361 2099 εἴρηται,
2391 2046 2410 2079 ι
2441 2026 2748 2095 λελογίσθαι
2772 2025 2992 2090 τούτους
3011 2025 3086 2089 ὡς
3108 2024 3267 2095 χνοῦν
3300 2025 3446 2094 (52),
3470 2025 3536 2078 ὃν
3566 2024 3710 2093 ἐκρίι

2122 2137 2243 2174 πτει
2281 2121 2310 2172 6
2353 2119 2551 2190 ἄνεμος
2580 2119 2687 2173 ἀπὸ
2721 2116 3012 2192 προσώπου
3037 2117 3135 2188 τῆς
3156 2115 3261 2186 γῆς
3281 2156 3299 2180 ,
3342 2117 3447 2169 καί
3471 2116 3711 2184 σταγόνα

2128 2210 2228 2282 τὴν
2248 2210 2356 2263 ἀπὸ
2385 2210 2601 2264 κάδον.»

442 2298 629 2356 postea
683 2290 839 2361 ﬁunt,
897 2304 1287 2366 expurgantur.
1343 2297 1419 2353 De
1462 2299 1757 2356 incredulis
1806 2301 2014 2355 dictum
2068 2309 2171 2365 est,
2206 2316 2299 2356 eos
2337 2317 2456 2357 esse
2486 2320 2505 2353 ι
2546 2308 2825 2372 reputatos
2882 2308 3144 2371 tanquam
3198 2298 3515 2369 pulverem,
3547 2311 3711 2368 quem

444 2382 659 2452 projicit
691 2394 885 2442 ventus
915 2402 946 2442 a
979 2386 1117 2444 facie
1141 2399 1317 2454 terrae,
1354 2400 1406 2444 et
1431 2401 1638 2461 guttam
1665 2409 1787 2463 qua:
1811 2409 1843 2448 a
1868 2395 2004 2449 cado
2030 2394 2231 2448 excidit
2258 2394 2310 2448 δ.
2354 2412 2374 2446 ι

1880 2550 2109 2607 CAPUT
2137 2549 2304 2607 XXV.

1209 2639 1277 2695 In
1305 2642 1597 2715 cognitione
1623 2653 1671 2698 et
1703 2657 1880 2699 amore
1908 2645 2007 2700 Dei
2036 2646 2198 2698 sitam
2218 2659 2327 2699 esse
2352 2658 2526 2697 veram
2552 2640 2937 2711 perfectionem.

516 2766 537 2800 ι
596 2747 798 2807 Beatus
827 2762 911 2808 est
944 2755 1037 2826 qui
1080 2755 1242 2812 habet
1275 2757 1516 2813 scientia:
1546 2759 1887 2828 disciplinam
1911 2800 1927 2821 ,
1959 2767 2014 2814 et

443 2857 618 2913 neque
645 2846 710 2900 ad
746 2845 943 2902 damna
976 2848 1199 2917 civium,
1235 2866 1412 2919 neque
1450 2853 1516 2906 ad
1555 2852 1787 2920 injustas
1816 2851 2012 2920 impel-

2192 2775 2211 2808 ι
2235 2756 2469 2820 Ὄλϐιος,
2505 2754 2654 2821 ὅστις
2693 2760 2792 2829 τῆς
2837 2756 3079 2827 ἱστορίας
3112 2752 3235 2823 ἔσχε
3262 2751 3535 2823 μάθησιν,
3571 2755 3709 2824 μήτε

2118 2848 2346 2903 πολιτῶν
2377 2849 2916 2924 ὲπιπημοσύνῃϐἄδ),
2950 2849 3071 2919 μήτ’
3096 2849 3175 2910 είς
3194 2844 3441 2908 ἀδίκους
3472 2844 3707 2915 πράξεις

441 2935 571 2991 litnr
600 2939 874 3005 actiones,
912 2942 1003 2995 sed
1049 2942 1373 2998 immortalis
1402 2956 1608 2999 natura:
1642 2944 1779 2999 senii
1818 2959 2009 3013 exper-

2119 2941 2338 3013 ὁρμών,
2414 2941 2529 2994 ἀλλ’
2573 2940 2839 2995 ἀθανάτου
2894 2937 3141 3009 καθορῶν
3207 2936 3429 3005 φύσεως
3498 2937 3709 3007 κόσμον

441 3037 547 3082 tem
602 3029 841 3084 intuetur
877 3043 1129 3089 ornatum
1159 3077 1174 3100 ,
1224 3049 1457 3104 quanam
1503 3036 1710 3089 ratione
1735 3075 1750 3098 ,
1815 3043 1869 3088 et
1903 3049 2012 3104 quo

440 3128 618 3186 pacto,
658 3136 835 3190 quove
868 3124 1030 3178 modo
1063 3126 1390 3181 constiterit.
1427 3127 1498 3182 lis
1528 3136 1729 3188 autem,
1758 3126 1848 3194 qui
1884 3134 2010 3180 sunt

437 3210 741 3277 ejusmodi,
773 3229 1050 3284 nunquam
1089 3216 1326 3286 turpium
1374 3218 1639 3273 factorum
1676 3217 1874 3271 insidet
1903 3231 2009 3271 me-

434 3300 649 3356 ditatio.
694 3322 713 3356 ι
762 3305 954 3359 Merito
980 3321 1110 3377 ergo
1166 3306 1319 3362 Plato
1367 3325 1588 3379 quoque
1637 3323 1785 3371 cum,
1838 3326 1857 3359 ι
1915 3308 2008 3377 qui

441 3393 589 3450 ideas
634 3398 1055 3467 contemplatur,
1087 3417 1106 3450 ι
1158 3399 1291 3454 dicit
1328 3418 1348 3452 ‹
1388 3400 1661 3455 victurum
1691 3414 1813 3454 esse
1839 3398 2007 3453 Deum

438 3485 579 3540 inter
631 3486 915 3554 homines;
974 3506 1129 3545 mens
1178 3499 1360 3545 autem
1408 3499 1490 3546 est
1535 3491 1686 3546 locus
1741 3491 2006 3555 idearum,

439 3577 637 3631 mentis
660 3593 789 3632 vero
809 3589 893 3633 cst
921 3579 1085 3635 Deus.
1117 3581 1330 3646 i-Eum,
1360 3584 1451 3650 qui
1483 3581 1649 3636 Deum
1685 3582 2009 3637 invisibilcm

440 3667 858 3734 contemplatur,
905 3670 1045 3724 dixit
1088 3689 1107 3721 ι
1148 3672 1309 3725 deum
1347 3672 1615 3725 viventem
1652 3672 1793 3727 inter
1836 3673 2012 3726 homi—

374 3776 379 3779 τ
440 3769 557 3810 nes.
606 3775 626 3809 ι
666 3755 835 3811 Porro
887 3768 1066 3814 autem
1103 3760 1156 3813 in
1208 3758 1455 3829 Sopliista
1503 3776 1720 3833 quoque
1771 3761 2007 3817 Eleatem

440 3845 732 3918 hospitem,
757 3867 879 3906 cum
910 3858 1055 3907 esset
1078 3851 1416 3920 dialecticus,
1451 3852 1703 3909 Socrates
1742 3871 1761 3906 ι
1797 3855 1956 3909 deum
1987 3874 2006 3907 ι

438 3941 759 4009 nominavit,
811 3960 830 3994 ι
869 3942 1059 4012 quales
1120 3952 1251 3999 sunt
1308 3943 1381 3998 dii
1427 3946 1665 3999 externis
1708 3943 2013 4012 hospitibus

506 4067 535 4099 ι
565 4054 712 4113 Psal.
758 4072 920 4124 xux,
975 4055 1067 4111 2L
1143 4055 1172 4097 δ
1204 4054 1348 4113 Psal.
1380 4072 1420 4124 ι,
1454 4054 1523 4124 4;
1572 4056 1675 4111 lsa.
1727 4073 1830 4125 XL,
1890 4057 1977 4111 i5.

503 4240 794 4313 (51)Μετά
821 4241 888 4296 τὸ
902 4242 1178 4310 λουτρόν.
1216 4242 1329 4297 Hoc
1356 4249 1457 4309 est,
1490 4249 1613 4312 post
1642 4242 1993 4312 baptismum,

432 4327 543 4380 quo
572 4322 789 4394 peccata
813 4313 1008 4394 omnia
1034 4313 1190 4381 plene
1219 4313 1444 4394 remitti,
1478 4328 1698 4394 semper
1724 4322 1808 4368 est
1825 4314 2004 4367 credi-

434 4380 585 4435 tum.
613 4381 771 4436 Cout'.
807 4380 1064 4436 Stromat.
1106 4398 1184 4441 vt,
1208 4398 1262 4453 p.
1307 4382 1411 4438 668
1449 4384 1535 4438 ed.
1578 4380 1753 4438 Paris.
1787 4393 1842 4438 et
1880 4398 2003 4454 quae

432 4452 503 4505 ibi
548 4451 857 4506 adnotanda
903 4461 1051 4507 sunt.

432 4540 613 4613 4(52)
657 4543 754 4613 Ὡς
790 4544 1000 4612 χνοῦν.
1035 4542 1126 4598 Sic
1176 4542 1315 4597 infra
1362 4541 1561 4598 Strom.
1607 4558 1680 4609 vr,
1738 4559 1773 4613 p

441 4611 528 4683 Ὠς
564 4611 741 4683 χνοῦς,
792 4611 976 4682 φησὶν,
1026 4613 1379 4683 ἐλογίσθησαν
1423 4614 1516 4668 καὶ
1549 4614 1623 4678 ὡς
1650 4611 1862 4682 σταγὼν
1892 4614 2001 4668 ἀπὸ

2115 3034 2325 3104 ἀγήρω,
2362 3035 2434 3104 πῇ
2477 3049 2536 3084 τε
2576 3032 2826 3103 συνέστη,
2856 3031 2949 3083 καὶ
2972 3030 3101 3099 ὅπη,
3131 3028 3225 3080 καὶ
3264 3027 3439 3090 ὅπως,
3495 3032 3613 3091 τοῖς
3650 3028 3705 3080 δὲ

2117 3124 2394 3188 τοιούτοις,
2422 3123 2543 3177 οὐδὲ
2582 3125 2698 3176 ποτ’
2723 3121 2961 3193 αἰσχρῶν
2997 3119 3172 3189 ἔργων
3200 3117 3498 3189 μελέτημα.
3534 3135 3703 3189 προσ-

2118 3213 2237 3278 ίζει.
2282 3234 2300 3266 ›
2336 3216 2574 3280 Εἰκότως
2617 3210 2711 3269 οὖν
2755 3215 2850 3267 καὶ⁹
2901 3212 3123 3265 Πλάτων
3175 3227 3193 3259 ι
3251 3209 3345 3261 τὸν
3383 3210 3501 3260 τῶν
3552 3209 3703 3262 ἰδεῶν

2115 3308 2444 3379 θεωρητικὸν
2472 3309 2606 3363 Θεὸν
2644 3310 2703 3360 ὲν
2734 3305 3038 3377 ἀνθρώποις
3066 3302 3328 3375 ζήσεσθαί
3361 3320 3535 3373 φηςι-ι’
3578 3302 3700 3365 νοῦς

2114 3402 2171 3455 δὲ
2386 3402 2535 3474 χώρα
2567 3403 2717 3456 ἰδεῶν
2739 3420 2753 3433 θ
2783 3402 2907 3465 νοῦς
2933 3401 2989 3453 δὲ
3018 3402 3045 3453 ὁ
3077 3399 3229 3461 Θεός.
3270 3418 3289 3449 ι
3325 3399 3435 3453 Τὸν
3461 3401 3695 3471 ἀοράτου

2117 3492 2251 3545 Θεοῦ
2286 3493 2618 3565 θεωρητικὸν
2659 3494 2780 3547 θεὸν
2804 3495 2861 3545 ὲν
2886 3491 3190 3563 ἀνθρώποις
3215 3489 3398 3555 ζῶντα
3448 3493 3691 3564 εἴρηκεν.

2117 3584 2226 3637 Καὶ
2257 3585 2316 3639 ὲν
2350 3585 2426 3655 τῷ
2457 3605 2475 3636 ‹
2507 3586 2740 3658 Σοφιστῇ
2775 3585 2885 3658 (55)
2927 3606 2944 3639 ι
2975 3587 3033 3640 δὲ
3074 3586 3164 3639 τὸν
3213 3585 3480 3655 Ἐλεάτην
3526 3585 3693 3650 ξένον,

2116 3674 2450 3729 διαλεκτικὸν
2492 3676 2638 3741 ὄντα,
2668 3680 2696 3730 6
2738 3678 3033 3750 Σωκράτης
3074 3696 3092 3728 ι
3140 3676 3260 3730 θεὸν
3316 3697 3335 3729 ι
3379 3677 3689 3747 ὠνόμασεν·

2123 3785 2141 3819 ι
2168 3768 2313 3832 οἴους
2345 3771 2471 3833 τοὺς
2498 3770 2653 3835 θεοὺς
2675 3771 2925 3838 ξείνοισιν
2954 3771 3062 3845 (56)
3100 3772 3344 3835 ἐοικότας
3374 3772 3699 3824 ἀλλοδαποῖο

2120 3875 2222 3921 σιν,
2247 3860 2638 3929 ὲπιφοιτῶντας
2664 3865 2777 3926 τοῖς
2807 3863 3044 3917 ἄστεσιν.
3078 3864 3243 3917 Ὅταν
3286 3862 3400 3933 γάρ
3426 3862 3578 3933 ψυχὴ
3604 3878 3696 3929 γε·

3291 3949 3317 3968 ‘I’

2118 3948 2316 4014 νέσεως
2342 3950 2745 4018 ὑπεξαναϐἆσα,
2790 3954 2909 4008 καθ’
2942 3955 3141 4026 ἑαυτήν
3180 3971 3242 4023 γε
3287 3949 3343 4026 ᾖ.
3390 3955 3489 4009 καὶ
3532 3954 3691 4025 ὁμιλῇ

2107 4242 2230 4296 καθ’
2252 4243 2449 4313 ἑαυτήν
2471 4259 2530 4295 τε
2550 4280 2566 4306 ,
2601 4251 2663 4297 ut

2105 4322 2211 4367 tur.
2259 4312 2520 4367 SantmG.

2173 4383 2286 4451 (55)
2319 4381 2603 4451 Σοφιστῇ.
2637 4382 2762 4451 Πιξξο
2788 4384 2839 4436 in
2866 4382 3134 4451 principio
3156 4381 3422 4451 Sophiste:
3444 4381 3689 4441 Platonis

2705 4243 2867 4313 paulo
2900 4254 3022 4313 post
3059 4244 3155 4296 σὺν
3193 4242 3416 4313 Χριστῷ
3455 4261 3518 4296 τε
3550 4245 3687 4302 dici-

2101 4447 2356 4523 exstant:
2392 4447 2509 4522 ’Ἆρ’
2544 4447 2657 4523 οὖν,
2694 4447 2738 4506 ὦ
2777 4447 3139 4523 Θεόδώρξξού
3182 4450 3350 4523 ξένον,
3386 4452 3529 4507 ἀλλά
3569 4473 3688 4509 τινα

1779 4584 1792 4597 ,
1843 4543 1947 4599 (mg
1983 4563 1997 4599 ε
2030 4543 2075 4598 ι)
2105 4522 2407 4609 θεὸνμὸιγων
2434 4520 2591 4609 κατὰ.
2607 4525 2696 4609 τὸν
2885 4520 2976 4594 pou
3005 4522 3161 4609 λόγον
3187 4520 3423 4609 λέληθας
3446 4564 3462 4587 ,
3494 4525 3557 4587 ὃς
3586 4542 3687 4609 φη..

2107 4610 2191 4664 σιν
2214 4593 2406 4664 ἄλλους
2427 4611 2485 4646 τε
2510 4598 2619 4658 τοῖς
2652 4592 2956 4664 ἀνθρώποις
2973 4632 2987 4654 ,
3023 4592 3216 4664 όπόᾶοι
3249 4592 3575 4664 μετέχουσιν
3601 4592 3687 4648 θαῖ-

427 4660 619 4734 κᾶὲοῧζ
634 4660 685 4735 ἰ’
698 4660 976 4751 ῑὶειῖιὶὶὶαἰῗ
997 4660 1394 4754 εἶίῄἳξῖἶιὶῇἷιῖιζ
1421 4660 2002 4754 ίιίἶρῖιῖνῖἐῖὁῆὲξὶἱ

2119 4663 2223 4726 Ξοῦς
2260 4662 2492 4754 δικαίας,
2525 4664 2616 4754 καῖ
2651 4665 2715 4735 δὴ
2756 4660 2974 4754 ita};th
3017 4660 3183 4726 ξένιον
3211 4660 3541 4754 οὐχ’ἦκισςτα
3567 4665 3683 4746 θερν

430 4760 662 4821 utgntta
695 4769 759 4806 ex
799 4753 953 4806 cado.
1000 4773 1019 4805 ι
1062 4752 1128 4806 Ει
1166 4754 1378 4819 plenius
1407 4752 1603 4808 Str-om.
1633 4770 1730 4819 vn,
1757 4770 1807 4821 p.
1847 4754 1949 4807 766
1983 4773 1995 4808 :

437 4820 575 4895 utar
594 4822 634 4895 ﬁ
671 4822 745 4886 ώς
770 4820 947 4895 χνοῦς,
987 4822 1044 4875 ὃν
1067 4823 1309 4895 ἐκρίπτει
1338 4823 1536 4895 ἄνεμος
1560 4824 1666 4895 ἀπὸ
1709 4820 1997 4895 προσώπου

423 4891 520 4962 τῆς
552 4891 673 4962 γῆς,
717 4891 810 4951 καὶ
843 4892 918 4956 ὡς
950 4891 1163 4962 σταγὼν
1194 4892 1300 4944 ἀπὸ
1332 4891 1518 4948 εκάδου.
1553 4913 1571 4945 ι
1608 4894 1709 4948 Sed
1741 4891 1996 4963 [aliquam

424 4964 619 5029 pulvis.
672 4979 832 5031 quem
882 4964 1097 5033 projicit
1127 4973 1320 5017 ventus
1358 4978 1388 5016 a
1419 4964 1552 5017 facie
1585 4974 1759 5023 terrae.
1788 4973 1843 5017 ct
1875 4975 1995 5018 tan-

420 5046 586 5104 quam
614 5034 753 5089 stilla
786 5049 815 5087 a
843 5034 1001 5104 cado.
1030 5053 1050 5085 ι
1091 5033 1399 5104 νίἀοιυιχὶη
1434 5049 1601 5104 unum
1644 5035 1997 5104 conjunxissc

420 5100 567 5174 i_'s:tl.
608 5118 647 5166 ι,
680 5104 756 5174 4‘:
789 5101 900 5174 Οῦχ
929 5103 1099 5168 οὕτως
1126 5104 1175 5155 οἱ
1194 5100 1422 5174 ἀσεϐεῖς
1440 5141 1453 5165 ,
1479 5103 1576 5172 οὐχ
1598 5100 1788 5167 οὕτως,
1823 5105 1934 5157 ἀλλ’
1959 5105 1992 5174 ἦ

417 5169 493 5245 ὡς
538 5174 567 5226 ό
607 5161 767 5245 χνοῦς
786 5215 800 5237 ,
832 5161 1157 5245 ὂν’ὲκρίπτει
1181 5173 1209 5224 ὁ
1234 5161 1873 5245 ἀνεμοςάπξπροσώπου
1898 5161 1995 5245 τῆς

458 5191 493 5233 »ς
538 5191 567 5226 ο
607 5191 767 5243 χνους
786 5215 800 5237 ,
832 5191 889 5226 ον
911 5191 974 5226 εκ
1016 5191 1157 5227 ιπτει
1181 5191 1209 5224 ο
1234 5191 1433 5243 ανεμος
1453 5191 1559 5226 απο
1585 5191 1873 5245 προσωπου
1898 5192 1993 5245 της

458 5241 521 5315 ἧς
545 5258 559 5274 ’
593 5256 645 5315 et
688 5242 792 5297 lsa.
830 5191 1016 5315 amig
1064 5262 1077 5297 :
1106 5244 1169 5315 Et
1199 5242 1377 5315 πάντα
1401 5245 1469 5315 τά
1501 5242 1623 5315 ἔθνη
1663 5245 1738 5308 ὼς
1782 5244 1993 5314 σταγὼν

459 5310 527 5387 ’σὺ
552 5311 737 5387 κάδον,
773 5313 866 5366 καὶ
882 5312 980 5387 Δώςς
1020 5314 1160 5384 ῥοπὴ
1200 5312 1366 5383 ζυγοῦ
1408 5310 1778 5387 ἐλογίσθησαν.
1829 5310 1987 5369 Cdnl'.

413 5381 580 5435 etiam
619 5383 746 5451 Sap.
770 5399 846 5447 χι,
876 5382 947 5437 22

489 5452 625 5526 (53),
656 5454 1132 5526 Ἐπιπημοσύνῃ.
1181 5452 1402 5526 Rectius
1452 5454 1621 5526 divise
1666 5456 1758 5509 ἐπὶ
1811 5472 1989 5526 πημο-

415 5519 669 5595 σύνῃ.Ἀ.
695 5519 899 5595 mavult
931 5525 1023 5576 ἐπὶ
1053 5519 1295 5595 πημονῇ.
1327 5522 1587 5595 Eumdem
1625 5526 1803 5580 locum
1834 5519 1904 5578 ll."
1934 5527 1986 5578 in

414 5593 697 5666 veriusita
723 5593 939 5666 digerit,
961 5593 1188 5666 utprijni
1208 5593 1330 5646 linis
1352 5594 1422 5647 sit
1442 5595 1675 5666 μάθησιν
1692 5613 1706 5627 ·
1740 5596 1984 5659 secundi,

404 5662 938 5735 πημοσύνῃέῐειιηί,
984 5662 1202 5735 όρμῶνή
1250 5662 1455 5733 quarti,
1495 5662 1738 5735 φύσεως·
1787 5667 1983 5734 quinti,

623 5730 781 5795 δοκεῖ,
811 5730 1078 5803 αἰσχρῶνο
1110 5730 1315 5796 ultimi,
1347 5730 1611 5803 προσέξει.
1648 5735 1806 5789 Sus.

479 5800 591 5873 (34)
615 5803 773 5870 Νοῦς
794 5802 879 5857 δέ.
907 5800 1075 5874 Magis
1100 5804 1275 5873 placet
1297 5800 1421 5866 νοῦς
1443 5821 1499 5858 τε
1521 5822 1533 5834 ι
1568 5807 1806 5876 itemque
1834 5821 1981 5872 mox,

2100 4873 2216 4927 τῶν
2239 4873 2558 4943 κρειττόνων
2575 4873 2584 4877 ⁷
2605 4873 2885 4927 συνέποιτο
2902 4915 2917 4938 ,

2098 4946 2208 5008 τοῖς
2245 4939 2421 5011 λόγοις
2452 4944 2784 5014 ἐποψόμενος
2820 4960 2879 4996 τε
2921 4939 3013 4996 καὶ
3051 4939 3308 5014 ἐλέγξωνο
3349 4941 3474 5014 θερς
3502 4943 3579 4996 ὢν
3604 4961 3683 5006 τις

2099 5014 2428 5083 ἐλεγκτικός.
2474 5032 2492 5063 ι
2525 5011 2703 5075 Forte,
2731 5013 3032 5076 Theodore,
3055 5013 3182 5066 dum
3203 5011 3379 5083 virum
3398 5012 3680 5083 hospitem

2099 5081 2274 5138 tecum
2306 5085 2500 5139 ducere
2527 5085 2707 5139 credis
2727 5125 2741 5145 ,
2774 5084 2931 5136 deum
2960 5083 3253 5151 quemdam
3283 5081 3467 5135 ducis.
3500 5081 3681 5152 inquit

2097 5156 2241 5207 enim
2267 5152 2556 5219 Homerus,
2582 5170 2704 5209 cum
2727 5154 2860 5207 deos
2891 5154 3047 5215 alios,
3085 5162 3196 5223 tum
3217 5153 3472 5223 maxime
3496 5153 3680 5223 hospi-

2097 5225 2259 5277 talem
2288 5223 2448 5277 deum
2475 5225 2616 5278 inter
2648 5224 2899 5277 homines
2919 5263 2932 5287 ,
2963 5223 3054 5291 qui
3093 5222 3228 5289 justi
3254 5222 3483 5288 pudoris
3509 5222 3681 5291 parti-

2096 5295 2242 5362 cipes
2277 5303 2428 5357 sunt,
2477 5295 2704 5352 versari,
2740 5292 2795 5346 et
2825 5292 3496 5362 hominumcontumelias
3536 5295 3681 5362 inju-

2093 5361 2314 5434 riasque
2344 5364 2633 5433 inspicere.
2672 5362 2747 5416 Te
2773 5362 3003 5416 forsitan
3019 5370 3085 5434 _et
3109 5361 3199 5434 hic
3225 5374 3256 5410 e
3286 5363 3504 5434 superis
3536 5361 3681 5434 unus

2095 5432 2202 5487 huc
2227 5431 2465 5488 secutus
2514 5444 2618 5498 est,
2662 5444 2722 5486 ut
2764 5449 2887 5493 nos.
2939 5432 3088 5500 quia
3119 5431 3434 5499 disputandi
3464 5433 3680 5488 ratione

2092 5504 2409 5557 aberramus
2432 5545 2447 5568 ,
2479 5505 2873 5559 animadvertat
2905 5512 3066 5570 atque
3091 5501 3355 5568 corripiat
3384 5518 3399 5555 :
3433 5502 3553 5571 ipse
3589 5520 3679 5557 re-

2089 5572 2425 5643 dargutionis
2456 5576 2609 5629 deus.
2650 5594 2669 5626 ι
2700 5574 2914 5627 llomeri
2947 5574 3121 5636 locus,
3159 5586 3325 5641 quem
3365 5574 3679 5642 respexisse

2088 5642 2298 5698 videtur
2322 5644 2496 5710 Plato,
2527 5653 2703 5699 exstat
2737 5643 2924 5712 Odyss.
2950 5644 3146 5712 I,vers.
3174 5642 3304 5699 269.

2104 4734 2394 4805 συνοπαδὸν
2436 4732 2771 4805 γιγνόμενον.
2826 4733 3009 4805 ὕϐρεις
3044 4750 3101 4805 τε
3150 4733 3240 4805 κει)ἲ
3284 4732 3681 4805 εὐνομίαςῌτῶν

2103 4803 2401 4877 ἀνθρώπων
2435 4799 2691 4877 καθορᾷν.
2716 4805 2860 4877 -Τάχ’
2895 4799 2995 4856 ὀῦν
3043 4802 3108 4877 ἀν
3150 4801 3263 4877 καί-
3285 4801 3372 4877 σοί
3410 4799 3496 4877 et;
3531 4800 3681 4867 οὗτος

2144 4872 2917 4941 ὧνκρειττόνυ›ν’συνέποιτο,
2958 4872 3190 4941 φαύλους
3241 4872 3388 4941 ἡμᾶς
3426 4873 3591 4936 ὄντας
3628 4877 3682 4926 ἐν

2161 5714 2273 5785 (56)
2312 5715 2641 5771 Ξείνοισιν.
2698 5711 2937 5781 Respicit
2983 5711 3171 5780 Odyss.
3206 5714 3266 5773 P,
3302 5729 3448 5768 vers.
3502 5713 3610 5767 690
3656 5731 3673 5770 :

2166 5805 2277 5858 Καί
2300 5822 2363 5860 τε
2394 5804 2516 5861 θεοί
2538 5805 2829 5872 ξείνοισιν
2852 5806 3112 5871 ἐοικότες
3142 5804 3570 5870 ἀλλοδαποῖσι,
