3934 6558
156 389 335 446 i365

1483 390 1913 450 STROMATUM
1947 391 2073 446 LIB.
2105 390 2193 445 ιγ.

3352 378 3513 444 1566

146 512 290 573 τοῖς
321 509 598 565 εἴδεσιν·
624 527 643 561 ι
675 504 785 574 οἷός
815 509 962 564 ἑστιν
999 512 1027 563 ὁ
1050 509 1198 581 ἐντῷ
1230 529 1248 562 ι
1287 510 1569 583 Θεαιτήτῳ
1604 530 1623 564 ι
1659 529 1810 583 κορυ⁴

1918 511 2142 578 similes,
2169 512 2261 582 qui
2286 513 2340 567 in
2369 513 2535 569 urbes
2555 503 2846 567 ventitant.
2872 496 3102 574 Quando
3124 507 3266 562 enim
3298 507 3478 562 anima

155 602 355 669 φαϊος
417 601 566 673 (57)
589 619 603 633 ο
653 595 763 656 οἷον
795 601 1024 675 ἄγγελος
1058 600 1168 673 (58)
1214 601 1315 673 ἤδη
1352 603 1672 673 γενόμενος,
1717 605 1814 657 σὺν

154 692 436 763 Χριστῷ
465 710 544 746 τε
579 693 751 758 ἐσται,
777 692 1110 764 Θεωρητικδς
1138 691 1235 758 ῶν,
1253 696 1340 749 ἀεὶ
1369 695 1434 748 τὸ
1460 694 1701 768 βούλημα
1718 694 1812 749 τοῦ

152 780 326 835 Θεοῦ
377 782 658 848 σκοπῶν,
681 781 761 854 τῷ
786 782 901 837 ὄντι

1915 605 2258 660 transcendit
2315 610 2374 669 >14
2420 604 2856 674 generationem,
2889 610 2941 655 et
2983 615 3079 670 per
3120 614 3178 655 se
3216 600 3400 659 fuerit,
3432 609 3485 652 ct

1918 710 2044 751 cum
2092 695 2284 750 [armis
2318 709 2415 750 seu
2448 695 2586 750 ideis
2616 702 2889 758 versatur,
2943 708 2965 744 ι
3018 691 3194 757 qualis
3224 699 3344 753 est,
3388 691 3482 757 qui

1913 791 2233 862 eorypbmus
2276 789 2477 845 dicitur
2503 789 2559 843 in
2610 788 2889 854 Theceteto,
2938 786 2985 841 is
3024 783 3200 840 factus
3224 793 3482 852 tanquam

159 874 477 945 angelus,
560 876 665 933 erit
704 880 828 933 cu‘m
878 875 1098 933 Christo
1127 921 1143 946 ,
1191 878 1499 934 versabitur
1541 879 1597 933 in
1644 883 2119 953 contemplatione,
2172 898 2383 955 semper
2421 881 2517 938 Dei
2554 883 2885 938 voluntatem
2938 878 3288 935 considerans
3314 892 3354 943 ;.
3391 888 3482 930 re-

160 980 323 1021 vera
382 967 496 1024 hic

255 1078 427 1150 Οἷος
450 1083 582 1155 (59)
599 1086 995 1155 πεπνυμένος,
1014 1088 1099 1140 τοι
1120 1085 1171 1139 δ’
1188 1087 1268 1153 ὠς
1287 1088 1449 1142 σκιαὶ
1468 1089 1812 1146 ἁΐσσουσιν.

170 1196 427 1269 Νεκροὶ
493 1197 613 1268 (60)
668 1196 776 1269 γὰρ
827 1198 953 1263 τοὺς
1009 1199 1215 1254 ἑαυτῶν
1259 1199 1521 1255 θάπτουσι
1572 1204 1813 1276 νεκρούς.

174 1287 375 1342 Ὅθεν
444 1288 730 1361 Ἱερεμίας
783 1290 947 1359 λέγει·
1012 1310 1031 1342 ι
1080 1291 1360 1364 Πληρώσω
1405 1295 1571 1365 αὐτὴν
1612 1296 1818 1367 νεκρῶν

176 1379 480 1462 γηγενῶν
520 1380 653 1453 (6|),
686 1379 779 1445 οὓς
809 1381 1029 1436 ἔπαισεν
1057 1384 1091 1453 ἡ
1130 1384 1266 1455 ὀργή
1312 1401 1435 1455 μου.
1490 1386 1547 1439 'U
1591 1388 1688 1457 μὲν
1726 1384 1818 1441 οὖν

178 1470 339 1536 Θεὸς
380 1470 538 1544 (62),
572 1473 955 1538 ἀναπόδεικτος
998 1473 1094 1540 ῶν,
1136 1477 1235 1530 οὐκ
1284 1476 1428 1532 ἔστιν
1471 1479 1819 1552 ἐπιστημονι-

182 1563 317 1628 κ6ς’
353 1567 390 1618 δ
420 1564 491 1618 δὲ
525 1565 654 1629 Υίδς
683 1564 840 1635 σοφία
855 1566 914 1619 τέ
947 1566 1085 1630 ἑστι,
1115 1569 1209 1621 καὶ
1238 1569 1535 1642 ἐπιστήμη,
1566 1571 1658 1624 καὶ
1687 1571 1819 1642 ἀλή-

2099 1093 2256 1149 Solus
2286 1092 2537 1165 prudens,
2574 1089 2667 1142 isti
2693 1086 2912 1141 volitant
2934 1087 3069 1140 velut
3098 1085 3316 1141 umbra.

1918 1206 2113 1262 Mortui
2160 1206 2303 1260 enim
2345 1202 2613 1273 sepeliant
2666 1208 2913 1255 mortuos
2954 1214 3104 1255 suos.
3154 1197 3308 1254 Unde
3348 1198 3482 1253 dicit
3581 1198 3590 1219 ‘

1916 1299 2222 1355 Jeremias:
2280 1316 2298 1348 ι
2344 1295 2583 1365 lmplebo
2620 1293 2791 1363 ipsam
2827 1293 3057 1347 mortuis
3092 1302 3233 1347 terra
3264 1292 3481 1364 genitis,

1918 1407 2056 1462 quos
2084 1389 2352 1461 percussit
2391 1388 2469 1441 ira
2515 1400 2636 1440 mea
2665 1396 2713 1437 ι.
2760 1402 2780 1435 ι
2821 1386 2994 1455 Atque
3054 1382 3196 1439 Deus
3240 1383 3481 1454 quidem,

1918 1499 2041 1538 cum
2071 1478 2434 1536 demonstrari
2469 1486 2719 1546 nequeat,
2748 1490 2852 1530 non
2883 1483 3062 1545 potest
3098 1490 3219 1531 esse
3244 1475 3482 1531 scientiae

1917 1573 2188 1643 obiectum
2214 1589 2230 1638 ;
2255 1570 2425 1626 Filius
2448 1578 2629 1622 autem
2664 1575 2820 1622 estet
2844 1568 3128 1636 sapientia,
3158 1566 3479 1638 etscientia,

186 1654 353 1719 θεια,
396 1656 511 1709 καὶ
539 1656 640 1710 ὅσα
667 1655 801 1711 ἄλλα
828 1656 1001 1728 τούτῳ
1036 1658 1289 1730 συγγενῆ.
1326 1660 1435 1714 Καὶ
1475 1660 1537 1732 δὴ
1567 1660 1661 1713 καὶ
1688 1661 1810 1714 ἀπό-

1918 1676 1968 1721 et
1998 1665 2214 1730 veritas,
2261 1672 2315 1718 et
2359 1677 2696 1733 quazcunque
2741 1678 2863 1718 cum
2925 1663 3029 1715 hoc
3075 1660 3239 1715 ullam
3282 1660 3486 1714 habent

186 1744 395 1819 δειξιν.
415 1745 569 1818 ἔχει,
597 1748 689 1802 καὶ
716 1746 961 1813 διέξοδον·
995 1749 1166 1802 πᾶσαι
1191 1748 1246 1802 δὲ
1272 1752 1327 1803 αἱ
1366 1750 1621 1822 δυνάμεις
1653 1752 1810 1807 Ilvati-

1919 1756 2318 1827 cognationem.
2391 1752 2705 1819 Quinetiam
2744 1752 2907 1806 habet
2946 1750 3483 1815 demonstrationem,

196 1856 418 1910 ματος,
470 1840 771 1913 συλλήϐδην
804 1839 902 1912 μὲν
932 1840 988 1894 ἐν
1016 1858 1068 1894 τι
1097 1842 1327 1913 πρᾶγμα
1356 1844 1662 1914 γενόμεναι,
1697 1856 1841 1898 συν-⁸

192 1931 481 1986 τελοῦσιν
513 1934 594 1997 είς
619 1933 679 1987 τὸ
707 1933 855 1999 αὐτὸ,
889 1933 979 1987 τὸν
1018 1933 1163 1987 Υίόν⁸
1195 1934 1587 2006 ἀπαρέμφατος
1613 1935 1671 1991 δέ
1703 1938 1818 1991 ἑστι

198 2026 313 2095 τῆς
347 2026 501 2097 περὶ
534 2024 771 2097 ἑκάστης
793 2023 959 2078 αὑτοῦ
988 2024 1095 2077 τῶν
1131 2024 1411 2095 δυνάμεων
1438 2027 1659 2091 ἑννοίας,
1710 2029 1819 2082 Καὶ

195 2115 273 2188 δὴ
302 2117 374 2170 οὐ
422 2118 642 2186 γίνεται
682 2117 919 2188 ἀτεχνῶς
947 2115 1003 2170 ἓν
1043 2116 1118 2180 ὡς
1147 2116 1225 2181 ἓν,
1260 2116 1368 2188 (65)
1398 2119 1518 2172 οὐδὲ
1547 2118 1715 2173 πολλὰ
1742 2122 1829 2184 ὡς.

206 2207 366 2281 μέρη
399 2211 433 2262 ό
468 2209 619 2273 Υἱὸς,
658 2208 771 2263 ἀλλ’
814 2208 889 2272 ῶς
942 2208 1119 2263 πάντα
1157 2209 1233 2262 ἑν*
1282 2208 1432 2263 ἔνθεν
1474 2209 1568 2264 καὶ
1617 2211 1811 2265 πάντα’

202 2300 430 2365 κύκλος
465 2300 577 2373 γὰρ
608 2303 636 2355 ὁ
665 2301 825 2364 αὐτὸς
865 2300 1053 2354 πασῶν
1080 2300 1185 2354 τῶν
1213 2300 1491 2373 δυνάμεων
1532 2304 1612 2366 είς
1658 2303 1715 2356 ἓν
1742 2306 1817 2358 είς

204 2392 513 2464 λουμένων
562 2393 655 2447 καὶ
686 2393 1004 2463 ἑνουμένων·
1040 2392 1128 2445 διὰ
1167 2393 1325 2446 τοῦτο
1374 2413 1392 2446 ι
1441 2396 1485 2446 Α
1522 2396 1616 2448 καὶ
1654 2397 1695 2449 Ω
1730 2416 1749 2448 ι
1787 2398 1815 2449 ὀ

200 2483 397 2552 Λόγος
427 2484 672 2557 εἴρηταιε
703 2481 764 2536 οὗ
801 2484 961 2555 μόνου
990 2484 1051 2537 τὸ
1076 2483 1227 2548 τέλος
1267 2485 1408 2557 ἀρχὴ
1448 2486 1677 2553 γίνεται,
1720 2489 1815 2542 καὶ

203 2574 461 2647 τελευτᾷ
495 2576 657 2631 πάλιν
685 2576 778 2629 ἐπὶ
816 2577 917 2646 τὴν
956 2574 1161 2630 ἀνωθεν
1203 2577 1397 2648 ἀρχὴν,
1428 2577 1662 2649 οὐδαμοῦ
1700 2578 1815 2633 διά-

209 2684 416 2723 στασιν
444 2667 652 2721 λαϐὼν.
687 2667 777 2721 Διὸ
802 2667 867 2739 δὴ
895 2668 985 2720 καὶ
1002 2667 1061 2720 τὸ
1082 2669 1159 2731 εἰς
1174 2667 1332 2720 αὑτὸν
1349 2668 1440 2721 καὶ
1465 2668 1527 2720 τὸ
1555 2667 1619 2721 δι’
1650 2670 1814 2724 αὑτοῦ

212 2758 528 2813 πιστεῦσαι
546 2758 826 2831 μοναδικόν
851 2758 957 2830 (64)
971 2760 1085 2812 ἑστι
1102 2758 1373 2827 γενέσθαι,
1396 2760 1816 2831 ἀπερισπάστως

120 2916 127 2925 ρ
214 2852 527 2923 ἑνούμενον
569 2852 626 2904 ἑν
670 2850 834 2921 αὐτῷ’
885 2850 946 2903 τὸ
984 2850 1039 2903 δὲ
1082 2850 1379 2920 ἀπιστῆσαι
1408 2849 1651 2905 διστάσαι
1677 2853 1813 2916 ἐστὶ,

219 2944 319 2999 κα)⁸
348 2945 657 3015 διαστῆναι,
684 2944 776 2997 καὶ
808 2942 1145 3015 μερισθῆναι.
1185 2962 1203 2993 ι
1245 2942 1345 2996 Διά
1384 2943 1539 2997 τοῦτο
1564 2945 1689 2999 τάδε
1729 2945 1815 2998 λέ-

220 3052 312 3103 γει
343 3036 557 3106 Κύριος
604 3033 731 3105 (65)⁸
785 3035 899 3098 Πᾶς
945 3035 1059 3097 υἱὸς
1104 3032 1413 3106 ἀλλογενὴς,
1447 3036 1814 3108 ἀπερίτμητος

225 3128 456 3200 καρδίᾳ,
488 3128 580 3181 καὶ
602 3126 973 3203 ἀπερίτμητός
1004 3127 1117 3179 ἑστι
1142 3126 1322 3199 σαρκί·
1350 3128 1646 3192 τουτέστιν,
1680 3129 1814 3183 ἀκά-

226 3219 437 3290 θαρτος
466 3218 676 3291 σώματί
723 3236 782 3271 τε
825 3218 918 3271 καὶ
956 3217 1241 3290 πνεύματι’
1309 3220 1410 3273 οὐκ
1452 3220 1813 3275 εἰσελεύσεται

230 3312 313 3373 εἰς
334 3309 408 3364 τὰ
439 3310 570 3377 ἆγια
611 3310 718 3363 ἀπὸ
747 3308 854 3363 τῶν
885 3309 1183 3378 ἀλλογενῶν
1227 3310 1284 3363 ἑν
1332 3310 1480 3382 μέσῳ
1510 3312 1657 3365 οἴκου
1712 3313 1817 3366 Ἰσο

1918 1856 1973 1902 ει
2005 1847 2111 1901 vim
2159 1843 2540 1900 ratiocinandi.
2599 1841 2800 1898 Omnes
2833 1850 3011 1896 autem
3062 1839 3299 1909 Spiritus
3330 1848 3485 1909 pote-

1918 1945 2105 2003 states,
2142 1954 2265 1993 cum
2304 1936 2468 1993 simul
2510 1951 2617 1990 una
2657 1948 2744 1988 res
2782 1931 2939 1987 facta:
2984 1930 3203 1997 fuerint,
3238 1931 3303 1984 ad
3338 1930 3480 1984 idem

1918 2029 2228 2096 conferunt,
2288 2044 2481 2099 nempe
2520 2027 2586 2082 ad
2626 2024 2847 2081 Filium.
2892 2025 2988 2081 Est
3016 2033 3195 2079 autem
3239 2022 3483 2077 inﬁnitus

1917 2137 2245 2194 unaquaque
2279 2136 2501 2177 suarum
2532 2127 2858 2190 potestatum
2889 2118 3128 2173 notione.
3161 2114 3483 2185 Quanquam

1916 2231 2025 2270 non
2054 2216 2126 2269 sit
2158 2230 2284 2269 vere
2320 2230 2513 2279 unum,
2546 2223 2604 2267 ut
2635 2227 2828 2277 unum,
2868 2226 3045 2281 neque
3076 2210 3247 2263 multa
3281 2217 3485 2276 utpar-

1918 2312 1999 2360 tes
2030 2304 2225 2370 Filius,
2258 2305 2351 2359 sed
2394 2313 2452 2357 ut
2479 2303 2663 2358 omnia
2690 2317 2882 2366 unum,
2916 2302 3059 2356 unde
3082 2300 3245 2353 etiam
3277 2296 3481 2351 omnia.

1916 2397 2012 2452 Est
2042 2397 2186 2452 enim
2228 2395 2370 2451 idem
2422 2396 2660 2452 circulus
2694 2394 2937 2449 omnium
2969 2399 3322 2462 potestatum,
3363 2403 3487 2457 qua:

1915 2492 1969 2546 in
1996 2506 2163 2546 unum
2196 2489 2694 2545 circumvolvuntur
2722 2497 2775 2542 et
2804 2485 3087 2540 uniuntur.
3117 2481 3183 2536 Et
3215 2481 3337 2537 ideo
3374 2480 3483 2535 Lo~

1915 2597 2012 2653 gos
2040 2580 2217 2636 dictus
2263 2588 2345 2634 est
2380 2598 2398 2630 ι
2441 2579 2599 2649 alpha
2621 2587 2676 2634 et
2712 2592 2901 2647 omega
2940 2574 2995 2640 δ,
3034 2593 3053 2627 ι
3108 2572 3265 2643 cujus
3310 2572 3484 2627 solius

1916 2673 2041 2728 ﬁnis
2108 2673 2177 2728 sit
2214 2672 2560 2742 principium,
2594 2678 2648 2726 et
2690 2686 2883 2726 rursus
2918 2668 3117 2725 desinit
3152 2667 3206 2721 in
3247 2665 3299 2720 id
3336 2664 3481 2735 quod

1914 2774 1999 2822 est
2031 2774 2187 2819 antea
2236 2765 2587 2834 principium,
2646 2777 2917 2834 nusquam
2966 2761 3281 2816 distantiam
3336 2758 3482 2813 acci-

1914 2859 2070 2930 piens
2098 2867 2152 2914 et
2195 2857 2610 2912 dimensionem.
2652 2853 3016 2923 Quamobrem
3048 2860 3103 2907 et
3136 2853 3189 2906 in
3218 2852 3396 2922 ipsum
3430 2858 3485 2904 et

1914 2965 2012 3020 per
2050 2950 2227 3021 ipsum
2256 2950 2498 3014 credere,
2520 2957 2599 3004 est
2636 2947 2857 3002 unicum
2889 2945 3028 3009 ﬁeri,
3052 2944 3257 3000 scilicet
3290 2944 3344 2997 in
3366 2943 3484 3011 ipso

1916 3043 2182 3099 indivulse
2214 3044 2463 3109 unitum;
2489 3058 2597 3097 non
2623 3041 2843 3097 credere
2872 3049 3075 3104 autem,
3109 3047 3191 3094 est
3222 3036 3482 3100 discerni,

1917 3136 2199 3206 spatioque
2230 3135 2467 3206 disjungi
2492 3144 2546 3189 et
2593 3133 2780 3188 dividi.
2824 3152 2842 3182 ι
2883 3131 3174 3202 Propterea
3202 3130 3324 3185 rhzec
3353 3128 3485 3183 dicit

1912 3224 2173 3279 Dominus
2207 3242 2220 3279 :
2249 3223 2439 3280 Omnis
2463 3223 2605 3279 ﬁlius
2636 3221 2937 3292 alienigena
2962 3229 3045 3275 est
3071 3218 3484 3274 incircumcisus

1910 3315 2095 3381 corde,
2125 3324 2179 3371 et
2216 3315 2629 3371 incircumcisus
2650 3328 2833 3378 carne,
2877 3331 2896 3365 ι
2926 3312 3030 3367 hoc
3057 3320 3141 3366 est
3171 3311 3485 3364 immundus

232 3400 398 3473 ραήλ,
433 3401 544 3456 ἀλλ’
570 3402 602 3474 ἢ
631 3404 680 3455 οἱ
709 3405 945 3457 Λευῖται.
965 3402 1289 3471 Ἀλλογενεῖς
1314 3421 1332 3452 ι
1353 3402 1409 3455 δὲ
1439 3401 1660 3475 εἴρηκεν
1687 3406 1810 3470 τοὺς

1918 3414 1963 3461 et
1980 3421 2208 3475 corpore
2240 3415 2293 3460 et
2326 3406 2556 3476 spiritu,
2602 3424 2621 3457 ι
2673 3420 2782 3459 non
2818 3402 3149 3474 ingredietur
3191 3401 3244 3454 in
3296 3407 3513 3483 sancta.

238 3492 317 3564 μὴ
347 3493 635 3549 πιστεῦσαι
667 3495 1038 3566 βουληθέντας,
1072 3495 1182 3549 ἀλλ’
1216 3496 1461 3548 ἀπιστεῖν
1511 3495 1812 3561 ἐθέλοντας.

233 3584 410 3638 Μόνοι
454 3586 631 3640 τοίνυν
671 3589 719 3640 οἱ
758 3586 1012 3660 καθαρῶς
1055 3586 1293 3659 βιοῦντες
1338 3588 1499 3659 ἱερεῖς
1525 3588 1692 3653 ὅντως
1720 3588 1813 3642 τοῦ

310 3702 372 3760 is
410 3695 472 3752 P.
504 3697 609 3753 635
644 3698 752 3752 ΕΙ).
789 3698 1084 3767 POTTER,
1114 3701 1218 3755 537
1257 3699 1360 3753 ΕΙ).
1396 3699 1615 3757 PARIS.

303 3877 580 3948 Παντοῖοι
602 3877 966 3945 τελέθοντες,
1006 3879 1419 3948 ἐπιστρωφῶσι
1456 3882 1707 3948 πόληας,

212 4000 220 4005 .
318 3946 659 4017 Ἀνθρώπων
688 3949 857 4016 ὕϐριν
896 3966 960 4003 τε
990 3950 1087 4003 καὶ
1132 3946 1419 4019 εὐνομίην
1456 3946 1802 4020 ἐφορῶντες.

308 4038 379 4111 ξι
406 4040 801 4111 diihospitibus
818 4041 1015 4095 similes
1036 4042 1344 4111 peregrinis.

306 4107 952 4180 anifarii’exst'stentes,
975 4107 1249 4166 versantur
1272 4128 1363 4180 per
1384 4112 1635 4178 civitates,

309 4177 599 4233 Hominum
629 4180 811 4251 fasque
845 4181 1097 4252 nefasque
1127 4177 1478 4251 inspicientes.

309 4268 421 4341 (57)
455 4269 803 4341 Κορυφαῖος.
830 4269 982 4325 Plato
1010 4271 1065 4324 in
1095 4270 1354 4325 Theaeteto
1378 4288 1430 4341 p.
1461 4272 1563 4325 137
1593 4291 1605 4326 :
1635 4272 1812 4341 Λέγω-

309 4290 421 4339 rat;
455 4290 803 4338 ηορυφαιος.
833 4290 982 4325 rtato
1010 4290 1065 4324 ιιι
1098 4290 1354 4325 “temeto
1378 4290 1430 4341 p.
1461 4290 1559 4325 121
1593 4291 1605 4326 :
1635 4290 1708 4325 Λε
1746 4290 1811 4326 ω-

238 4355 341 4411 μεν
365 4338 598 4422 δὴκὲπεί
622 4340 703 4393 σοί
734 4356 797 4407 γε
815 4340 1265 4422 δοκεῖ,.τῶν
1293 4342 1635 4422 κορυφαίων..
1662 4361 1680 4393 ι
1710 4290 1811 4422 Bi-

238 4410 427 4489 camus
452 4410 636 4489 igitur,
667 4410 922 4480 quoniam
947 4411 1043 4465 tibi
1073 4410 1302 4478 videtur,
1336 4410 1401 4467 de
1425 4413 1507 4468 his
1546 4412 1639 4482 qui
1661 4413 1812 4481 prin-

239 4488 386 4533 ciues
415 4488 561 4533 sunt.
599 4498 618 4527 1

295 4495 618 4621 Ἐέξιίῗῖἓν.
647 4550 920 4621 ἅγγελος.
966 4550 1205 4621 Resnicit
1254 4549 1392 4606 forte
1433 4550 1622 4606 Matth.
1668 4568 1784 4607 xm

241 4620 310 4673 50
335 4620 479 4695 ξηᾮς
503 4619 851 4695 mango?)
878 4620 1011 4695 Θεοῦ
1045 4619 1104 4674 ἑν
1128 4621 1341 4695 οὐρανῷ
1372 4623 1494 4677 εἱσι.

312 4689 421 4755 (59)
487 4686 642 4755 οἷος.
718 4691 934 4746 Homeri
984 4686 1327 4758 vesus'est,
1369 4707 1436 4746 ex
1498 4690 1689 4762 Odyss.
1735 4694 1802 4751 Κ,

244 4758 503 4813 διιιιυιιο.

290 4775 503 4814 ιιιιυιιο.

314 4828 420 4902 (60)
459 4829 705 4902 Νενιροζ.Δ
729 4830 981 4901 Respicit
1028 4829 1217 4902 Matth.
1271 4830 1511 4902 vrtt,22
1563 4849 1575 4884 :
1640 4832 1811 4902 Ἄφες

242 4899 613 4974 τοῦς-νεκροὺς
647 4899 813 4974 βάψαι
842 4899 968 4974 τους
994 4900 1201 4954 ἑαυτῶν
1226 4901 1472 4974 νεκρούς.

311 4969 420 5037 (61)
448 4968 760 5039 Πληρώσὼ
789 4969 983 5039 αὐτὴν
1004 4987 1130 5023 rex.
1164 4989 1218 5038 τ.
1260 4968 1459 5026 Jei'em.
1496 4987 1688 5036 xxutt,
1725 4972 1759 5026 5
1791 4990 1804 5026 :

244 5040 351 5121 ξ(αῇ
405 5037 686 5121 πληρῶσαι
721 5040 897 5121 αὐτὴν
933 5037 1153 5121 ’νεκρῶν
1176 5037 1310 5121 τῶν,
1345 5040 1664 5121 άνϐρῴπων,
1714 5040 1809 5121 οεδς

245 5106 581 5191 ἑπάταξαὶν
615 5106 903 5234 ὀργηιγιου.
938 5106 1130 5192 Latina
1157 5128 1169 5164 :
1208 5129 1227 5161 ι
1268 5106 1609 5166 Venicutium
1632 5121 1692 5166 ut
1721 5110 1809 5166 di-

246 5188 441 5234 nncent
460 5194 584 5233 cum
618 5180 734 5233 Llia
795 5196 912 5234 seis.
946 5192 1000 5234 et
1029 5180 1292 5234 impleant
1319 5196 1414 5234 eas
1452 5181 1808 5234 cadaveribus

246 5180 441 5234 micent
460 5194 584 5233 cum
618 5180 912 5242 Chaldaeis,
946 5192 1000 5234 et
1029 5180 1292 5242 impleant
1319 5196 1414 5236 eas
1452 5181 1808 5237 cadaveribus

248 5248 543 5313 hominum,
581 5264 720 5317 quos
741 5251 986 5319 percussi
1012 5250 1064 5303 in
1094 5248 1284 5319 lurore
1322 5265 1444 5305 meo
1502 5252 1630 5304 etin
1668 5252 1809 5305 indi-

250 5320 489 5389 gnatione
514 5334 654 5374 mea.
683 5338 703 5370 ι
738 5318 970 5385 Quidam
993 5335 1061 5374 ex
1091 5318 1315 5389 Hebraeo
1345 5321 1805 5389 interpretantur:

256 5408 273 5439 ι
310 5388 563 5444 Dominus
611 5390 750 5444 dixit
790 5390 857 5443 ad
899 5390 1092 5452 domus
1138 5388 1296 5456 Juda,
1343 5405 1466 5459 qua:
1492 5388 1810 5445 destructa:

252 5466 395 5522 sunt;
433 5473 498 5513 eo
534 5461 679 5527 quod
709 5460 1045 5515 habitatores
1076 5475 1263 5514 earum
1305 5469 1593 5525 venerunt,
1628 5469 1687 5514 ut
1725 5459 1810 5513 di-

155 5550 162 5559 ο
251 5529 499 5599 micarent
522 5543 646 5583 cum
669 5528 959 5599 Chaldaeis,
987 5539 1046 5584 ut
1075 5530 1363 5599 implerent
1381 5544 1475 5585 eas
1499 5529 1694 5585 domos
1714 5545 1810 5585 ca-

252 5598 544 5662 daveribus,
572 5608 625 5653 et
654 5600 845 5656 multis
876 5598 1078 5654 Iudaeis
1102 5598 1258 5655 caesis
1287 5599 1578 5666 edicerent,
1615 5607 1676 5654 ut
1700 5600 1805 5653 im-

253 5669 590 5740 plerentur.-_i
621 5668 753 5736 Quae
780 5685 906 5740 vero
927 5670 1089 5740 paplo
1106 5681 1232 5725 ante
1259 5669 1414 5735 dixit,
1452 5687 1470 5720 ι
1501 5685 1687 5725 revera
1708 5670 1807 5731 .hic

256 5732 389 5792 solus
428 5732 685 5807 prudens.
732 5760 752 5789 ι
788 5738 883 5795 Gr.
908 5732 1076 5803 εὈῖος
1103 5732 1462 5807 πεπνυμένος,
1480 5740 1633 5794 τοὶδὲ
1658 5742 1808 5794 σκιαὶ

257 5807 536 5886 diaconum,
570 5808 636 5870 ad
662 5811 1182 5886 v_ersum_pertine_nt
1214 5807 1407 5886 Odyss.
1433 5810 1520 5886 K,_
1540 5811 1607 5886 de
1652 5809 1805 5867 Tire~

260 5878 329 5931 sia
368 5887 504 5946 vate,
547 5897 581 5932 ι.
616 5880 700 5935 cui
734 5880 827 5935 uni
876 5878 1200 5950 Proserpina
1240 5878 1440 5938 dicitur
1488 5881 1705 5945 dedisse
1751 5901 1809 5948 ut

1708 3715 1730 3742 ε
1759 3700 1957 3761 Jerem.
1992 3724 2191 3775 χχχιιι,
2225 3708 2279 3763 5.
2354 3707 2382 3747 δ
2421 3704 2656 3776 Apoc-1.
2693 3704 2746 3761 8-

1910 3514 1975 3552 ex
2004 3497 2320 3569 alienigenis
2356 3499 2411 3552 in
2445 3497 2627 3552 medio
2666 3496 2863 3551 domus
2900 3494 3085 3560 Israel,
3118 3502 3482 3564 prieterquam

1911 3588 2109 3644 Levita:
2154 3590 2204 3643 °.
2273 3589 2617 3659 Alienigenas
2646 3606 2665 3639 ι
2688 3596 2865 3642 autem
2887 3586 3025 3640 dixit
3043 3600 3156 3651 eos,
3180 3583 3273 3654 qui
3297 3582 3486 3638 nolue-

2853 3713 2876 3742 ε
2912 3700 3109 3756 Ezech.
3132 3714 3277 3761 xuv,
3306 3698 3359 3759 9,
3394 3695 3478 3750 l0.

1912 3884 2071 3938 etiam
2096 3882 2384 3938 defunctus
2419 3882 2614 3951 sapiat,
2648 3881 2895 3951 reliquas,
2919 3887 3098 3951 autem
3130 3876 3362 3951 umbras
3385 3889 3480 3929 vo-

1918 3955 2097 4007 litare.
2141 3972 2159 4003 ι
2194 3947 2529 4019 Usurpatum
2567 3959 2652 4019 est
2683 3947 2785 4006 hoc
2817 3949 3009 4019 deinde
3035 3947 3481 4019 ianrysippum

1920 4023 2204 4092 magniﬁce
2233 4015 2377 4092 dese
2404 4015 2747 4092 sentientem,
2773 4029 2833 4072 ut
2864 4017 3029 4073 refert
3062 4016 3212 4092 Diog.
3237 4015 3485 4092 Laertius

1921 4094 1957 4145 Ι.
1991 4085 2087 4157 vit,
2112 4102 2164 4146 et
2189 4092 2241 4145 in
2282 4090 2590 4160 Scipionem
2627 4089 2919 4159 juniorem,
2962 4095 3021 4141 ut
3065 4085 3390 4139 Plutarchus
3428 4085 3483 4138 in

1922 4161 2164 4215 Politicis
2192 4161 2462 4230 prmceptis
2483 4176 2503 4213 :

1989 4271 2124 4341 Οἷος
2157 4275 2469 4337 πέπνυται,
2504 4272 2595 4326 τοὶ
2617 4247 2685 4324 δὲ
2708 4271 2872 4325 σκιαὶ
2908 4271 3253 4324 ἀΐσσουσιν.

1990 4366 2091 4422 Ille
2120 4369 2258 4438 sapit
2288 4367 2451 4430 solus,
2484 4368 2706 4421 volitant
2742 4365 2837 4419 alii
2861 4369 2997 4418 velut
3023 4362 3243 4416 umbrw.

1924 4481 2054 4536 Vide
2076 4480 2333 4535 Proverb.
2367 4481 2456 4542 53,
2482 4488 2623 4533 cent.
2647 4479 2701 4542 5,
2736 4478 2864 4532 chil.
2898 4477 2953 4530 (ἑ.
2989 4476 3259 4529 (Σοιιεοτ.

1985 4551 2097 4620 (62)
2169 4551 2230 4604 Ὀ
2272 4548 2390 4619 μὲν
2433 4546 2548 4605 οὖν
2583 4551 2745 4614 Θεός.
2794 4548 2974 4602 Sancti
3026 4542 3481 4620 Patre_§__t_radunt.

1790 4595 1806 4621 ’
1842 4589 1888 4646 D
1913 4589 2320 4676 De‘umIPatret‘n
2350 4635 2629 4688 nunquam
2669 4589 3006 4688 apparuisse,
3037 4616 3128 4688 sed
3171 4613 3368 4667 Filium
3398 4627 3486 4688 sp:

1914 4692 2047 4748 lum.
2092 4691 2251 4745 Conf.
2284 4689 2346 4743 D.
2396 4682 2535 4744 ΒυΠί
2564 4682 2811 4757 Defensio
2856 4688 2980 4757 ﬁdei
3036 4684 3294 4751 Nicaeum,
3329 4697 3382 4752 p.
3416 4682 3487 4736 90

1913 4762 2043 4817 edit.
2070 4760 2166 4814 fol.
2202 4759 2450 4814 London.

1981 4831 2095 4899 (63)
2140 4832 2250 4884 Ἓν
2272 4830 2352 4896 ὠς
2392 4830 2478 4883 ἓν.
2531 4828 2668 4883 Dicit
2718 4828 2914 4883 Filium
2954 4843 3063 4899 non
3103 4841 3225 4880 esse
3259 4844 3277 4875 ι
3312 4839 3484 4899 unum

1912 4894 2170 4970 tanquam
2201 4894 2391 4963 unum;
2448 4919 2465 4951 ι
2501 4901 2603 4953 hoc
2634 4907 2736 4963 est,
2775 4914 2840 4954 eo
2879 4897 3065 4961 modo,
3102 4911 3212 4964 quo
3238 4909 3325 4947 res
3355 4894 3480 4958 illae,

1911 4987 2031 5040 qua:
2052 4980 2203 5024 certo
2231 4970 2351 5023 loco
2377 4971 2730 5029 deﬁniuntur.
2757 4985 2928 5023 unum
2960 4975 3122 5030 sunt;
3157 4979 3258 5018 nec
3294 4972 3477 5017 tamen

1911 5039 2033 5096 esse
2061 5058 2080 5091 ι
2115 5040 2367 5103 multum,
2401 5059 2419 5091 ι
2456 5054 2550 5094 seu
2584 5040 2769 5093 multis
2817 5039 3061 5099 partibus
3106 5041 3480 5095 constantem;

1911 5110 2006 5165 sed
2039 5110 2093 5164 in
2147 5124 2270 5180 vera
2313 5125 2377 5165 ac
2407 5111 2624 5180 propria
2659 5127 2683 5180 ι
2716 5108 2920 5180 unitate
2960 5106 3142 5161 omnia
3177 5122 3196 5154 ι
3229 5118 3483 5171 compre-

1887 5180 2165 5235 .bendere.
2193 5177 2425 5235 Proinde
2461 5198 2479 5230 ι
2509 5177 2728 5234 eirculo
2768 5197 2786 5229 ι
2831 5178 2981 5231 illum
3013 5181 3326 5242 comparat;
3363 5187 3487 5240 quae

1912 5251 2085 5319 ﬁgura
2115 5265 2212 5305 nec
2254 5251 2467 5305 initium
2518 5264 2617 5303 nec
2651 5251 2811 5319 linem
2842 5247 3025 5307 habet,
3064 5258 3254 5319 verum
3283 5258 3313 5295 a
3341 5257 3485 5319 quo-

1911 5311 2126 5387 cunque
2159 5322 2278 5390 ejus
2304 5327 2505 5389 puncto
2543 5318 2759 5371 initium
2784 5318 3037 5379 ducatur,
3074 5315 3130 5367 in
3154 5313 3345 5366 eodem
3385 5311 3484 5364 de-

1914 5389 2203 5444 sinendum
2234 5400 2335 5444 est.
2374 5389 2551 5457 Atque
2592 5388 2697 5443 hoc
2734 5388 2898 5457 modo
2928 5386 3109 5457 divina
3127 5380 3485 5457 immensitas

1910 5459 2315 5530 quodammodo
2334 5450 2647 5530 adumbrari
2671 5456 2827 5530 solet.
2848 5455 3011 5510 Conf.
3036 5454 3099 5507 D.
3124 5452 3333 5512 Bullus,
3357 5450 3483 5503 libri

1912 5526 2164 5600 superius
2191 5529 2322 5600 dicti
2352 5526 2559 5600 p.189,
2590 5527 2711 5600 tau.

1980 5587 2094 5669 (64)
2122 5587 2677 5669 Μοναδιὲιόν,βοη[.ᾼ
2702 5612 2829 5669 pag.
2865 5596 2990 5669 5335.
3016 5602 3082 5669 et
3118 5606 3239 5662 quae
3271 5591 3343 5645 ibi
3386 5587 3484 5644 ad-

1911 5665 2094 5726 notata
2122 5677 2271 5729 sunt,
2307 5683 2428 5737 pag.
2462 5667 2586 5737 582.
2622 5666 2723 5737 726
2750 5668 2879 5722 edit.
2909 5665 3082 5720 Paris.

1929 5774 1951 5812 :
1981 5741 2097 5812 (65>
2130 5739 2234 5792 Διά
2260 5727 2437 5812 fit???
2468 5735 2616 5812 τάδε
2646 5736 2833 5812 λέγεις
2853 5737 3101 5812 K612:ch-
3139 5732 3300 5812 Yulg,
3336 5727 3478 5783 Bibl.

1912 5804 2111 5866 Ezecb.
2144 5824 2305 5864 xuv:
2337 5807 2498 5874 Λέγει
2533 5804 2759 5860 Ἀδωναὶ
2786 5806 2989 5878 Κύριος
3010 5804 3214 5878 όλΘεός·
3246 5810 3299 5856 et
3330 5813 3480 5878 mox,

1911 5885 2279 5962 ἀπερίτμητος
2304 5868 2485 5949 σαρκὶ,
2527 5879 2731 5947 absque
2753 5868 2918 5937 verb'o
2947 5868 3079 5931 ἔστι·
3110 5876 3257 5939 dein,
3297 5871 3376 5934 εἰς
3412 5868 3493 5929 τὰ-
