3982 6302
1636 688 2578 820 ELENCHUS

798 1158 1301 1254 OPERUM
1347 1165 1624 1279 ρυλε
1679 1168 1794 1250 IN
1851 1166 2099 1253 HOC
2155 1101 2499 1254 ΤοΜο
2557 1169 3431 1304 CONTINENTUR.

1093 1566 3126 1616 Mirm

618 1974 875 2046 Eusebii
909 1981 1218 2064 Pamphili
1257 1982 1401 2044 libri
1439 1987 1721 2063 quatuor
1749 1983 1827 2044 de
1859 1984 1982 2044 viti
2015 1982 2442 2046 Constantini.
3225 1987 3344 2048 col.
3552 1990 3591 2048 9

621 2083 1024 2148 Constantini
1061 2084 1316 2150 decreta
1348 2091 1410 2148 et
1440 2086 1949 2149 constitutiones.
3512 2093 3591 2152 93

620 2185 1022 2247 Constantini
1057 2188 1276 2267 magni
1312 2189 1678 2251 conciones.
3474 2195 3594 2256 399

617 2285 1015 2348 Constantini
1047 2287 1262 2367 Magni
1292 2289 1602 2367 epistolae.
3472 2293 3590 2353 1:77

622 2387 1057 2466 Panegyricus
1085 2389 1487 2454 Constantini
1518 2396 1781 2454 auctore
1807 2393 2104 2456 Nazario.
3473 2394 3584 2455 581

619 2489 991 2570 Panegyrici
1047 2494 1295 2551 veteres
1347 2491 1431 2552 ab
1481 2491 1623 2552 aliis
1676 2491 2095 2553 Constantino
2130 2491 2300 2554 dicti.
2497 2572 2499 2574 η
2571 2516 2576 2522 ο
3466 2495 3587 2555 609

619 2589 1033 2652 Monumenta
1083 2596 1298 2654 vetera
1340 2592 1416 2652 ad
1471 2591 1802 2654 historiam
1853 2594 2319 2656 donatistarum
2376 2597 2781 2676 pertinentia.
3472 2593 3594 2654 673

619 2695 937 2773 Anonymi
967 2693 1376 2757 ltinerarium
1406 2694 1900 2776 Burdegalense.
3473 2697 3594 2756 783

619 2793 680 2853 S.
713 2793 1017 2857 Silvester
1046 2811 1232 2874 papa.
3471 2797 3591 2858 795

619 2888 682 2951 S.
714 2891 972 2955 Marcus
1003 2911 1189 2975 papa.
3469 2899 3590 2961 8&9

619 2994 682 3054 S.
712 2995 923 3057 Julius
956 3012 1118 3075 papa
1148 2996 1200 3057 1.
3469 3000 3590 3060 857

626 3088 938 3158 Victorini
969 3097 1133 3159 liber
1157 3096 1237 3160 ad
1263 3097 1588 3160 Justinum
1629 3098 2076 3164 manichmum.
3474 3103 3596 3163 999

619 3203 922 3284 Ejusdem
951 3209 1262 3268 tractatus
1291 3205 1366 3268 de
1395 3208 1643 3270 verbis:
1669 3205 1922 3269 Factum
1950 3218 2034 3269 est
2062 3225 2305 3288 vespere
2339 3217 2393 3269 et
2422 3225 2594 3269 mane
2626 3203 2754 3268 dies
2782 3223 2967 3266 unus.
3435 3205 3592 3264 1009

615 3303 877 3364 Candidi
907 3303 1132 3365 Ariani
1161 3304 1323 3366 liber
1347 3305 1424 3368 de
1453 3307 1869 3385 generatione
1896 3307 2135 3370 divina.
3444 3307 3597 3367 1013

621 3406 931 3468 Victorini
963 3407 1123 3469 liber
1148 3409 1223 3470 de
1249 3409 1662 3487 generatione
1689 3410 1886 3471 divini
1916 3411 2131 3472 Verbi.
3438 3407 3596 3467 1019

613 3510 873 3575 Candidi
905 3512 1127 3574 Ariani
1160 3513 1432 3592 epistola
1460 3513 1536 3575 ad
1570 3513 1992 3576 Victorinum.
3442 3509 3603 3568 1035

621 3614 933 3676 Victorini
962 3616 1273 3679 adversus
1303 3615 1527 3678 Arium
1560 3615 1703 3678 libri
1733 3621 2036 3695 quatuor.
3441 3612 3599 3672 1039

612 3714 908 3796 Ejusdem
940 3721 1244 3780 tractatus
1273 3718 1349 3780 de
1375 3729 1700 3774 omoomn.
3441 3713 3595 3772 1137

616 3817 916 3898 Ejusdem
943 3817 1019 3881 de
1047 3818 1358 3881 Trinitate
1387 3818 1605 3900 hymni
1637 3825 1790 3882 tres.
3445 3814 3602 3873 1139

623 3919 924 4002 Ejusdem
960 3922 1104 3983 libri
1136 3921 1263 3984 duo
1294 3922 1360 3983 in
1387 3923 1720 4001 epistolam
1757 3921 1837 3984 ad
1869 3923 2152 3986 Galatas.
3444 3918 3604 3980 1M5

618 4021 919 4102 Ejusdem
955 4021 1118 4083 liber
1145 4022 1206 4084 in
1241 4023 1576 4101 epistolam
1605 4022 1682 4086 ad
1713 4024 2171 4103 Philippenses.
3444 4021 3602 4081 1197

613 4121 912 4200 Ejusdem
952 4121 1095 4183 libri
1133 4123 1260 4184 duo
1296 4126 1357 4183 in
1387 4123 1738 4200 Epistulam
1781 4125 1860 4186 ad
1901 4124 2228 4204 Ephesios.
2873 4169 2877 4173 .
3447 4121 3604 4181 1235

627 4222 926 4303 Ejusdem
956 4223 1122 4286 liber
1145 4224 1222 4285 de
1243 4223 1553 4304 Physicis.
3443 4222 3602 4281 19.95

627 4325 820 4386 Osius
851 4324 1292 4386 cordubensis.
3447 4322 3603 4385 1309

628 4426 922 4489 Liberius
953 4443 1143 4506 papa.
1184 4462 1258 4472 -—
1289 4427 1610 4508 Epistulae,
1645 4426 1812 4488 dicta
1847 4432 1904 4487 et
1937 4432 2138 4506 gesta.
2739 4485 2748 4496 ,
3447 4422 3596 4483 1351

625 4526 893 4592 Potamii
924 4533 1230 4590 tractatus
1263 4529 1339 4589 de
1371 4529 1638 4592 Lazaro.
3448 4523 3598 4584 1411

625 4630 925 4710 Ejusdem
955 4635 1263 4693 tractatus
1293 4632 1372 4693 de
1402 4633 1710 4712 martyrio
1739 4632 1939 4694 lsaiw.
3445 4627 3603 4687 1’415

624 4730 923 4810 Ejusdem
957 4731 1225 4810 epistola
1257 4731 1335 4794 ad
1367 4731 1814 4796 Athanasium.
3443 4727 3599 4788 15116

1906 5085 2315 5152 ERRATUM.

1040 5285 1156 5344 Col.
1190 5286 1280 5353 85,
1310 5285 1404 5342 lin.
1440 5284 1474 5341 5
1508 5303 1520 5339 :
1552 5299 1725 5352 cons;
1773 5284 1874 5357 leg.
1917 5299 2016 5339 cun
2047 5323 2061 5349 ,
2108 5299 2205 5354 pro
2229 5299 2328 5339 con
2349 5298 2436 5336 cu.
