3982 6302
449 271 509 327 η
1774 264 2018 326 EUSEBI

2130 264 2407 327 astrum
3680 272 3746 329 ιε

450 385 897 457 splendidissime
948 384 1083 441 lucis
1127 384 1265 440 stola
1296 401 1309 439 :
1343 399 1569 457 eamque
1602 400 1706 440 non
1740 384 1852 455 jam
1885 380 2117 440 brevi-A
2139 383 2441 460 stantipus,
2476 382 2713 439 evidenti
2759 383 3013 458 suffragio
3060 386 3450 460 comprobavit,
3481 385 3612 443 dum
3668 389 3744 444 illi

452 480 712 552 temporis
749 480 1018 535 curriculo
1064 479 1117 534 in
1156 477 1243 534 his
1271 478 1487 535 caducis
1530 478 1750 534 sedibus
1772 477 2042 545 volutari,

450 573 545 629 sed
570 588 771 629 corona
816 582 1075 645 perpetuo
1122 574 1335 630 virente
1359 617 1373 641 ,
1422 583 1477 629 et
1508 571 1797 628 immortali
1837 570 1945 626 vita
1980 586 2044 627 ac

450 665 610 723 beato
641 681 756 721 :evo
784 665 1033 722 donatam
1062 681 1182 723 esse
1209 666 1455 738 intelligo
1487 686 1498 719 :
1530 675 1709 721 mutus
1750 665 1962 731 haereo,
1994 674 2047 719 et

452 757 647 829 lingua:
673 757 1003 831 rationisque
1036 774 1134 814 usu
1166 760 1377 830 penitus
1403 758 1715 815 destitutus.
1748 759 1825 813 Ac
1846 772 2043 813 vocem

449 850 663 921 quidem
695 850 938 922 proferre
964 852 1163 907 nullam
1194 866 1412 922 possum
1447 869 1461 907 :
1495 851 1589 908 sed
1616 868 1794 907 meam
1821 852 1935 922 ipse
1968 861 2044 907 te-

449 944 707 1001 nuitatem
734 943 876 1000 ultro
916 945 1311 1011 condcmnans,
1336 943 1585 1015 mihique
1613 945 1728 1017 ipse
1755 944 2035 1001 silentium

450 1034 715 1105 indicens,
747 1036 882 1094 cedo
908 1037 1103 1109 potiori
1128 1038 1222 1093 has
1238 1045 1444 1108 partes,
1470 1046 1533 1093 ut
1562 1053 1658 1108 pro
1680 1040 1886 1094 meritis
1910 1052 2040 1094 con-

447 1146 608 1203 gruas
638 1129 827 1188 laudes
853 1139 1135 1201 expromat
1166 1149 1178 1183 :
1209 1129 1285 1185 illi
1315 1130 1520 1186 scilicet
1550 1130 1642 1202 qui
1669 1146 1792 1187 cum
1820 1132 2043 1187 immor-

450 1223 572 1281 talis
599 1225 741 1281 Deus
768 1224 839 1281 sit
865 1239 929 1280 ac
958 1224 1054 1280 Dei
1094 1239 1309 1293 sermo,
1350 1223 1498 1280 solus
1540 1238 1637 1281 sua
1681 1223 1853 1296 ipsius
1897 1224 2041 1281 dicta

450 1317 665 1375 ﬁrmare
693 1326 748 1375 et
773 1326 889 1374 rata
919 1315 1098 1374 facere
1126 1326 1328 1390 potest.

1068 1431 1295 1489 CAPUT
1332 1433 1421 1489 ΙΙΙ.

1068 1432 1199 1488 CAP
1254 1433 1295 1488 T
1332 1433 1421 1489 ΙΙΙ.

447 1526 525 1582 De
553 1525 662 1581 Deo
688 1526 798 1598 pios
832 1526 1087 1598 principes
1118 1432 1400 1581 hongrante
1425 1535 1472 1581 et
1516 1534 1760 1597 tyrannos
1783 1526 2037 1596 puniente.

513 1640 649 1697 Cum
668 1641 819 1696 enim
860 1639 1193 1712 prmdixerit,
1226 1654 1321 1696 eos
1364 1654 1394 1694 a
1422 1637 1619 1709 quibus
1646 1639 1823 1697 cultus
1854 1649 1909 1696 et
1938 1638 2039 1694 ho-

442 1745 663 1793 noratus
689 1735 915 1801 fuisset,
944 1736 1195 1791 maximis
1224 1734 1462 1806 praemiis
1504 1750 1539 1790 a
1585 1750 1645 1791 se
1681 1735 1921 1792 vicissim
1946 1749 2038 1790 re-

442 1830 804 1887 munerandos
833 1844 982 1899 esse;
1018 1829 1138 1886 illos
1168 1844 1296 1886 vero
1323 1828 1411 1900 qui
1441 1844 1498 1884 se
1528 1827 1712 1884 hostes
1743 1839 1902 1899 atque
1930 1826 2033 1882 ini-

444 1922 611 1981 micos
638 1924 807 1995 ipsius
853 1922 1078 1994 professi
1104 1932 1325 1990 essent,
1358 1922 1709 1993 sibimetipsis
1734 1919 2033 1991 perniciem

440 2027 738 2085 creaturos,
768 2018 1154 2086 promissorum
1182 2029 1245 2071 ac
1264 2015 1550 2072 verbomm
1578 2030 1800 2071 suorum
1830 2014 2035 2069 verita-

440 2120 547 2167 tem
571 2110 682 2181 jam
714 2109 841 2165 inde
866 2109 934 2164 ab
964 2108 1065 2164 hac
1112 2110 1225 2163 vita
1250 2108 1642 2179 comprobavit.
1676 2106 1890 2178 Quippe
1920 2108 2027 2160 im-

439 2203 647 2274 piorum
686 2201 901 2273 quidem
940 2200 1147 2273 Deique
1193 2200 1625 2256 adversariorum
1677 2210 2030 2273 tyrannorum

438 2293 827 2350 abominandos
855 2294 1035 2349 exitus
1074 2292 1230 2349 nobis
1270 2294 1340 2349 ob
1367 2293 1555 2349 oculos
1578 2293 1865 2363 preposuit
1903 2310 1915 2347 :
1942 2293 2029 2346 fa-

439 2386 586 2441 mulo
602 2396 780 2443 autem
798 2402 898 2442 suo
910 2402 1016 2443 non
1031 2388 1195 2443 vitam
1213 2387 1413 2454 solum,
1427 2388 1779 2444 verumetiam
1798 2395 2028 2441 mortem

433 2476 796 2534 felicissimam
823 2487 882 2535 et
909 2480 1156 2535 maximis
1194 2478 1442 2535 laudibus
1470 2479 1683 2550 dignam
1731 2476 1975 2548 prmstitit
2008 2494 2022 2530 :

431 2572 567 2627 adeo
599 2582 654 2627 ut
693 2572 810 2629 bzcc
849 2575 1011 2629 etiam
1038 2574 1280 2629 omnium
1312 2583 1655 2643 posterorum
1678 2570 2026 2628 sermonibus

428 2664 715 2733 celebrari,
734 2680 835 2721 nec
854 2673 1062 2721 tantum
1084 2665 1324 2731 caducis,
1343 2668 1439 2721 sed
1455 2666 1617 2720 etiam
1634 2663 2026 2720 immortalibus

429 2758 723 2815 honoribus
741 2756 882 2813 afﬁci
903 2759 1176 2814 meruerit.
1192 2756 1496 2813 Mortalium
1514 2759 1728 2828 quidem
1743 2772 1911 2828 genus
1930 2771 2023 2812 so-

427 2853 557 2907 latio
588 2853 768 2925 aliquo
795 2851 988 2907 letiferi
1022 2852 1269 2907 interitus
1309 2852 1646 2922 excogitato,
1694 2850 2024 2906 consecratis

427 2944 769 3017 imaginibus,
787 2953 1040 3017 tanquam
1059 2945 1453 3001 immortalibus
1471 2944 1766 3001 honoribus
1780 2943 2025 3014 superio—

426 3055 545 3096 rum
570 3039 844 3095 hominum
872 3039 1161 3094 memorias
1186 3038 1371 3094 colere
1399 3038 1616 3093 solitum
1663 3047 1766 3093 est.
1820 3038 1885 3092 Et
1930 3036 2023 3091 alii

422 3130 638 3202 quidem
662 3130 994 3187 adumbratis
1016 3129 1335 3187 encaustica:
1354 3131 1577 3200 pictura:
1593 3128 1896 3196 coloribus;
1928 3126 2018 3184 alii

422 3225 673 3282 inanimis
703 3226 944 3281 materia:
970 3224 1250 3295 sculptura
1294 3222 1701 3279 similitudinem
1737 3222 2020 3278 hominum

420 3320 814 3389 exprimentes;
853 3317 1068 3390 quidam
1097 3320 1150 3372 in
1179 3317 1370 3389 ligneis
1413 3329 1507 3373 aut
1551 3316 1777 3388 lapideis
1828 3316 2019 3372 tabulis

420 3410 628 3467 litteras
653 3411 814 3466 altius
839 3410 1157 3476 incidentes,
1188 3424 1376 3465 eorum
1414 3423 1550 3480 quos
1573 3408 1823 3465 colebant
1848 3408 2020 3465 virtu-

420 3515 526 3560 tem
568 3503 634 3558 ad
674 3514 930 3559 aeternam
956 3501 1291 3573 posteritatis
1334 3502 1652 3558 memoriam
1695 3516 2018 3560 consecrare

418 3586 786 3652 instituerunt.
820 3593 1023 3650 Verum
1058 3593 1175 3649 haec
1200 3594 1383 3649 omnia
1414 3593 1647 3661 caduca,
1678 3602 1733 3649 et
1758 3595 2016 3663 temporis

416 3685 805 3758 longinquitate
837 3686 1153 3755 pereuntia;
1184 3694 1373 3756 utp0te
1405 3700 1523 3758 qum
1553 3685 1859 3741 mortalium
1888 3701 2012 3742 cor-

415 3792 603 3846 porum
636 3776 879 3846 figuram,
913 3793 1017 3830 nou
1046 3775 1367 3831 immortalis
1388 3776 1552 3830 animi
1583 3775 1811 3830 formam
1834 3778 2012 3846 expri-

411 3879 644 3926 merent.
679 3869 805 3926 Huc
836 3878 1014 3925 tamen
1044 3867 1298 3924 sufﬁcere
1321 3867 1384 3923 iis
1407 3868 1742 3935 videbantur,
1779 3869 1867 3939 qui
1890 3876 2012 3939 post

414 3964 574 4035 hujus
603 3963 846 4020 mortalis
870 3963 993 4019 vita:
1027 3964 1230 4019 exitum
1283 3963 1481 4019 nullius
1510 3977 1671 4032 spem
1717 3962 1844 4018 boni
1888 3963 2010 4018 ani-

412 4072 501 4111 mo
526 4063 905 4126 conceperant.
928 4054 1070 4111 Deus
1092 4070 1242 4121 vero,
1267 4055 1411 4111 Deus
1438 4057 1674 4127 inquam,
1704 4054 2009 4111 communis

411 4146 652 4203 ninnium
698 4164 877 4204 rerum
921 4148 1216 4217 Servator,
1267 4149 1358 4219 qui
1410 4150 1628 4220 pietatis
1675 4149 2006 4205 amatoribus

407 4241 612 4312 majora
642 4257 801 4311 quam
831 4256 951 4312 quae
979 4242 1307 4312 cogitatione
1336 4241 1615 4298 hominum
1647 4240 2006 4309 comprehen-

406 4335 458 4392 di
490 4336 714 4406 possint,
748 4334 889 4405 apud
920 4350 979 4390 se
1024 4335 1330 4392 recondidit
1357 4337 1524 4399 bona,
1556 4334 1821 4404 primitias
1850 4333 2000 4390 futu-

404 4443 585 4483 rorum
616 4429 961 4498 prtemiorum
992 4427 1045 4483 in
1070 4440 1407 4484 antecessum
1435 4428 1589 4499 quasi
1618 4429 1810 4499 pignus
1831 4428 1923 4484 dat
1947 4428 2001 4484 in

2150 490 2259 528 non
2291 474 2453 553 modo
2480 475 2538 531 in
2579 475 2835 546 exordio,
2867 480 2963 535 sed
2995 481 3155 536 etiam
3188 481 3241 536 in
3274 496 3559 553 progressu
3595 490 3650 537 et
3692 482 3743 536 in

2147 565 2254 623 fine
2298 562 2511 638 imperii
2556 585 2777 641 semper
2814 573 3083 643 propitius
3122 574 3498 645 benignusque
3542 573 3741 641 adfuit,

2146 661 2349 730 quippe
2378 677 2542 732 quem
2577 663 2813 718 humano
2843 667 3025 735 generi
3058 666 3123 719 ad
3151 665 3319 721 divini
3363 666 3539 720 cultus
3581 665 3746 720 infor-

2147 756 2439 812 mationem
2472 767 2849 827 proposuerat.
2886 758 3038 814 Hunc
3062 770 3209 816 certe
3256 776 3419 816 unum
3469 777 3533 815 ex
3565 760 3742 816 omni-

2148 846 2246 901 bus
2274 863 2410 919 quos
2446 865 2680 921 unquam
2730 850 3008 906 auditione
3053 855 3361 924 accepimus
3408 853 3747 924 imperatori-

2147 939 2266 1007 bus,
2288 942 2434 997 velut
2451 942 2811 999 clarissimum
2835 943 3104 1014 quoddam
3120 945 3298 1015 jubar,
3318 956 3372 1001 et
3388 946 3535 1003 velut
3555 962 3747 1016 quem-

2147 1035 2271 1091 dam
2303 1052 2449 1092 verte
2495 1036 2768 1108 religionis
2805 1052 3108 1108 prwconem
3141 1039 3373 1094 maxima
3404 1055 3534 1096 voce
3572 1040 3746 1095 incla-

2147 1136 2419 1195 mantcm,
2471 1126 2774 1185 innumeris
2817 1129 2872 1185 in
2902 1144 3024 1185 eum
3056 1131 3325 1202 congestis
3363 1131 3552 1201 bonis,
3595 1132 3745 1188 desi-

2144 1222 2349 1292 guavit.

2775 1294 3005 1352 CAPUT
3045 1295 3111 1351 V.

2189 1384 2341 1452 Quod
2365 1401 2471 1441 xxx
2505 1386 2710 1454 quidem
2736 1392 2886 1443 annis
2911 1391 3137 1460 regnavit
3166 1405 3185 1444 :
3211 1390 3333 1445 vixit
3363 1399 3531 1445 autent
3558 1391 3703 1462 plus-

2806 1496 2959 1549 quam
2999 1497 3086 1537 ιι.

2217 1586 2296 1643 Ac
2325 1595 2535 1660 tempus
2574 1590 2793 1661 quidem
2832 1591 3047 1662 imperii
3080 1592 3290 1664 ipsius,
3337 1595 3509 1653 tribus
3540 1598 3744 1655 denum

2145 1694 2413 1739 annorum
2438 1682 2659 1739 circulis
2680 1684 2946 1741 absolutis
2985 1696 3041 1743 et
3081 1687 3357 1759 aliquanto
3384 1691 3615 1761 amplius
3645 1690 3743 1748 ho-

2068 1779 2119 1841 B
2147 1777 2386 1843 noravit;
2421 1778 2585 1833 totius
2610 1788 2790 1834 autem
2816 1779 2943 1834 vitm
2976 1789 3187 1851 tempus
3215 1797 3377 1852 quam
3404 1781 3546 1838 inter
3570 1783 3741 1839 homio

2144 1883 2239 1923 nes
2264 1869 2437 1938 duxit,
2473 1869 2638 1941 duplo
2659 1871 2863 1943 majore
2886 1873 3064 1943 spatio
3088 1875 3532 1947 circumscripsit.
3573 1876 3745 1933 Porro

2138 1975 2261 2017 cum
2291 1961 2541 2019 eumdem
2568 1964 2712 2019 velut
2747 1964 3036 2036 imaginem
3055 1966 3382 2022 monarchiat
3406 1983 3519 2023 sua;
3546 1983 3745 2039 propo-

2142 2071 2272 2112 nere
2302 2058 2482 2125 vellet,
2534 2060 2795 2116 victorem
2839 2076 2961 2115 cum
2993 2062 3169 2117 omnis
3219 2062 3483 2133 tyrannici
3522 2065 3737 2133 generis

2134 2149 2422 2220 praestitit,
2453 2160 2509 2207 et
2537 2151 2824 2224 impiorum
2853 2153 3140 2225 Gigantum
3171 2155 3592 2224 exstinctorem,
3642 2157 3737 2227 qui

2136 2240 2438 2312 desperata:
2488 2246 2688 2300 mentis
2739 2245 2963 2301 audacia
3010 2247 3266 2318 impuisi,
3318 2259 3506 2303 comw
3559 2250 3741 2319 ipsum

2137 2334 2305 2391 Deum
2337 2352 2607 2394 summum
2638 2341 2879 2394 omnium
2911 2338 3111 2410 Regem
3157 2341 3451 2412 impietatis
3476 2342 3743 2399 vexillum

2134 2430 2483 2486 sustulerant.
2516 2431 2719 2489 Verum
2761 2434 2813 2487 hi
2860 2433 3078 2505 quidem
3109 2449 3232 2490 cum
3276 2446 3558 2493 momento
3603 2447 3743 2495 tem-

2135 2520 2281 2590 poris
2323 2523 2666 2591 extitissent,
2700 2537 2975 2585 momento
3013 2544 3228 2599 quoque
3271 2545 3334 2585 ac
3374 2530 3522 2586 dicto
3570 2533 3736 2590 citius

2128 2614 2382 2669 exstincti
2415 2627 2557 2672 sunt.
2588 2617 2879 2675 Famulum
2912 2632 3090 2676 autem
3130 2639 3285 2678 suum
3318 2624 3458 2681 Deus
3484 2628 3574 2698 qui
3599 2643 3741 2685 unus

2131 2722 2216 2767 est
2242 2727 2308 2768 ac
2333 2713 2502 2779 solus,
2541 2728 2662 2768 cum
2692 2714 2868 2770 solum
2899 2715 3163 2772 adversus
3194 2719 3394 2775 multos
3418 2720 3596 2776 divina
3636 2737 3737 2778 ar-

2130 2813 2339 2862 matura
2374 2808 2686 2875 muniisset,
2741 2809 2966 2881 ejusque
3006 2826 3172 2882 opera
3222 2813 3411 2869 orbem
3465 2824 3734 2871 terrarum

2132 2895 2423 2967 impiorum
2452 2897 2730 2954 hominum
2763 2901 3106 2958 multitudine
3135 2903 3417 2960 liberatqu
3441 2920 3733 2977 repurgas-

2120 2999 2233 3055 set,
2268 2988 2448 3044 cultus
2473 2992 2556 3046 sui
2587 2991 2900 3063 magistrum
2944 2995 3212 3050 universis
3234 2996 3485 3067 gentibus
3520 2998 3735 3054 consti-

2128 3081 2258 3143 tuit;
2286 3081 2434 3136 clara
2464 3097 2596 3138 voce
2617 3086 2826 3140 cunctis
2852 3086 3195 3143 audientibus
3224 3098 3534 3158 testantem,
3559 3105 3620 3146 se
3639 3108 3737 3149 ve-

2044 3175 2097 3241 α
2129 3186 2249 3226 rum
2272 3173 2487 3244 quidem
2506 3175 2681 3231 Deum
2711 3192 3024 3248 agnoscere,
3051 3180 3307 3238 falsorum
3334 3192 3513 3241 autem
3538 3183 3732 3243 Numi-

2127 3277 2257 3319 nttm
2288 3280 2530 3322 errorem
2563 3270 2823 3325 aversari.

2746 3382 2979 3443 CSPUT
3015 3387 3103 3445 Vl.

2126 3493 2278 3562 Quod
2303 3493 2400 3552 Dei
2427 3498 2632 3568 quidem
2659 3500 2906 3571 famulus,
2930 3502 3156 3572 gentium
3174 3512 3341 3557 autem
3362 3504 3521 3559 victor
3538 3504 3723 3577 fuerit.

2194 3610 2264 3665 Et
2296 3610 2385 3667 hic
2413 3612 2630 3682 quidem
2657 3621 2911 3684 tanquam
2939 3615 3114 3670 bonus
3144 3630 3208 3671 ac
3234 3616 3406 3673 ﬁdelis
3431 3633 3642 3687 servus,
3668 3620 3726 3676 id

2119 3701 2230 3771 egit
2255 3718 2319 3759 ac
2346 3704 2694 3773 praedicavit;
2728 3721 2943 3761 servum
2971 3723 3031 3763 se
3056 3708 3228 3777 palam
3255 3711 3562 3781 nominans,
3582 3728 3729 3768 sum-

2118 3794 2299 3863 tnique
2321 3794 2483 3865 Regis
2510 3794 2770 3851 famulum
2796 3797 3036 3854 sefateri
3067 3816 3173 3854 non
3196 3802 3543 3857 erubescens.
3578 3804 3723 3860 Deus

2117 3901 2246 3943 vero
2275 3892 2517 3971 protinps
2549 3890 2723 3960 ipsum
2767 3903 3172 3958 remuneratus,
3207 3894 3495 3951 Dominum
3521 3912 3585 3952 ac
3607 3897 3722 3953 vic-

2118 3993 2322 4052 torem,
2378 3986 2665 4056 solumque
2703 4002 2769 4041 ex
2815 3988 3065 4042 omnibus
3097 3988 3187 4057 qui
3216 4003 3449 4058 unquam
3501 3990 3721 4046 fuerunt

2116 4077 2553 4148 imperatoribus,
2586 4094 2800 4149 semper
2825 4079 3079 4134 invictum
3106 4090 3267 4150 atque
3297 4080 3714 4150 insuperabilem

2114 4171 2361 4238 prmstitit
2390 4188 2401 4223 :
2433 4182 2488 4225 et
2524 4172 2594 4225 ob
2625 4172 2878 4227 victorias
2907 4186 2970 4227 ac
3002 4183 3201 4243 tropaea
3244 4181 3449 4228 tantum
3476 4174 3715 4245 impera-

2114 4277 2284 4323 torem
2315 4284 2436 4324 eum
2468 4267 2670 4336 eifecit,
2701 4277 2958 4341 quantum
2984 4285 3144 4325 nemo
3176 4285 3412 4341 unquam
3443 4271 3714 4339 superiori

2110 4360 2368 4447 memqria
2399 4360 2573 4417 ullum
2600 4362 2845 4419 extitisse
2868 4364 3211 4429 recordatur;
3245 4364 3379 4419 adeo
3401 4362 3613 4420 felicem
3653 4374 3713 4421 et

2111 4453 2221 4508 Deo
2244 4469 2450 4519 carum,
2474 4455 2611 4511 adeo
2642 4456 2786 4525 pium
2815 4472 2879 4511 ac
2910 4456 3237 4512 fortunatum
3257 4499 3271 4523 ,
3297 4470 3354 4512 ut
3379 4457 3559 4528 plures
3589 4459 3711 4530 qui-

405 4520 509 4576 hoc
549 4522 782 4587 satculo;
830 4519 1218 4575 immortalium
1265 4536 1445 4576 rerum
1476 4536 1631 4593 spent
1677 4520 1997 4577 mortalibus
2022 4570 2079 4637 Β
2106 4544 2230 4601 dem
2263 4558 2449 4616 gemes
2473 4564 2537 4602 ac
2566 4519 2812 4605 "mones
2835 4550 3204 4620 quampriores
3229 4519 3583 4620 ίέηρθὲδωτθε
3605 4519 3711 4607 ‘sub

408 4615 570 4637 -....I!..
610 4613 999 4637 ---..μ1....---.Α,1Α
1033 4613 1290 4637 ..-Ι.21-,...-
1324 4629 1383 4637 Α-
1413 4623 1806 4637 ---.-...,.Α..ι,...ι.
1878 4613 1988 4637 [ΙηΑ
2126 4635 2134 4637 .

403 4615 574 4671 oculis
606 4613 1003 4684 quodammodo
1029 4613 1293 4669 exhibens
1322 4629 1385 4669 ac
1412 4623 1829 4685 repraesentans.
1873 4613 1991 4670 Hoc

403 4716 610 4761 vetusta
639 4706 1030 4777 Prophetarum
1059 4707 1277 4761 oracula
1317 4723 1438 4778 qua:
1482 4707 1701 4777 scriptis
1741 4705 1995 4761 mandata

401 4809 548 4865 sunt,
582 4812 766 4868 aperte
796 4798 1112 4868 praedicunt.
1146 4796 1258 4853 Hoc
1283 4798 1409 4854 vitae
1434 4798 1546 4854 Deo
1573 4814 1821 4854 carorum
1848 4799 1993 4855 viro-

402 4907 518 4946 rutu
564 4891 653 4962 qui
696 4893 857 4947 variis
896 4892 1192 4948 virtutibus
1239 4893 1599 4963 relulserunt,
1651 4904 1993 4965 posterorum

400 4988 657 5042 memoria
681 4986 972 5042 etiamnum
995 4987 1282 5043 celebratae
1308 4987 1651 5043 continuant.
1683 4989 1795 5044 lloc
1816 4990 1993 5059 ipsum

397 5084 572 5136 aetatis
602 5092 798 5136 nostra:
842 5082 1150 5137 testimonio
1190 5082 1532 5137 verissimum
1562 5098 1683 5138 esse
1710 5083 1987 5140 convinci-

398 5187 505 5244 tur,
552 5190 672 5231 cum
717 5176 1108 5231 Con~tantinus
1139 5176 1289 5231 solus
1335 5179 1575 5232 omnium
1608 5178 1698 5250 qui
1746 5179 1991 5237 Romano

399 5286 629 5342 unquam
669 5271 896 5340 imperio
938 5267 1303 5341 praefuerunt,
1334 5287 1547 5326 summo
1575 5275 1816 5330 omnium
1858 5274 1987 5347 Regi

397 5366 503 5418 Deo
529 5372 801 5431 acceptus,
831 5361 985 5433 quasi
1012 5362 1221 5418 illustre
1250 5364 1519 5434 quoddam
1554 5366 1825 5437 religiosa:
1859 5369 1983 5423 vita:

391 5454 694 5526 exemplum
722 5454 930 5508 cunctis
958 5452 1269 5511 hominibus
1296 5465 1381 5511 est
1407 5458 1730 5527 propositus.

1001 5565 1230 5622 CAPUT
1279 5567 1367 5623 Ν.

630 5661 781 5730 Quod
806 5660 943 5717 Deus
968 5658 1359 5718 Constantinum
1387 5662 1727 5720 Itonoraverit.

457 5754 566 5818 [loc
613 5762 843 5833 denique
880 5761 1020 5819 Deus
1070 5763 1187 5833 ipse
1227 5777 1386 5833 quem
1418 5776 1702 5822 veneratus
1726 5775 1810 5824 est
1838 5767 1980 5826 Con-

2104 4635 2362 4692 ditionem
2388 4654 2541 4693 suam
2563 4640 2828 4710 redegerit
2861 4659 2873 4694 :
2900 4642 3182 4710 imperium
3201 4657 3327 4697 vero
3341 4643 3489 4698 omni
3506 4642 3709 4700 moles-

2105 4728 2177 4784 tia
2207 4744 2431 4786 vacuum
2461 4729 2530 4786 ad
2559 4739 2860 4787 extremum
2894 4746 3059 4803 usque
3087 4732 3229 4789 diem
3255 4732 3569 4789 obtinuerit.

2705 4849 2935 4906 CAPUT
2982 4848 3095 4906 VII.

2101 4943 2429 5015 Comparatio
2453 4944 2565 5016 ejus
2583 4961 2698 5000 cum
2726 4941 2860 5015 Cyro
2890 4942 3169 4999 Persarum
3193 4952 3240 4999 et
3265 4943 3562 5000 Alexandro
3584 4944 3705 5001 Ha-

2697 5036 2948 5092 cedonunt
2984 5053 3120 5108 rege.

2173 5129 2371 5201 Cyrum
2415 5131 2700 5186 Persarum
2737 5143 2918 5199 regem
2953 5145 3062 5193 pra:
3095 5128 3303 5184 cunctis
3336 5131 3425 5200 qui
3463 5145 3699 5201 unquam

2099 5223 2402 5278 exstiterint
2459 5223 2719 5278 enituisse
2779 5231 2933 5276 vetus
2977 5232 3160 5277 narrat
3205 5223 3448 5279 historia.
3494 5223 3697 5280 Verum

2098 5313 2187 5368 ille
2229 5330 2564 5386 nequaquam
2597 5314 2811 5370 felicem
2843 5315 3045 5369 exitum
3091 5316 3243 5380 vitaz,
3273 5314 3437 5370 immo
3483 5324 3694 5386 turpem

2098 5405 2276 5471 potius
2304 5414 2462 5475 atque
2503 5406 2916 5476 ignominiosum
2945 5406 3167 5461 sortitos
3190 5420 3310 5461 esse
3331 5407 3555 5475 dicitur,
3602 5418 3692 5464 ut-

2096 5508 2223 5564 pote
2249 5514 2278 5552 a
2314 5499 2539 5553 muliere
2570 5498 2903 5554 interfectus.
2940 5498 3305 5554 Alexandrum
3336 5499 3691 5557 Macedonum

2095 5607 2279 5662 regem
2353 5592 2776 5649 innumerabiles
2820 5600 3012 5662 gentes
3074 5591 3348 5648 domuisse
3393 5595 3689 5662 praedicant

2092 5682 2268 5739 Crasti
2304 5702 2319 5738 ε
2351 5684 2445 5741 sed
2485 5687 2795 5756 priusquam
2849 5684 2916 5739 ad
2968 5684 3175 5740 virilem
3226 5694 3443 5741 aetatem
3491 5702 3686 5756 perve-

2094 5776 2296 5843 nisset.
2329 5778 2868 5835 commessationibus
2897 5787 2950 5833 et
2996 5777 3303 5835 tenmlentia
3343 5778 3679 5851 confectum,
