3982 6302
239 279 297 339 η

1291 271 1378 327 DE
1423 270 1579 327 VITA
1608 265 2070 328 ΕΟΝςΙἌΝΤΙΜ
2101 270 2309 328 LIBER
2351 273 2389 329 Ι.

3420 275 3491 334 ιι

238 401 471 455 immatura
492 403 671 451 morte
700 394 951 465 periisse.
992 393 1059 447 Et
1084 392 1173 447 hic
1203 390 1417 464 (δείδω
1445 390 1682 445 deorum
1717 403 1781 444 ac
1808 391 1858 450 Α
1887 392 2059 459 guitas
2083 406 2109 445 a
2134 402 2286 462 patre
2308 391 2525 463 quidem
2546 394 2772 448 transmi
2802 407 2863 447 sa
2887 394 2952 448 ad
2985 395 3160 465 ipsum
3204 394 3481 465 pervenit;

237 495 410 561 triginta
437 505 695 546 annorum
725 488 901 559 spatio
934 488 1097 543 totius
1118 487 1248 541 vita:
1275 501 1494 541 cursum
1521 483 1771 549 absolvit;

234 600 419 653 quorum
456 600 559 637 non
591 584 709 653 plus
743 597 907 654 quam
938 581 1149 636 tertiam
1184 589 1391 648 [tantem
1434 586 1644 646 tempus
1677 590 1776 630 re-

230 678 301 747 gni
328 678 447 730 illius
472 674 570 730 sibi
601 675 856 730 vindieat.
880 674 1175 730 Grassatus
1205 684 1381 727 autem
1406 679 1494 725 est
1533 686 1628 741 per
1650 686 1733 725 cae
1753 699 1774 711 ο

228 769 305 823 des
328 768 477 822 instar
494 766 759 831 ﬂuminis,
792 777 982 837 gentes
1012 775 1169 836 atque
1196 764 1358 820 urbes
1389 764 1627 833 integras
1654 761 1779 817 abs-

226 878 309 932 que
330 861 429 916 ullo
464 860 639 915 multis
663 858 979 914 discrimine
1008 856 1303 913 crudeliter
1331 855 1580 910 servituti
1605 853 1777 924 subji-

224 959 362 1012 ciens.
382 954 483 1012 Sed
503 969 624 1010 cum
642 953 732 1008 vix
750 956 883 1009 dum
910 952 964 1007 in
995 952 1112 1022 ipso
1133 951 1306 1005 artatis
1328 950 1463 1006 flore
1491 954 1695 1021 ageret,
1720 958 1776 1003 et

223 1051 441 1105 nausiam
470 1062 630 1103 suum
657 1048 892 1117 ingeret,
926 1059 1069 1100 mors
1096 1052 1320 1115 repente
1348 1042 1739 1113 superveniens
1762 1082 1777 1106 ,

223 1144 344 1199 il'ttm
374 1141 648 1211 improbem
670 1156 688 1206 ;
714 1140 865 1194 nulla
886 1138 1079 1208 stirpe,
1104 1136 1251 1191 nulla
1276 1135 1560 1189 fundatum
1591 1133 1777 1198 domo;

222 1240 264 1294 in
284 1246 496 1294 externo
524 1248 585 1293 et
615 1235 824 1314 bosrico
852 1249 1005 1305 agro,
1039 1247 1106 1287 ne
1128 1230 1421 1285 lminanum
1445 1243 1622 1301 genus
1647 1226 1777 1283 ditt-

221 1334 304 1388 tius
328 1329 871 1397 tramittebat-insit.
918 1327 1044 1382 Mox
1093 1340 1315 1396 regnum
1359 1322 1476 1394 ejus
1523 1321 1671 1376 varia
1725 1320 1778 1376 in

217 1427 421 1482 membra
447 1424 718 1480 divulsum
750 1430 853 1488 est,
888 1419 1113 1491 singulis
1136 1417 1252 1489 ejus
1271 1415 1539 1471 ministris
1570 1422 1776 1485 partem

214 1519 294 1574 sibi
320 1532 499 1588 rapere
527 1526 688 1587 atque
715 1512 927 1569 atrierre
964 1508 1435 1567 comeudentibus.
1473 1507 1671 1563 Verum
1697 1506 1782 1563 hic

214 1611 398 1682 quidem
410 1609 483 1666 ob
836 1605 983 1661 turdi
1002 1602 1255 1659 laudibus
1270 1599 1519 1658 cﬁ‘ertur.

786 1719 1029 1778 (ΞΑφυῖ
1068 1718 1206 1776 ἮῊ.

318 1817 471 1888 Quod
492 1817 669 1871 orbant
692 1814 1067 1888 prpemodum
1080 1813 1378 1868 uniuersum
1403 1808 1675 1881 subegerit.

264 1933 447 1988 Noster
471 1944 607 1985 vero
652 1929 945 1997 innuero-uir
964 1942 1040 1982 ex
1066 1942 1132 1983 eo
1183 1925 1359 1980 «atatis
1386 1938 1531 1978 anno
1564 1934 1790 1991 regnare

213 2039 345 2080 orsus
369 2030 470 2088 est,
507 2037 619 2093 quo
648 2019 872 2076 blaecdo
898 2020 989 2074 ille
1016 2018 1274 2075 decessit.
1308 2018 1387 2072 Ae
1417 2016 1539 2070 vita:
1575 2013 1790 2085 quidem

212 2120 414 2188 spatium
454 2117 630 2186 dupin
659 2116 829 2185 majus
858 2114 1045 2169 habuit
1086 2128 1246 2184 quam
1303 2110 1613 2180 ille;~regni
1664 2122 1793 2163 rem

212 2212 351 2281 triplo
397 2211 632 2280 longius.
674 2209 925 2264 Ceterum
956 2222 1075 2260 cum
1116 2204 1416 2261 exercitum
1448 2218 1602 2258 suum
1640 2218 1797 2256 man-

209 2302 357 2358 suetis
375 2318 437 2357 ne
464 2302 733 2356 modestis
754 2299 1034 2371 religionis
1054 2298 1340 2368 praeceptis
1360 2296 1672 2352 munivisset
1696 2337 1710 2361 ,
1734 2295 1795 2350 in

210 2396 521 2451 Britanniam
553 2394 771 2465 quidem
816 2402 874 2448 et
904 2391 960 2447 in
996 2406 1097 2447 eos
1135 2390 1226 2460 qui
1252 2390 1307 2445 in
1331 2390 1454 2459 ipso
1486 2388 1800 2444 habitabant

212 2490 403 2545 Oceano
422 2488 490 2544 ad
512 2486 661 2544 Solis
676 2501 933 2542 occasum
958 2486 1115 2555 longe
1154 2482 1367 2553 lateque
1389 2482 1583 2539 diﬂ‘uso
1600 2524 1615 2548 ,
1647 2482 1799 2551 signa

210 2580 392 2637 intulit.
420 2578 705 2652 Scythiam
741 2592 870 2633 vero
897 2577 1206 2632 universam
1238 2591 1359 2645 qum
1385 2574 1486 2629 sub
1514 2574 1631 2644 ipso
1669 2574 1800 2643 Sep-

206 2674 463 2729 tentrione
511 2671 726 2742 posita,
776 2670 829 2724 in
863 2670 1131 2740 plurimas
1172 2676 1367 2738 gentes
1412 2675 1467 2721 et
1499 2664 1718 2720 nomine
1746 2671 1804 2719 et
1844 2655 1849 2660 ’

212 2768 434 2824 moribus
468 2767 849 2836 discrepantes
900 2765 1180 2831 dividitur,
1210 2779 1308 2818 suo
1350 2762 1603 2832 adjunxit
1634 2764 1802 2831 impe-

214 2862 299 2917 rio.
327 2862 443 2918 lam
468 2876 617 2917 vero
644 2876 769 2915 cum
798 2860 866 2916 ad
894 2870 1167 2916 extremos
1192 2857 1435 2913 meridiei
1471 2856 1605 2912 ﬁnes
1632 2855 1803 2926 impe-

214 2956 334 3010 rium
376 2962 739 3026 propagasset
765 2996 779 3020 ,
824 2952 893 3008 nd
916 2955 1067 3024 ipsos
1104 2951 1360 3007 nimirum
1392 2949 1701 3020 Blemmyas
1750 2953 1805 3002 et

216 3047 510 3120 Ethiopas:
542 3063 648 3105 eos
675 3062 886 3118 linoque
915 3046 1004 3118 qui
1036 3047 1102 3101 ad
1133 3045 1274 3100 Solis
1298 3042 1487 3098 Ortum
1520 3040 1762 3098 incolunt.
1787 3081 1801 3106 ,

213 3142 424 3199 insuam
474 3142 748 3197 ditionem
782 3138 1110 3210 redigendos
1151 3136 1373 3207 putavit.
1411 3133 1650 3204 Denique
1678 3173 1692 3195 ,
1736 3130 1802 3186 ad

216 3238 411 3294 ultimos
434 3252 620 3308 usque
652 3232 976 3290 continentis
1005 3231 1266 3287 terminos
1287 3272 1300 3293 ,
1332 3228 1439 3283 hoc
1473 3236 1585 3293 cst,
1616 3225 1682 3280 ad
1710 3241 1805 3280 ex-

212 3337 395 3388 tremos
420 3331 602 3387 indos
622 3337 684 3383 et
726 3326 1067 3382 circumsitos
1092 3324 1329 3392 undique
1358 3320 1585 3393 populos
1602 3361 1617 3385 ,
1645 3331 1807 3374 cunc-

219 3432 289 3478 tos
306 3424 565 3480 mortales
590 3421 685 3491 qui
701 3420 1010 3476 universum
1038 3428 1299 3472 terrarum
1321 3415 1507 3470 orbem
1542 3412 1805 3478 incolunt,

218 3515 663 3587 splendidissimis
711 3513 924 3586 pietatis
975 3511 1140 3568 radiis
1188 3511 1497 3576 illustratts,
1536 3506 1805 3577 Regulos,

220 3609 487 3667 meectos
512 3621 571 3667 et
601 3609 859 3677 Satrapes
893 3606 1129 3675 gentium
1155 3604 1509 3659 Barbantrutn
1537 3642 1552 3667 ,
1583 3600 1687 3656 sibi
1714 3598 1809 3654 ohe

222 3703 389 3756 noxios
412 3718 481 3758 ac
510 3701 768 3759 subditos
825 3699 1008 3754 habuit
1052 3716 1067 3751 :
1116 3697 1207 3769 qui
1236 3713 1331 3751 sua
1358 3704 1550 3766 sponte
1590 3703 1644 3750 et
1687 3707 1809 3748 cum

222 3796 392 3865 gaudio
417 3801 605 3868 ipsum
632 3793 974 3861 salutabant,
1006 3800 1061 3847 ct
1089 3790 1320 3861 Legatos
1347 3805 1469 3845 cum
1497 3786 1811 3843 muneribus

220 3888 277 3941 ad
303 3904 417 3944 cum
450 3889 748 3945 mittebant
776 3929 791 3955 ,
818 3885 1040 3958 ejusque
1063 3884 1308 3939 notitiam
1334 3891 1497 3954 atque
1521 3879 1811 3937 amicitiam

220 3981 417 4052 plurimi
468 3982 841 4041 aestimabant.
889 3979 1040 4035 Adeo
1067 3987 1127 4033 ut
1180 3992 1302 4034 eum
1343 3977 1394 4030 in
1442 3990 1538 4030 sua
1584 3974 1816 4044 quisque

222 4078 481 4146 provincia
506 4077 710 4148 partim
735 4074 1062 4145 imaginibus
1085 4115 1097 4138 ,
1144 4071 1347 4142 partim
1380 4070 1572 4125 statuis
1597 4067 1816 4139 publice

224 4169 467 4229 dedicatis
485 4168 1109 4238 honorarettsolusque
1135 4183 1200 4222 ex
1234 4163 1646 4236 imperatoribus
1679 4160 1816 4216 Con-

222 4264 493 4327 stantinus,
522 4261 731 4332 ubique
768 4270 1033 4314 terrarum
1058 4257 1379 4312 ‘ltttliSsimUS
1403 4264 1548 4311 esset
1585 4269 1648 4309 ac
1676 4251 1818 4308 cele-

226 4352 496 4410 berrimus.
531 4354 701 4425 Igitur
746 4350 815 4407 ad
859 4350 955 4405 has
1001 4365 1170 4420 usque
1195 4361 1383 4419 gentes
1426 4345 1588 4417 regiis
1614 4345 1817 4400 allocu-

232 4444 447 4502 tionibus
486 4447 663 4502 Deum
691 4458 847 4501 suum
873 4457 995 4503 cum
1026 4441 1173 4499 omni
1202 4441 1452 4497 libertate
1485 4435 1814 4510 pricdicavit.

824 4552 1054 4611 CAPUT
1093 4551 1186 4608 1X.

274 4652 422 4722 Quod
449 4654 529 4728 pii
560 4653 888 4726 imperatoris
922 4654 1063 4724 ﬁlius
1089 4652 1364 4729 imperium
1393 4651 1517 4722 ﬁliis
1552 4649 1776 4721 reliquit.

289 4768 559 4825 Caeterum
586 4783 693 4824 non
716 4768 769 4824 id
794 4768 973 4824 verbis
994 4767 1208 4839 quidem
1231 4766 1483 4838 praesﬁtit
1502 4808 1516 4832 ,
1560 4780 1618 4821 re
1640 4770 1817 4819 autent

226 4859 645 4929 ipafmstratus
664 4870 769 4915 est.
806 4859 916 4916 Sed
940 4860 990 4914 in
1014 4860 1157 4914 omni
1179 4873 1382 4930 genere
1411 4857 1627 4912 virtutis
1646 4863 1822 4911 semet

223 4966 476 5015 ﬂemus
494 4996 510 5019 ,
539 4953 709 5008 variis
732 4953 945 5023 pictatis
983 4951 1246 5009 fructibus
1268 4949 1585 5015 abundavit;
1611 4949 1818 5004 amicos

227 5045 434 5115 ﬁdem
452 5046 772 5118 ingentibus
794 5044 1070 5102 beneficiis
1091 5045 1191 5100 sibi
1212 5044 1553 5108 devinciens;
1577 5041 1820 5097 subditus

229 5155 351 5198 leto
368 5142 679 5198 clementiae
701 5140 908 5212 legibus
926 5139 1216 5196 moderans
1234 5178 1248 5205 ,
1280 5146 1337 5194 et
1352 5136 1639 5209 imperium
1664 5148 1818 5190 suum

230 5234 732 5306 pheidnnieunetis
750 5244 911 5304 atque
932 5233 1169 5306 optabile
1180 5233 1472 5289 exhibens.
1501 5232 1680 5286 Donec
1704 5237 1823 5301 post

228 5327 377 5399 longa
404 5344 679 5385 annorum
716 5328 978 5384 curricula
1005 5368 1021 5395 ,
1046 5327 1189 5382 Deus
1227 5340 1385 5397 quem
1415 5324 1688 5388 coluerat,
1729 5336 1823 5376 va-

233 5421 320 5477 riis
338 5423 489 5478 illum
508 5421 902 5479 cataminilms
934 5419 1205 5476 defessum
1230 5416 1647 5473 immortalitatis
1687 5430 1824 5486 pra:-

235 5514 349 5569 Iliis
366 5522 746 5573 muneratus
768 5556 783 5580 ,
824 5528 889 5569 ex
912 5512 1124 5568 mortali
1169 5526 1336 5583 regno
1355 5509 1422 5564 ad
1462 5507 1821 5564 immortalem

236 5606 388 5664 vitam
407 5610 620 5666 metis
652 5608 848 5663 animis
867 5606 1004 5678 apud
1044 5621 1106 5661 se
1122 5612 1480 5676 praeparatam
1520 5601 1821 5668 transtulit;

239 5702 389 5757 trium
426 5703 724 5759 liberorum
763 5702 980 5766 sobole,
1012 5699 1103 5769 qui
1149 5699 1199 5751 in
1233 5696 1460 5768 imperio
1483 5696 1532 5750 ei
1575 5693 1828 5751 succede-

239 5794 666 5865 rent,excitata.
688 5794 744 5851 in
788 5793 932 5850 hunc
962 5791 1122 5863 igitur
1158 5790 1381 5848 modum
1420 5788 1716 5861 imperialis
1749 5787 1829 5843 di-

1824 3181 1875 3245 C

1877 482 1998 553 jure
2021 492 2195 537 autem
2223 483 2629 539 naturaeliberis
2668 500 2733 540 ac
2760 487 3041 556 impetibus
3060 495 3305 550 servata,
3352 495 3407 543 et
3428 486 3479 540 in

1885 587 2201 646 perpetuum
2225 577 2480 648 deinceps
2522 586 2773 650 tanquam
2796 592 3017 649 paterna
3042 580 3285 651 qua-dam
3308 580 3484 635 hrcle-

1885 667 2023 723 ditas
2044 679 2331 741 propagata
2350 679 2454 726 est.
2485 674 2558 726 Ac
2603 672 2741 726 Deus
2760 672 2977 742 quidem
3022 674 3135 742 ipse
3156 674 3245 743 qui
3290 674 3484 729 beatis-

1884 761 2077 816 sianrm
2120 762 2266 817 illum
2308 763 2614 831 Principem
2671 764 2847 820 adhuc
2904 766 3180 821 nobiseum
3217 768 3276 821 in
3318 767 3483 824 terris

1885 866 2129 929 agentem
2168 858 2368 914 divinis
2405 860 2705 915 hotmrilnts
2741 860 3048 916 sublimavit
3071 905 3084 925 ,
3120 861 3485 931 eumdetnquc

1886 951 2201 1006 morientem
2224 952 2422 1007 eximia
2444 951 2673 1022 quadam
2702 955 3052 1024 praerogativa
3085 953 3368 1024 dignitatis
3386 969 3482 1007 or-

1886 1044 2031 1098 navit
2048 1087 2062 1110 ,
2087 1045 2235 1098 solus
2257 1045 2379 1100 vitae
2401 1044 2542 1100 illius
2580 1045 2811 1115 scriptor
2831 1044 2934 1100 fuci
2951 1045 2990 1099 it
3013 1045 3265 1109 idoneus;
3289 1045 3488 1116 quippe

1884 1138 1973 1209 qui
1995 1138 2288 1193 certamina
2332 1137 2474 1193 illius
2496 1153 2689 1208 resque
2722 1138 2979 1209 prum-lare
3010 1146 3197 1211 gestas
3217 1138 3271 1194 in
3296 1139 3487 1196 caries-

1886 1231 2027 1287 tibus
2048 1231 2245 1288 tabulis
2264 1231 2682 1288 consecraverit.

2516 1343 2744 1404 CAPUT
2782 1343 2853 1402 Χ.

1890 1436 2041 1506 Quod
2085 1439 2297 1495 historia
2325 1439 2432 1495 lucc
2462 1439 2745 1495 necessaria
2771 1481 2785 1506 ,
2815 1450 2863 1496 et
2890 1440 2959 1495 ad
2989 1440 3289 1512 formandos
3325 1458 3489 1499 mores

2555 1534 2696 1589 utilis
2722 1535 2803 1591 sit.

1958 1648 2072 1719 Ego
2094 1665 2220 1704 vero
2243 1649 2456 1707 tametsi
2484 1651 2612 1705 tanti
2636 1650 2848 1721 quidem
2874 1652 2971 1707 viri
2998 1652 3248 1708 felicitate
3270 1653 3489 1725 dignum

1892 1741 2166 1813 quidpiam
2196 1741 2388 1798 dicere
2408 1741 2629 1798 difﬁcile
2669 1740 2956 1801 adtnodimt
2994 1761 3115 1802 esse
3156 1745 3449 1817 intelligam
3474 1791 3490 1816 ,

1892 1835 2054 1891 silere
2101 1841 2281 1889 autem
2322 1843 2492 1890 tutum
2533 1850 2594 1890 ac
2652 1837 2889 1906 periculo
2927 1852 3195 1892 vacuum:
3240 1854 3494 1894 necessa-

1896 1927 2033 1981 rium
2058 1926 2411 1982 nihilominus
2451 1937 2581 2000 puto
2610 1927 2838 2000 piissimi
2868 1929 3131 2000 Principis
3164 1931 3446 2003 imaginem
3468 1974 3491 2001 ,

1896 2020 2143 2091 exemplo
2170 2020 2410 2079 mortalis
2450 2022 2711 2091 picturae,
2756 2022 3042 2078 verborum
3074 2024 3347 2080 coloribus
3388 2041 3493 2080 ex-

1896 2130 2137 2185 pressam
2161 2115 2225 2169 ad
2253 2114 2632 2184 sempiternam
2650 2128 2999 2187 [posterorum
3021 2121 3335 2177 memoriam
3364 2137 3500 2177 con-

1898 2222 2156 2274 secrare,
2209 2220 2265 2263 ut
2313 2207 2533 2264 desidiae
2572 2218 2732 2279 atque
2765 2209 2970 2264 inertia:
3018 2211 3222 2267 crimen
3264 2228 3292 2266 a
3341 2214 3497 2271 nobis

1899 2300 2254 2370 depellamus.
2302 2300 2386 2356 Me
2411 2302 2554 2356 enim
2596 2300 2839 2371 profecto
2878 2301 3109 2374 puderet
3142 2306 3246 2358 mei
3293 2306 3500 2375 ipsius,

1902 2392 2242 2446 nisiomnem
2282 2408 2455 2447 nteant
2507 2392 2825 2448 industriam
2872 2409 2934 2448 ac
2981 2393 3326 2462 facultatem,
3374 2395 3502 2453 licet

1901 2481 2191 2538 admodum
2234 2484 2367 2539 levis
2398 2484 2469 2539 sit
2498 2494 2659 2555 atque
2690 2486 2881 2556 exigua
2906 2526 2921 2549 ,
2968 2486 3019 2540 in
3063 2487 3202 2542 hune
3234 2489 3323 2559 qui
3366 2489 3503 2545 divi-

1903 2593 2028 2632 num
2060 2576 2270 2631 Numen
2298 2592 2506 2631 summa
2530 2577 2872 2632 observantia
2904 2589 3191 2633 veneratus
3213 2589 3297 2635 est
3322 2623 3335 2646 ,
3375 2596 3505 2637 con-

1904 2673 2123 2726 ferrem.
2151 2670 2260 2727 Sed
2289 2679 2345 2726 et
2373 2671 2438 2725 ad
2462 2685 2803 2725 communem
2838 2669 3115 2727 hominum
3147 2673 3311 2728 vitam
3342 2675 3502 2742 utile,

1904 2764 2145 2835 mihique
2177 2763 2437 2835 imprimis
2461 2765 2824 2819 necessarium
2850 2764 2951 2821 hoc
2973 2781 3108 2836 opus
3130 2766 3245 2823 fore
3267 2768 3503 2837 conﬁdo,

1904 2871 2012 2927 quo
2054 2855 2463 2927 generosissimi
2518 2856 2860 2925 imperatoris
2904 2872 2993 2913 res
3030 2869 3207 2928 gestu:
3233 2901 3247 2925 ,
3292 2873 3506 2917 summo

1906 2951 2145 3007 omnium
2196 2951 2505 3021 imperatori
2552 2950 2661 3005 Deo
2708 2961 2982 3021 acceptas,
3036 2952 3507 3022 comprehendun-

1909 3053 2012 3100 tur.
2047 3043 2329 3112 Quomodo
2376 3044 2519 3099 enim
2563 3052 2715 3113 turpe
2743 3058 2850 3097 non
2884 3044 3041 3099 fuerit
3064 3087 3080 3110 ,
3128 3044 3358 3104 Neronis
3384 3048 3507 3119 qui-

1908 3138 2030 3195 dem
2073 3148 2128 3195 et
2156 3138 2383 3193 aliorum
2414 3137 2701 3207 impiorum
2735 3147 3083 3210 tyrannorum
3113 3141 3204 3210 qui
3228 3141 3384 3212 longe
3417 3143 3509 3201 illo

1909 3232 2204 3289 deteriores
2250 3232 2508 3299 fuerunt,
2543 3231 2820 3288 memoriae
2858 3247 2965 3288 non
3008 3233 3246 3293 defuisse
3282 3236 3511 3308 diligen-

1910 3324 2149 3381 tissitnos
2179 3325 2492 3394 scriptores,
2516 3324 2605 3393 qui
2634 3325 2773 3378 mala
2801 3336 3112 3395 argumenta
3136 3328 3367 3400 eleganti
3393 3346 3509 3388 ser-

1910 3431 2072 3471 mone
2120 3425 2474 3480 exornantes,
2530 3416 2834 3471 numerosis
2891 3418 3238 3476 historiarum
3284 3422 3513 3480 volumi-

1914 3509 2068 3566 nibus
2117 3508 2506 3565 ecndiuorunt:
2553 3524 2651 3565 nos
2701 3524 2829 3564 vero
2869 3511 3068 3579 silere,
3118 3514 3314 3584 quibus
3369 3515 3511 3573 Deus

1912 3598 2174 3671 ejusmodi
2231 3600 2610 3671 imperatorem
2654 3601 2865 3671 qualem
2915 3602 3063 3658 nulla
3113 3620 3347 3676 unquam
3377 3617 3511 3664 astas

1917 3692 2045 3747 vidit
2089 3693 2365 3759 nancisci,
2412 3704 2465 3748 et
2497 3694 2548 3748 in
2588 3693 2706 3764 ejus
2736 3704 3085 3765 consitectum
3109 3739 3125 3764 ,
3174 3700 3418 3757 notitiam
3447 3717 3513 3761 ac

1914 3785 2240 3856 colloquium
2273 3789 2553 3858 pervenire
2578 3790 2862 3845 concessit.

2524 3899 2757 3957 CAPUT
2795 3901 2887 3958 XI.

1919 3992 2070 4061 Quod
2085 3994 2206 4049 sola
2241 3992 2560 4049 Constantini
2582 4004 2726 4065 gesta
2752 4010 2866 4063 quia
2907 3998 2976 4050 ad
3000 3997 3235 4068 pietatem
3263 4003 3518 4073 pertinent

2508 4095 2809 4141 narraturus
2834 4086 2921 4142 sit.

1991 4201 2357 4271 Quamobrem
2399 4201 2443 4257 si
2465 4200 2714 4272 cuiquam
2747 4200 2943 4270 alteri,
2976 4203 3132 4260 nobis
3151 4216 3300 4264 certe
3324 4212 3517 4280 praeci-

1919 4310 2027 4367 pue
2047 4296 2339 4363 convenit,
2369 4305 2431 4350 ut
2453 4304 2531 4351 tot
2569 4310 2634 4351 ac
2660 4304 2807 4351 tanta
2847 4311 2970 4368 qum
2995 4298 3298 4358 audivimus
3328 4303 3467 4362 bona
3492 4348 3510 4375 ,

1916 4388 1989 4444 iis
2028 4386 2380 4453 nuntiemus,
2427 4401 2655 4459 quorum
2705 4396 2916 4444 mentes
2974 4390 3237 4448 bonorum
3288 4410 3516 4466 operum

1923 4480 2180 4550 exemplo
2205 4479 2274 4534 ad
2294 4493 2537 4537 amorem
2572 4480 2665 4534 Dei
2692 4480 3012 4536 excitantur.
3036 4483 3251 4556 Quippe
3274 4489 3368 4544 alii
3394 4492 3516 4561 qui-

1844 4583 1899 4644 Ῑ)
1923 4570 2046 4626 dem
2076 4571 2239 4626 vitam
2274 4570 2548 4626 hominum
2578 4570 2800 4626 minime
2837 4573 3081 4643 gravium
3107 4617 3123 4643 ,
3155 4586 3211 4632 et
3232 4593 3318 4633 res
3337 4590 3518 4651 gestas

1920 4662 1989 4719 ad
2013 4678 2225 4719 morum
2266 4662 2696 4719 emendationem
2727 4677 2948 4733 prorsus
2974 4667 3194 4723 inutiles
3216 4711 3230 4737 ,
3268 4681 3359 4726 aut
3397 4688 3521 4744 gra-

1923 4757 1995 4813 tia
2021 4798 2036 4823 ,
2084 4768 2179 4813 aut
2224 4756 2351 4813 odio
2395 4756 2789 4828 quorumdam,
2844 4766 2941 4813 aut
2976 4758 3045 4814 ad
3084 4760 3346 4820 doctrinm
3402 4782 3518 4825 suae

1926 4849 2342 4906 ostentationem
2362 4847 2606 4904 scribere
2634 4848 2872 4918 aggressi
2897 4889 2913 4917 ,
2950 4854 3385 4922 turpissimarum
3415 4859 3521 4916 ﬂa-

1921 4945 2175 5017 gitiorum
2207 4944 2572 5000 narrationem
2614 4942 2900 5014 magniﬁco
2928 4946 3217 5003 verborum
3257 4967 3522 5024 apparatu

1926 5039 2086 5095 aliter
2114 5052 2274 5109 quam
2322 5036 2504 5093 decuit
2548 5036 2983 5107 ampliﬁcaruut:
3028 5041 3093 5095 iis
3128 5044 3224 5114 qui
3263 5047 3525 5121 singulari

1922 5131 2022 5189 Dei
2062 5131 2329 5189 beneﬁcio
2372 5131 2636 5186 malorum
2678 5141 2933 5201 expertes
2960 5131 3210 5205 fuerant,
3258 5144 3524 5211 pessimo.

1923 5244 2044 5286 rum
2083 5242 2307 5299 operum
2352 5236 2410 5282 et
2450 5241 2572 5297 quae
2615 5225 2887 5283 oblivione
2924 5242 2989 5284 ac
3036 5234 3274 5292 tenebris
3317 5238 3522 5298 involvi

1924 5321 2227 5378 debuerant
2246 5361 2262 5387 ,
2290 5319 2580 5390 magistros
2608 5333 2669 5373 se
2708 5320 3030 5389 prabentes.
3074 5324 3145 5380 At
3166 5328 3320 5384 nobis
3350 5335 3524 5391 oratio

1928 5415 2148 5487 quidem
2198 5413 2311 5484 ipsa
2365 5412 2610 5482 quamvis
2657 5415 2892 5485 suscepti
2940 5418 3121 5485 operis
3169 5423 3527 5492 magnitudini

1933 5522 2156 5579 prorsus
2182 5508 2353 5575 impar
2383 5509 2492 5570 sit,
2516 5505 2633 5560 sola
2674 5515 2852 5561 tamen
2883 5507 3368 5576 pulcherrimorum
3394 5517 3529 5575 faci-

1933 5616 2125 5658 norum
2156 5598 2465 5655 narratione
2488 5598 2747 5654 illusuari
2781 5614 2940 5669 poSse
2973 5600 3201 5659 videtur.
3238 5606 3356 5677 ipsa
3398 5628 3528 5672 vero

1933 5708 2158 5764 cperum
2190 5693 2302 5748 Deo
2344 5700 2688 5762 acceptorum
2718 5695 3162 5749 commemoratio
3183 5738 3198 5762 ,
3242 5699 3306 5754 iis
3347 5704 3532 5776 utique

1935 5787 2028 5860 qui
2055 5786 2290 5843 animum
2324 5794 2473 5842 recte
2491 5792 2860 5856 comparatum
2900 5784 3233 5859 habuerint,
3267 5809 3373 5852 non
3412 5797 3537 5856 inu-
