3982 6302
413 348 484 410 ιδ
1733 308 2006 375 Ευδεθιι
2043 305 2369 369 PAMPlllLl
3648 291 3716 352 ω

417 461 568 517 tilcm
598 453 692 511 sed
723 453 776 508 in
819 446 1004 521 primis
1032 445 1362 501 fiuctuosam
1388 435 1677 493 lectionem
1720 429 2007 501 praebitura
2036 425 2088 485 Α
2117 432 2463 494 tyrannorum
2496 416 2700 474 aedibus
2745 413 3007 472 subsedit.
3057 411 3244 481 Neque
3269 417 3449 466 tamen
3493 404 3714 462 eosdem

1839 520 1845 521 κ
1895 516 1935 521 ..
2285 514 2295 521 .
2397 512 2427 521 ..
2760 516 2769 521 ,
2905 519 2913 521 _
2955 507 2965 516 .
3061 503 3073 521 .
3359 498 3671 521 Δημὼ-⁸

421 516 527 608 est.
570 548 754 617 ltaque
783 516 1174 612 quamplurima
1215 532 1318 586 alia
1365 543 1484 600 qua:
1514 526 1581 580 de
1624 524 1726 578 hoc
1772 516 2012 590 priu'cipc

422 639 632 700 narrari
662 609 883 708 possunt
907 649 922 686 :
951 627 1236 684 conﬂictus
1262 630 1316 678 et
1349 620 1529 692 prmlia
1555 660 1568 683 ,
1595 615 1752 671 fortia
1777 609 2014 666 facinora

421 745 584 806 atque
631 701 919 789 \ictorias,
964 730 1166 790 tropaea
1207 731 1270 771 ac
1313 708 1613 780 triumphos
1659 705 1728 761 de
1774 701 2018 758 hostibus

2116 531 2236 570 cum
2283 512 2462 582 impiis
2496 524 2704 576 mores,
2758 507 2968 563 tametsi
3009 503 3296 560 admodum
3357 498 3713 562 adolescens,

2117 614 2354 662 sectatus
2381 611 2484 658 est.
2517 600 2723 672 Quippe
2747 599 2858 669 jam
2890 596 3013 652 inde
3043 596 3112 651 ab
3151 594 3239 650 illa
3271 601 3429 647 :etate
3455 633 3470 656 ,
3501 587 3716 660 egregia

2120 697 2330 754 indoles
2359 695 2544 751 divino
2577 693 2781 763 Spiritu
2807 690 3031 760 impulsa
3057 729 3073 756 ,
3108 689 3281 758 ipsum
3306 684 3372 740 ad
3406 684 3547 754 piam
3581 681 3718 737 Deo-

424 773 611 903 pa‘i'tos
635 868 649 891 ,
680 831 735 880 et
755 836 873 892 qua:
898 773 1164 889 praeterea
1190 810 1257 867 ad
1279 805 1615 878 singulorum
1641 799 1925 856 utilitatem
1951 791 2021 847 ab
2121 805 2224 862 que
2243 798 2519 861 acceptam
2549 783 3016 853 vitam,incitabat.
3052 780 3160 839 Sed
3180 789 3237 836 et
3257 778 3425 850 patris
3444 773 3720 832 aemulatio

1424 901 1433 903 _
1478 900 1506 903 __
1775 902 1779 903 ,
1815 892 1855 903 η
1900 892 1910 902 ο
2126 883 2365 903 -.g_--__s__
2394 897 2414 903 -
2441 880 2710 903 1...----ιαιι
2784 893 2881 903 ...ιη
2917 875 2980 903 ...1
3013 873 3221 903 ..ἔκιε-ιιι,
3258 881 3306 903 nl
3343 870 3604 903 Ixnnnrnm
3633 880 3720 903 gn-

423 892 492 981 eo
523 919 812 978 constituta
855 919 1012 968 sunt:
1067 909 1214 978 leges
1259 904 1324 958 ad
1355 900 1692 958 subditorum
1734 902 1787 950 et
1815 892 2021 960 Reipu-

427 1016 584 1073 blicae
637 1007 980 1068 commodum
1037 1003 1210 1066 latas;
1274 996 1408 1053 alios
1460 991 1694 1062 denique
1763 985 2024 1059 plurimos

428 1107 768 1178 Principatus
798 1101 1011 1157 labores
1037 1095 1103 1150 ab
1125 1107 1192 1150 eo
1217 1088 1521 1148 exantlatos
1541 1129 1554 1150 ,
1580 1084 1669 1154 qui
1702 1083 1753 1137 in
1785 1078 2026 1135 omnium

429 1218 525 1258 ore
549 1215 613 1256 ac
651 1195 909 1254 memoria
936 1196 1238 1249 versantur,
1267 1178 1672 1255 praetereundos
1711 1173 1842 1231 mihi
1883 1185 2029 1227 nunc

429 1315 554 1356 esse
575 1297 846 1354 arbitror:
874 1289 1072 1362 quippe
1110 1299 1232 1341 cum
1259 1278 1482 1337 instituti
1526 1272 1708 1343 operis
1737 1283 2028 1340 argumen-

430 1400 546 1448 tum
575 1389 864 1445 admoneat
888 1397 973 1438 me
989 1421 1004 1447 ,
1027 1387 1088 1433 ut
1107 1392 1169 1433 ea
1192 1374 1306 1431 sola
1329 1387 1448 1443 qua:
1473 1368 1538 1424 ad
1567 1367 1659 1422 Dei
1681 1363 1887 1419 cultum
1910 1375 2031 1432 per-

432 1486 639 1547 tinent,
697 1476 928 1535 dicendo
973 1487 1037 1528 ac
1090 1465 1377 1526 scribendo
1418 1474 1732 1534 persequar.
1765 1457 2031 1511 Caeterum

432 1592 558 1634 cum
597 1573 712 1629 htec
742 1572 856 1642 ipsa
887 1580 1113 1623 numero
1137 1574 1275 1633 pene
1299 1555 1504 1615 inﬁnita
1544 1553 1692 1616 sint;
1731 1565 1796 1604 ex
1828 1548 1893 1602 iis
1914 1559 2035 1615 qua:

433 1672 500 1727 ad
546 1641 787 1726 notitiam
844 1672 1084 1718 nostram
1152 1659 1516 1726 pervenerunt
1579 1641 2038 1717 opportunissima

435 1779 662 1838 quaeque
682 1761 980 1822 dumtaxat;
1008 1762 1061 1811 ct
1082 1759 1420 1824 posterorum
1442 1741 1698 1800 memoria
1725 1736 2036 1808 dignissima

2123 883 2368 939 stimulos
2392 880 2743 944 admovebat,
2781 893 2882 947 qua
2915 875 2982 931 ad
3013 873 3223 929 virtutis
3258 881 3313 928 et
3343 870 3604 925 bonorum
3633 880 3723 922 ac-

2126 985 2275 1031 tuum
2313 973 2666 1029 imitationem
2688 969 2904 1042 juvenis
2933 964 3348 1038 provocabatur.
3380 961 3540 1018 Pater
3559 957 3726 1030 siqui-

2127 1067 2250 1124 dem
2277 1067 2324 1122 ei
2358 1066 2454 1121 fuit
2494 1064 2640 1138 (nam
2672 1071 2724 1119 et
2759 1061 2918 1133 hujus
2960 1057 3276 1115 memoriam
3307 1064 3612 1126 opportune
3639 1067 3728 1108 re-

2132 1176 2330 1217 novare
2382 1174 2677 1230 congruum
2738 1156 2844 1226 est)
2905 1154 3286 1211 Constantius:
3341 1151 3731 1219 imperatorum

2133 1253 2305 1310 nostri
2350 1253 2608 1322 temporis
2639 1248 3027 1306 nobilissimus.
3062 1246 3138 1302 De
3177 1257 3286 1316 quo
3324 1240 3578 1298 nonnulla
3608 1253 3733 1311 qua:

2133 1346 2201 1402 ad
2232 1344 2323 1400 filii
2353 1344 2876 1401 ‘commendationem
2917 1341 3222 1413 pertinent,
3254 1336 3491 1394 breviter
3516 1349 3547 1391 a
3574 1332 3735 1390 nobis

2136 1437 2453 1509 exponenda
2475 1447 2659 1507 sunt..

2737 1526 2966 1586 CAPUT
3005 1524 3148 1582 XIII.

2143 1648 2220 1704 De
2245 1659 2385 1721 patre
2414 1647 2526 1718 ejus
2555 1641 2874 1707 Constantio,
2905 1639 2994 1708 qui
3020 1637 3341 1695 Christianos
3365 1641 3421 1690 ut
3450 1632 3740 1690 Diocletia-

2431 1755 2529 1794 nus
2555 1748 2601 1793 et
2628 1733 2979 1790 Maximianus
3005 1730 3235 1803 persequi
3266 1728 3450 1785 noluit.

437 1860 674 1930 εειῖεοηε
698 1897 713 1923 ν
745 1867 906 1924 quam
931 1857 1120 1922 Ρθιθτο
1151 1842 1472 1900 Ῑπθνίδείηιθ
1500 1848 1787 1930 “Rom”?
1814 1829 1869 1886 Si
1909 1827 2033 1930 Ψξίζ
2071 1817 2119 1877 Β
2218 1853 2350 1911 Cum
2383 1851 2668 1925 imperium
2697 1848 3004 1904 Romanum
3033 1860 3064 1900 a
3104 1853 3333 1917 quatuor
3365 1841 3616 1914 Augustis
3648 1855 3746 1896 re-

435 1918 571 2009 den:
610 1959 821 2018 tempus
861 1918 1035 2013 ipsum
1092 1940 1229 1992 hanc
1265 1933 1524 2000 deinceps
1573 1922 1842 1980 licentiam
1890 1918 2044 1974 nobis

437 2013 811 2107 concedit,-ut
837 2030 1136 2091 beatissimi
1178 2022 1446 2094 Principis
1466 2018 1652 2075 laudes
1693 2013 1882 2085 quovis
1922 2025 2042 2064 ora--

439 2137 604 2195 tionis
631 2147 829 2207 genere
856 2131 1023 2186 libere
1048 2122 1400 2196 prmdieemus
1424 2113 1597 2187 (Eccl.
1620 2110 1705 2182 tt).
1729 2107 1860 2163 Nam
1886 2111 2044 2159 antea

436 2193 662 2306 quidem
677 2227 728 2283 id
752 2226 931 2282 facere
953 2193 1287 2290 nequaquam
1324 2208 1558 2271 licebat,
1590 2210 1876 2305 propterea
1900 2193 2044 2298 quod

442 2287 671 2382 vietitum
695 2327 868 2376 estne
890 2287 1212 2385 quemquam
1235 2313 1360 2360 ante
1393 2300 1598 2357 obitum
1622 2296 1692 2350 ob
1715 2294 1946 2348 incertas
1969 2287 2046 2342 vi-

438 2432 508 2477 ta:
530 2415 855 2476 mutationes
879 2410 1094 2465 beatum
1141 2398 1575 2474 pronuntiemus.
1617 2387 1852 2445 Proinde
1877 2387 2045 2439 Deum

440 2515 743 2586 adjutorem
774 2509 964 2563 invoco
989 2546 1003 2567 ,
1034 2517 1097 2556 ac
1143 2497 1362 2554 cmleste
1409 2491 1526 2560 ejus
1565 2485 1788 2543 verbum
1832 2495 2044 2552 precor,

441 2577 583 2663 ut'in
616 2605 718 2660 hoc
756 2612 920 2670 opere
965 2592 1205 2663 aspirare
1236 2585 1366 2642 mihi
1413 2581 1561 2638 velit.
1587 2577 1784 2635 Ordiar
1805 2583 1982 2629 autem
2017 2585 2045 2623 a

442 2699 618 2771 prima
647 2696 790 2752 illius
816 2701 975 2749 :etate
999 2689 1050 2744 in
1074 2688 1217 2739 hunc
1244 2679 1489 2738 modum.

1065 2816 1291 2874 CAPUT
1329 2814 1449 2870 Xll.

547 2944 698 3016 Quod
727 2937 1092 2997 Constantinus
1123 2935 1175 2987 in
1205 2942 1540 3002 tyrannorum
1561 2927 1794 2994 aedibus,
1818 2925 1951 2982 sicut

950 3029 1122 3086 Moses
1146 3068 1162 3095 ,
1191 3025 1434 3082 educatus
1461 3023 1545 3078 sit.

521 3158 689 3214 Vetus
718 3159 902 3209 narrat
931 3144 1154 3202 historia
1179 3186 1194 3210 ,
1244 3151 1457 3212 gentem
1489 3137 1838 3193 llebrazorum
1869 3148 1899 3188 a
1948 3147 2051 3188 sre—

449 3252 685 3308 vissimis
712 3245 839 3302 olim
887 3238 1127 3314 tyrannis
1155 3247 1468 3306 oppressam
1513 3229 1678 3288 fuisse
1713 3246 1725 3284 τ
1774 3227 2053 3296 Deumque

453 3361 578 3402 eum
611 3351 904 3412 oppressos
927 3333 1158 3402 benigno
1190 3344 1252 3383 ac
1275 3325 1507 3398 prepitio
1529 3323 1680 3378 vultu
1700 3320 2049 3392 respexisset,

455 3438 758 3512 providisse
786 3442 845 3488 ut
873 3427 1131 3502 propheta
1165 3426 1364 3488 Moses,
1386 3422 1475 3492 qui
1527 3429 1637 3474 tttm
1671 3418 1845 3474 adhuc
1875 3417 2053 3472 infans

456 3511 602 3597 erat,
633 3529 684 3583 in
717 3523 912 3580 mediis
937 3531 1286 3593 tyrannorum
1319 3513 1526 3568 aedibus
1548 3511 1675 3566 etin
1721 3511 1840 3580 ipso
1865 3524 2052 3564 eorunt

455 3621 666 3695 gremio
697 3617 1022 3674 educaretur
1054 3652 1068 3676 ,
1102 3621 1423 3676 omnemque
1450 3619 1571 3674 quae
1601 3601 1741 3672 apud
1781 3601 1904 3656 illos
1939 3609 2055 3656 erat

457 3713 774 3786 sapientiam
821 3706 1172 3780 perdisceret.
1228 3703 1417 3756 Postea
1461 3714 1591 3753 vero
1639 3713 1759 3752 cum
1793 3697 1882 3751 ille
1927 3711 2055 3768 pro-

458 3822 648 3879 gressu
679 3800 939 3872 temporis
981 3797 1051 3852 ad
1080 3794 1289 3850 virilem
1342 3790 1678 3863 pervenisset
1724 3796 1936 3843 aetatem
1957 3827 1971 3851 ,
2002 3795 2057 3842 et

460 3903 643 3962 divina
667 3897 871 3971 justitia
918 3908 1040 3964 quae
1065 3887 1340 3961 oppressis
1365 3884 1616 3956 opitulari
1661 3881 1835 3949 solet,
1868 3893 2058 3952 pmnas

458 3997 527 4052 ab
549 3993 746 4064 iniquis
768 3986 1008 4062 tyrannis
1035 3987 1386 4052 exposceret;
1419 3986 1544 4032 tunc
1572 3975 1664 4030 Dei
1695 3973 1966 4043 PrOpheta
1991 3985 2057 4026 ex

461 4088 594 4161 ipsis
624 4062 917 4158 tyrannicis
957 4075 1229 4150 profectus
1268 4070 1474 4126 mdibus
1500 4110 1514 4134 ,
1563 4067 1756 4122 divina:
1799 4062 2058 4120 voluntati

465 4158 821 4236 ministerium
845 4187 1000 4227 suum
1019 4164 1281 4223 exhibuit.
1299 4161 1369 4217 Et
1386 4162 1534 4232 ipsos
1555 4158 1768 4230 quidem
1801 4165 2060 4227 tyrannos

461 4291 492 4329 a
516 4269 710 4343 quibus
731 4266 908 4322 fuerat
935 4262 1190 4318 educatus
1207 4300 1222 4326 ,
1254 4271 1311 4311 re
1331 4269 1394 4309 ae
1422 4252 1601 4308 verbis
1627 4256 1912 4306 aversatus
1940 4258 2056 4303 est:

466 4339 562 4426 eos
584 4381 711 4423 vero
738 4361 830 4433 qui
857 4370 1040 4414 revera
1070 4351 1264 4406 fratres
1291 4358 1346 4403 et
1379 4345 1590 4417 cognati
1620 4350 1774 4400 erant
1794 4383 1808 4408 ,
1858 4339 2061 4395 amicos

466 4478 531 4518 ac
561 4431 854 4516 familiares
880 4447 1060 4519 elegit.
1092 4441 1344 4498 Posthac
1384 4439 1526 4494 Deus
1563 4451 1684 4492 cum
1717 4433 1868 4489 illum
1897 4431 2061 4486 totius

464 4553 642 4627 gentis
667 4549 859 4605 ducem
899 4537 1308 4602 constituisset,
1359 4532 1611 4587 llebrteos
1653 4527 1868 4598 quidem
1912 4539 2064 4580 acer-

465 4623 687 4706 bissima
715 4639 853 4711 apud
885 4636 1067 4691 hostes
1097 4629 1356 4686 servitute
1383 4623 1667 4679 liberavit:
1710 4630 2058 4692 tyrannorum

466 4751 648 4797 autem
697 4746 870 4806 genus
912 4728 1127 4785 ctelitus
1175 4720 1392 4779 inﬂictis
1436 4715 1710 4788 suppliciis
1742 4714 1859 4785 ejus
1898 4728 2062 4785 opera

466 4837 610 4889 ultus
639 4827 937 4890 est.Vetus,
955 4822 1194 4890 inquam,
1225 4816 1341 4869 haec
1357 4811 1602 4878 historia,
1621 4809 1788 4865 instar
1812 4808 2004 4863 fabulae
2032 4823 2064 4864 a

456 4933 654 4990 'ntultis
685 4932 903 4993 accepta
930 4961 944 4986 ,
987 4918 1224 4974 omnium
1261 4926 1418 4966 aures
1454 4907 1762 4964 mortalium
1797 4904 2060 4975 implevit.

469 5025 626 5081 Nunc
667 5034 792 5074 vero
825 5014 964 5069 idem
996 5008 1150 5064 nobis
1191 5007 1331 5060 Deus
1375 5000 1579 5071 majora
1626 4996 1877 5052 omnibus
1907 4995 2064 5051 fabu-

467 5121 534 5175 lis
562 5111 817 5170 miracula
847 5106 978 5176 ipsis
1003 5101 1174 5158 oculis
1200 5107 1444 5169 Spectare
1465 5093 1734 5149 concessit
1755 5132 1770 5154 ,
1801 5089 1942 5162 quod
1968 5103 2063 5159 ge-

469 5226 572 5267 nus
611 5199 901 5277 spectaculi
941 5194 1080 5266 apud
1111 5205 1206 5248 eos
1235 5189 1325 5260 qui
1358 5200 1550 5242 recens
1578 5182 1869 5248 viderunt,
1919 5179 2070 5236 omni

469 5301 743 5362 auditione
789 5295 893 5350 fide
936 5290 1151 5361 dignius
1192 5283 1438 5340 habetur.
1487 5279 1678 5334 Nostra
1723 5279 1867 5333 enim
1909 5285 2069 5330 aetate

465 5393 685 5471 tyranni
732 5387 948 5462 quidem
994 5383 1084 5453 qui
1128 5380 1386 5434 adversus
1420 5375 1585 5429 Deum
1638 5385 1906 5427 summum
1946 5383 2067 5422 om-

468 5461 618 5547 nium
647 5461 850 5554 Regem
891 5476 1090 5532 bellum
1122 5485 1340 5528 movere
1384 5466 1760 5531 instituerant,
1803 5463 1920 5532 ejus
1967 5461 2070 5516 Ec-

469 5581 687 5640 clesiam
715 5553 948 5647 graviter
977 5571 1384 5637 oppresserunt.
1414 5557 1796 5615 Constantinus
1823 5570 1953 5610 vero
1973 5553 2065 5624 qui

468 5685 656 5750 postea
687 5679 1041 5745 tyrannorum
1083 5657 1395 5716 interfector
1420 5654 1555 5720 fuit;
1584 5652 1710 5708 dum
1731 5649 1907 5706 adhuc
1935 5647 2065 5703 ado-

468 5739 680 5826 lescens
705 5739 852 5820 esset
877 5768 932 5816 et
955 5751 1180 5830 juvenili
1208 5749 1461 5821 lanugine
1501 5747 1731 5802 decorus
1756 5784 1770 5810 ,
1799 5742 1852 5798 in
1882 5739 2060 5798 medio

455 5861 674 5919 illorum
696 5899 711 5927 ,
744 5865 800 5911 ut
829 5848 1100 5925 quondam
1122 5843 1215 5903 ille
1235 5841 1334 5902 Dei
1359 5839 1589 5898 famulus
1609 5838 1786 5895 Moses
1809 5876 1822 5900 ,
1849 5833 1903 5890 in
1929 5832 2058 5904 ipsis

2145 1959 2380 2020 geretur,
2412 1947 2499 2003 hic
2526 1946 2800 2002 diversum
2826 1959 2858 1999 a
2889 1941 3109 2012 collegis
3146 1940 3258 1995 suis
3286 1938 3409 1994 vitae
3437 1939 3748 1993 institutum

2145 2040 2451 2106 aemulatus,
2475 2038 2626 2094 solus
2650 2051 2770 2092 cum
2796 2035 2907 2091 Deo
2933 2048 3111 2089 rerum
3140 2030 3379 2086 omnium
3405 2029 3751 2085 moderatore

2146 2151 2334 2208 pacem
2382 2131 2632 2188 firmavit.
2680 2129 2759 2185 llli
2801 2128 2946 2184 enim
2987 2125 3244 2183 ecclesias
3293 2124 3386 2179 Dei
3434 2135 3753 2192 expugnare

2147 2232 2358 2300 adorti,
2418 2230 2537 2285 solo
2565 2236 2880 2298 aequarunt,
2911 2233 2966 2278 et
3012 2220 3244 2277 oratoria
3292 2234 3397 2274 una
3443 2233 3566 2274 cum
3613 2214 3755 2288 ipsis

2147 2323 2515 2381 fundamentis
2589 2319 2968 2375 aboleverunt.
3016 2315 3113 2370 Hic
3163 2328 3291 2369 vero
3329 2327 3359 2366 a
3416 2309 3619 2367 nefaria
3684 2309 3757 2365 il-

2149 2421 2322 2476 lorum
2371 2417 2647 2488 impietate
2678 2428 2838 2483 puras
2877 2425 3064 2465 manus
3107 2417 3269 2479 atque
3325 2406 3564 2476 integras
3619 2418 3754 2459 ser-

2151 2510 2314 2574 vavit,
2367 2525 2464 2563 nec
2521 2522 2581 2562 se
2645 2505 2916 2560 ullatenus
2971 2516 3158 2557 eorum
3198 2499 3428 2555 similem
3477 2496 3754 2570 praestitit.

2151 2603 2219 2659 Et
2252 2602 2327 2656 illi
2358 2599 2574 2672 quidem
2604 2597 2700 2653 Dei
2729 2596 2994 2652 cultorum
3028 2604 3133 2648 tam
3164 2591 3404 2647 virorum
3434 2605 3595 2660 quam
3631 2604 3759 2644 mu-

2153 2695 2342 2751 lierum
2385 2691 2642 2758 caedibus,
2688 2701 2939 2760 tanquam
2980 2685 3123 2741 civili
3170 2683 3403 2754 qttodam
3447 2682 3588 2738 bello
3625 2695 3761 2751 pro-

2155 2789 2356 2844 vincias
2395 2787 2496 2842 sibi
2535 2783 2804 2854 subjectas
2846 2780 3174 2853 polluerunt.
3219 2777 3316 2832 Hic
3358 2791 3485 2832 vero
3515 2774 3756 2829 animum

2154 2882 2222 2937 ab
2240 2878 2544 2950 hujusmodi
2567 2877 2770 2933 scelere
2794 2888 2985 2945 purum
3005 2882 3168 2943 atque
3197 2869 3508 2925 inviolatum
3538 2881 3759 2937 semper

2155 2974 2408 3029 servavit.
2459 2970 2538 3024 llli
2591 2965 2919 3025 coacervatis
2980 2962 3312 3034 impiissimte
3353 2958 3757 3031 superstitionis

2159 3067 2316 3124 malis
2337 3108 2350 3132 ,
2381 3064 2587 3134 seipsos
2619 3061 2849 3132 primum
2876 3101 2891 3128 ,
2941 3072 3005 3113 ac
3045 3055 3241 3112 deinde
3286 3053 3530 3111 subditos
3567 3065 3763 3108 omnes

2161 3158 2612 3231 nequissimorum
2669 3153 2977 3210 daemonum
3033 3147 3311 3204 fraudibus
3360 3146 3761 3215 manciparunt.

2161 3252 2256 3307 llic
2293 3246 2722 3320 profundissinta:
2751 3243 2896 3314 pacis
2933 3243 3072 3297 intra
3112 3236 3323 3308 imperii
3355 3236 3437 3293 sui
3466 3236 3602 3292 fines
3627 3251 3760 3292 auc-

2159 3354 2244 3400 tor
2271 3358 2334 3398 ac
2363 3339 2604 3412 signifer,
2640 3335 2872 3393 subditis
2905 3335 3016 3389 suis
3045 3331 3292 3404 permisit
3319 3338 3379 3385 ut
3423 3329 3628 3399 absque
3649 3327 3766 3384 ulla

2157 3436 2402 3494 molestia
2437 3434 2618 3489 divino
2646 3429 2812 3486 cultui
2843 3425 3186 3484 inservirent.
3221 3423 3461 3494 Denique
3487 3421 3561 3476 illi
3590 3435 3765 3477 cunc-

2160 3539 2244 3588 tos
2287 3517 2539 3584 martales
2584 3521 2917 3595 gravissimis
2951 3517 3322 3576 exactionibus
3361 3513 3760 3586 opprimendo,

2158 3624 2324 3679 vitam
2365 3620 2472 3676 illis
2511 3617 2736 3674 minime
2798 3613 3015 3669 vitalem
3059 3621 3114 3668 et
3167 3609 3354 3682 quavis
3390 3615 3565 3664 morte
3603 3621 3765 3663 acer-

2160 3718 2367 3774 biorem
2409 3716 2794 3786 praestiterunt.
2827 3707 2987 3765 Solus
3021 3704 3366 3762 Constantius
3403 3701 3669 3774 placidum
3699 3714 3768 3758 ac

2161 3809 2507 3881 tranquillum
2538 3805 2896 3876 principatum
2923 3815 3078 3854 suum
3106 3796 3332 3853 subditis
3353 3794 3638 3859 exhibens,
3666 3807 3764 3864 pa-

2163 3914 2314 3960 terna
2343 3898 2572 3971 quadam
2611 3911 2742 3952 cura
2785 3908 2848 3949 ac
2887 3889 3250 3948 sollicitudine
3277 3903 3372 3944 eos
3408 3886 3560 3942 fovit.
3592 3885 3767 3942 Porro

2162 4011 2284 4054 cum
2319 3992 2438 4049 alia:
2482 4003 2696 4062 quoque
2734 3982 3153 4042 innumerabiles
3200 3980 3359 4052 hujus
3387 3979 3485 4035 viri
3534 3978 3767 4034 virtutes

2164 4094 2231 4150 ab
2257 4089 2506 4147 omnibus
2534 4085 2910 4158 prtedieentur,
2945 4095 3052 4136 uno
3079 4087 3134 4134 et
3162 4077 3336 4133 altero
3366 4074 3484 4146 ejus
3523 4072 3767 4130 facinore

2163 4189 2620 4247 commemorato,
2661 4193 2728 4234 ex
2771 4176 2965 4247 quibus
3004 4171 3314 4245 conjectura
3353 4168 3470 4226 fieri
3497 4165 3667 4239 possit
3693 4164 3768 4223 de

2164 4281 2230 4336 iis
2261 4293 2380 4348 qua:
2412 4272 2627 4331 silentio
2667 4267 3080 4343 praetereuntur,
3119 4265 3187 4322 ad
3229 4261 3564 4335 propositum
3604 4257 3767 4317 nobis

2165 4369 2436 4431 scribendi
2467 4374 2840 4440 argumentum
2874 4358 3354 4433 transgredientur.

2758 4481 2989 4539 CAPUT
3025 4479 3165 4536 XIV.

2085 4594 2140 4655 D
2169 4588 2433 4661 Quomodo
2493 4583 2821 4643 Constantius
2866 4579 3170 4651 exprobrata
3210 4577 3312 4648 ipsi
3359 4593 3390 4631 a
3438 4574 3765 4631 Diocletiano

2245 4689 2542 4755 paupertate
2561 4721 2576 4746 ,
2605 4677 2844 4734 aerarium
2871 4672 3182 4745 impleverit,
3214 4680 3260 4726 et
3299 4679 3472 4742 postea
3498 4669 3766 4726 eollatori-

2243 4777 2334 4832 bus
2365 4773 2628 4846 pecuniam
2655 4768 2952 4825 reddiderit.

2241 4895 2378 4950 Cum
2428 4892 2513 4946 hie
2558 4890 2807 4960 princeps
2846 4883 3049 4940 crebris
3096 4880 3372 4937 hominum
3421 4876 3765 4935 sermonibus

2172 4987 2557 5050 celebraretur,
2589 4980 2730 5053 quod
2765 4978 2909 5034 mitis
2938 4984 3084 5032 esset
3107 4991 3169 5031 ac
3199 4973 3471 5046 placidus;
3499 4970 3640 5044 quod
3667 4983 3766 5040 op-

2172 5080 2333 5134 timus
2373 5076 2572 5146 Deique
2611 5069 3051 5136 amantissimus;
3083 5067 3334 5139 quodque
3363 5067 3434 5123 ob
3470 5063 3766 5121 incredibi-

2173 5171 2277 5228 lem
2308 5185 2432 5240 crga
2462 5168 2704 5223 subditos
2730 5163 3140 5235 indulgentiam,
3173 5162 3370 5218 nullam
3401 5160 3681 5232 pecuniam
3706 5158 3764 5216 in

2175 5263 2440 5320 thesauris
2480 5259 2812 5316 reconditam
2840 5256 3061 5312 haberet
3089 5274 3102 5310 :
3133 5255 3426 5325 imperator
3451 5253 3498 5309 is
3523 5253 3614 5324 qui
3638 5262 3765 5308 tunc

2175 5359 2432 5428 temporis
2470 5366 2782 5424 supremum
2814 5348 3022 5420 imperii
3052 5347 3276 5420 gradum
3305 5346 3603 5414 obtinebat,
3634 5344 3766 5400 mis.

2170 5454 2246 5509 sis
2274 5452 2338 5506 ad
2370 5465 2490 5506 eum
2521 5445 2838 5519 quibusdam
2869 5443 3200 5510 hominibus,
3228 5441 3531 5513 objurgavit
3559 5439 3676 5510 ejus
3707 5438 3764 5494 in

2171 5545 2444 5618 republica
2470 5539 2706 5614 gerenda
2731 5536 3108 5609 negligentiam
3141 5555 3154 5592 :
3181 5545 3237 5592 et
3263 5543 3632 5606 paupertatem
3663 5533 3765 5604 ipsi

2171 5641 2366 5714 probro
2408 5635 2609 5701 vertit;
2643 5634 2746 5688 hoc
2793 5631 3024 5686 maxime
3063 5639 3376 5699 argumento
3416 5627 3578 5684 fidem
3607 5625 3765 5683 dictis

2166 5734 2390 5799 faciens,
2425 5727 2564 5800 quod
2594 5724 2727 5782 nihil
2757 5725 2809 5780 in
2843 5720 3112 5778 thesauris
3145 5718 3482 5777 reconditum
3513 5718 3759 5775 haberet.

2167 5830 2232 5884 At
2269 5825 2359 5882 ille
2395 5839 2489 5881 eos
2529 5822 2618 5893 qui
2661 5821 2730 5877 ab
2772 5823 3096 5889 imperatore
3137 5821 3397 5870 venerant
3434 5811 3665 5885 rogavit,
3706 5817 3763 5866 ut
