3982 6302
224 289 286 347 {7
1301 287 1388 344 DE
1432 287 1592 345 VITA
1625 287 2080 347 CONSTANTINI
2119 290 2323 348 LIBER
2364 293 2402 348 l.
3441 289 3504 345 l8

217 404 347 477 apud
376 419 436 461 se
459 403 842 475 aliquantisper
866 419 935 459 ιη·-
959 403 1063 460 rari
1099 403 1315 460 vellent.
1350 403 1550 460 Deinde
1576 419 1642 460 ex
1671 420 1790 459 om-
1818 410 1873 468 Α
1897 407 2093 478 rempti
2133 417 2347 474 essent;
2377 408 2621 477 aliusque
2649 409 2701 466 in
2738 408 2902 474 hanc,
2942 409 3078 464 alius
3108 409 3158 465 in
3193 408 3339 464 illam
3374 424 3498 477 par-

216 497 366 554 nibus
393 495 676 567 provinciis
697 511 815 567 qua:
847 495 1014 566 ipsius
1043 495 1274 566 imperio
1304 496 1564 567 parebant
1592 511 1796 552 convo-
1903 506 2011 556 tem
2058 501 2438 568 discessisset;
2484 511 2538 557 et
2591 503 3014 574 uniuscujusque
3059 507 3390 575 propositum
3437 519 3500 560 ac

211 599 325 645 cato
349 587 756 657 opulentissimo
797 602 1011 658 quoque
1037 629 1052 653 ,
1086 603 1146 642 se
1175 588 1400 657 pecunia
1429 604 1565 658 Opus
1598 588 1799 645 habere
1902 595 2169 648 sententia
2204 593 2482 664 explorata
2526 595 2710 650 fuisset
2741 611 2756 647 :
2807 604 2932 651 tunc
2976 596 3204 651 eximius
3251 597 3502 667 princeps

211 679 272 734 iis
309 677 649 748 significavit;
693 679 937 747 hancque
979 681 1320 735 occasionem
1367 679 1604 736 oblatam
1643 697 1793 750 esse,
1901 685 2184 741 consilium
2216 701 2371 742 suum
2417 686 2560 757 quod
2605 686 2864 744 hactenus
2909 689 3170 755 latuerat,
3203 688 3498 759 detegens,

207 788 303 844 qua
354 787 502 828 suam
558 773 782 843 quisque
830 789 956 844 erga
1014 775 1311 844 principem
1364 774 1793 831 benevolentiam
1903 776 2117 833 illorum
2149 779 2365 849 quidem
2398 779 2737 835 timiditatem
2781 795 2844 835 ac
2881 781 3102 835 nimium
3147 783 3230 836 sui
3259 782 3496 852 ipsorum

206 876 390 938 sponte
428 866 702 923 declarare
742 866 987 922 deberet.
1025 867 1104 921 Illi
1139 883 1288 933 vero,
1324 878 1507 936 utpote
1536 870 1624 940 qui
1651 869 1793 940 jam-
1900 885 2139 925 amorem
2171 871 2590 926 condemnavit:
2629 872 2731 928 hos
2755 888 2886 928 vero
2915 874 2984 928 ob
3015 874 3264 928 devotam
3315 875 3500 928 divino

204 961 401 1031 pridem
448 962 497 1016 in
537 962 676 1018 votis
708 960 1039 1027 habuissent,
1072 972 1131 1018 ut
1158 981 1311 1017 suum
1344 980 1467 1036 erga
1503 965 1653 1020 illum
1685 975 1798 1020 stn-
1903 962 2108 1016 numini
2137 962 2525 1017 conscientiam
2555 980 2881 1035 magnopere
2912 965 3178 1034 probavit.
3201 965 3278 1020 Ac
3303 966 3499 1022 deinde

202 1053 338 1108 dium
387 1053 709 1110 testificandi
751 1055 1040 1126 aliquando
1085 1055 1374 1112 offerretur
1403 1059 1658 1113 occasio:
1693 1060 1795 1114 hoc
1899 1053 2020 1108 illos
2052 1054 2265 1126 quidem
2314 1065 2566 1127 tanquam
2617 1057 2708 1113 Dei
2759 1059 3096 1129 proditores,
3126 1075 3194 1114 ne
3241 1061 3500 1131 principis

199 1147 374 1202 audito
399 1189 414 1214 ,
449 1149 732 1204 confestim
783 1164 950 1214 auro,
984 1160 1208 1220 argento
1247 1167 1311 1206 ac
1355 1151 1576 1220 reliquis
1602 1152 1794 1221 Opibus
1898 1143 2112 1215 ηυίάθιη
2160 1146 2420 1218 οὺεειιιιῑο
2460 1148 2649 1218 dignos
2687 1149 2969 1219 Ῐυάίεδνίιο
3019 1150 3150 1206 Nam
3184 1153 3454 1222 quomOdO
3479 1195 3494 1219 ν

200 1241 475 1298 thesauros
519 1242 638 1312 ejus
685 1244 1093 1314 compleverunt
1137 1263 1148 1297 :
1197 1245 1484 1300 ambitiose
1525 1254 1790 1302 certantes

1920 1240 2108 1310 nquit,
2145 1239 2302 1295 fidem
2336 1257 2461 1312 erga
2505 1242 2798 1312 principem
2837 1258 2994 1298 suum
3042 1247 3304 1300 servaturi
3345 1256 3495 1314 sunt,

197 1335 327 1391 inter
355 1351 440 1402 se,
473 1345 531 1392 ιιι
562 1352 622 1392 se
661 1337 890 1394 invicem
923 1338 974 1392 in
1013 1337 1290 1408 largiendo
1315 1347 1677 1410 superarent;
1710 1341 1793 1396 id-
1897 1334 1985 1404 qui
2017 1349 2140 1404 erga
2175 1335 2338 1390 Deum
2373 1335 2560 1405 perfidi
2607 1351 2728 1392 esse
2769 1337 3285 1408 deprehenduntur?
3315 1341 3498 1412 Itaque

196 1443 292 1498 que
330 1427 458 1484 tho
490 1437 656 1500 atque
681 1429 835 1486 hilari
864 1431 1012 1486 vultu
1049 1446 1240 1486 onmes
1274 1432 1594 1502 prmstitere.
1631 1433 1788 1490 Post-

1918 1425 2159 1495 :jusmodi
2204 1429 2348 1482 viros
2404 1443 2434 1482 a
2481 1428 2645 1498 regiis
2687 1430 2894 1485 aedibus
2943 1433 3130 1501 procul
3169 1434 3498 1504 ablegandos

191 1519 299 1575 ha'c
343 1521 699 1578 Constantius
740 1523 986 1579 homines
1029 1539 1058 1578 a
1100 1526 1314 1580 seniore
1358 1529 1599 1597 Augusto
1627 1526 1692 1582 ad
1733 1542 1794 1584 se
1896 1532 2019 1574 esse
2044 1520 2275 1574 ('CIISllil-
2310 1519 2436 1575 11105
2471 1537 2600 1575 vero
2633 1537 2768 1591 quos
2817 1522 2926 1577 Deo
2971 1523 3162 1593 dignos
3199 1541 3318 1580 esse
3359 1527 3501 1582 veri-

190 1612 397 1681 missos,
431 1614 810 1671 thesaurorum
839 1631 1058 1670 suorum
1089 1627 1426 1688 spectatores
1455 1633 1576 1674 esse
1599 1619 1788 1689 jussit,
1899 1611 2020 1665 ιδιίὸ
2052 1612 2219 1682 ipsius
2252 1613 2559 1669 leslilmmio
2601 1624 2902 1682 clinslarel,
2953 1620 3144 1673 eodem
3171 1634 3298 1689 erga
3344 1621 3491 1690 priu-

188 1715 236 1762 et
263 1721 324 1763 ea
361 1724 487 1778 qua;
531 1709 794 1765 vidissem
825 1712 1158 1768 renuntiare,
1201 1712 1272 1768 se
1311 1713 1525 1784 quidem
1570 1715 1788 1784 imprae.
1897 1701 2070 1772 cipem
2103 1703 2284 1758 animo
2313 1703 2520 1758 futuros
2551 1721 2671 1762 esse
2700 1705 3012 1774 affirmans,
3047 1717 3383 1778 protectores
3413 1722 3498 1766 at-

193 1800 484 1856 sentiarum
532 1801 650 1856 lucc
690 1802 830 1873 apud
863 1819 922 1859 se
964 1818 1319 1876 congregasse
1361 1822 1376 1860 ε
1423 1815 1681 1862 caeterum
1732 1821 1790 1862 ea

1918 1810 2006 1866 pte
2067 1795 2278 1866 imperii
2340 1795 2510 1867 ipsius
2564 1800 2818 1854 custodes
2865 1803 3180 1866 constituit;
3233 1803 3496 1872 ejusmodi

187 1893 503 1964 jampridem
547 1897 686 1967 apud
731 1897 877 1968 ipsos
912 1897 1163 1954 dominos
1203 1909 1454 1969 tanquam
1483 1900 1623 1970 apud
1657 1899 1790 1955 fidos

1918 1888 2141 1943 nomines
2183 1891 2322 1946 inter
2354 1892 2654 1962 praecipuos
2700 1893 2994 1948 amicorum
3029 1903 3083 1948 et
3125 1895 3358 1950 maxime
3400 1912 3496 1952 ne-

190 1985 549 2054 dcpositarnm
593 2004 753 2059 Opum
799 1989 1052 2045 custodes
1078 1991 1176 2044 sibi
1219 1991 1442 2046 servari.
1475 1991 1540 2046 Et
1582 1991 1632 2044 hi
1665 1991 1790 2061 qui-
1893 1983 2158 2037 cessariOS
2215 1983 2492 2040 habendos
2557 2002 2678 2042 esse
2738 1988 2948 2054 dicetis,
3008 1989 3283 2059 ηιιιιιοιιυθ
3329 1991 3499 2061 Pluris

189 2078 298 2134 dem
325 2078 696 2137 admiratione
728 2082 891 2153 hujus
921 2083 1000 2138 rei
1035 2083 1266 2154 perculsi
1307 2094 1431 2139 sunt
1463 2102 1476 2138 :
1509 2085 1786 2139 humanis.
1894 2077 2242 2134 a‘slimandos
2269 2096 2427 2151 quam
2463 2080 2816 2137 maximarum
2849 2098 3011 2154 opum
3044 2084 3349 2141 thes-auras.

188 2172 342 2226 simus
377 2181 568 2228 autem
614 2173 864 2245 princeps
905 2185 1025 2244 post
1067 2191 1256 2231 eorum
1296 2175 1592 2232 discessum
1624 2191 1789 2247 opum
2472 2195 2699 2252 CAPUT
2740 2196 2902 2253 xvn,

190 2263 426 2365 δοηξίηθε
477 2267 742 2324 δεθίνίδεθ
783 2269 980 2325 diem"
1013 2289 1028 2326 ³
1068 2280 1123 2326 ει
1158 2270 1419 2342 οδεειιυῖο
1469 2271 1682 2326 morum
1727 2287 1790 2328 ³ο
1900 2283 1974 2341 De
1999 2286 2188 2354 u/fectu
2227 2299 2272 2342 et
2301 2305 2474 2344 amore
2504 2291 2734 2361 ejusdem
2761 2290 3045 2347 Constantii
3070 2310 3191 2365 erga
3215 2293 3496 2352 Christum.

189 2360 354 2414 studio
382 2376 518 2432 erga
553 2376 616 2418 se
656 2377 981 2434 magnopere
1009 2364 1246 2432 laudato,
1283 2365 1511 2434 jussisse
1541 2375 1600 2420 ιιι
1625 2381 1790 2422 cunc-

192 2451 251 2506 tis
291 2452 493 2522 opibus
533 2455 648 2508 suis
690 2457 922 2526 receptis
963 2457 1179 2512 domum
1228 2467 1646 2513 reverterentur.
1678 2458 1790 2515 Hoc

189 2545 338 2616 igitur
364 2563 544 2602 unum
585 2548 725 2603 illius
765 2549 1022 2620 principis
1062 2549 1266 2605 facinus
1307 2559 1422 2615 est,
1461 2565 1569 2621 quo
1607 2551 1792 2621 singu-

188 2636 305 2694 laris
348 2640 470 2710 ejus
521 2639 823 2696 humanitas
863 2642 1147 2712 perSpicue
1183 2641 1505 2697 declaratur.
1543 2643 1789 2699 Alterum

191 2733 401 2800 facinus,
459 2734 679 2791 illustre
725 2734 842 2806 ejus
887 2751 1014 2806 erga
1064 2735 1230 2792 Deum
1278 2735 1492 2804 pietatis
1537 2734 1789 2792 indicium

192 2825 402 2897 prabet.

1969 2399 2287 2471 Hnjusmodi
2347 2403 2444 2458 fuit
2489 2401 2825 2459 Constantini
2874 2415 3024 2476 pater
3071 2407 3211 2461 sicut
3264 2423 3293 2461 a
3343 2408 3500 2463 nobis

1897 2492 2130 2549 breviter
2173 2495 2466 2550 indicatum
2496 2507 2598 2552 est.
2628 2497 2811 2565 Qualis
2851 2510 3031 2554 autem
3060 2500 3238 2554 exitus
3271 2499 3391 2554 vita:
3421 2501 3496 2555 illi

1895 2585 2204 2655 contigerit,
2254 2602 2378 2642 cum
2421 2602 2482 2643 se
2523 2588 2684 2645 talem
2727 2605 2851 2660 erga
2901 2589 3068 2645 Deum
3121 2591 3496 2660 praestitisset,

1894 2689 2262 2748 quantumque
2302 2679 2591 2735 discrimen
2636 2680 2776 2735 inter
2821 2680 2972 2736 illum
3016 2691 3072 2736 et
3118 2683 3354 2753 reliquos
3396 2682 3498 2737 im-

1897 2773 2031 2844 perii
2072 2785 2356 2827 consortes
2382 2771 2431 2828 is
2461 2789 2622 2843 quem
2649 2773 2892 2828 coluerat
2921 2773 3062 2828 Deus
3093 2789 3214 2829 esse
3240 2774 3496 2844 voluerit,

833 2916 1064 2976 CAPUT
1091 2918 1209 2974 xv.
1895 2867 2140 2939 quisquis
2167 2883 2282 2976 iam
2327 2868 2497 2936 ipsam
2526 2868 2783 2976 attentius
2823 2869 3176 2972 expenderit,
3220 2869 3498 2976 facilenco-

1196 2960 1209 2974 ’
1340 3031 1347 3032 γ
1895 2967 2137 3029 gnoscet.
2167 2958 2459 3028 Postquam
2483 2960 2626 3014 enim
2658 2959 2824 3014 multa
2858 2964 3019 3032 regiae
3054 2961 3265 3016 virtutis
3301 2961 3496 3018 indicia

488 3028 576 3085 De
602 3031 947 3101 persecutione
969 3030 1032 3084 ab
1063 3031 1179 3084 aliis
1209 3031 1477 3086 concitata.

1918 3051 2197 3106 Iiutissime
2227 3051 2578 3121 praebuisset,
2615 3067 2777 3106 unum
2808 3053 3022 3123 quidem
3067 3070 3337 3109 summum
3379 3072 3496 3110 om-

254 3142 528 3200 Pratsides
551 3143 948 3214 provinciarum
978 3157 1074 3212 per
1097 3143 1404 3198 universum
1431 3143 1615 3197 orbem
1643 3141 1788 3197 viros
1815 3190 1860 3218 η
1896 3148 2041 3201 nium
2072 3145 2239 3200 Deum
2267 3160 2587 3216 agnoscens,
2617 3161 2804 3200 eorum
2827 3161 2957 3201 vero
2993 3148 3083 3218 qui
3116 3148 3299 3218 plures
3332 3149 3492 3216 Deos,

254 3190 273 3196 _
295 3190 527 3200 ...νην-
551 3190 947 3214 ν.--.---.-.μ.-.
979 3190 1062 3212 ν-.
1098 3190 1403 3198 -.-..-.-_.--
1655 3190 1787 3197 .-.η
2073 3190 2239 3200 πη...
2267 3190 2587 3216 "unum.-.
2619 3190 2804 3200 νην...
2837 3190 2956 3201 ω.-
2994 3190 3083 3218 η...
3116 3190 3299 3218 μων..
3332 3190 3491 3216 υνυς,

194 3233 356 3290 divino
385 3235 570 3292 cultui
613 3236 825 3292 deditos
867 3236 1249 3306 imperatorum
1290 3234 1443 3305 jussu
1493 3249 1785 3304 perseque-
1814 3190 1862 3256 Ο
1895 3238 2136 3293 colerent
2166 3237 2493 3306 impietatem
2523 3237 2927 3303 condemnatis,
2955 3247 3009 3292 et
3037 3251 3346 3294 sanctorum
3394 3239 3491 3293 ho.

197 3325 390 3384 bantur.
431 3329 722 3398 Primique
751 3330 991 3383 omnium
1024 3343 1091 3383 ex
1128 3328 1259 3396 ipsis
1295 3326 1664 3396 imperialibus
1695 3342 1790 3396 pa-
1896 3335 2102 3390 minum
2145 3336 2550 3405 precationibus
2587 3335 2806 3389 domum
2849 3349 3000 3389 suam
3048 3336 3282 3406 undique
3321 3336 3496 3390 muni-

199 3422 318 3476 fatiis
360 3421 650 3494 progressi
679 3422 772 3477 Dei
813 3421 1168 3477 amantissimi
1217 3431 1501 3490 martyres.
1536 3435 1632 3490 pro
1656 3420 1788 3475 reli-
1895 3427 2093 3492 visset,
2138 3427 2404 3498 reliquum
2434 3427 2691 3494 deinceps
2723 3427 2846 3481 vine
2890 3436 3102 3497 tempus
3141 3429 3392 3498 expedite
3431 3445 3495 3485 ac

197 3516 334 3582 sione
361 3515 676 3570 οενιδῐηίηθ
703 3513 984 3578 Obiemnl;
1011 3515 1186 3584 ignem
1215 3520 1269 3568 et
1292 3512 1497 3580 gladios
1521 3512 1791 3582 marisque
1899 3521 2185 3592 tranquille
2224 3537 2432 3574 sunnna
2460 3535 2582 3575 cum
2611 3519 2776 3589 gloria
2803 3521 3048 3590 exegisse
3073 3520 3271 3575 dicitur
3297 3539 3310 3574 :
3345 3535 3494 3576 com-

197 3606 466 3662 altissimos
521 3608 792 3677 gurgites,
841 3613 894 3660 cl
936 3615 1127 3659 etincta
1168 3604 1358 3658 mortis
1383 3617 1583 3673 genera
1625 3602 1789 3658 alacri

1918 3631 1995 3669 tos
2021 3615 2137 3686 ejus
2166 3614 2434 3670 felicitatis
2459 3629 2618 3683 quam
2648 3613 2806 3684 vulgo
2837 3614 3122 3684 perhibent
3153 3615 3204 3668 in
3235 3630 3300 3669 eo
3343 3619 3495 3686 posi-

200 3700 358 3752 animo
377 3698 658 3770 perpessi.
685 3698 836 3753 Adeo
859 3709 913 3750 ut
945 3697 1090 3750 brevi
1120 3695 1378 3765 lempmis
1400 3697 1572 3764 spatio
1599 3704 1790 3750 cuncta
1900 3715 2007 3761 tam
2049 3720 2189 3770 esse,
2229 3716 2284 3758 nt
2314 3720 2486 3774 neque
2530 3706 2598 3759 ab
2636 3705 2752 3758 aliis
2799 3706 3096 3760 afficiamnr
3137 3720 3315 3777 neque
3361 3707 3494 3762 alios

199 3795 580 3863 imperatorum
639 3793 833 3862 palatia
895 3792 1190 3846 cultoribus
1259 3790 1348 3845 Dvi
1402 3790 1611 3844 viduata
1660 3793 1787 3846 siIII.
1898 3797 1998 3868 ipsi
2025 3797 2324 3852 afficiamus
2355 3797 2620 3851 molesria.
2648 3796 2728 3852 Ad
2757 3796 2900 3851 hunc
2942 3797 3102 3866 igitur
3131 3797 3348 3852 modum
3381 3805 3495 3854 toto

201 3884 300 3953 Quo
328 3887 574 3940 maxime
603 3885 796 3939 factum
829 3895 948 3949 est,
979 3893 1036 3937 ut
1076 3882 1231 3953 hujus
1271 3882 1495 3938 sceleris
1519 3893 1787 3948 auctores,
1897 3891 2107 3961 imperii
2157 3890 2237 3944 sui
2287 3899 2564 3958 tempore,
2610 3888 2755 3960 quod
2807 3890 3074 3958 aequabile
3120 3901 3379 3960 perpetuo
3429 3907 3495 3948 ac

203 3975 278 4030 Dei
305 3977 602 4050 praesentia
635 3985 796 4047 atque
821 3975 1025 4030 auxilio
1065 3975 1236 4029 orbati
1265 3983 1628 4029 remanerent.
1659 3973 1790 4028 Dum
1899 3983 2165 4054 placidum
2212 3983 2345 4048 fuit,
2377 3983 2685 4036 universam
2730 3983 2985 4037 familiam
3007 4025 3020 4047 ,
3068 3983 3352 4055 conjugem
3382 3984 3493 4040 sci.

203 4070 323 4124 enim
352 4072 602 4125 cultores
644 4069 808 4124 divini
863 4068 1096 4122 numinis
1148 4077 1572 4137 persequuntur.
1603 4067 1792 4122 eadem
1897 4075 2025 4130 licet
2051 4090 2113 4130 ac
2141 4075 2336 4129 liberos
2361 4090 2482 4128 cum
2513 4074 2762 4127 omnibus
2790 4073 3081 4139 ministris,
3129 4077 3218 4129 uni
3250 4075 3494 4133 omnium

202 4185 343 4239 opera
394 4170 746 4244 precationes
804 4184 900 4240 pro
949 4167 1252 4236 semetipsis
1291 4166 1404 4218 fieri
1434 4165 1621 4220 solitas
1666 4165 1790 4220 abc-
1900 4170 2030 4241 Regi
2065 4170 2173 4224 Deo
2205 4167 2561 4224 consecravit.
2592 4166 2741 4222 Adeo
2772 4177 2829 4220 nt
2858 4167 3146 4222 multitudo
3173 4184 3359 4224 eorum
3403 4171 3494 4242 qui

203 4272 386 4332 gerunt.
1899 4266 1951 4320 in
1981 4265 2150 4336 ipsius
2177 4263 2374 4333 palatio
2400 4261 2560 4316 simul
2600 4263 2972 4327 versabantur,
3017 4261 3160 4317 nulla
3192 4277 3249 4317 re
3274 4263 3344 4318 ab
3385 4263 3491 4318 Ec-

783 4353 1012 4411 CAPUT
1053 4349 1190 4407 XVI.
1897 4358 2062 4414 clesia
2108 4357 2199 4411 Dei
2227 4355 2488 4410 differret.
2525 4352 2670 4408 Inter
2699 4368 2836 4423 qttos
2875 4363 3028 4407 erant
3058 4353 3220 4408 etiam
3263 4353 3496 4409 ministri

211 4467 458 4536 Quomodo
491 4470 868 4526 Constantinus
908 4467 1159 4522 simulans
1192 4481 1245 4520 se
1281 4465 1557 4520 simulacra
1603 4465 1788 4530 colere,

1918 4451 2017 4514 )ei,
2045 4449 2136 4520 qui
2165 4447 2436 4504 continuis
2468 4443 2867 4515 precationibus
2909 4459 3008 4515 pro
3037 4444 3208 4499 salute
3239 4443 3496 4516 principis

263 4583 340 4620 eos
366 4567 586 4640 quidem
618 4565 704 4636 qui
743 4563 1036 4633 sacriﬁcare
1081 4562 1251 4632 parati
1303 4570 1468 4616 essent
1500 4561 1791 4632 expulerit:
1816 4592 1874 4655 Β
1901 4542 2068 4647 De?!“
2119 4539 2554 4655 Venerabaultr“:=
2601 4535 3496 4655 “vitlgonapud-alios

263 4628 390 4715 illos.
413 4678 538 4715 vero
571 4662 658 4730 qui
689 4677 741 4715 se
769 4658 1086 4714 Christianos
1117 4657 1348 4727 proﬁteri
1381 4655 1703 4722 maluissent,
1735 4656 1790 4710 in

1918 4651 1968 4690 te
1999 4635 2171 4705 ipsum
2213 4632 2429 4704 quidem
2465 4631 2558 4686 Dei
2603 4631 2863 4685 cultorem
2911 4644 3104 4684 nomen
3139 4630 3380 4701 proferre
3415 4628 3496 4687 fas

265 4759 446 4828 palatio
476 4757 768 4812 retinuerit.
1896 4737 2060 4787 esset.

267 4869 372 4925 Soli
398 4869 722 4926 Constantio
748 4867 962 4939 sapiens
1005 4865 1274 4939 quoddam
1312 4863 1598 4920 consilium
1643 4864 1794 4920 venit

209 4963 253 5016 iu
279 4977 532 5021 mentem.
557 4965 730 5022 Acres
755 4962 970 5033 quidem
1002 4964 1114 5032 ipsa
1145 4976 1304 5032 quam
1336 4960 1504 5030 gessit
1528 4956 1790 5014 mirabilis

210 5064 284 5110 est
308 5057 527 5124 auditu;
558 5061 697 5112 factu
730 5066 907 5112 tamen
936 5056 1096 5126 longe
1121 5051 1507 5109 admirabilior.
1535 5051 1791 5106 Palatinis

212 5154 442 5208 omnibus
477 5153 568 5224 qui
607 5153 661 5206 in
689 5151 861 5222 ipsius
888 5151 1010 5205 aula
1050 5149 1386 5212 militabant,
1416 5145 1484 5202 ad
1527 5146 1673 5217 ipsos
1698 5159 1793 5201 us-

214 5256 306 5311 que
327 5244 539 5314 jndices
563 5245 615 5298 in
648 5243 874 5299 summis
905 5241 1262 5311 potestatibus
1289 5239 1640 5304 constitutos,
1668 5236 1793 5292 data
1971 5240 2140 5295 Porro
2168 5252 2260 5293 eas
2301 5235 2372 5292 ob
2416 5250 2506 5291 res
2553 5249 2660 5290 non
2711 5233 2804 5290 diu
2849 5237 3077 5305 posthac
3114 5231 3421 5289 mercedem
3465 5248 3500 5290 a

215 5334 427 5404 eligendi
458 5345 640 5389 utrum
673 5334 898 5388 mallent
941 5333 1225 5393 facultate,
1259 5331 1398 5385 hanc
1425 5329 1791 5385 conditionem
1902 5332 2013 5387 Deo
2043 5339 2127 5386 est
2151 5335 2515 5386 consecutus:
2565 5326 2618 5381 in
2667 5334 2876 5381 tantum
2909 5334 2968 5380 ut
3005 5324 3236 5396 primum
3284 5325 3502 5396 imperii

218 5423 393 5479 detulit
421 5471 436 5492 ,
463 5438 524 5482 ut
554 5427 816 5498 siquidem
847 5426 1186 5481 daemonibus
1224 5423 1649 5488 saeriflcassent,
1682 5436 1798 5476 ma-
1901 5425 2081 5482 locum
2123 5423 2413 5481 obtineret.
2457 5419 2593 5477 Nam
2623 5434 2746 5476 cum
2787 5419 3029 5475 seniores
3057 5417 3282 5490 Augusti
3312 5417 3502 5474 nescio

222 5536 335 5577 nere
361 5523 493 5593 ipsis
523 5523 576 5576 in
604 5521 804 5592 palatio
830 5529 883 5576 et
911 5519 1180 5574 consuetis
1214 5517 1510 5573 honoribus
1537 5515 1638 5572 frui
1667 5515 1798 5571 lice-
1901 5534 2014 5591 quo
2053 5526 2210 5588 pacto
2255 5513 2483 5585 imperio
2529 5528 2590 5568 se
2635 5511 3009 5577 abdicassent,
3055 5527 3176 5582 qua;
3219 5511 3502 5581 repentina

223 5621 330 5667 ret:
368 5614 411 5668 si
457 5627 587 5668 vero
632 5613 684 5668 id
725 5612 905 5668 facere
944 5611 1286 5676 renuisscnt,
1336 5609 1403 5665 ab
1442 5608 1607 5679 ipsius
1648 5607 1798 5663 aditu
1902 5611 2133 5668 mutatio
2159 5609 2406 5679 proximo
2449 5615 2570 5677 post
2604 5604 2957 5661 ecclesiarum
2988 5603 3325 5660 eversionem
3358 5617 3503 5660 anno

227 5706 646 5775 excluderentur,
666 5718 722 5764 et
743 5709 814 5764 ab
842 5707 1009 5778 ipsius
1035 5706 1221 5762 notitia
1249 5704 1686 5761 acfamiliaritate
1711 5720 1800 5762 reo
1903 5703 2011 5759 illis
2053 5701 2306 5774 contigit;
2340 5698 2488 5756 solus
2531 5699 2728 5756 exinde
2764 5696 3114 5754 Constantius
3145 5696 3349 5768 primus
3387 5696 3503 5753 Au-

233 5798 348 5852 moti
395 5797 748 5858 discederent.
783 5798 917 5855 Cum
967 5812 1096 5870 ergo
1142 5797 1379 5857 universi
1421 5796 1667 5853 bifariam
1715 5798 1798 5853 did
1907 5803 2092 5867 gustus
2119 5792 2458 5852 renuntiatus
2490 5799 2594 5848 est.
2634 5790 2737 5858 Qui
2779 5788 2933 5846 initio
2963 5787 3180 5860 quidem
3225 5788 3504 5849 Casurum

2463 4815 2691 4873 CAPUT
2724 4815 2911 4872 XVIII.

1909 4935 2061 5004 Quod
2109 4939 2223 5004 post
2279 4929 2654 4985 abdicationem
2702 4928 3013 4984 Diocletiani
3055 4937 3103 4983 et
3145 4927 3495 4998 Maximiani,

1971 5025 2298 5085 Constantius
2329 5025 2525 5095 primus
2564 5021 2825 5093 Augustus
2866 5025 2966 5096 fuit
2992 5065 3006 5088 ,
3043 5040 3314 5078 numerosa
3353 5025 3499 5097 prole

1969 5137 2209 5192 insignis.
