3982 6302
442 296 508 351 19
1761 280 2031 341 EUSEBII
2068 276 2395 338 PAMPHILI
2736 307 2740 311 -
3667 270 3739 328 90

450 413 754 469 diademate
794 425 917 465 eum
949 408 1164 465 Galerio
1217 406 1502 463 decoratus
1541 403 1777 473 priorem
1818 398 2043 471 gradum
2071 394 2466 459 ACoustantio
2494 392 2596 447 sub
2628 392 2769 447 idem
2818 399 3030 462 tempus
3075 390 3292 445 ultimus
3325 388 3447 443 vitae
3488 388 3603 443 dies
3647 392 3743 442 im-

450 512 795 568 obtinuerat:
829 517 1012 579 postea
1055 522 1185 561 vero
1224 520 1349 560 cum
1391 504 1444 558 in
1483 502 1567 557 illa
1597 498 1826 555 Ctesaris
1865 495 2043 567 digni-

452 615 563 660 tate
608 602 881 674 egregium
942 602 1021 656 sui
1073 599 1349 669 specimen
1406 594 1710 658 edidisset,
1772 603 2045 645 summum

456 698 597 770 apud
632 697 907 753 Romanos
939 694 1159 750 honoris
1196 691 1465 762 fastigium
1510 686 1735 756 adeptus
1762 693 1875 749 est;
1907 682 2049 737 inter

450 800 680 861 quatuor
719 788 807 858 qui
841 785 1198 857 postmodum
1223 782 1487 858 designati
1515 786 1674 845 sunt,
1707 776 1912 848 primus
1940 775 2048 827 Au-

454 891 642 956 gustus
693 881 1013 952 appellatus.
1062 877 1167 935 Sed
1213 885 1263 931 et
1310 885 1616 929 numerosas
1659 868 1864 924 sobolis
1910 878 2051 937 prte-

449 977 648 1033 stantia
679 975 916 1044 reliquos
963 974 1317 1041 imperatores
1349 962 1655 1036 superavit,
1696 959 1940 1016 maximo
1986 956 2052 1010 li—

450 1069 706 1125 berorum
729 1067 1006 1137 utriusque
1028 1077 1190 1119 sexus
1211 1060 1379 1116 choro
1401 1056 1780 1114 circumdatus.
1809 1051 2050 1122 Denique

456 1177 578 1217 cum
604 1161 657 1215 iu
690 1169 931 1215 extrema
964 1163 1241 1212 senectute
1262 1154 1488 1225 positus,
1517 1149 1757 1207 debitum
1780 1146 2053 1202 communi

455 1267 663 1311 natura:
707 1253 1077 1325 persolutorus
1118 1258 1280 1319 atque
1326 1262 1389 1303 ex
1440 1245 1539 1299 bac
1580 1244 1698 1298 luce
1730 1242 2053 1311 migraturus

454 1357 629 1413 esset,
668 1347 738 1401 ibi
773 1346 911 1400 [tem
944 1341 1317 1397 admirabilem
1364 1338 1657 1410 potentiam
1704 1349 1857 1390 suam
1881 1334 1931 1390 ei
1959 1331 2053 1388 deo

453 1454 562 1494 nuo
588 1438 869 1502 exhibens,
903 1434 1137 1507 providit
1162 1440 1220 1487 ut
1243 1431 1474 1487 ﬁliorum
1517 1429 1687 1499 ipsius
1709 1436 1837 1481 natu
1880 1425 2055 1479 maxi-

454 1545 574 1586 mus
604 1529 990 1585 Constantinus
1016 1526 1236 1597 jamjam
1270 1523 1529 1580 morituro
1569 1519 1639 1575 ad
1664 1515 2053 1591 capessendum

452 1620 733 1692 imperium
780 1626 976 1691 przesto
1017 1625 1178 1673 esset.

1045 1731 1275 1790 CAPUT
1315 1728 1458 1785 XIX.
2056 1755 2063 1763 -

459 1833 535 1889 De
579 1833 688 1904 ﬁlio
728 1836 839 1905 ejus
880 1828 1234 1892 Constantino,
1277 1826 1365 1897 qui
1405 1823 1578 1879 adhuc
1617 1819 1911 1875 adolescens
1953 1834 2057 1872 una

694 1941 809 1980 cum
849 1921 1171 1977 Diocletiano
1213 1920 1266 1972 in
1310 1917 1645 1972 Palaestinam
1686 1914 1836 1968 venit.

529 2039 738 2111 Quippe
767 2037 856 2095 hic
884 2050 988 2095 una
1016 2050 1135 2094 cum
1170 2029 1581 2102 imperatoribus
1623 2027 1790 2098 patris
1822 2027 1902 2083 sui
1943 2025 2058 2081 col-

461 2133 596 2203 legis
645 2130 979 2195 versabatur,
1023 2136 1077 2182 et
1115 2123 1565 2199 quemadmodum
1624 2129 1779 2175 vetus
1828 2119 1917 2175 ille
1961 2117 2055 2173 Dei

458 2223 722 2297 propheta
765 2222 941 2276 Moses
982 2222 1033 2274 in
1082 2216 1260 2273 medio
1294 2216 1542 2278 illorum,
1586 2212 1727 2268 sicut
1765 2212 1875 2281 jam
1914 2211 2058 2265 dixi-

458 2331 602 2380 mus,
650 2313 1167 2385 degebat.Cumquc
1215 2316 1480 2364 transacta
1527 2306 1751 2376 pueritia
1787 2306 1896 2373 jam
1928 2302 2059 2356 ado-

461 2410 732 2467 lescentia:
772 2424 943 2463 annos
972 2407 1249 2477 ingressus
1279 2409 1453 2465 esset,
1497 2415 1709 2457 summo
1754 2400 1809 2454 in
1851 2398 2059 2454 honore

458 2505 601 2575 apud
632 2518 792 2573 supra
838 2501 1011 2555 dictos
1053 2500 1409 2568 imperatores
1437 2500 1571 2548 erat.
1617 2491 1930 2562 Cujusntodi
1961 2504 2059 2546 nos

460 2614 673 2671 quoque
699 2612 825 2653 eum
852 2595 1103 2660 vidimus,
1146 2606 1268 2646 cum
1315 2603 1412 2661 per
1452 2587 1789 2643 Palaestinam
1837 2585 2057 2658 provin-

458 2693 595 2748 ciam
639 2689 893 2745 transiret
932 2702 1038 2740 uua
1071 2701 1191 2741 ettm
1233 2684 1451 2739 seniore
1491 2681 1751 2749 Augusto.
1781 2678 1862 2733 Ad
1906 2676 2059 2748 cujus

460 2783 705 2838 dextram
740 2782 1033 2845 assistens,
1063 2778 1272 2832 cunctis
1299 2775 1390 2845 qui
1419 2772 1633 2827 videndi
1675 2772 1945 2827 desiderio
1976 2779 2058 2825 te-

466 2876 732 2930 nebantur
779 2869 1254 2942 praestantissimus
1299 2865 1625 2937 apparebat,
1669 2873 1723 2919 et
1768 2865 1857 2933 qui
1898 2865 2060 2933 regiae

460 2968 738 3037 cujusdam
755 2962 1087 3019 celsitudinis
1115 2961 1275 3015 animi
1294 2962 1521 3029 jamtum
1546 2957 1740 3012 indicia
1772 2957 2057 3026 pra-heret.

462 3061 592 3115 Nam
638 3059 779 3130 quod
821 3059 885 3111 ad
932 3054 1391 3127 pulchritudinem
1419 3063 1471 3106 et
1517 3051 1896 3121 proceritatem
1937 3064 2060 3104 cor-

461 3155 607 3224 poris
645 3154 872 3217 attiuet,
913 3164 1073 3205 nemo
1117 3156 1233 3202 erat
1273 3147 1362 3217 qui
1403 3160 1525 3200 cum
1553 3144 1643 3198 illo
1668 3142 1904 3198 conferri
1937 3156 2061 3212 pos-

462 3259 564 3305 set.
595 3248 699 3305 Sed
731 3261 784 3303 et
822 3247 1013 3301 virium
1060 3243 1256 3297 robore
1300 3240 1436 3295 adeo
1478 3241 1620 3293 inter
1660 3238 1893 3308 :cquales
1923 3238 2059 3292 emi-

462 3340 656 3404 nebat,
700 3351 758 3394 ut
800 3339 868 3392 ab
912 3336 1016 3391 illis
1056 3337 1216 3390 etiam
1258 3332 1655 3386 formidaretur.
1708 3328 1889 3383 Animi
1929 3342 2059 3382 vero

462 3434 748 3487 virtutibus
808 3433 966 3500 longe
1018 3428 1277 3482 illustrior
1330 3438 1489 3494 quam
1540 3422 1756 3477 dotibus
1811 3418 2058 3490 corporis

462 3509 580 3581 nni.
606 3528 685 3582 Ac
710 3528 942 3596 primum
967 3521 1181 3593 quidem
1210 3517 1466 3574 modestia
1488 3515 1723 3569 animum
1745 3513 2055 3569 exornavit:

462 3616 657 3672 deinde
682 3614 1090 3669 humanioribus
1116 3608 1454 3677 disciplinis;
1487 3614 1542 3660 et
1581 3614 1690 3658 tum
1718 3605 1899 3657 innata
1930 3619 2058 3674 pru-

462 3706 641 3762 dentia
666 3748 680 3771 ,
728 3714 840 3761 tum
872 3704 1134 3774 sapientia
1182 3700 1436 3756 divinitus
1486 3698 1659 3752 infusa
1702 3712 1806 3751 nou
1848 3696 2057 3751 medio-

456 3800 625 3855 criter
649 3812 773 3854 eum
800 3796 1053 3852 excoluit.

1060 3904 1286 3964 CAPUT
1325 3903 1446 3960 XX.

498 4007 866 4067 Constantinus
897 4012 1104 4079 propter
1136 4000 1446 4056 Diocletiani
1488 4007 1535 4054 et
1575 3995 1768 4054 Galerii
1806 3992 2021 4050 insidias

944 4098 1013 4152 ad
1053 4104 1249 4168 patrem
1287 4094 1575 4149 revertitur.

532 4219 604 4273 At
640 4216 998 4285 imperatores
1052 4211 1195 4266 illius
1235 4207 1531 4280 temporis,
1573 4220 1695 4261 cum
1736 4201 2058 4259 adolescen-

462 4321 570 4368 tem
606 4307 853 4363 viderent
885 4315 1205 4376 generosum
1248 4314 1309 4354 ac
1342 4299 1573 4367 fortem,
1611 4307 1967 4366 magnumque
2004 4301 2059 4353 et

459 4401 677 4460 excelso
717 4399 896 4457 animo
938 4392 1255 4465 prmditum,
1288 4389 1485 4445 invidia
1516 4388 1672 4443 simul
1713 4400 1777 4441 ac
1813 4394 1959 4441 metu
1988 4384 2057 4440 ob

462 4496 521 4553 id
541 4491 779 4565 torqueri
810 4503 1051 4561 (tepere,
1079 4485 1262 4556 Itaque
1293 4492 1504 4553 tempus
1537 4489 1899 4553 opportunum
1931 4493 2056 4553 cap-

2148 488 2403 544 miuebat.
2437 487 2539 553 Qui
2568 500 2691 541 cum
2738 484 2905 540 lilium
2949 484 3223 555 insperato
3270 481 3371 537 sibi
3403 482 3595 537 adesse
3624 495 3747 535 cer-

2147 588 2323 647 neret,
2368 579 2509 634 lecto
2541 577 2792 643 exiliens,
2833 576 3095 631 ambabus
3124 574 3265 629 ulnis
3304 588 3428 629 eum
3467 573 3749 644 amplexus

2148 681 2268 729 est:
2298 673 2544 742 buncqne
2584 685 2747 725 unum
2776 684 2885 739 quo
2910 668 3206 739 angebatur
3232 665 3511 731 dolorem,
3557 680 3621 719 ex
3652 664 3748 719 ab-

2149 770 2322 823 sentia
2346 765 2553 821 scilicet
2583 764 2676 818 filii
2708 771 3026 834 conceptum
3048 804 3063 828 ,
3090 761 3198 832 jam
3230 775 3294 816 ex
3326 759 3509 814 animo
3538 758 3751 828 penitus

2149 873 2434 914 excussum
2463 872 2584 913 esse
2613 854 2911 921 affirmans,
2939 854 3137 925 gratias
3170 850 3282 907 Deo
3313 851 3579 906 maximas
3609 850 3744 920 egit,

2153 954 2381 1026 posthac
2422 959 2650 1007 mortem
2700 950 2845 1004 omni
2897 946 3302 1003 immortalitate
3341 945 3610 1016 potiorem
3650 944 3753 1002 sibi

2152 1060 2272 1102 esse
2324 1050 2568 1100 testatus.
2622 1041 2906 1110 DiSpositis
2956 1039 3150 1095 deinde
3204 1053 3271 1093 ex
3320 1036 3546 1092 arbitrio
3592 1035 3755 1091 rebus

2155 1140 2303 1205 suis,
2345 1145 2402 1194 et
2437 1138 2560 1192 vale
2600 1135 2744 1190 dicto
2784 1134 2969 1189 liberis
2999 1133 3115 1188 suis
3152 1132 3433 1201 utriusque
3462 1144 3627 1184 sexus
3662 1128 3751 1198 qui

2155 1233 2326 1288 instar
2357 1229 2637 1300 cujusdam
2657 1226 2808 1284 chori
2854 1229 3026 1297 ipsum
3058 1225 3297 1295 undique
3335 1223 3657 1294 cingebant;
3698 1222 3753 1277 in

2157 1321 2358 1394 palatio
2385 1331 2439 1377 et
2468 1318 2525 1375 in
2555 1319 2702 1391 regio
2731 1318 2891 1374 cubili
2918 1318 3137 1389 jacens,
3166 1315 3382 1385 imperii
3407 1313 3751 1370 administra-

2158 1418 2324 1483 tione,
2372 1423 2433 1470 ιη
2469 1413 2729 1470 naturalis
2767 1412 2906 1468 ratio
2946 1411 3213 1483 postulat,
3257 1407 3368 1464 ﬁlio
3406 1418 3539 1463 natu
3577 1407 3748 1462 maxi-

2156 1523 2247 1564 mo
2285 1507 2339 1563 in
2381 1520 2572 1563 manus
2611 1505 2828 1571 tradita,
2870 1519 2935 1560 ex
2975 1503 3078 1559 hac
3119 1503 3236 1559 line
3276 1500 3547 1573 migravit.

2742 1617 2972 1675 CAPUT
3008 1615 3173 1673 XXII.

2161 1732 2431 1801 Quomodo
2461 1731 2598 1786 elato
2638 1729 2972 1796 Constantio,
3025 1728 3384 1784 Constantinus
3430 1745 3464 1781 a
3508 1724 3753 1781 militibus

2606 1822 2868 1894 Augustus
2887 1820 3176 1892 appellatus
3205 1820 3289 1879 sit.

2229 1935 2413 2007 Neque
2467 1946 2643 1995 tamen
2674 1933 2875 1993 idcirco
2902 1933 3104 2006 absque
3143 1933 3472 2005 imperatore
3498 1931 3756 1988 remansit

2160 2034 2500 2107 respublica,
2566 2036 2765 2107 quippe
2826 2032 3210 2090 Constantinus
3260 2042 3490 2104 paterna
3536 2039 3756 2088 ornatus

2162 2145 2435 2201 purpura,
2464 2141 2520 2187 et
2562 2146 2634 2186 ex
2685 2129 2922 2200 paternis
2969 2129 3177 2185 mdibus
3218 2143 3572 2201 progressus,
3617 2125 3754 2183 Cott-

2162 2223 2419 2281 stautium
2444 2231 2657 2293 patrem
2684 2230 2939 2290 tanquam
2969 2220 3268 2277 redivivum
3314 2229 3370 2274 et
3415 2220 3472 2275 in
3497 2218 3611 2275 tilio
3654 2215 3752 2273 ad-

2161 2312 2269 2371 huc
2326 2321 2641 2385 regnantem
2685 2313 2891 2367 cunctis
2950 2310 3212 2369 exhibuit.
3288 2308 3540 2365 Postltazc
3598 2305 3759 2363 [unus

2162 2416 2445 2476 paternum
2464 2406 2791 2463 antecedens
2816 2405 3159 2476 contingenti
3191 2413 3542 2476 paternorum
3560 2402 3757 2459 amico-

2159 2515 2281 2559 rum
2309 2499 2651 2561 multitudiue
2671 2540 2684 2564 ,
2716 2513 2949 2571 quorum
2968 2498 3061 2552 alii
3089 2495 3395 2562 anteibant,
3436 2493 3527 2551 alii
3571 2493 3755 2549 subsc-

2164 2594 2501 2667 quebautur,
2578 2592 2941 2665 pulcherrimo
3006 2600 3268 2662 apparatu
3317 2588 3577 2660 exequias
3648 2586 3760 2642 Deo

2160 2687 2343 2746 devoti
2388 2687 2648 2759 principis
2676 2684 2990 2743 celebravit.
3022 2682 3210 2739 Cuncti
3262 2680 3628 2737 beatissimum
3660 2679 3755 2735 im-

2162 2796 2467 2857 peratorem
2496 2779 2975 2836 acclamationibus
3005 2788 3059 2832 et
3089 2776 3327 2831 laudibus
3358 2774 3754 2848 prosequeban—

2163 2889 2280 2946 tur;
2333 2891 2548 2945 uuoque
2586 2874 2888 2930 animorum
2917 2886 3185 2928 consensu
3233 2881 3504 2926 mortuum
3558 2869 3751 2939 princi-

2162 2983 2288 3042 pattt
2319 2970 2411 3025 lilii
2451 2969 2658 3024 restitui
2689 2977 2852 3037 atque
2880 2966 2933 3021 in
2960 2966 3134 3021 lucem
3161 2964 3402 3020 revocari
3429 2963 3750 3026 censebant;

2164 3075 2218 3120 et
2248 3063 2436 3118 laustis
2464 3059 2947 3115 acclamationibus
2992 3075 3183 3112 novum
3216 3058 3513 3128 principem
3534 3100 3550 3127 ,
3593 3056 3754 3126 impr-

2085 3173 2137 3235 ρ
2164 3167 2398 3211 ratorem
2421 3196 2437 3221 ,
2469 3156 2767 3225 Augustum
2789 3195 2803 3218 ,
2853 3155 3030 3223 primo
3058 3154 3237 3207 statim
3289 3153 3497 3222 impetu
3525 3152 3755 3222 appelln-

2162 3250 2310 3306 bant.
2351 3248 2421 3304 Et
2461 3248 2544 3304 hzc
2573 3249 2787 3318 quidem
2822 3249 2986 3303 lilium
3038 3247 3365 3302 laudantium
3415 3262 3575 3303 voces
3621 3247 3750 3321 patri

2164 3355 2377 3399 mortuo
2403 3344 2774 3399 ornamentum
2803 3341 3097 3397 aﬂ’erebaut
3127 3359 3140 3394 :
3189 3341 3352 3395 filium
3383 3356 3515 3397 vero
3544 3346 3750 3396 beatum

2165 3438 2558 3507 pra‘tliCabant,
2588 3437 2676 3506 qui
2708 3437 2837 3490 tanti
2873 3436 3037 3505 patris
3067 3448 3348 3490 successttr
3376 3447 3529 3490 esset
3556 3450 3683 3489 renu
3709 3454 3750 3483 t-

2163 3516 2343 3585 tiatus.
2387 3527 2494 3585 Sed
2537 3538 2591 3583 et
2634 3543 2822 3582 omnes
2868 3526 3155 3596 provincia:
3197 3526 3315 3595 ejus
3361 3527 3589 3598 imperio
3633 3526 3753 3579 sub—

2157 3622 2351 3692 jectae,
2395 3621 2630 3675 maximo
2659 3617 2856 3691 gaudio
2885 3628 2940 3674 et
2984 3617 3342 3688 inexplicabili
3392 3619 3578 3674 lmtitia
3631 3636 3747 3690 poi-—

2161 3715 2294 3770 fusa:
2321 3723 2485 3778 sunt;
2520 3721 2705 3782 utpote
2730 3726 2852 3781 qum
2901 3726 2967 3765 ne
2998 3711 3221 3764 minimo
3249 3711 3471 3781 quidem
3503 3708 3751 3782 temporis

2161 3815 2437 3863 momento
2482 3804 2747 3875 imperiali
2776 3803 3105 3873 providentia
3150 3802 3440 3859 destitutas
3487 3820 3547 3860 se
3594 3802 3752 3857 fuis<e

2162 3899 2481 3956 sensissent.
2518 3895 2833 3966 Hujusmodi
2862 3897 3071 3965 piorutn
3121 3910 3184 3951 ac
3217 3894 3310 3950 Dei
3335 3896 3631 3951 amantium
3662 3895 3753 3946 lto—

2165 3991 2370 4048 minum
2401 3990 2601 4046 exitum
2632 4003 2754 4045 esse
2784 3989 2922 4044 Deus
2967 3989 3018 4043 in
3071 3989 3396 4058 imperatore
3444 3987 3750 4045 Constantio

2166 4082 2433 4140 universis
2464 4090 2663 4137 nostra:
2691 4082 2864 4137 astatis
2888 4079 3194 4136 hominibus
3225 4081 3542 4138 declaravit.

2726 4192 2956 4252 CAPUT
2995 4192 3184 4249 XXIII.

2328 4289 2581 4344 Interitus
2610 4297 2947 4358 tyrannorum
2970 4285 3129 4343 breuis
3155 4289 3582 4343 commemoratio.

2233 4404 2418 4476 Qualis
2463 4419 2594 4459 vero
2640 4403 2817 4459 exitus
2866 4402 3025 4459 fuerit
3068 4404 3296 4459 aliorum
3343 4407 3438 4478 qui
3489 4405 3750 4461 Ecclesias

2162 4499 2259 4563 Dei
2288 4508 2544 4571 tanquam
2573 4498 2776 4557 indicto
2803 4497 2944 4554 bello
2972 4508 3382 4571 oppugnarunt,
3411 4511 3741 4573 nequaquam

468 4588 647 4647 labant
672 4628 687 4651 ,
714 4595 774 4639 ut
803 4582 945 4639 malo
970 4588 1131 4651 atque
1161 4576 1448 4648 ignominia
1474 4575 1725 4647 juvenem
1755 4571 2049 4627 ofﬁcerent.

2165 4593 2252 4659 hic
2279 4591 2810 4651 commemorandum
2838 4607 2958 4648 esse
2985 4592 3107 4648 duxi
3135 4635 3149 4658 ,
3193 4609 3291 4649 nec
3330 4570 3592 4649 bonorum
3639 4605 3747 4646 me-

460 4679 517 4736 Id
564 4677 776 4749 juvenis
814 4690 933 4730 cum
976 4672 1327 4728 intellexisset
1368 4668 1590 4741 (quippe
1632 4666 1837 4721 insidth
1885 4665 2053 4729 semel

465 4780 629 4841 atque
671 4771 861 4823 iterum
902 4767 951 4821 ei
995 4771 1358 4834 comparatio,
1389 4760 1483 4816 Dei
1510 4767 1639 4814 nutu
1666 4758 1892 4813 detecta:
1936 4757 2055 4811 fue-

461 4860 608 4933 rant)
639 4860 761 4930 fuga
788 4860 1014 4921 salutem
1043 4856 1144 4911 sibi
1174 4853 1441 4927 quaesivit,
1467 4868 1718 4923 magnum
1746 4852 1895 4906 illum
1926 4866 2051 4922 pro-

457 4956 677 5029 phetam
721 4953 922 5009 Mosem
966 4952 1019 5005 in
1062 4952 1164 5006 hoc
1207 4946 1367 5005 etiam
1417 4947 1674 5017 imitatus.
1696 4947 1867 5003 Porro
1912 4947 2055 5002 Deus

454 5032 509 5105 in
539 5046 789 5102 omnibus
825 5044 974 5099 illum
999 5041 1234 5113 adjuvit,
1263 5040 1602 5111 providentia
1631 5054 1729 5095 sua
1758 5038 1835 5095 sic
1857 5048 2050 5096 cuncta

455 5140 773 5211 disponens,
813 5145 873 5192 ut
898 5137 1035 5208 patri
1064 5134 1132 5189 ad
1158 5134 1556 5192 successionem
1600 5130 1809 5203 imperii
1851 5143 2050 5203 prazsto

456 5239 624 5289 esset.

1045 5296 1274 5356 CAPUT
1312 5294 1455 5353 XXI.

450 5395 601 5452 fore
631 5391 917 5453 Constantii
950 5390 1343 5449 Constantinum
1368 5389 1535 5459 ﬁlium
1570 5388 1933 5460 imperatorem
1965 5406 2049 5451 ac-

1097 5479 1390 5552 linquentis.

517 5599 655 5658 Cum
683 5612 816 5672 ergo
851 5597 1067 5656 eruatis
1111 5595 1431 5652 insidiarum
1455 5594 1596 5652 dolis
1618 5639 1633 5664 ,
1682 5596 1851 5653 celeri
1886 5609 2051 5653 cursu

446 5692 519 5748 ad
545 5698 750 5762 patrem
781 5688 1061 5762 profectus
1087 5695 1270 5755 esset,
1301 5686 1419 5757 ipse
1443 5686 1662 5757 quidem
1688 5693 1810 5756 post
1832 5687 2055 5758 longum

482 5785 741 5854 temporis
788 5785 1019 5856 spatium
1072 5780 1127 5836 in
1175 5780 1343 5853 patris
1387 5789 1736 5851 conspectum
1774 5782 1939 5847 venit.
1991 5782 2061 5839 At

2164 4689 2428 4753 moriam,
2491 4688 2755 4741 malorum
2813 4696 3015 4743 attexta
3076 4690 3590 4743 commemoratione
3629 4698 3745 4739 esse

2164 4783 2492 4839 violandam.
2523 4781 2807 4838 Sufﬁciunt
2830 4792 2975 4837 certe
3003 4797 3088 4837 res
3115 4783 3264 4852 ipsae,
3289 4782 3352 4837 ad
3383 4779 3746 4854 reprituemlos

2162 4882 2218 4932 et
2243 4875 2294 4930 in
2327 4871 2506 4930 oflleio
2531 4872 2885 4930 continendos
2911 4889 3006 4929 eos
3034 4874 3122 4944 qui
3152 4889 3366 4930 scenam
3408 4889 3618 4929 onmem
3661 4886 3747 4924 ca-

2164 4967 2461 5024 lamitatum
2512 4983 2631 5037 qua:
2692 4965 2916 5038 singulis
2964 4966 3176 5021 illorum
3229 4967 3571 5033 acciderunt,
3621 4961 3745 5033 ipsis

2159 5060 2329 5119 oculis
2353 5070 2514 5135 atque
2537 5058 2756 5115 auribus
2785 5073 3063 5130 accepere.

2717 5191 2953 5251 CAPUT
2991 5191 3188 5253 XXIV.

2158 5295 2313 5363 Quod
2349 5292 2713 5353 Constantinus
2757 5294 3029 5365 imperium
3059 5292 3159 5352 Dei
3196 5294 3415 5353 arbitrio
3454 5294 3520 5350 sit
3572 5303 3742 5347 conse-

2870 5396 3040 5444 cutus.

2232 5504 2288 5559 In
2344 5503 2488 5559 hunc
2538 5501 2756 5559 modum
2804 5503 3178 5559 universorum
3241 5512 3428 5561 auctor
3476 5508 3531 5558 et
3581 5495 3738 5554 totiu

2156 5599 2343 5658 mundi
2389 5599 2700 5657 moderator
2750 5603 2890 5656 Deus
2930 5597 3342 5656 Constantinum
3388 5598 3478 5655 tali
3524 5601 3742 5667 parente

2158 5694 2401 5765 genitum
2423 5734 2438 5762 ,
2468 5690 2770 5764 principem
2798 5699 2957 5761 atque
2984 5694 3359 5763 imperatorem
3404 5703 3501 5763 per
3536 5698 3595 5741 se
3631 5685 3742 5752 ipse

2158 5785 2411 5862 provexit
2437 5801 2453 5839 :
2491 5784 2628 5841 adeo
2651 5793 2744 5852 ut,
2775 5798 2895 5839 cum
2926 5785 3107 5840 caeteri
3148 5797 3337 5841 omnes
3368 5782 3588 5860 aliorum
3630 5770 3739 5829 συῒ-ν
