3982 6302
252 288 319 342 il
1326 284 1412 341 DE
1452 284 1615 345 VITA
1656 281 2113 349 CONSTANTINI
2154 285 2356 345 LIBER
2399 287 2439 342 1.
3480 293 3550 347 22?.

259 396 428 468 iragio
453 396 589 453 hunc
620 397 879 455 honorem
909 400 1184 456 consecuti
1209 399 1319 456 sint
1342 443 1358 468 ,
1389 400 1540 457 solus
1567 400 1654 458 hic
1681 400 1845 458 fuerit
1871 401 1924 465 Α
1948 403 2039 473 qui
2077 404 2409 460 contrariam
2456 404 2725 475 prioribus
2756 406 2863 465 illis
2888 407 3029 469 viam
3076 408 3315 475 iniisset;
3362 417 3418 466 et
3459 411 3548 481 qui

257 488 322 546 de
347 490 499 561 cujus
523 493 861 561 prometione
881 509 1041 549 nemo
1068 494 1372 550 mortalium
1399 493 1740 566 gloriaretur.

821 604 1049 661 CAPUT
1100 603 1270 660 XXV.

382 704 700 761 Constantini
727 706 791 761 de
818 706 1085 761 Britannis
1110 715 1157 761 et
1182 704 1430 760 Barbaris
1456 706 1703 762 uictoriae.

319 820 608 891 Postquam
641 822 801 892 igitur
830 822 883 876 in
922 822 1147 892 imperio
1179 821 1419 877 ﬁrmatus
1460 832 1542 877 est
1563 864 1578 889 ,
1610 822 1842 892 primum

247 911 469 984 quidem
516 913 725 983 imperii
785 914 1026 985 partibus
1086 914 1187 968 sibi
1232 929 1262 968 a
1310 923 1462 985 patre
1507 915 1843 985 transcriptis

246 1005 559 1074 prospicere
605 1006 810 1074 C(Bpll;
843 1005 1122 1060 universas
1168 1006 1472 1077 provincias
1521 1023 1638 1077 qu:e
1686 1017 1842 1061 antea

243 1094 344 1149 sub
372 1097 546 1164 patris
571 1094 1039 1152 administratione
1063 1096 1308 1162 fuerant,
1343 1113 1465 1152 cum
1496 1113 1709 1153 summa
1741 1100 1842 1153 hu-

237 1190 498 1244 manitate
521 1190 876 1259 perlustrans.
901 1190 1008 1247 Sed
1024 1201 1079 1245 et
1106 1191 1372 1247 Barbaros
1397 1191 1485 1261 qui
1509 1192 1575 1246 ad
1595 1192 1840 1247 Rhenum

237 1291 289 1338 ct
315 1283 719 1339 occidentalem
747 1300 1006 1340 oceanum
1035 1285 1194 1355 positi
1236 1301 1405 1340 novos
1436 1297 1614 1342 motus
1659 1288 1842 1343 conci-

236 1384 349 1430 tare
380 1376 504 1430 ausi
533 1385 739 1444 essent,
764 1388 988 1433 cunctos
1007 1394 1119 1433 sme
1141 1378 1495 1436 dominationi
1520 1381 1837 1450 subjiciens,

235 1480 300 1522 ex
332 1465 471 1523 feris
502 1477 822 1524 mansuetos
869 1468 1125 1525 reddidit.
1170 1469 1324 1526 Alios
1369 1486 1498 1526 vero
1543 1474 1840 1543 reprimere

229 1570 526 1615 cententus
546 1603 563 1627 ,
596 1568 847 1632 tanquam
878 1561 1021 1619 iet-as
1047 1564 1249 1619 bestias
1280 1564 1349 1619 ab
1371 1565 1579 1635 imperii
1605 1567 1689 1621 sui
1719 1567 1837 1621 lini.-

227 1656 327 1711 bus
376 1657 685 1713 absterruit
729 1674 742 1714 :
793 1674 888 1714 eos
938 1658 1186 1715 videlicet
1232 1674 1460 1730 quorum
1515 1661 1838 1718 insanabiles

224 1748 438 1804 animos
470 1749 544 1805 ad
588 1751 927 1821 tranquillam
953 1761 1007 1807 et
1033 1753 1273 1821 quietam
1310 1753 1522 1808 vivendi
1572 1755 1834 1811 rationem

228 1839 433 1896 traduci
465 1841 624 1897 nullo
651 1841 815 1899 modo
844 1857 1005 1913 posse
1031 1845 1505 1901 animadverterat.
1538 1845 1743 1912 Quibus
1770 1861 1836 1903 ex

224 1934 385 1989 animi
417 1936 700 1992 sententia
740 1936 1035 2003 conlectis,
1085 1938 1321 2009 reliquas
1352 1940 1499 1997 orbis
1528 1950 1706 2010 partes
1734 1942 1837 1998 sibi

222 2024 289 2079 ob
313 2025 522 2080 oculos
549 2041 887 2096 proponens,
920 2029 1136 2085 interim
1182 2030 1397 2100 quidem
1424 2030 1685 2087 adversus
1716 2032 1836 2088 Bri-

225 2116 477 2172 tannicas
513 2126 703 2187 gentes
737 2120 789 2173 in
818 2120 1008 2176 intimo
1030 2124 1217 2177 oceani
1252 2137 1473 2181 recessu
1514 2124 1644 2178 sitas
1673 2124 1836 2194 traje-

222 2210 306 2266 cit.
337 2210 452 2266 Eas
482 2227 621 2267 vero
646 2226 772 2268 cum
801 2213 1127 2284 subegisset,
1160 2215 1225 2271 ad
1266 2215 1401 2272 alias
1444 2217 1629 2277 mundi
1657 2230 1838 2288 partes

222 2303 409 2361 oculos
435 2306 761 2371 convertit,
803 2314 862 2363 ut
906 2322 969 2365 ea
1000 2323 1121 2378 qua:
1166 2300 1373 2365 auxilio
1414 2310 1582 2380 ipsius
1631 2310 1837 2382 indige-

220 2397 344 2451 bant
370 2439 387 2464 ,
418 2408 772 2468 personaret.

797 2516 1026 2575 CAPUT
1064 2518 1254 2575 XXVI.

224 2630 507 2699 Quomodo
554 2631 776 2689 Romam
807 2633 1057 2690 Maxentii
1103 2638 1376 2707 tyrannide
1417 2638 1634 2694 liberare
1661 2639 1836 2696 decre-

965 2743 1040 2783 act
1052 2729 1112 2783 it.

287 2841 555 2898 Posthac
597 2843 909 2899 universum
955 2854 1217 2903 terrarum
1247 2846 1434 2902 orbem
1483 2846 1654 2901 instar
1692 2849 1827 2907 vasti

223 2933 506 3003 cujusdam
560 2937 803 3005 corporis
831 2936 1014 2993 animo
1044 2938 1395 3007 complexus,
1429 2940 1709 3008 ipsamque
1745 2946 1831 2993 to-

227 3030 323 3086 tius
355 3029 560 3086 mundi
591 3040 753 3100 caput
800 3041 853 3087 et
893 3032 1102 3103 imperii
1148 3032 1377 3087 Romani
1418 3033 1829 3089 dominatricem

223 3122 441 3189 urbem,
500 3124 791 3194 tyrannica
838 3124 1205 3179 dominatione
1253 3141 1566 3196 oppressam
1610 3128 1828 3196 conspi-

224 3214 396 3281 ciens;
430 3216 683 3287 primunt
714 3216 927 3286 quidem
956 3232 1075 3272 eam
1102 3216 1404 3273 vindicandi
1450 3234 1514 3273 ac
1565 3218 1827 3274 liberandi

228 3314 396 3374 partes
446 3307 529 3363 iis
558 3306 722 3361 cessit
768 3308 858 3377 qui
904 3308 1138 3379 reliquas
1184 3308 1394 3379 imperii
1439 3312 1645 3365 romani
1702 3325 1828 3380 por-

226 3399 391 3453 tiones
417 3398 752 3454 obtiuebant
772 3440 786 3464 ,
815 3409 1001 3469 utpote
1040 3407 1197 3455 aetate
1228 3400 1543 3468 potioribus.
1578 3401 1682 3457 Sed
1708 3417 1829 3457 cum

228 3494 391 3550 nullus
435 3510 642 3549 eorum
672 3494 922 3565 opitulari
960 3505 1181 3565 posset,
1229 3495 1472 3566 adeoque
1515 3497 1613 3566 ipsi
1656 3497 1746 3567 qui
1780 3496 1830 3552 id

228 3595 424 3645 tentare
449 3588 748 3643 voluerant
776 3588 1190 3660 ignominiosum
1216 3589 1417 3645 exitum
1449 3591 1589 3644 nacti
1614 3600 1828 3655 essent;

229 3681 378 3735 vitam
407 3682 519 3737 sibi
561 3682 782 3738 minime
808 3683 1025 3738 vitalem
1072 3698 1193 3738 esse
1226 3683 1500 3753 professus
1520 3724 1535 3749 ,
1566 3687 1609 3739 si
1642 3685 1830 3739 urbem

227 3774 456 3829 omnium
491 3774 776 3830 dominam
807 3785 952 3830 tanta
983 3775 1302 3848 aegritudine
1350 3775 1597 3830 all‘ectam
1643 3776 1826 3847 despi-

227 3876 399 3932 ceret,
427 3867 501 3923 ad
559 3868 972 3940 extinguendum
1020 3867 1358 3940 tyrannidem
1406 3882 1529 3924 sese
1570 3868 1825 3924 adcinrit.

772 3981 1002 4039 CAPUT
1040 3980 1253 4036 XXVII.

232 4104 369 4171 Quod
393 4102 776 4161 Constantinus
804 4116 977 4155 eorum
999 4101 1087 4170 qui
1105 4099 1380 4154 simulacra
1405 4098 1680 4157 coluissent
1703 4098 1831 4153 intc-

290 4201 443 4254 ritnm
473 4195 821 4253 considerans
856 4191 1301 4249 Christianismum
1322 4192 1491 4263 potius
1521 4192 1669 4262 elegit

290 4314 404 4369 iam
435 4326 582 4367 vero
611 4325 733 4365 cum
763 4308 1087 4380 intelligeret
1134 4314 1330 4380 przeter
1360 4307 1621 4362 militares
1648 4308 1831 4378 copias

234 4407 795 4477 przestantiorealiquo
819 4402 1059 4459 subsidio
1082 4403 1181 4457 sibi
1203 4416 1338 4472 opus
1364 4415 1505 4467 esse,
1531 4401 1601 4456 ob
1626 4401 1833 4457 malati-

234 4514 314 4558 ωε
329 4510 473 4557 artes
494 4500 842 4572 magicaeque
873 4496 1169 4567 pra-stigias
1183 4510 1313 4567 quas
1329 4507 1582 4568 tyrannus
1596 4495 1831 4551 studiose

234 4598 647 4651 consectabatur
678 4614 691 4649 :
735 4593 900 4648 Deum
952 4591 1051 4645 sibi
1102 4589 1403 4659 adjutorem
1437 4589 1712 4659 qumsivit;
1740 4604 1825 4644 ar.
1856 4595 1908 4655 ι)

237 4702 437 4743 morum
460 4686 686 4759 quidem
713 4693 1031 4755 apparatum
1059 4692 1111 4737 et
1138 4682 1365 4737 militum
1384 4683 1568 4752 copias
1590 4682 1829 4738 secundo

235 4776 344 4833 loco
370 4779 618 4837 ducens:
666 4776 924 4831 auxilium
962 4783 1141 4830 autem
1174 4773 1344 4829 divini
1374 4775 1613 4830 numinis
1660 4774 1829 4830 invic—

240 4878 339 4925 tum
368 4881 422 4928 et
470 4869 892 4942 inexpugnabile
938 4883 1061 4925 esse
1110 4867 1211 4924 sibi
1260 4869 1610 4938 persuadens.
1664 4869 1832 4940 igitur

239 4965 464 5033 cogitare
489 4961 635 5033 apud
666 4977 726 5018 se
752 4960 917 5031 coepit
940 5004 955 5030 ,
976 4975 1263 5032 quemnam
1294 4960 1393 5015 sibi
1438 4961 1602 5016 Deum
1652 4961 1830 5016 adsci-

243 5065 428 5110 sceret.
478 5054 637 5121 Quod
687 5053 816 5109 dttm
864 5053 1096 5108 sollicite
1125 5052 1378 5124 inquirit,
1409 5052 1525 5110 haec
1556 5053 1631 5108 illi
1670 5054 1834 5110 subiit

245 5149 489 5219 cogitatio
519 5166 535 5203 :
567 5163 632 5203 ex
658 5148 907 5219 plurimis
944 5147 1036 5218 qui
1065 5155 1191 5202 ante
1232 5162 1293 5203 se
1330 5147 1612 5218 imperium
1645 5157 1833 5205 tenue-

246 5249 379 5303 rant,
420 5253 519 5294 eos
563 5238 777 5311 quidem
808 5239 897 5309 qui
932 5239 986 5293 in
1023 5237 1246 5293 deormn
1299 5239 1637 5295 multitudine
1681 5255 1829 5309 spem

246 5344 389 5385 suam
429 5332 825 5393 collocassent,
856 5342 907 5386 et
938 5332 1027 5401 qui
1061 5330 1294 5386 victimis
1325 5330 1443 5385 illos
1482 5345 1550 5386 ac
1593 5330 1832 5387 donariis

210 5407 217 5417 ’
248 5422 557 5489 coluissent,
589 5424 818 5493 primum
847 5422 1111 5478 vaticiniis
1138 5422 1203 5477 ad
1230 5423 1648 5477 assentationem
1674 5439 1825 5479 com-

252 5518 449 5593 positis,
477 5528 536 5573 et
581 5518 811 5573 oraculis
838 5517 1008 5573 fausta
1040 5516 1220 5571 omnia
1270 5516 1652 5586 pollicentibus
1681 5516 1833 5572 delu-

256 5623 359 5675 sos,
401 5610 619 5665 tandem
668 5610 900 5665 infausto
933 5609 1124 5664 mortis
1164 5623 1368 5679 genere
1407 5608 1702 5675 interiisse;
1735 5623 1833 5665 nec

262 5702 475 5759 deorum
510 5718 829 5775 quemquam
857 5712 1054 5774 prmsto
1081 5702 1186 5757 illis
1212 5702 1467 5766 adluisse,
1509 5703 1600 5775 qui
1629 5719 1724 5760 eos
1750 5704 1834 5759 in-

270 5805 416 5852 vecto
439 5796 692 5853 divinitus
716 5797 881 5853 exitio
902 5794 1173 5851 liberaret.
1207 5794 1388 5851 Solum
1415 5796 1581 5867 ipsius
1604 5807 1833 5868 patrem,

1950 510 2136 550 eorum
2182 496 2401 566 quidem
2450 513 2693 555 errorem
2742 500 3186 568 condemnasset,
3219 519 3384 563 unum
3420 519 3549 563 vero

1949 603 2260 659 supremum
2301 592 2541 647 omnium
2569 593 2735 650 Deum
2767 602 2878 651 toto
2903 596 3026 650 vita:
3053 597 3228 665 Spatio
3256 595 3543 661 coluisset;

1950 683 2199 739 eumdem
2221 693 2559 742 servatorem
2580 703 2643 743 ac
2665 688 2872 758 unperii
2898 688 3199 756 custodem,
3229 700 3284 748 et
3305 691 3544 747 omnium

1948 773 2217 831 bonorum
2240 787 2515 833 auctorem
2542 778 2812 836 habuisse.
2856 780 2981 837 llaec
3024 781 3115 837 ille
3156 796 3281 841 cum
3317 782 3459 853 apud
3489 799 3547 838 se

1948 867 2330 938 expendisset;
2360 879 2615 943 recteque
2655 871 3155 939 animadvertisset,
3184 874 3303 931 illos
3328 874 3545 946 quidem

1948 960 2039 1031 qui
2082 960 2134 1014 in
2174 962 2399 1017 deorum
2431 962 2777 1023 multitudine
2818 964 3070 1027 ﬁduciam
3102 966 3444 1039 posuissent,
3493 967 3545 1029 in

1949 1054 2347 1111 multitudinem
2376 1071 2589 1128 quoque
2628 1058 2915 1115 exitiorum
2946 1074 3067 1117 esse
3097 1058 3383 1131 delapsos;
3413 1060 3549 1117 adeo

1950 1157 2005 1203 ut
2032 1164 2133 1205 nec
2172 1150 2388 1221 generis
2434 1151 2649 1206 illorum
2676 1167 2740 1209 ac
2769 1152 2991 1219 sobolis,
3026 1168 3128 1208 nec
3155 1153 3336 1223 stirpis
3363 1166 3428 1211 ac
3453 1168 3551 1207 no-

1950 1242 2132 1310 minis,
2163 1258 2263 1298 nec
2295 1246 2569 1298 memoria:
2599 1246 2765 1300 ullum
2813 1246 2957 1302 inter
2983 1246 3231 1303 homines
3264 1247 3547 1317 vestigium

1947 1336 2267 1390 remanserit
2308 1353 2320 1388 :
2364 1347 2551 1397 contra
2597 1352 2727 1395 vero
2788 1338 2949 1399 Deum
3007 1338 3175 1408 pattis
3219 1337 3326 1401 sui,
3380 1338 3545 1391 multa

1947 1443 2115 1499 eaque
2134 1428 2358 1483 illustri»
2376 1430 2631 1501 petentia!
2645 1446 2755 1489 sua:
2769 1430 3088 1491 documenta
3108 1432 3206 1502 ipsi
3226 1431 3543 1503 prmbuissq.

1944 1519 2187 1593 Cumque
2214 1534 2471 1592 prmtcrea
2520 1524 2945 1591 considerasset,
2991 1540 3084 1579 eos
3121 1525 3210 1595 qui
3253 1527 3362 1594 jam
3390 1534 3545 1579 antea

1943 1616 2126 1685 copias
2168 1615 2428 1670 adversus
2478 1624 2761 1688 tyrannum
2805 1617 3102 1684 duxerant,
3154 1631 3274 1672 cum
3320 1616 3544 1672 deorum

1945 1706 2285 1762 multitudine
2331 1707 2394 1761 ad
2452 1723 2682 1778 pugnam
2741 1708 3047 1778 profectos,
3092 1716 3306 1779 turpem
3337 1708 3540 1764 exitum

1868 1802 1917 1866 Β
1948 1805 2220 1861 habuisse.
2278 1805 2428 1860 Alter
2466 1805 2609 1861 enim
2638 1821 2697 1860 rc
2725 1806 2917 1860 iniecta
2947 1820 3067 1859 cum
3095 1804 3344 1859 omnibus
3373 1804 3544 1874 copiis

1945 1897 2305 1968 ignominioso
2348 1907 2647 1953 recesserat
2677 1913 2690 1951 :
2721 1897 2859 1953 alter
2896 1898 2949 1952 in
2978 1896 3156 1952 medio
3196 1897 3435 1952 exercitu
3458 1896 3533 1967 ju.

1942 1992 2194 2063 gulatus,
2236 2003 2486 2063 tanquam
2520 1990 2735 2046 fortuita
2787 1989 2975 2045 mortis
3021 1989 3198 2063 ιιι-πότι
3243 1989 3539 2051 exstiterat.

1945 2084 2092 2152 litec,
2152 2083 2409 2153 inquam,
2468 2083 2648 2137 omnia
2696 2081 3016 2155 cogitatione
3066 2095 3159 2139 sua
3204 2081 3537 2151 complexus,

1941 2177 2072 2232 deos
2093 2176 2307 2249 quidem
2336 2179 2425 2249 qui
2454 2192 2715 2247 nusquam
2745 2185 2929 2232 eSsent
2966 2173 3195 2230 colendo
3223 2174 3411 2245 nugari
3433 2215 3447 2235 ,
3489 2184 3541 2228 et

1942 2280 2063 2341 post
2092 2277 2168 2325 tot
2196 2283 2259 2324 ac
2291 2277 2433 2324 tanta
2462 2268 2780 2324 documenta
2809 2282 2955 2323 caeco
2982 2264 3159 2321 adhuc
3177 2280 3362 2320 errore
3388 2263 3536 2325 ferri.

1940 2376 2166 2419 summa:
2191 2361 2477 2417 dementia:
2502 2375 2622 2415 esse
2638 2359 2963 2415 existimavit
2986 2375 2999 2412 ε
3019 2358 3194 2419 solum
3219 2372 3349 2413 vero
3370 2356 3537 2413 Deum

1939 2454 2194 2525 genitoris
2222 2455 2302 2510 sui
2332 2454 2431 2511 sibi
2457 2469 2576 2510 esse
2597 2452 2883 2509 colendum
2909 2453 3134 2508 censuit.

2502 2565 2729 2624 CAPUT
2769 2564 3005 2624 XXVIII.

1942 2660 2206 2728 Quomodo
2239 2660 2378 2717 Deus
2423 2660 2590 2715 oranti
2634 2659 2878 2715 visionem
2906 2656 3180 2713 ostenderit
3205 2655 3259 2715 in
3290 2654 3414 2721 ratio
3441 2653 3531 2711 sttit

2011 2752 2294 2818 meridiem,
2328 2742 2525 2808 crucem
2552 2752 2775 2807 videlicet
2793 2750 3013 2807 lucidam
3042 2767 3161 2811 cum
3183 2749 3533 2819 inscriptione,

2010 2857 2244 2901 monente
2263 2855 2319 2900 ut
2340 2846 2393 2903 in
2412 2846 2508 2901 hac
2534 2846 2769 2901 vinceret.

2009 2959 2179 3028 Hujus
2217 2974 2348 3029 ergo
2390 2972 2548 3026 opem
2591 2955 2882 3027 implorare
2934 2956 3121 3026 cmpit.
3169 2969 3331 3017 orans
3375 2962 3538 3025 autne

1936 3054 2229 3109 obsecrans
2243 3061 2302 3108 ut
2322 3068 2381 3108 se
2407 3053 2506 3123 ipsi
2539 3052 2869 3108 noscendum
2898 3051 3187 3120 prteberet,
3212 3066 3277 3105 ac
3299 3065 3536 3121 prasen-

1936 3145 2078 3201 tibus
2136 3144 2363 3216 negotiis
2408 3143 2725 3214 adjutricem
2772 3157 2990 3198 manum
3035 3143 3353 3211 porrigeret.
3403 3142 3534 3199 Haec

1938 3238 2176 3307 precanti
2207 3252 2272 3291 ac
2305 3237 2615 3306 suppliciter
2663 3236 2950 3306 postulanti
2982 3235 3326 3304 imperatori,
3360 3234 3538 3291 admi-

1935 3328 2108 3384 rabile
2128 3328 2396 3397 quoddam
2419 3329 2628 3399 signum
2650 3342 2679 3382 a
2706 3328 2817 3383 Deo
2838 3327 3061 3381 missum
3089 3326 3355 3397 apparuit.
3377 3326 3535 3393 thd

1934 3420 1982 3476 si
2009 3420 2226 3491 quidem
2275 3421 2344 3476 ab
2394 3420 2499 3477 alio
2546 3419 2798 3491 quopiam
2844 3419 3151 3485 diceretur,
3194 3417 3338 3475 haud
3380 3418 3537 3477 facile

1934 3515 2207 3569 auditores
2253 3512 2414 3569 ﬁdem
2464 3521 2648 3570 essent
2699 3513 2947 3568 habituri.
2995 3512 3190 3569 Verum
3247 3527 3374 3569 cum
3420 3517 3536 3583 ipse

1934 3606 2122 3662 Victor
2149 3605 2422 3676 Augustus
2447 3606 2604 3662 nobis
2629 3606 2720 3676 qui
2752 3605 2889 3662 hanc
2918 3606 3196 3661 historiam
3222 3604 3530 3673 scribimus,

1934 3701 2096 3774 longe
2123 3714 2244 3772 post
2272 3712 2549 3771 tempore,
2596 3717 2718 3757 cum
2751 3700 3000 3757 videlicet
3043 3702 3096 3755 in
3142 3700 3259 3770 ejus
3285 3700 3530 3765 notitiam

1936 3807 1991 3852 et
2007 3798 2423 3852 familiaritatem
2445 3798 2804 3867 pervenimus,
2827 3797 2877 3850 id
2892 3796 3204 3851 retuleritet
3225 3810 3534 3851 sermonem

1936 3893 2258 3947 sacramenti
2307 3892 2567 3962 religione
2599 3892 2927 3955 ilrmaverit;
2969 3891 3089 3961 quis
3121 3890 3340 3958 posthac
3371 3889 3528 3944 [idem

1937 3986 2062 4041 huic
2093 3986 2386 4041 narrationi
2436 3985 2696 4043 adbibere
2744 3984 3044 4042 dubitabit?
3078 3984 3380 4041 l’rresertitu
3406 3999 3530 4045 cum

1936 4077 1988 4131 id
2015 4076 2158 4147 quod
2185 4076 2532 4133 subsecutum
2559 4085 2643 4133 est
2668 4086 2878 4147 tempus
2896 4117 2912 4144 ,
2945 4076 3210 4133 sermonis
3240 4075 3399 4144 hujus
3439 4090 3532 4130 ve-

1935 4170 2148 4226 ritatem
2212 4171 2521 4227 testimonio
2570 4185 2667 4227 suo
2728 4171 3147 4235 continuaverit.
3220 4170 3381 4235 Horis
3424 4168 3533 4231 diei

1935 4262 2269 4335 meridianis,
2315 4263 2430 4321 sole
2476 4263 2527 4319 in
2575 4278 2826 4321 occasum
2877 4272 3151 4335 vergente,
3198 4263 3374 4323 crucis
3421 4272 3529 4327 tro-

1938 4373 2110 4430 paeum
2140 4358 2191 4413 in
2220 4358 2359 4413 coelo
2386 4373 2450 4417 ex
2484 4357 2601 4415 luce
2627 4356 2940 4421 conﬂatum,
2973 4357 3072 4421 soli
3104 4355 3531 4431 superpositum,

1937 4450 2067 4520 ipsis
2117 4449 2285 4504 oculis
2334 4464 2391 4507 se
2435 4449 2632 4509 vidisse
2674 4450 3002 4519 afﬁrmavit,
3050 4465 3170 4506 cum
3222 4446 3531 4519 hujusmodi

1936 4544 2285 4614 inscriptione
2316 4561 2329 4599 :
2358 4542 2466 4599 Hac
2493 4545 2667 4600 vince.
2701 4544 2779 4599 Eo
2808 4543 2925 4599 viso
2952 4553 3005 4599 et
3036 4544 3269 4614 seipsum
3304 4551 3361 4599 et
3389 4538 3532 4606 mili-

1938 4648 2016 4695 tes
2033 4654 2244 4707 omnes,
2272 4640 2359 4709 qui
2389 4640 2561 4710 ipsum
2587 4640 2769 4696 nescio
2792 4655 2898 4710 quo
2920 4638 3021 4695 iter
3040 4637 3325 4701 facientem
3340 4652 3533 4711 seque-

1933 4731 2147 4795 bantur,
2180 4740 2234 4785 et
2258 4732 2693 4802 quispectatores
2713 4730 2956 4787 miraculi
2985 4730 3215 4797 fuerant,
3235 4727 3529 4795 vehemen—

1935 4832 2017 4879 ter
2038 4821 2458 4893 obstupefactos.

2496 4936 2725 4994 CAPUT
2764 4935 2956 4993 XXIX.

1939 5038 2208 5104 Quomodo
2226 5034 2458 5092 Christus
2488 5032 2821 5093 Constantino
2854 5035 2908 5088 in
2935 5031 3126 5087 somnis
3150 5030 3308 5097 visus,
3339 5044 3531 5099 praece—

2008 5131 2138 5202 perit
2172 5138 2229 5186 ut
2272 5128 2418 5199 tigno
2447 5126 2515 5183 ad
2553 5126 2717 5181 crucis
2764 5129 2982 5196 formam
3033 5127 3169 5195 [acto
3214 5131 3436 5183 uteretur
3476 5122 3534 5185 in

2007 5223 2172 5279 bellis.

2010 5333 2227 5389 Interim
2275 5332 2407 5404 ipse,
2453 5340 2512 5387 ut
2555 5331 2751 5397 aiebat,
2795 5328 3109 5386 addubitem
3146 5327 3327 5383 animo
3369 5328 3535 5398 erepit

1938 5426 2190 5500 quidnam
2234 5428 2335 5480 hoc
2383 5434 2655 5496 spcctrum
2686 5424 2786 5478 sibi
2815 5422 2997 5479 vellet.
3031 5420 3298 5492 Cogitanti
3345 5422 3447 5491 ipsi
3478 5429 3535 5481 et

1938 5522 2028 5575 ditt
2061 5519 2394 5589 multumque
2416 5516 2561 5587 apud
2589 5532 2648 5572 se
2671 5516 2955 5586 reputanti,
2979 5529 3079 5569 nox
3099 5512 3311 5568 tandem
3341 5527 3535 5583 super.

1938 5616 2110 5669 venit.
2135 5613 2270 5668 Tum
2298 5627 2426 5667 vero
2450 5609 2699 5667 Christus
2722 5610 2812 5665 Dei
2841 5607 3389 5678 dormientiapparuit
3409 5623 3534 5663 cum

1940 5713 2094 5780 signo
2117 5708 2210 5763 illo
2231 5705 2369 5777 quod
2399 5706 2451 5761 in
2472 5704 2610 5761 coelo
2637 5714 2911 5760 ostensum
2935 5701 3125 5765 literal,
3151 5700 3536 5772 prmeepitque,

1946 5812 2001 5857 ut
2034 5801 2251 5857 militari
2293 5800 2447 5872 signo
2481 5798 2545 5854 ad
2573 5796 2980 5857 similitudinem
3010 5794 3126 5865 ejus
3153 5794 3293 5867 quod
3325 5795 3379 5852 in
3405 5794 3544 5852 coelo
