  <div class='ocr_page' id='page_1' title='image "/cluster/home/n/w/nwhite01/storage/ocr_20150623/8/hvd.32044015471253/017.png"; bbox 0 0 3982 6302; ppageno 0'>
   <div class='ocr_carea' id='block_1_1' title="bbox 444 261 3728 325">
    <p class='ocr_par' dir='ltr' id='par_1_1' title="bbox 444 261 3728 325">
     <span class='ocr_line' id='line_1_1' title="bbox 444 261 3728 325; baseline -0.002 -1"><span class='ocrx_word' id='word_1_1' title='bbox 444 272 516 325; x_wconf 76' lang='lat'><strong>9.5</strong></span> <span class='ocrx_word' id='word_1_2' title='bbox 1774 262 2044 321; x_wconf 79' lang='lat' dir='ltr'><strong>EUSEBII</strong></span> <span class='ocrx_word' id='word_1_3' title='bbox 2083 261 2406 320; x_wconf 80' lang='lat' dir='ltr'><strong>PAMPHILI</strong></span> <span class='ocrx_word' id='word_1_4' title='bbox 3662 263 3728 320; x_wconf 66' lang='lat'><strong>94</strong></span> 
     </span>
    </p>
   </div>
   <div class='ocr_carea' id='block_1_2' title="bbox 409 372 3731 453">
    <p class='ocr_par' dir='ltr' id='par_1_2' title="bbox 409 372 3731 453">
     <span class='ocr_line' id='line_1_2' title="bbox 409 372 3731 453; baseline -0.003 -12"><span class='ocrx_word' id='word_1_5' title='bbox 409 384 667 441; x_wconf 83' lang='lat' dir='ltr'><strong>‘vidisset</strong></span> <span class='ocrx_word' id='word_1_6' title='bbox 699 383 958 440; x_wconf 89' lang='lat' dir='ltr'><strong>fabricato</strong></span> <span class='ocrx_word' id='word_1_7' title='bbox 982 425 998 452; x_wconf 94' lang='lat'><strong>,</strong></span> <span class='ocrx_word' id='word_1_8' title='bbox 1031 398 1098 440; x_wconf 94' lang='lat' dir='ltr'><strong>eo</strong></span> <span class='ocrx_word' id='word_1_9' title='bbox 1130 391 1382 453; x_wconf 75' lang='lat' dir='ltr'><strong>tanquam</strong></span> <span class='ocrx_word' id='word_1_10' title='bbox 1431 378 1650 436; x_wconf 88' lang='lat' dir='ltr'><strong>salutari</strong></span> <span class='ocrx_word' id='word_1_11' title='bbox 1694 377 1946 450; x_wconf 62' lang='lat' dir='ltr'><strong>praesidio</strong></span> <span class='ocrx_word' id='word_1_12' title='bbox 1992 377 2045 431; x_wconf 90' lang='lat' dir='ltr'><strong>in</strong></span> <span class='ocrx_word' id='word_1_13' title='bbox 2073 377 2127 438; x_wconf 84' lang='grc' dir='ltr'><strong>Α</strong></span> <span class='ocrx_word' id='word_1_14' title='bbox 2152 384 2304 432; x_wconf 87' lang='lat' dir='ltr'><strong>certo</strong></span> <span class='ocrx_word' id='word_1_15' title='bbox 2346 373 2571 431; x_wconf 87' lang='lat' dir='ltr'><strong>habens.</strong></span> <span class='ocrx_word' id='word_1_16' title='bbox 2607 373 2818 429; x_wconf 80' lang='lat' dir='ltr'><strong>Exinde</strong></span> <span class='ocrx_word' id='word_1_17' title='bbox 2863 375 3089 446; x_wconf 88' lang='lat' dir='ltr'><strong>ipsemet</strong></span> <span class='ocrx_word' id='word_1_18' title='bbox 3132 372 3435 430; x_wconf 86' lang='lat' dir='ltr'><strong>divinorum</strong></span> <span class='ocrx_word' id='word_1_19' title='bbox 3485 373 3731 434; x_wconf 91' lang='lat' dir='ltr'><strong>librorum</strong></span> 
     </span>
    </p>
   </div>
   <div class='ocr_carea' id='block_1_3' title="bbox 446 477 930 549">
    <p class='ocr_par' dir='ltr' id='par_1_3' title="bbox 446 477 930 549">
     <span class='ocr_line' id='line_1_3' title="bbox 446 477 930 549; baseline -0.004 -16"><span class='ocrx_word' id='word_1_20' title='bbox 446 477 653 549; x_wconf 71' lang='lat' dir='ltr'><strong>prmliis</strong></span> <span class='ocrx_word' id='word_1_21' title='bbox 669 486 930 532; x_wconf 74' lang='lat' dir='ltr'><strong>uteretur.</strong></span> 
     </span>
    </p>
   </div>
   <div class='ocr_carea' id='block_1_4' title="bbox 1025 563 1469 621">
    <p class='ocr_par' dir='ltr' id='par_1_4' title="bbox 1025 563 1469 621">
     <span class='ocr_line' id='line_1_4' title="bbox 1025 563 1469 621; baseline -0.005 0"><span class='ocrx_word' id='word_1_22' title='bbox 1025 565 1256 621; x_wconf 80' lang='lat' dir='ltr'><strong>CAPUT</strong></span> <span class='ocrx_word' id='word_1_23' title='bbox 1297 563 1469 620; x_wconf 89' lang='lat' dir='ltr'><strong>XXX.</strong></span> 
     </span>
    </p>
   </div>
   <div class='ocr_carea' id='block_1_5' title="bbox 591 654 1898 730">
    <p class='ocr_par' dir='ltr' id='par_1_5' title="bbox 591 654 1898 730">
     <span class='ocr_line' id='line_1_5' title="bbox 591 654 1898 730; baseline -0.003 -16"><span class='ocrx_word' id='word_1_24' title='bbox 591 659 887 714; x_wconf 81' lang='lat' dir='ltr'><strong>Fabricatio</strong></span> <span class='ocrx_word' id='word_1_25' title='bbox 918 660 1028 730; x_wconf 84' lang='lat' dir='ltr'><strong>ejus</strong></span> <span class='ocrx_word' id='word_1_26' title='bbox 1056 659 1190 730; x_wconf 86' lang='lat' dir='ltr'><strong>signi</strong></span> <span class='ocrx_word' id='word_1_27' title='bbox 1211 658 1279 710; x_wconf 89' lang='lat' dir='ltr'><strong>ad</strong></span> <span class='ocrx_word' id='word_1_28' title='bbox 1303 657 1468 711; x_wconf 84' lang='lat' dir='ltr'><strong>crucis</strong></span> <span class='ocrx_word' id='word_1_29' title='bbox 1493 654 1898 710; x_wconf 75' lang='lat' dir='ltr'><strong>similitudinem.</strong></span> 
     </span>
    </p>
   </div>
   <div class='ocr_carea' id='block_1_6' title="bbox 517 772 2043 846">
    <p class='ocr_par' dir='ltr' id='par_1_6' title="bbox 517 772 2043 846">
     <span class='ocr_line' id='line_1_6' title="bbox 517 772 2043 846; baseline -0.005 -16"><span class='ocrx_word' id='word_1_30' title='bbox 517 775 614 832; x_wconf 91' lang='lat' dir='ltr'><strong>Ille</strong></span> <span class='ocrx_word' id='word_1_31' title='bbox 643 777 814 846; x_wconf 89' lang='lat' dir='ltr'><strong>primo</strong></span> <span class='ocrx_word' id='word_1_32' title='bbox 841 775 1020 829; x_wconf 89' lang='lat' dir='ltr'><strong>statim</strong></span> <span class='ocrx_word' id='word_1_33' title='bbox 1051 772 1286 827; x_wconf 92' lang='lat' dir='ltr'><strong>diluculo</strong></span> <span class='ocrx_word' id='word_1_34' title='bbox 1322 785 1570 840; x_wconf 77' lang='lat' dir='ltr'><strong>surgens,</strong></span> <span class='ocrx_word' id='word_1_35' title='bbox 1601 784 1854 824; x_wconf 89' lang='lat' dir='ltr'><strong>arcanum</strong></span> <span class='ocrx_word' id='word_1_36' title='bbox 1883 783 2043 823; x_wconf 89' lang='lat' dir='ltr'><strong>omne</strong></span> 
     </span>
    </p>
   </div>
   <div class='ocr_carea' id='block_1_7' title="bbox 445 861 2044 940">
    <p class='ocr_par' dir='ltr' id='par_1_7' title="bbox 445 861 2044 940">
     <span class='ocr_line' id='line_1_7' title="bbox 445 861 2044 940; baseline -0.004 -18"><span class='ocrx_word' id='word_1_37' title='bbox 445 867 634 924; x_wconf 80' lang='lat' dir='ltr'><strong>amicis</strong></span> <span class='ocrx_word' id='word_1_38' title='bbox 683 868 951 938; x_wconf 78' lang='lat' dir='ltr'><strong>exposuit.</strong></span> <span class='ocrx_word' id='word_1_39' title='bbox 1006 863 1325 920; x_wconf 74' lang='lat' dir='ltr'><strong>Convocatis</strong></span> <span class='ocrx_word' id='word_1_40' title='bbox 1355 861 1549 940; x_wconf 87' lang='lat' dir='ltr'><strong>deinde</strong></span> <span class='ocrx_word' id='word_1_41' title='bbox 1573 861 1686 915; x_wconf 88' lang='lat' dir='ltr'><strong>auri</strong></span> <span class='ocrx_word' id='word_1_42' title='bbox 1715 877 1776 915; x_wconf 91' lang='lat' dir='ltr'><strong>ac</strong></span> <span class='ocrx_word' id='word_1_43' title='bbox 1807 875 2044 932; x_wconf 87' lang='lat' dir='ltr'><strong>gemma-</strong></span> 
     </span>
    </p>
   </div>
   <div class='ocr_carea' id='block_1_8' title="bbox 447 953 2044 1026">
    <p class='ocr_par' dir='ltr' id='par_1_8' title="bbox 447 953 2044 1026">
     <span class='ocr_line' id='line_1_8' title="bbox 447 953 2044 1026; baseline -0.006 -9"><span class='ocrx_word' id='word_1_44' title='bbox 447 977 566 1017; x_wconf 88' lang='lat' dir='ltr'><strong>rum</strong></span> <span class='ocrx_word' id='word_1_45' title='bbox 613 961 799 1026; x_wconf 82' lang='lat' dir='ltr'><strong>fabris,</strong></span> <span class='ocrx_word' id='word_1_46' title='bbox 848 959 1056 1014; x_wconf 90' lang='lat' dir='ltr'><strong>medius</strong></span> <span class='ocrx_word' id='word_1_47' title='bbox 1083 959 1224 1013; x_wconf 89' lang='lat' dir='ltr'><strong>inter</strong></span> <span class='ocrx_word' id='word_1_48' title='bbox 1249 972 1344 1012; x_wconf 91' lang='lat' dir='ltr'><strong>eos</strong></span> <span class='ocrx_word' id='word_1_49' title='bbox 1380 955 1596 1022; x_wconf 90' lang='lat' dir='ltr'><strong>sedens,</strong></span> <span class='ocrx_word' id='word_1_50' title='bbox 1625 956 1859 1026; x_wconf 82' lang='lat' dir='ltr'><strong>speciem</strong></span> <span class='ocrx_word' id='word_1_51' title='bbox 1906 953 2044 1025; x_wconf 89' lang='lat' dir='ltr'><strong>signi</strong></span> 
     </span>
    </p>
   </div>
   <div class='ocr_carea' id='block_1_9' title="bbox 447 1047 2043 1124">
    <p class='ocr_par' dir='ltr' id='par_1_9' title="bbox 447 1047 2043 1124">
     <span class='ocr_line' id='line_1_9' title="bbox 447 1047 2043 1124; baseline -0.006 -12"><span class='ocrx_word' id='word_1_52' title='bbox 447 1057 526 1112; x_wconf 87' lang='lat' dir='ltr'><strong>eis</strong></span> <span class='ocrx_word' id='word_1_53' title='bbox 558 1069 810 1110; x_wconf 87' lang='lat' dir='ltr'><strong>sermone</strong></span> <span class='ocrx_word' id='word_1_54' title='bbox 857 1055 1130 1124; x_wconf 79' lang='lat' dir='ltr'><strong>depinxit,</strong></span> <span class='ocrx_word' id='word_1_55' title='bbox 1176 1050 1443 1122; x_wconf 89' lang='lat' dir='ltr'><strong>jussitque</strong></span> <span class='ocrx_word' id='word_1_56' title='bbox 1469 1059 1528 1104; x_wconf 92' lang='lat' dir='ltr'><strong>ut</strong></span> <span class='ocrx_word' id='word_1_57' title='bbox 1557 1063 1689 1104; x_wconf 87' lang='lat' dir='ltr'><strong>auro</strong></span> <span class='ocrx_word' id='word_1_58' title='bbox 1733 1064 1795 1104; x_wconf 90' lang='lat' dir='ltr'><strong>ac</strong></span> <span class='ocrx_word' id='word_1_59' title='bbox 1847 1047 2043 1118; x_wconf 89' lang='lat' dir='ltr'><strong>lapillis</strong></span> 
     </span>
    </p>
   </div>
   <div class='ocr_carea' id='block_1_10' title="bbox 446 1140 2044 1217">
    <p class='ocr_par' dir='ltr' id='par_1_10' title="bbox 446 1140 2044 1217">
     <span class='ocr_line' id='line_1_10' title="bbox 446 1140 2044 1217; baseline -0.006 -15"><span class='ocrx_word' id='word_1_60' title='bbox 446 1147 850 1204; x_wconf 88' lang='lat' dir='ltr'><strong>similitudinem</strong></span> <span class='ocrx_word' id='word_1_61' title='bbox 878 1147 994 1217; x_wconf 85' lang='lat' dir='ltr'><strong>ejus</strong></span> <span class='ocrx_word' id='word_1_62' title='bbox 1029 1144 1414 1214; x_wconf 81' lang='lat' dir='ltr'><strong>exprimerent.</strong></span> <span class='ocrx_word' id='word_1_63' title='bbox 1449 1141 1601 1209; x_wconf 84' lang='lat' dir='ltr'><strong>Quod</strong></span> <span class='ocrx_word' id='word_1_64' title='bbox 1633 1148 1687 1196; x_wconf 89' lang='lat' dir='ltr'><strong>et</strong></span> <span class='ocrx_word' id='word_1_65' title='bbox 1716 1155 1812 1195; x_wconf 91' lang='lat' dir='ltr'><strong>nos</strong></span> <span class='ocrx_word' id='word_1_66' title='bbox 1842 1140 2044 1210; x_wconf 84' lang='lat' dir='ltr'><strong>aliquo-</strong></span> 
     </span>
    </p>
   </div>
   <div class='ocr_carea' id='block_1_11' title="bbox 439 1238 1132 1295">
    <p class='ocr_par' dir='ltr' id='par_1_11' title="bbox 439 1238 1132 1295">
     <span class='ocr_line' id='line_1_11' title="bbox 439 1238 1132 1295; baseline -0.007 0"><span class='ocrx_word' id='word_1_67' title='bbox 439 1240 543 1295; x_wconf 90' lang='lat' dir='ltr'><strong>ties</strong></span> <span class='ocrx_word' id='word_1_68' title='bbox 565 1240 745 1295; x_wconf 89' lang='lat' dir='ltr'><strong>videre</strong></span> <span class='ocrx_word' id='word_1_69' title='bbox 773 1238 1132 1294; x_wconf 85' lang='lat' dir='ltr'><strong>meminimus.</strong></span> 
     </span>
    </p>
   </div>
   <div class='ocr_carea' id='block_1_12' title="bbox 1012 1353 1474 1411">
    <p class='ocr_par' dir='ltr' id='par_1_12' title="bbox 1012 1353 1474 1411">
     <span class='ocr_line' id='line_1_12' title="bbox 1012 1353 1474 1411; baseline -0.006 0"><span class='ocrx_word' id='word_1_70' title='bbox 1012 1353 1240 1411; x_wconf 85' lang='lat' dir='ltr'><strong>CAPUT</strong></span> <span class='ocrx_word' id='word_1_71' title='bbox 1280 1353 1474 1410; x_wconf 85' lang='lat' dir='ltr'><strong>XXXI.</strong></span> 
     </span>
    </p>
   </div>
   <div class='ocr_carea' id='block_1_13' title="bbox 449 1446 2045 1522">
    <p class='ocr_par' dir='ltr' id='par_1_13' title="bbox 449 1446 2045 1522">
     <span class='ocr_line' id='line_1_13' title="bbox 449 1446 2045 1522; baseline -0.002 -18"><span class='ocrx_word' id='word_1_72' title='bbox 449 1447 741 1521; x_wconf 79' lang='lat' dir='ltr'><strong>Descriptio</strong></span> <span class='ocrx_word' id='word_1_73' title='bbox 765 1450 898 1522; x_wconf 83' lang='lat' dir='ltr'><strong>signi</strong></span> <span class='ocrx_word' id='word_1_74' title='bbox 923 1449 1087 1503; x_wconf 85' lang='lat' dir='ltr'><strong>instar</strong></span> <span class='ocrx_word' id='word_1_75' title='bbox 1110 1448 1276 1502; x_wconf 87' lang='lat' dir='ltr'><strong>crucis</strong></span> <span class='ocrx_word' id='word_1_76' title='bbox 1313 1446 1522 1517; x_wconf 77' lang='lat' dir='ltr'><strong>formati</strong></span> <span class='ocrx_word' id='word_1_77' title='bbox 1553 1447 1690 1518; x_wconf 87' lang='lat' dir='ltr'><strong>quod</strong></span> <span class='ocrx_word' id='word_1_78' title='bbox 1719 1446 1939 1501; x_wconf 84' lang='lat' dir='ltr'><strong>Romani</strong></span> <span class='ocrx_word' id='word_1_79' title='bbox 1968 1446 2045 1501; x_wconf 87' lang='lat' dir='ltr'><strong>la-</strong></span> 
     </span>
    </p>
   </div>
   <div class='ocr_carea' id='block_1_14' title="bbox 1059 1543 1461 1597">
    <p class='ocr_par' dir='ltr' id='par_1_14' title="bbox 1059 1543 1461 1597">
     <span class='ocr_line' id='line_1_14' title="bbox 1059 1543 1461 1597; baseline 0 0"><span class='ocrx_word' id='word_1_80' title='bbox 1059 1543 1238 1597; x_wconf 85' lang='lat' dir='ltr'><strong>barum</strong></span> <span class='ocrx_word' id='word_1_81' title='bbox 1264 1550 1461 1597; x_wconf 84' lang='lat' dir='ltr'><strong>vocant.</strong></span> 
     </span>
    </p>
   </div>
   <div class='ocr_carea' id='block_1_15' title="bbox 519 1634 2043 1706">
    <p class='ocr_par' dir='ltr' id='par_1_15' title="bbox 519 1634 2043 1706">
     <span class='ocr_line' id='line_1_15' title="bbox 519 1634 2043 1706; baseline -0.003 -16"><span class='ocrx_word' id='word_1_82' title='bbox 519 1636 648 1690; x_wconf 85' lang='lat' dir='ltr'><strong>Erat</strong></span> <span class='ocrx_word' id='word_1_83' title='bbox 672 1645 848 1691; x_wconf 88' lang='lat' dir='ltr'><strong>autem</strong></span> <span class='ocrx_word' id='word_1_84' title='bbox 880 1635 1165 1706; x_wconf 87' lang='lat' dir='ltr'><strong>ejusmodi.</strong></span> <span class='ocrx_word' id='word_1_85' title='bbox 1191 1635 1350 1689; x_wconf 88' lang='lat' dir='ltr'><strong>Hasta</strong></span> <span class='ocrx_word' id='word_1_86' title='bbox 1380 1634 1589 1705; x_wconf 78' lang='lat' dir='ltr'><strong>longior</strong></span> <span class='ocrx_word' id='word_1_87' title='bbox 1620 1649 1752 1689; x_wconf 91' lang='lat' dir='ltr'><strong>auro</strong></span> <span class='ocrx_word' id='word_1_88' title='bbox 1775 1641 2043 1700; x_wconf 89' lang='lat' dir='ltr'><strong>contecta,</strong></span> 
     </span>
    </p>
   </div>
   <div class='ocr_carea' id='block_1_16' title="bbox 447 1727 2042 1796">
    <p class='ocr_par' dir='ltr' id='par_1_16' title="bbox 447 1727 2042 1796">
     <span class='ocr_line' id='line_1_16' title="bbox 447 1727 2042 1796; baseline -0.001 -12"><span class='ocrx_word' id='word_1_89' title='bbox 447 1739 812 1785; x_wconf 85' lang='lat' dir='ltr'><strong>transversam</strong></span> <span class='ocrx_word' id='word_1_90' title='bbox 852 1728 1013 1784; x_wconf 81' lang='lat' dir='ltr'><strong>habet</strong></span> <span class='ocrx_word' id='word_1_91' title='bbox 1055 1737 1341 1783; x_wconf 90' lang='lat' dir='ltr'><strong>antennam</strong></span> <span class='ocrx_word' id='word_1_92' title='bbox 1373 1729 1541 1782; x_wconf 80' lang='lat' dir='ltr'><strong>insmr</strong></span> <span class='ocrx_word' id='word_1_93' title='bbox 1565 1727 1757 1783; x_wconf 91' lang='lat' dir='ltr'><strong>crucis.</strong></span> <span class='ocrx_word' id='word_1_94' title='bbox 1791 1727 1962 1796; x_wconf 89' lang='lat' dir='ltr'><strong>Supra</strong></span> <span class='ocrx_word' id='word_1_95' title='bbox 1990 1729 2042 1783; x_wconf 89' lang='lat' dir='ltr'><strong>in</strong></span> 
     </span>
    </p>
   </div>
   <div class='ocr_carea' id='block_1_17' title="bbox 448 1822 2047 1893">
    <p class='ocr_par' dir='ltr' id='par_1_17' title="bbox 448 1822 2047 1893">
     <span class='ocr_line' id='line_1_17' title="bbox 448 1822 2047 1893; baseline 0 -15"><span class='ocrx_word' id='word_1_96' title='bbox 448 1825 564 1893; x_wconf 88' lang='lat' dir='ltr'><strong>ipsa</strong></span> <span class='ocrx_word' id='word_1_97' title='bbox 588 1823 754 1878; x_wconf 66' lang='lat' dir='ltr'><strong>hastae</strong></span> <span class='ocrx_word' id='word_1_98' title='bbox 793 1823 1100 1878; x_wconf 89' lang='lat' dir='ltr'><strong>summitate</strong></span> <span class='ocrx_word' id='word_1_99' title='bbox 1125 1837 1325 1877; x_wconf 85' lang='lat' dir='ltr'><strong>corona</strong></span> <span class='ocrx_word' id='word_1_100' title='bbox 1353 1831 1469 1878; x_wconf 89' lang='lat' dir='ltr'><strong>erat</strong></span> <span class='ocrx_word' id='word_1_101' title='bbox 1513 1822 1694 1887; x_wconf 76' lang='lat' dir='ltr'><strong>afﬁxa,</strong></span> <span class='ocrx_word' id='word_1_102' title='bbox 1726 1822 1954 1892; x_wconf 88' lang='lat' dir='ltr'><strong>gemmis</strong></span> <span class='ocrx_word' id='word_1_103' title='bbox 1993 1833 2047 1878; x_wconf 91' lang='lat' dir='ltr'><strong>et</strong></span> 
     </span>
    </p>
   </div>
   <div class='ocr_carea' id='block_1_18' title="bbox 449 1903 2047 1984">
    <p class='ocr_par' dir='ltr' id='par_1_18' title="bbox 449 1903 2047 1984">
     <span class='ocr_line' id='line_1_18' title="bbox 449 1903 2047 1984; baseline 0.001 -17"><span class='ocrx_word' id='word_1_104' title='bbox 449 1928 584 1970; x_wconf 90' lang='lat' dir='ltr'><strong>auro</strong></span> <span class='ocrx_word' id='word_1_105' title='bbox 610 1903 884 1970; x_wconf 72' lang='lat' dir='ltr'><strong>contexta.</strong></span> <span class='ocrx_word' id='word_1_106' title='bbox 919 1914 974 1968; x_wconf 92' lang='lat' dir='ltr'><strong>In</strong></span> <span class='ocrx_word' id='word_1_107' title='bbox 1007 1914 1106 1969; x_wconf 92' lang='lat' dir='ltr'><strong>hac</strong></span> <span class='ocrx_word' id='word_1_108' title='bbox 1134 1913 1384 1968; x_wconf 85' lang='lat' dir='ltr'><strong>salutaris</strong></span> <span class='ocrx_word' id='word_1_109' title='bbox 1407 1914 1780 1983; x_wconf 79' lang='lat' dir='ltr'><strong>appellationis</strong></span> <span class='ocrx_word' id='word_1_110' title='bbox 1809 1915 2047 1984; x_wconf 89' lang='lat' dir='ltr'><strong>signum;</strong></span> 
     </span>
    </p>
   </div>
   <div class='ocr_carea' id='block_1_19' title="bbox 447 2003 2046 2075">
    <p class='ocr_par' dir='ltr' id='par_1_19' title="bbox 447 2003 2046 2075">
     <span class='ocr_line' id='line_1_19' title="bbox 447 2003 2046 2075; baseline 0.001 -16"><span class='ocrx_word' id='word_1_111' title='bbox 447 2004 568 2060; x_wconf 74' lang='lat' dir='ltr'><strong>dua:</strong></span> <span class='ocrx_word' id='word_1_112' title='bbox 606 2003 856 2060; x_wconf 79' lang='lat' dir='ltr'><strong>videlicet</strong></span> <span class='ocrx_word' id='word_1_113' title='bbox 883 2003 1102 2072; x_wconf 68' lang='lat' dir='ltr'><strong>litterae,</strong></span> <span class='ocrx_word' id='word_1_114' title='bbox 1133 2019 1328 2060; x_wconf 89' lang='lat' dir='ltr'><strong>nomen</strong></span> <span class='ocrx_word' id='word_1_115' title='bbox 1355 2005 1555 2060; x_wconf 87' lang='lat' dir='ltr'><strong>Christi</strong></span> <span class='ocrx_word' id='word_1_116' title='bbox 1589 2005 1777 2075; x_wconf 88' lang='lat' dir='ltr'><strong>primis</strong></span> <span class='ocrx_word' id='word_1_117' title='bbox 1806 2005 2046 2074; x_wconf 85' lang='lat' dir='ltr'><strong>apicibus</strong></span> 
     </span>
    </p>
   </div>
   <div class='ocr_carea' id='block_1_20' title="bbox 448 2097 2047 2174">
    <p class='ocr_par' dir='ltr' id='par_1_20' title="bbox 448 2097 2047 2174">
     <span class='ocr_line' id='line_1_20' title="bbox 448 2097 2047 2174; baseline -0.001 -20"><span class='ocrx_word' id='word_1_118' title='bbox 448 2098 836 2169; x_wconf 88' lang='lat' dir='ltr'><strong>designabant,</strong></span> <span class='ocrx_word' id='word_1_119' title='bbox 867 2098 1043 2163; x_wconf 82' lang='lat' dir='ltr'><strong>litera,</strong></span> <span class='ocrx_word' id='word_1_120' title='bbox 1073 2121 1136 2174; x_wconf 83' lang='grc' dir='ltr'><strong>ρ,</strong></span> <span class='ocrx_word' id='word_1_121' title='bbox 1171 2098 1222 2152; x_wconf 93' lang='lat' dir='ltr'><strong>in</strong></span> <span class='ocrx_word' id='word_1_122' title='bbox 1255 2097 1433 2153; x_wconf 93' lang='lat' dir='ltr'><strong>medio</strong></span> <span class='ocrx_word' id='word_1_123' title='bbox 1462 2098 1542 2152; x_wconf 91' lang='lat' dir='ltr'><strong>sui</strong></span> <span class='ocrx_word' id='word_1_124' title='bbox 1576 2097 1878 2153; x_wconf 87' lang='lat' dir='ltr'><strong>decussata.</strong></span> <span class='ocrx_word' id='word_1_125' title='bbox 1903 2097 2047 2166; x_wconf 86' lang='lat' dir='ltr'><strong>Quas</strong></span> 
     </span>
    </p>
   </div>
   <div class='ocr_carea' id='block_1_21' title="bbox 448 2192 2047 2264">
    <p class='ocr_par' dir='ltr' id='par_1_21' title="bbox 448 2192 2047 2264">
     <span class='ocr_line' id='line_1_21' title="bbox 448 2192 2047 2264; baseline 0 -18"><span class='ocrx_word' id='word_1_126' title='bbox 448 2192 664 2264; x_wconf 88' lang='lat' dir='ltr'><strong>quidem</strong></span> <span class='ocrx_word' id='word_1_127' title='bbox 712 2192 897 2248; x_wconf 90' lang='lat' dir='ltr'><strong>literas</strong></span> <span class='ocrx_word' id='word_1_128' title='bbox 927 2192 1222 2262; x_wconf 89' lang='lat' dir='ltr'><strong>imperator</strong></span> <span class='ocrx_word' id='word_1_129' title='bbox 1270 2192 1322 2246; x_wconf 91' lang='lat' dir='ltr'><strong>in</strong></span> <span class='ocrx_word' id='word_1_130' title='bbox 1368 2193 1520 2263; x_wconf 86' lang='lat' dir='ltr'><strong>galea</strong></span> <span class='ocrx_word' id='word_1_131' title='bbox 1562 2201 1778 2263; x_wconf 76' lang='lat' dir='ltr'><strong>gestare</strong></span> <span class='ocrx_word' id='word_1_132' title='bbox 1809 2194 2047 2262; x_wconf 65' lang='lat' dir='ltr'><strong>posthaec</strong></span> 
     </span>
    </p>
   </div>
   <div class='ocr_carea' id='block_1_22' title="bbox 445 2283 2046 2356">
    <p class='ocr_par' dir='ltr' id='par_1_22' title="bbox 445 2283 2046 2356">
     <span class='ocr_line' id='line_1_22' title="bbox 445 2283 2046 2356; baseline 0.001 -17"><span class='ocrx_word' id='word_1_133' title='bbox 445 2284 608 2340; x_wconf 91' lang='lat' dir='ltr'><strong>etiam</strong></span> <span class='ocrx_word' id='word_1_134' title='bbox 647 2284 944 2338; x_wconf 88' lang='lat' dir='ltr'><strong>consuevit.</strong></span> <span class='ocrx_word' id='word_1_135' title='bbox 980 2283 1147 2339; x_wconf 91' lang='lat' dir='ltr'><strong>Porro</strong></span> <span class='ocrx_word' id='word_1_136' title='bbox 1185 2299 1250 2339; x_wconf 82' lang='lat' dir='ltr'><strong>ex</strong></span> <span class='ocrx_word' id='word_1_137' title='bbox 1297 2293 1531 2339; x_wconf 88' lang='lat' dir='ltr'><strong>antenna</strong></span> <span class='ocrx_word' id='word_1_138' title='bbox 1563 2300 1682 2355; x_wconf 87' lang='lat' dir='ltr'><strong>quae</strong></span> <span class='ocrx_word' id='word_1_139' title='bbox 1711 2284 1927 2356; x_wconf 88' lang='lat' dir='ltr'><strong>obliquo</strong></span> <span class='ocrx_word' id='word_1_140' title='bbox 1951 2299 2046 2353; x_wconf 91' lang='lat' dir='ltr'><strong>per</strong></span> 
     </span>
    </p>
   </div>
   <div class='ocr_carea' id='block_1_23' title="bbox 447 2376 2044 2447">
    <p class='ocr_par' dir='ltr' id='par_1_23' title="bbox 447 2376 2044 2447">
     <span class='ocr_line' id='line_1_23' title="bbox 447 2376 2044 2447; baseline -0.001 -15"><span class='ocrx_word' id='word_1_141' title='bbox 447 2376 656 2432; x_wconf 88' lang='lat' dir='ltr'><strong>hastam</strong></span> <span class='ocrx_word' id='word_1_142' title='bbox 716 2377 936 2447; x_wconf 88' lang='lat' dir='ltr'><strong>trajecta</strong></span> <span class='ocrx_word' id='word_1_143' title='bbox 990 2387 1094 2443; x_wconf 88' lang='lat' dir='ltr'><strong>est,</strong></span> <span class='ocrx_word' id='word_1_144' title='bbox 1141 2378 1317 2431; x_wconf 86' lang='lat' dir='ltr'><strong>velum</strong></span> <span class='ocrx_word' id='word_1_145' title='bbox 1363 2376 1631 2446; x_wconf 84' lang='lat' dir='ltr'><strong>quoddam</strong></span> <span class='ocrx_word' id='word_1_146' title='bbox 1673 2376 2044 2446; x_wconf 81' lang='lat' dir='ltr'><strong>dependebat;</strong></span> 
     </span>
    </p>
   </div>
   <div class='ocr_carea' id='block_1_24' title="bbox 449 2468 2047 2540">
    <p class='ocr_par' dir='ltr' id='par_1_24' title="bbox 449 2468 2047 2540">
     <span class='ocr_line' id='line_1_24' title="bbox 449 2468 2047 2540; baseline -0.001 -14"><span class='ocrx_word' id='word_1_147' title='bbox 449 2479 656 2526; x_wconf 84' lang='lat' dir='ltr'><strong>textum</strong></span> <span class='ocrx_word' id='word_1_148' title='bbox 690 2469 943 2525; x_wconf 82' lang='lat' dir='ltr'><strong>videlicet</strong></span> <span class='ocrx_word' id='word_1_149' title='bbox 973 2485 1300 2539; x_wconf 87' lang='lat' dir='ltr'><strong>purpureum</strong></span> <span class='ocrx_word' id='word_1_150' title='bbox 1336 2468 1588 2540; x_wconf 86' lang='lat' dir='ltr'><strong>pretiosis</strong></span> <span class='ocrx_word' id='word_1_151' title='bbox 1623 2468 1888 2539; x_wconf 84' lang='lat' dir='ltr'><strong>lapidibus</strong></span> <span class='ocrx_word' id='word_1_152' title='bbox 1909 2468 2047 2524; x_wconf 90' lang='lat' dir='ltr'><strong>inter</strong></span> 
     </span>
    </p>
   </div>
   <div class='ocr_carea' id='block_1_25' title="bbox 448 2559 2048 2632">
    <p class='ocr_par' dir='ltr' id='par_1_25' title="bbox 448 2559 2048 2632">
     <span class='ocr_line' id='line_1_25' title="bbox 448 2559 2048 2632; baseline -0.002 -15"><span class='ocrx_word' id='word_1_153' title='bbox 448 2577 509 2617; x_wconf 90' lang='lat' dir='ltr'><strong>se</strong></span> <span class='ocrx_word' id='word_1_154' title='bbox 531 2561 754 2632; x_wconf 89' lang='lat' dir='ltr'><strong>junctis,</strong></span> <span class='ocrx_word' id='word_1_155' title='bbox 783 2570 838 2614; x_wconf 92' lang='lat' dir='ltr'><strong>et</strong></span> <span class='ocrx_word' id='word_1_156' title='bbox 865 2560 1081 2615; x_wconf 90' lang='lat' dir='ltr'><strong>luminis</strong></span> <span class='ocrx_word' id='word_1_157' title='bbox 1097 2562 1176 2614; x_wconf 92' lang='lat' dir='ltr'><strong>sui</strong></span> <span class='ocrx_word' id='word_1_158' title='bbox 1211 2559 1418 2630; x_wconf 82' lang='lat' dir='ltr'><strong>fulgore</strong></span> <span class='ocrx_word' id='word_1_159' title='bbox 1447 2560 1631 2614; x_wconf 92' lang='lat' dir='ltr'><strong>oculos</strong></span> <span class='ocrx_word' id='word_1_160' title='bbox 1658 2559 2048 2630; x_wconf 68' lang='lat' dir='ltr'><strong>priestinguen-</strong></span> 
     </span>
    </p>
   </div>
   <div class='ocr_carea' id='block_1_26' title="bbox 453 2653 2051 2723">
    <p class='ocr_par' dir='ltr' id='par_1_26' title="bbox 453 2653 2051 2723">
     <span class='ocr_line' id='line_1_26' title="bbox 453 2653 2051 2723; baseline 0 -15"><span class='ocrx_word' id='word_1_161' title='bbox 453 2654 590 2710; x_wconf 71' lang='lat' dir='ltr'><strong>tibus</strong></span> <span class='ocrx_word' id='word_1_162' title='bbox 621 2663 955 2723; x_wconf 87' lang='lat' dir='ltr'><strong>coopertum,</strong></span> <span class='ocrx_word' id='word_1_163' title='bbox 991 2653 1265 2723; x_wconf 90' lang='lat' dir='ltr'><strong>multoque</strong></span> <span class='ocrx_word' id='word_1_164' title='bbox 1284 2654 1572 2708; x_wconf 85' lang='lat' dir='ltr'><strong>intertexto</strong></span> <span class='ocrx_word' id='word_1_165' title='bbox 1597 2668 1729 2706; x_wconf 88' lang='lat' dir='ltr'><strong>auro</strong></span> <span class='ocrx_word' id='word_1_166' title='bbox 1758 2653 2051 2723; x_wconf 78' lang='lat' dir='ltr'><strong>inexplica-</strong></span> 
     </span>
    </p>
   </div>
   <div class='ocr_carea' id='block_1_27' title="bbox 448 2745 2049 2817">
    <p class='ocr_par' dir='ltr' id='par_1_27' title="bbox 448 2745 2049 2817">
     <span class='ocr_line' id='line_1_27' title="bbox 448 2745 2049 2817; baseline 0 -15"><span class='ocrx_word' id='word_1_167' title='bbox 448 2747 611 2803; x_wconf 90' lang='lat' dir='ltr'><strong>bilem</strong></span> <span class='ocrx_word' id='word_1_168' title='bbox 655 2746 939 2817; x_wconf 84' lang='lat' dir='ltr'><strong>quamdam</strong></span> <span class='ocrx_word' id='word_1_169' title='bbox 973 2746 1384 2816; x_wconf 88' lang='lat' dir='ltr'><strong>pulchritudinis</strong></span> <span class='ocrx_word' id='word_1_170' title='bbox 1430 2747 1666 2816; x_wconf 85' lang='lat' dir='ltr'><strong>speciem</strong></span> <span class='ocrx_word' id='word_1_171' title='bbox 1716 2745 2049 2802; x_wconf 82' lang='lat' dir='ltr'><strong>intuentibus</strong></span> 
     </span>
    </p>
   </div>
   <div class='ocr_carea' id='block_1_28' title="bbox 449 2839 2051 2910">
    <p class='ocr_par' dir='ltr' id='par_1_28' title="bbox 449 2839 2051 2910">
     <span class='ocr_line' id='line_1_28' title="bbox 449 2839 2051 2910; baseline 0 -16"><span class='ocrx_word' id='word_1_172' title='bbox 449 2840 716 2910; x_wconf 66' lang='lat' dir='ltr'><strong>praebens.</strong></span> <span class='ocrx_word' id='word_1_173' title='bbox 742 2839 918 2910; x_wconf 84' lang='lat' dir='ltr'><strong>Atque</strong></span> <span class='ocrx_word' id='word_1_174' title='bbox 955 2839 1060 2894; x_wconf 87' lang='lat' dir='ltr'><strong>hoc</strong></span> <span class='ocrx_word' id='word_1_175' title='bbox 1087 2839 1261 2894; x_wconf 85' lang='lat' dir='ltr'><strong>velum</strong></span> <span class='ocrx_word' id='word_1_176' title='bbox 1303 2847 1553 2894; x_wconf 74' lang='lat' dir='ltr'><strong>antennae</strong></span> <span class='ocrx_word' id='word_1_177' title='bbox 1583 2839 1835 2906; x_wconf 83' lang='lat' dir='ltr'><strong>afﬁxum,</strong></span> <span class='ocrx_word' id='word_1_178' title='bbox 1869 2839 2051 2894; x_wconf 81' lang='lat' dir='ltr'><strong>latitu-</strong></span> 
     </span>
    </p>
   </div>
   <div class='ocr_carea' id='block_1_29' title="bbox 448 2929 2047 3000">
    <p class='ocr_par' dir='ltr' id='par_1_29' title="bbox 448 2929 2047 3000">
     <span class='ocr_line' id='line_1_29' title="bbox 448 2929 2047 3000; baseline 0 -16"><span class='ocrx_word' id='word_1_179' title='bbox 448 2930 630 2986; x_wconf 91' lang='lat' dir='ltr'><strong>dinem</strong></span> <span class='ocrx_word' id='word_1_180' title='bbox 679 2930 996 3000; x_wconf 90' lang='lat' dir='ltr'><strong>longitudini</strong></span> <span class='ocrx_word' id='word_1_181' title='bbox 1038 2930 1300 3000; x_wconf 78' lang='lat' dir='ltr'><strong>:equalem</strong></span> <span class='ocrx_word' id='word_1_182' title='bbox 1344 2929 1551 2984; x_wconf 87' lang='lat' dir='ltr'><strong>habuit.</strong></span> <span class='ocrx_word' id='word_1_183' title='bbox 1583 2929 1699 3000; x_wconf 88' lang='lat' dir='ltr'><strong>Ipsa</strong></span> <span class='ocrx_word' id='word_1_184' title='bbox 1746 2945 1874 2985; x_wconf 91' lang='lat' dir='ltr'><strong>vero</strong></span> <span class='ocrx_word' id='word_1_185' title='bbox 1901 2943 2047 2986; x_wconf 90' lang='lat' dir='ltr'><strong>recta</strong></span> 
     </span>
    </p>
   </div>
   <div class='ocr_carea' id='block_1_30' title="bbox 450 3021 2046 3094">
    <p class='ocr_par' dir='ltr' id='par_1_30' title="bbox 450 3021 2046 3094">
     <span class='ocr_line' id='line_1_30' title="bbox 450 3021 2046 3094; baseline 0.002 -19"><span class='ocrx_word' id='word_1_186' title='bbox 450 3021 604 3076; x_wconf 88' lang='lat' dir='ltr'><strong>hasta</strong></span> <span class='ocrx_word' id='word_1_187' title='bbox 649 3022 717 3076; x_wconf 91' lang='lat' dir='ltr'><strong>ab</strong></span> <span class='ocrx_word' id='word_1_188' title='bbox 771 3023 953 3076; x_wconf 85' lang='lat' dir='ltr'><strong>infima</strong></span> <span class='ocrx_word' id='word_1_189' title='bbox 995 3023 1075 3076; x_wconf 92' lang='lat' dir='ltr'><strong>sui</strong></span> <span class='ocrx_word' id='word_1_190' title='bbox 1107 3033 1257 3092; x_wconf 92' lang='lat' dir='ltr'><strong>parte</strong></span> <span class='ocrx_word' id='word_1_191' title='bbox 1292 3023 1345 3076; x_wconf 91' lang='lat' dir='ltr'><strong>in</strong></span> <span class='ocrx_word' id='word_1_192' title='bbox 1378 3037 1628 3092; x_wconf 87' lang='lat' dir='ltr'><strong>magnam</strong></span> <span class='ocrx_word' id='word_1_193' title='bbox 1660 3023 2046 3094; x_wconf 87' lang='lat' dir='ltr'><strong>longitudinem</strong></span> 
     </span>
    </p>
   </div>
   <div class='ocr_carea' id='block_1_31' title="bbox 450 3111 2047 3184">
    <p class='ocr_par' dir='ltr' id='par_1_31' title="bbox 450 3111 2047 3184">
     <span class='ocr_line' id='line_1_31' title="bbox 450 3111 2047 3184; baseline 0.001 -18"><span class='ocrx_word' id='word_1_194' title='bbox 450 3111 731 3183; x_wconf 89' lang='lat' dir='ltr'><strong>producta,</strong></span> <span class='ocrx_word' id='word_1_195' title='bbox 765 3113 818 3167; x_wconf 89' lang='lat' dir='ltr'><strong>in</strong></span> <span class='ocrx_word' id='word_1_196' title='bbox 850 3112 1112 3183; x_wconf 90' lang='lat' dir='ltr'><strong>superiori</strong></span> <span class='ocrx_word' id='word_1_197' title='bbox 1139 3123 1287 3177; x_wconf 88' lang='lat' dir='ltr'><strong>parte</strong></span> <span class='ocrx_word' id='word_1_198' title='bbox 1319 3113 1419 3166; x_wconf 91' lang='lat' dir='ltr'><strong>sub</strong></span> <span class='ocrx_word' id='word_1_199' title='bbox 1451 3113 1566 3182; x_wconf 89' lang='lat' dir='ltr'><strong>ipso</strong></span> <span class='ocrx_word' id='word_1_200' title='bbox 1594 3114 1768 3168; x_wconf 91' lang='lat' dir='ltr'><strong>crucis</strong></span> <span class='ocrx_word' id='word_1_201' title='bbox 1795 3115 1948 3184; x_wconf 88' lang='lat' dir='ltr'><strong>signo</strong></span> <span class='ocrx_word' id='word_1_202' title='bbox 1983 3114 2047 3168; x_wconf 89' lang='lat' dir='ltr'><strong>ad</strong></span> 
     </span>
    </p>
   </div>
   <div class='ocr_carea' id='block_1_32' title="bbox 447 3202 2049 3272">
    <p class='ocr_par' dir='ltr' id='par_1_32' title="bbox 447 3202 2049 3272">
     <span class='ocr_line' id='line_1_32' title="bbox 447 3202 2049 3272; baseline 0.001 -15"><span class='ocrx_word' id='word_1_203' title='bbox 447 3202 620 3272; x_wconf 90' lang='lat' dir='ltr'><strong>ipsam</strong></span> <span class='ocrx_word' id='word_1_204' title='bbox 649 3203 752 3257; x_wconf 87' lang='lat' dir='ltr'><strong>veli</strong></span> <span class='ocrx_word' id='word_1_205' title='bbox 788 3204 947 3257; x_wconf 89' lang='lat' dir='ltr'><strong>variis</strong></span> <span class='ocrx_word' id='word_1_206' title='bbox 993 3202 1267 3258; x_wconf 74' lang='lat' dir='ltr'><strong>Color-ibus</strong></span> <span class='ocrx_word' id='word_1_207' title='bbox 1298 3202 1496 3272; x_wconf 87' lang='lat' dir='ltr'><strong>depicti</strong></span> <span class='ocrx_word' id='word_1_208' title='bbox 1527 3204 1888 3258; x_wconf 88' lang='lat' dir='ltr'><strong>summitatem</strong></span> <span class='ocrx_word' id='word_1_209' title='bbox 1908 3245 1924 3270; x_wconf 96' lang='lat'><strong>,</strong></span> <span class='ocrx_word' id='word_1_210' title='bbox 1953 3219 2049 3259; x_wconf 88' lang='lat' dir='ltr'><strong>au-</strong></span> 
     </span>
    </p>
   </div>
   <div class='ocr_carea' id='block_1_33' title="bbox 449 3295 2047 3366">
    <p class='ocr_par' dir='ltr' id='par_1_33' title="bbox 449 3295 2047 3366">
     <span class='ocr_line' id='line_1_33' title="bbox 449 3295 2047 3366; baseline 0.001 -16"><span class='ocrx_word' id='word_1_211' title='bbox 449 3310 597 3351; x_wconf 90' lang='lat' dir='ltr'><strong>ream</strong></span> <span class='ocrx_word' id='word_1_212' title='bbox 620 3296 728 3350; x_wconf 90' lang='lat' dir='ltr'><strong>Deo</strong></span> <span class='ocrx_word' id='word_1_213' title='bbox 741 3298 849 3350; x_wconf 90' lang='lat' dir='ltr'><strong>cari</strong></span> <span class='ocrx_word' id='word_1_214' title='bbox 883 3297 1223 3366; x_wconf 87' lang='lat' dir='ltr'><strong>imperatoris</strong></span> <span class='ocrx_word' id='word_1_215' title='bbox 1239 3304 1291 3350; x_wconf 89' lang='lat' dir='ltr'><strong>et</strong></span> <span class='ocrx_word' id='word_1_216' title='bbox 1315 3296 1602 3351; x_wconf 88' lang='lat' dir='ltr'><strong>liberorum</strong></span> <span class='ocrx_word' id='word_1_217' title='bbox 1624 3295 1741 3365; x_wconf 89' lang='lat' dir='ltr'><strong>ejus</strong></span> <span class='ocrx_word' id='word_1_218' title='bbox 1759 3297 2047 3366; x_wconf 85' lang='lat' dir='ltr'><strong>imaginem</strong></span> 
     </span>
    </p>
   </div>
   <div class='ocr_carea' id='block_1_34' title="bbox 447 3389 2048 3460">
    <p class='ocr_par' dir='ltr' id='par_1_34' title="bbox 447 3389 2048 3460">
     <span class='ocr_line' id='line_1_34' title="bbox 447 3389 2048 3460; baseline 0.001 -17"><span class='ocrx_word' id='word_1_219' title='bbox 447 3389 714 3459; x_wconf 88' lang='lat' dir='ltr'><strong>depictam</strong></span> <span class='ocrx_word' id='word_1_220' title='bbox 748 3399 962 3458; x_wconf 89' lang='lat' dir='ltr'><strong>pectore</strong></span> <span class='ocrx_word' id='word_1_221' title='bbox 995 3399 1150 3444; x_wconf 89' lang='lat' dir='ltr'><strong>tenus</strong></span> <span class='ocrx_word' id='word_1_222' title='bbox 1187 3389 1470 3445; x_wconf 89' lang='lat' dir='ltr'><strong>sublimem</strong></span> <span class='ocrx_word' id='word_1_223' title='bbox 1502 3390 1767 3459; x_wconf 87' lang='lat' dir='ltr'><strong>gestabat.</strong></span> <span class='ocrx_word' id='word_1_224' title='bbox 1800 3389 1912 3444; x_wconf 88' lang='lat' dir='ltr'><strong>Hoc</strong></span> <span class='ocrx_word' id='word_1_225' title='bbox 1953 3389 2048 3460; x_wconf 75' lang='lat' dir='ltr'><strong>igi-</strong></span> 
     </span>
    </p>
   </div>
   <div class='ocr_carea' id='block_1_35' title="bbox 450 3482 2048 3554">
    <p class='ocr_par' dir='ltr' id='par_1_35' title="bbox 450 3482 2048 3554">
     <span class='ocr_line' id='line_1_35' title="bbox 450 3482 2048 3554; baseline 0.003 -18"><span class='ocrx_word' id='word_1_226' title='bbox 450 3490 538 3537; x_wconf 88' lang='lat' dir='ltr'><strong>tur</strong></span> <span class='ocrx_word' id='word_1_227' title='bbox 584 3482 809 3537; x_wconf 87' lang='lat' dir='ltr'><strong>salutari</strong></span> <span class='ocrx_word' id='word_1_228' title='bbox 857 3483 1048 3554; x_wconf 89' lang='lat' dir='ltr'><strong>signo,</strong></span> <span class='ocrx_word' id='word_1_229' title='bbox 1092 3493 1346 3554; x_wconf 88' lang='lat' dir='ltr'><strong>tanquam</strong></span> <span class='ocrx_word' id='word_1_230' title='bbox 1407 3484 1740 3538; x_wconf 88' lang='lat' dir='ltr'><strong>munimento</strong></span> <span class='ocrx_word' id='word_1_231' title='bbox 1791 3483 2048 3540; x_wconf 87' lang='lat' dir='ltr'><strong>adversus</strong></span> 
     </span>
    </p>
   </div>
   <div class='ocr_carea' id='block_1_36' title="bbox 447 3575 2045 3646">
    <p class='ocr_par' dir='ltr' id='par_1_36' title="bbox 447 3575 2045 3646">
     <span class='ocr_line' id='line_1_36' title="bbox 447 3575 2045 3646; baseline -0.001 -15"><span class='ocrx_word' id='word_1_232' title='bbox 447 3575 722 3645; x_wconf 88' lang='lat' dir='ltr'><strong>oppositas</strong></span> <span class='ocrx_word' id='word_1_233' title='bbox 751 3577 1063 3645; x_wconf 91' lang='lat' dir='ltr'><strong>quorumvis</strong></span> <span class='ocrx_word' id='word_1_234' title='bbox 1094 3577 1324 3631; x_wconf 88' lang='lat' dir='ltr'><strong>hostium</strong></span> <span class='ocrx_word' id='word_1_235' title='bbox 1355 3577 1538 3646; x_wconf 88' lang='lat' dir='ltr'><strong>c0pias</strong></span> <span class='ocrx_word' id='word_1_236' title='bbox 1579 3575 1872 3645; x_wconf 84' lang='lat' dir='ltr'><strong>imperator</strong></span> <span class='ocrx_word' id='word_1_237' title='bbox 1902 3590 2045 3630; x_wconf 85' lang='lat' dir='ltr'><strong>sem-</strong></span> 
     </span>
    </p>
   </div>
   <div class='ocr_carea' id='block_1_37' title="bbox 448 3665 2048 3737">
    <p class='ocr_par' dir='ltr' id='par_1_37' title="bbox 448 3665 2048 3737">
     <span class='ocr_line' id='line_1_37' title="bbox 448 3665 2048 3737; baseline 0.002 -17"><span class='ocrx_word' id='word_1_238' title='bbox 448 3681 548 3737; x_wconf 89' lang='lat' dir='ltr'><strong>per</strong></span> <span class='ocrx_word' id='word_1_239' title='bbox 574 3674 658 3720; x_wconf 91' lang='lat' dir='ltr'><strong>est</strong></span> <span class='ocrx_word' id='word_1_240' title='bbox 687 3682 850 3731; x_wconf 89' lang='lat' dir='ltr'><strong>usus;</strong></span> <span class='ocrx_word' id='word_1_241' title='bbox 886 3667 1094 3737; x_wconf 76' lang='lat' dir='ltr'><strong>aliaque</strong></span> <span class='ocrx_word' id='word_1_242' title='bbox 1116 3668 1180 3720; x_wconf 90' lang='lat' dir='ltr'><strong>ad</strong></span> <span class='ocrx_word' id='word_1_243' title='bbox 1209 3669 1326 3736; x_wconf 87' lang='lat' dir='ltr'><strong>ejus</strong></span> <span class='ocrx_word' id='word_1_244' title='bbox 1353 3665 1762 3721; x_wconf 92' lang='lat' dir='ltr'><strong>similitudinem</strong></span> <span class='ocrx_word' id='word_1_245' title='bbox 1794 3681 2048 3736; x_wconf 84' lang='lat' dir='ltr'><strong>expressa</strong></span> 
     </span>
    </p>
   </div>
   <div class='ocr_carea' id='block_1_38' title="bbox 448 3758 1661 3829">
    <p class='ocr_par' dir='ltr' id='par_1_38' title="bbox 448 3758 1661 3829">
     <span class='ocr_line' id='line_1_38' title="bbox 448 3758 1661 3829; baseline 0 -16"><span class='ocrx_word' id='word_1_246' title='bbox 448 3759 598 3829; x_wconf 90' lang='lat' dir='ltr'><strong>signa</strong></span> <span class='ocrx_word' id='word_1_247' title='bbox 625 3760 833 3814; x_wconf 88' lang='lat' dir='ltr'><strong>cunctis</strong></span> <span class='ocrx_word' id='word_1_248' title='bbox 863 3760 1186 3815; x_wconf 86' lang='lat' dir='ltr'><strong>exercitibus</strong></span> <span class='ocrx_word' id='word_1_249' title='bbox 1217 3760 1455 3829; x_wconf 69' lang='lat' dir='ltr'><strong>pt‘n&#39;l&#39;erri</strong></span> <span class='ocrx_word' id='word_1_250' title='bbox 1481 3758 1661 3829; x_wconf 86' lang='lat' dir='ltr'><strong>jussit.</strong></span> 
     </span>
    </p>
   </div>
   <div class='ocr_carea' id='block_1_39' title="bbox 1005 3873 1494 3930">
    <p class='ocr_par' dir='ltr' id='par_1_39' title="bbox 1005 3873 1494 3930">
     <span class='ocr_line' id='line_1_39' title="bbox 1005 3873 1494 3930; baseline -0.004 -1"><span class='ocrx_word' id='word_1_251' title='bbox 1005 3873 1234 3930; x_wconf 85' lang='lat' dir='ltr'><strong>CAPUT</strong></span> <span class='ocrx_word' id='word_1_252' title='bbox 1274 3873 1494 3929; x_wconf 83' lang='lat' dir='ltr'><strong>XXXII.</strong></span> 
     </span>
    </p>
   </div>
   <div class='ocr_carea' id='block_1_40' title="bbox 451 3963 2049 4040">
    <p class='ocr_par' dir='ltr' id='par_1_40' title="bbox 451 3963 2049 4040">
     <span class='ocr_line' id='line_1_40' title="bbox 451 3963 2049 4040; baseline 0.002 -22"><span class='ocrx_word' id='word_1_253' title='bbox 451 3964 717 4030; x_wconf 82' lang='lat' dir='ltr'><strong>Quomodo</strong></span> <span class='ocrx_word' id='word_1_254' title='bbox 767 3963 1134 4021; x_wconf 78' lang='lat' dir='ltr'><strong>Constantinus</strong></span> <span class='ocrx_word' id='word_1_255' title='bbox 1187 3965 1590 4022; x_wconf 84' lang='lat' dir='ltr'><strong>Catechumenus</strong></span> <span class='ocrx_word' id='word_1_256' title='bbox 1641 3971 1805 4040; x_wconf 84' lang='lat' dir='ltr'><strong>factus</strong></span> <span class='ocrx_word' id='word_1_257' title='bbox 1869 3983 2049 4022; x_wconf 87' lang='lat' dir='ltr'><strong>sacras</strong></span> 
     </span>
    </p>
   </div>
   <div class='ocr_carea' id='block_1_41' title="bbox 918 4057 1526 4130">
    <p class='ocr_par' dir='ltr' id='par_1_41' title="bbox 918 4057 1526 4130">
     <span class='ocr_line' id='line_1_41' title="bbox 918 4057 1526 4130; baseline 0.005 -18"><span class='ocrx_word' id='word_1_258' title='bbox 918 4057 1218 4130; x_wconf 85' lang='lat' dir='ltr'><strong>Scripturas</strong></span> <span class='ocrx_word' id='word_1_259' title='bbox 1241 4058 1526 4128; x_wconf 79' lang='lat' dir='ltr'><strong>perlegerit.</strong></span> 
     </span>
    </p>
   </div>
   <div class='ocr_carea' id='block_1_42' title="bbox 522 4169 2053 4240">
    <p class='ocr_par' dir='ltr' id='par_1_42' title="bbox 522 4169 2053 4240">
     <span class='ocr_line' id='line_1_42' title="bbox 522 4169 2053 4240; baseline 0.003 -15"><span class='ocrx_word' id='word_1_260' title='bbox 522 4169 629 4225; x_wconf 91' lang='lat' dir='ltr'><strong>Sed</strong></span> <span class='ocrx_word' id='word_1_261' title='bbox 667 4171 782 4224; x_wconf 60' lang='lat' dir='ltr'><strong>haec</strong></span> <span class='ocrx_word' id='word_1_262' title='bbox 809 4179 1012 4240; x_wconf 88' lang='lat' dir='ltr'><strong>postea.</strong></span> <span class='ocrx_word' id='word_1_263' title='bbox 1047 4170 1198 4226; x_wconf 90' lang='lat' dir='ltr'><strong>Tunc</strong></span> <span class='ocrx_word' id='word_1_264' title='bbox 1229 4187 1356 4226; x_wconf 90' lang='lat' dir='ltr'><strong>vero</strong></span> <span class='ocrx_word' id='word_1_265' title='bbox 1386 4171 1690 4226; x_wconf 87' lang='lat' dir='ltr'><strong>admirabili</strong></span> <span class='ocrx_word' id='word_1_266' title='bbox 1722 4173 1928 4227; x_wconf 86' lang='lat' dir='ltr'><strong>visione</strong></span> <span class='ocrx_word' id='word_1_267' title='bbox 1955 4173 2053 4229; x_wconf 89' lang='lat' dir='ltr'><strong>ob-</strong></span> 
     </span>
    </p>
   </div>
   <div class='ocr_carea' id='block_1_43' title="bbox 445 4262 2049 4334">
    <p class='ocr_par' dir='ltr' id='par_1_43' title="bbox 445 4262 2049 4334">
     <span class='ocr_line' id='line_1_43' title="bbox 445 4262 2049 4334; baseline 0.001 -16"><span class='ocrx_word' id='word_1_268' title='bbox 445 4262 811 4332; x_wconf 84' lang='lat' dir='ltr'><strong>stupefactus,</strong></span> <span class='ocrx_word' id='word_1_269' title='bbox 852 4277 979 4317; x_wconf 91' lang='lat' dir='ltr'><strong>cum</strong></span> <span class='ocrx_word' id='word_1_270' title='bbox 1024 4262 1228 4316; x_wconf 92' lang='lat' dir='ltr'><strong>nullum</strong></span> <span class='ocrx_word' id='word_1_271' title='bbox 1257 4263 1418 4316; x_wconf 90' lang='lat' dir='ltr'><strong>alium</strong></span> <span class='ocrx_word' id='word_1_272' title='bbox 1468 4273 1663 4332; x_wconf 62' lang='lat' dir='ltr'><strong>praeter</strong></span> <span class='ocrx_word' id='word_1_273' title='bbox 1693 4263 1838 4318; x_wconf 91' lang='lat' dir='ltr'><strong>illum</strong></span> <span class='ocrx_word' id='word_1_274' title='bbox 1889 4279 2049 4334; x_wconf 88' lang='lat' dir='ltr'><strong>quem</strong></span> 
     </span>
    </p>
   </div>
   <div class='ocr_carea' id='block_1_44' title="bbox 449 4354 2051 4421">
    <p class='ocr_par' dir='ltr' id='par_1_44' title="bbox 449 4354 2051 4421">
     <span class='ocr_line' id='line_1_44' title="bbox 449 4354 2051 4421; baseline -0.001 -8"><span class='ocrx_word' id='word_1_275' title='bbox 449 4357 659 4413; x_wconf 90' lang='lat' dir='ltr'><strong>viderat</strong></span> <span class='ocrx_word' id='word_1_276' title='bbox 679 4355 847 4410; x_wconf 92' lang='lat' dir='ltr'><strong>Deum</strong></span> <span class='ocrx_word' id='word_1_277' title='bbox 864 4354 964 4410; x_wconf 92' lang='lat' dir='ltr'><strong>sibi</strong></span> <span class='ocrx_word' id='word_1_278' title='bbox 981 4355 1266 4410; x_wconf 90' lang='lat' dir='ltr'><strong>colendum</strong></span> <span class='ocrx_word' id='word_1_279' title='bbox 1280 4371 1399 4410; x_wconf 89' lang='lat' dir='ltr'><strong>esse</strong></span> <span class='ocrx_word' id='word_1_280' title='bbox 1417 4357 1715 4421; x_wconf 87' lang='lat' dir='ltr'><strong>statuisset,</strong></span> <span class='ocrx_word' id='word_1_281' title='bbox 1731 4356 2051 4413; x_wconf 89' lang='lat' dir='ltr'><strong>Sacerdotes</strong></span> 
     </span>
    </p>
   </div>
   <div class='ocr_carea' id='block_1_45' title="bbox 445 4446 2052 4520">
    <p class='ocr_par' dir='ltr' id='par_1_45' title="bbox 445 4446 2052 4520">
     <span class='ocr_line' id='line_1_45' title="bbox 445 4446 2052 4520; baseline -0.001 -14"><span class='ocrx_word' id='word_1_282' title='bbox 445 4465 657 4506; x_wconf 69' lang='lat' dir='ltr'><strong>arcanae</strong></span> <span class='ocrx_word' id='word_1_283' title='bbox 685 4450 827 4504; x_wconf 91' lang='lat' dir='ltr'><strong>illius</strong></span> <span class='ocrx_word' id='word_1_284' title='bbox 849 4448 1106 4503; x_wconf 74' lang='lat' dir='ltr'><strong>doctrinm:</strong></span> <span class='ocrx_word' id='word_1_285' title='bbox 1139 4448 1412 4520; x_wconf 80' lang='lat' dir='ltr'><strong>mySIeriis</strong></span> <span class='ocrx_word' id='word_1_286' title='bbox 1456 4446 1752 4503; x_wconf 89' lang='lat' dir='ltr'><strong>instructos</strong></span> <span class='ocrx_word' id='word_1_287' title='bbox 1779 4449 1844 4504; x_wconf 91' lang='lat' dir='ltr'><strong>ad</strong></span> <span class='ocrx_word' id='word_1_288' title='bbox 1877 4463 1936 4505; x_wconf 90' lang='lat' dir='ltr'><strong>se</strong></span> <span class='ocrx_word' id='word_1_289' title='bbox 1963 4465 2052 4504; x_wconf 85' lang='lat' dir='ltr'><strong>ac-</strong></span> 
     </span>
    </p>
   </div>
   <div class='ocr_carea' id='block_1_46' title="bbox 2073 1775 2123 1836">
    <p class='ocr_par' dir='ltr' id='par_1_46' title="bbox 2073 1775 2123 1836">
     <span class='ocr_line' id='line_1_46' title="bbox 2073 1775 2123 1836; baseline 0 0"><span class='ocrx_word' id='word_1_290' title='bbox 2073 1775 2123 1836; x_wconf 88' lang='lat' dir='ltr'><strong>B</strong></span> 
     </span>
    </p>
   </div>
   <div class='ocr_carea' id='block_1_47' title="bbox 2147 466 3729 532">
    <p class='ocr_par' dir='ltr' id='par_1_47' title="bbox 2147 466 3729 532">
     <span class='ocr_line' id='line_1_47' title="bbox 2147 466 3729 532; baseline 0.003 -10"><span class='ocrx_word' id='word_1_291' title='bbox 2147 467 2363 523; x_wconf 91' lang='lat' dir='ltr'><strong>lectioni</strong></span> <span class='ocrx_word' id='word_1_292' title='bbox 2407 481 2599 522; x_wconf 90' lang='lat' dir='ltr'><strong>vacare</strong></span> <span class='ocrx_word' id='word_1_293' title='bbox 2638 467 2898 532; x_wconf 83' lang='lat' dir='ltr'><strong>instituit,</strong></span> <span class='ocrx_word' id='word_1_294' title='bbox 2929 476 2984 521; x_wconf 93' lang='lat' dir='ltr'><strong>ct</strong></span> <span class='ocrx_word' id='word_1_295' title='bbox 3010 483 3131 522; x_wconf 93' lang='lat' dir='ltr'><strong>cum</strong></span> <span class='ocrx_word' id='word_1_296' title='bbox 3163 466 3471 523; x_wconf 89' lang='lat' dir='ltr'><strong>sacerdotes</strong></span> <span class='ocrx_word' id='word_1_297' title='bbox 3502 467 3592 524; x_wconf 89' lang='lat' dir='ltr'><strong>Dei</strong></span> <span class='ocrx_word' id='word_1_298' title='bbox 3633 471 3729 526; x_wconf 85' lang='lat' dir='ltr'><strong>sibi</strong></span> 
     </span>
    </p>
   </div>
   <div class='ocr_carea' id='block_1_48' title="bbox 2147 557 3730 629">
    <p class='ocr_par' dir='ltr' id='par_1_48' title="bbox 2147 557 3730 629">
     <span class='ocr_line' id='line_1_48' title="bbox 2147 557 3730 629; baseline 0.003 -17"><span class='ocrx_word' id='word_1_299' title='bbox 2147 573 2451 614; x_wconf 81' lang='lat' dir='ltr'><strong>assessores</strong></span> <span class='ocrx_word' id='word_1_300' title='bbox 2467 557 2802 624; x_wconf 86' lang='lat' dir='ltr'><strong>adscivisset,</strong></span> <span class='ocrx_word' id='word_1_301' title='bbox 2825 558 2990 612; x_wconf 89' lang='lat' dir='ltr'><strong>Deum</strong></span> <span class='ocrx_word' id='word_1_302' title='bbox 3010 559 3157 612; x_wconf 89' lang='lat' dir='ltr'><strong>illum</strong></span> <span class='ocrx_word' id='word_1_303' title='bbox 3176 575 3334 629; x_wconf 85' lang='lat' dir='ltr'><strong>quem</strong></span> <span class='ocrx_word' id='word_1_304' title='bbox 3349 558 3574 625; x_wconf 85' lang='lat' dir='ltr'><strong>viderat,</strong></span> <span class='ocrx_word' id='word_1_305' title='bbox 3592 562 3730 616; x_wconf 89' lang='lat' dir='ltr'><strong>omni</strong></span> 
     </span>
    </p>
   </div>
   <div class='ocr_carea' id='block_1_49' title="bbox 2147 651 3733 711">
    <p class='ocr_par' dir='ltr' id='par_1_49' title="bbox 2147 651 3733 711">
     <span class='ocr_line' id='line_1_49' title="bbox 2147 651 3733 711; baseline 0.003 -6"><span class='ocrx_word' id='word_1_306' title='bbox 2147 651 2486 707; x_wconf 88' lang='lat' dir='ltr'><strong>observantia</strong></span> <span class='ocrx_word' id='word_1_307' title='bbox 2518 651 2800 706; x_wconf 85' lang='lat' dir='ltr'><strong>colendum</strong></span> <span class='ocrx_word' id='word_1_308' title='bbox 2851 666 2971 706; x_wconf 89' lang='lat' dir='ltr'><strong>esse</strong></span> <span class='ocrx_word' id='word_1_309' title='bbox 3021 652 3191 706; x_wconf 78' lang='lat' dir='ltr'><strong>duxit.</strong></span> <span class='ocrx_word' id='word_1_310' title='bbox 3225 652 3475 707; x_wconf 68' lang='lat' dir='ltr'><strong>Posmasc</strong></span> <span class='ocrx_word' id='word_1_311' title='bbox 3509 657 3733 711; x_wconf 88' lang='lat' dir='ltr'><strong>munitus</strong></span> 
     </span>
    </p>
   </div>
   <div class='ocr_carea' id='block_1_50' title="bbox 2148 744 3736 817">
    <p class='ocr_par' dir='ltr' id='par_1_50' title="bbox 2148 744 3736 817">
     <span class='ocr_line' id='line_1_50' title="bbox 2148 744 3736 817; baseline 0.004 -19"><span class='ocrx_word' id='word_1_312' title='bbox 2148 759 2244 813; x_wconf 88' lang='lat' dir='ltr'><strong>spe</strong></span> <span class='ocrx_word' id='word_1_313' title='bbox 2269 744 2408 798; x_wconf 91' lang='lat' dir='ltr'><strong>bona</strong></span> <span class='ocrx_word' id='word_1_314' title='bbox 2433 760 2594 816; x_wconf 90' lang='lat' dir='ltr'><strong>quam</strong></span> <span class='ocrx_word' id='word_1_315' title='bbox 2626 744 2678 798; x_wconf 90' lang='lat' dir='ltr'><strong>in</strong></span> <span class='ocrx_word' id='word_1_316' title='bbox 2710 745 2799 799; x_wconf 84' lang='lat' dir='ltr'><strong>illo</strong></span> <span class='ocrx_word' id='word_1_317' title='bbox 2836 744 3213 812; x_wconf 76' lang='lat' dir='ltr'><strong>Collocaverat,</strong></span> <span class='ocrx_word' id='word_1_318' title='bbox 3259 744 3520 817; x_wconf 84' lang='lat' dir='ltr'><strong>tyrannici</strong></span> <span class='ocrx_word' id='word_1_319' title='bbox 3551 746 3736 804; x_wconf 89' lang='lat' dir='ltr'><strong>furoris</strong></span> 
     </span>
    </p>
   </div>
   <div class='ocr_carea' id='block_1_51' title="bbox 2147 836 3263 908">
    <p class='ocr_par' dir='ltr' id='par_1_51' title="bbox 2147 836 3263 908">
     <span class='ocr_line' id='line_1_51' title="bbox 2147 836 3263 908; baseline 0.001 -18"><span class='ocrx_word' id='word_1_320' title='bbox 2147 836 2453 892; x_wconf 89' lang='lat' dir='ltr'><strong>incendium</strong></span> <span class='ocrx_word' id='word_1_321' title='bbox 2479 837 2812 908; x_wconf 86' lang='lat' dir='ltr'><strong>restinguere</strong></span> <span class='ocrx_word' id='word_1_322' title='bbox 2843 852 3128 907; x_wconf 79' lang='lat' dir='ltr'><strong>aggressus</strong></span> <span class='ocrx_word' id='word_1_323' title='bbox 3158 849 3263 893; x_wconf 81' lang='lat' dir='ltr'><strong>eSt.</strong></span> 
     </span>
    </p>
   </div>
   <div class='ocr_carea' id='block_1_52' title="bbox 2688 972 3191 1029">
    <p class='ocr_par' dir='ltr' id='par_1_52' title="bbox 2688 972 3191 1029">
     <span class='ocr_line' id='line_1_52' title="bbox 2688 972 3191 1029; baseline -0.002 0"><span class='ocrx_word' id='word_1_324' title='bbox 2688 972 2917 1029; x_wconf 83' lang='lat' dir='ltr'><strong>CAPUT</strong></span> <span class='ocrx_word' id='word_1_325' title='bbox 2952 972 3191 1029; x_wconf 80' lang='lat' dir='ltr'><strong>XXXIII.</strong></span> 
     </span>
    </p>
   </div>
   <div class='ocr_carea' id='block_1_53' title="bbox 2311 1063 3578 1137">
    <p class='ocr_par' dir='ltr' id='par_1_53' title="bbox 2311 1063 3578 1137">
     <span class='ocr_line' id='line_1_53' title="bbox 2311 1063 3578 1137; baseline 0.001 -17"><span class='ocrx_word' id='word_1_326' title='bbox 2311 1065 2388 1120; x_wconf 87' lang='lat' dir='ltr'><strong>De</strong></span> <span class='ocrx_word' id='word_1_327' title='bbox 2416 1065 2681 1120; x_wconf 74' lang='lat' dir='ltr'><strong>adulteriis</strong></span> <span class='ocrx_word' id='word_1_328' title='bbox 2712 1081 2742 1118; x_wconf 90' lang='lat' dir='ltr'><strong>a</strong></span> <span class='ocrx_word' id='word_1_329' title='bbox 2766 1065 3025 1120; x_wconf 78' lang='lat' dir='ltr'><strong>Maxentio</strong></span> <span class='ocrx_word' id='word_1_330' title='bbox 3055 1063 3233 1120; x_wconf 70' lang='lat' dir='ltr'><strong>Romae</strong></span> <span class='ocrx_word' id='word_1_331' title='bbox 3260 1067 3578 1137; x_wconf 82' lang='lat' dir='ltr'><strong>perpetratis.</strong></span> 
     </span>
    </p>
   </div>
   <div class='ocr_carea' id='block_1_54' title="bbox 2221 1179 3736 1252">
    <p class='ocr_par' dir='ltr' id='par_1_54' title="bbox 2221 1179 3736 1252">
     <span class='ocr_line' id='line_1_54' title="bbox 2221 1179 3736 1252; baseline 0 -16"><span class='ocrx_word' id='word_1_332' title='bbox 2221 1181 2432 1252; x_wconf 85' lang='lat' dir='ltr'><strong>Quippe</strong></span> <span class='ocrx_word' id='word_1_333' title='bbox 2473 1180 2562 1236; x_wconf 91' lang='lat' dir='ltr'><strong>ille</strong></span> <span class='ocrx_word' id='word_1_334' title='bbox 2588 1180 2678 1251; x_wconf 88' lang='lat' dir='ltr'><strong>qui</strong></span> <span class='ocrx_word' id='word_1_335' title='bbox 2703 1180 2890 1235; x_wconf 87' lang='lat' dir='ltr'><strong>urbem</strong></span> <span class='ocrx_word' id='word_1_336' title='bbox 2922 1179 3121 1250; x_wconf 88' lang='lat' dir='ltr'><strong>regiam</strong></span> <span class='ocrx_word' id='word_1_337' title='bbox 3151 1194 3249 1248; x_wconf 87' lang='lat' dir='ltr'><strong>per</strong></span> <span class='ocrx_word' id='word_1_338' title='bbox 3275 1179 3607 1252; x_wconf 87' lang='lat' dir='ltr'><strong>tyrannidem</strong></span> <span class='ocrx_word' id='word_1_339' title='bbox 3648 1193 3736 1236; x_wconf 85' lang='lat' dir='ltr'><strong>oc-</strong></span> 
     </span>
    </p>
   </div>
   <div class='ocr_carea' id='block_1_55' title="bbox 2149 1270 3740 1343">
    <p class='ocr_par' dir='ltr' id='par_1_55' title="bbox 2149 1270 3740 1343">
     <span class='ocr_line' id='line_1_55' title="bbox 2149 1270 3740 1343; baseline -0.001 -16"><span class='ocrx_word' id='word_1_340' title='bbox 2149 1279 2477 1343; x_wconf 85' lang='lat' dir='ltr'><strong>cupaverat,</strong></span> <span class='ocrx_word' id='word_1_341' title='bbox 2513 1287 2578 1325; x_wconf 89' lang='lat' dir='ltr'><strong>eo</strong></span> <span class='ocrx_word' id='word_1_342' title='bbox 2619 1271 2908 1341; x_wconf 90' lang='lat' dir='ltr'><strong>impietatis</strong></span> <span class='ocrx_word' id='word_1_343' title='bbox 2948 1285 3010 1325; x_wconf 90' lang='lat' dir='ltr'><strong>ac</strong></span> <span class='ocrx_word' id='word_1_344' title='bbox 3059 1270 3238 1340; x_wconf 86' lang='lat' dir='ltr'><strong>ﬂagitii</strong></span> <span class='ocrx_word' id='word_1_345' title='bbox 3283 1281 3635 1339; x_wconf 88' lang='lat' dir='ltr'><strong>processerat,</strong></span> <span class='ocrx_word' id='word_1_346' title='bbox 3685 1278 3740 1326; x_wconf 86' lang='lat' dir='ltr'><strong>nt</strong></span> 
     </span>
    </p>
   </div>
   <div class='ocr_carea' id='block_1_56' title="bbox 2149 1360 3738 1436">
    <p class='ocr_par' dir='ltr' id='par_1_56' title="bbox 2149 1360 3738 1436">
     <span class='ocr_line' id='line_1_56' title="bbox 2149 1360 3738 1436; baseline -0.002 -17"><span class='ocrx_word' id='word_1_347' title='bbox 2149 1365 2380 1436; x_wconf 91' lang='lat' dir='ltr'><strong>quodvis</strong></span> <span class='ocrx_word' id='word_1_348' title='bbox 2425 1363 2684 1418; x_wconf 89' lang='lat' dir='ltr'><strong>nefarium</strong></span> <span class='ocrx_word' id='word_1_349' title='bbox 2735 1373 2896 1434; x_wconf 86' lang='lat' dir='ltr'><strong>atque</strong></span> <span class='ocrx_word' id='word_1_350' title='bbox 2936 1361 3202 1432; x_wconf 89' lang='lat' dir='ltr'><strong>impurum</strong></span> <span class='ocrx_word' id='word_1_351' title='bbox 3248 1360 3456 1417; x_wconf 84' lang='lat' dir='ltr'><strong>facinus</strong></span> <span class='ocrx_word' id='word_1_352' title='bbox 3493 1361 3738 1416; x_wconf 88' lang='lat' dir='ltr'><strong>audacter</strong></span> 
     </span>
    </p>
   </div>
   <div class='ocr_carea' id='block_1_57' title="bbox 2149 1453 3742 1526">
    <p class='ocr_par' dir='ltr' id='par_1_57' title="bbox 2149 1453 3742 1526">
     <span class='ocr_line' id='line_1_57' title="bbox 2149 1453 3742 1526; baseline 0 -16"><span class='ocrx_word' id='word_1_353' title='bbox 2149 1456 2467 1526; x_wconf 88' lang='lat' dir='ltr'><strong>susciperet.</strong></span> <span class='ocrx_word' id='word_1_354' title='bbox 2517 1453 2730 1508; x_wconf 88' lang='lat' dir='ltr'><strong>Etenim</strong></span> <span class='ocrx_word' id='word_1_355' title='bbox 2777 1468 2970 1508; x_wconf 83' lang='lat' dir='ltr'><strong>uxores</strong></span> <span class='ocrx_word' id='word_1_356' title='bbox 3019 1469 3114 1524; x_wconf 86' lang='lat' dir='ltr'><strong>per</strong></span> <span class='ocrx_word' id='word_1_357' title='bbox 3161 1453 3448 1508; x_wconf 88' lang='lat' dir='ltr'><strong>divortium</strong></span> <span class='ocrx_word' id='word_1_358' title='bbox 3476 1468 3504 1507; x_wconf 92' lang='lat' dir='ltr'><strong>a</strong></span> <span class='ocrx_word' id='word_1_359' title='bbox 3544 1454 3742 1510; x_wconf 88' lang='lat' dir='ltr'><strong>maritis</strong></span> 
     </span>
    </p>
   </div>
   <div class='ocr_carea' id='block_1_58' title="bbox 2151 1545 3743 1619">
    <p class='ocr_par' dir='ltr' id='par_1_58' title="bbox 2151 1545 3743 1619">
     <span class='ocr_line' id='line_1_58' title="bbox 2151 1545 3743 1619; baseline -0.003 -14"><span class='ocrx_word' id='word_1_360' title='bbox 2151 1549 2419 1619; x_wconf 88' lang='lat' dir='ltr'><strong>sejunctas</strong></span> <span class='ocrx_word' id='word_1_361' title='bbox 2461 1548 2721 1615; x_wconf 86' lang='lat' dir='ltr'><strong>violavit,</strong></span> <span class='ocrx_word' id='word_1_362' title='bbox 2767 1547 3094 1618; x_wconf 86' lang='lat' dir='ltr'><strong>easdemque</strong></span> <span class='ocrx_word' id='word_1_363' title='bbox 3147 1545 3374 1601; x_wconf 87' lang='lat' dir='ltr'><strong>violatas</strong></span> <span class='ocrx_word' id='word_1_364' title='bbox 3421 1546 3488 1601; x_wconf 90' lang='lat' dir='ltr'><strong>ad</strong></span> <span class='ocrx_word' id='word_1_365' title='bbox 3529 1547 3743 1601; x_wconf 86' lang='lat' dir='ltr'><strong>maritos</strong></span> 
     </span>
    </p>
   </div>
   <div class='ocr_carea' id='block_1_59' title="bbox 2154 1639 3744 1710">
    <p class='ocr_par' dir='ltr' id='par_1_59' title="bbox 2154 1639 3744 1710">
     <span class='ocr_line' id='line_1_59' title="bbox 2154 1639 3744 1710; baseline -0.001 -13"><span class='ocrx_word' id='word_1_366' title='bbox 2154 1644 2384 1698; x_wconf 90' lang='lat' dir='ltr'><strong>remisit.</strong></span> <span class='ocrx_word' id='word_1_367' title='bbox 2418 1642 2601 1710; x_wconf 84' lang='lat' dir='ltr'><strong>Neque</strong></span> <span class='ocrx_word' id='word_1_368' title='bbox 2627 1657 2756 1696; x_wconf 91' lang='lat' dir='ltr'><strong>vero</strong></span> <span class='ocrx_word' id='word_1_369' title='bbox 2793 1641 3038 1695; x_wconf 88' lang='lat' dir='ltr'><strong>homines</strong></span> <span class='ocrx_word' id='word_1_370' title='bbox 3067 1641 3328 1695; x_wconf 86' lang='lat' dir='ltr'><strong>obscuros</strong></span> <span class='ocrx_word' id='word_1_371' title='bbox 3353 1648 3515 1710; x_wconf 87' lang='lat' dir='ltr'><strong>atque</strong></span> <span class='ocrx_word' id='word_1_372' title='bbox 3541 1639 3744 1710; x_wconf 83' lang='lat' dir='ltr'><strong>ignobi-</strong></span> 
     </span>
    </p>
   </div>
   <div class='ocr_carea' id='block_1_60' title="bbox 2153 1730 3744 1803">
    <p class='ocr_par' dir='ltr' id='par_1_60' title="bbox 2153 1730 3744 1803">
     <span class='ocr_line' id='line_1_60' title="bbox 2153 1730 3744 1803; baseline -0.003 -13"><span class='ocrx_word' id='word_1_373' title='bbox 2153 1735 2254 1800; x_wconf 91' lang='lat' dir='ltr'><strong>les,</strong></span> <span class='ocrx_word' id='word_1_374' title='bbox 2275 1735 2367 1790; x_wconf 90' lang='lat' dir='ltr'><strong>sed</strong></span> <span class='ocrx_word' id='word_1_375' title='bbox 2389 1735 2534 1803; x_wconf 91' lang='lat' dir='ltr'><strong>ipsos</strong></span> <span class='ocrx_word' id='word_1_376' title='bbox 2550 1734 2810 1802; x_wconf 91' lang='lat' dir='ltr'><strong>primores</strong></span> <span class='ocrx_word' id='word_1_377' title='bbox 2826 1745 3046 1787; x_wconf 87' lang='lat' dir='ltr'><strong>senatus</strong></span> <span class='ocrx_word' id='word_1_378' title='bbox 3059 1730 3308 1797; x_wconf 83' lang='lat' dir='ltr'><strong>Romani,</strong></span> <span class='ocrx_word' id='word_1_379' title='bbox 3329 1746 3395 1786; x_wconf 92' lang='lat' dir='ltr'><strong>eo</strong></span> <span class='ocrx_word' id='word_1_380' title='bbox 3409 1731 3744 1786; x_wconf 71' lang='lat' dir='ltr'><strong>contumelize</strong></span> 
     </span>
    </p>
   </div>
   <div class='ocr_carea' id='block_1_61' title="bbox 2151 1824 3746 1899">
    <p class='ocr_par' dir='ltr' id='par_1_61' title="bbox 2151 1824 3746 1899">
     <span class='ocr_line' id='line_1_61' title="bbox 2151 1824 3746 1899; baseline -0.001 -17"><span class='ocrx_word' id='word_1_381' title='bbox 2151 1842 2351 1899; x_wconf 88' lang='lat' dir='ltr'><strong>genere</strong></span> <span class='ocrx_word' id='word_1_382' title='bbox 2377 1826 2574 1882; x_wconf 79' lang='lat' dir='ltr'><strong>affecit.</strong></span> <span class='ocrx_word' id='word_1_383' title='bbox 2601 1824 2868 1880; x_wconf 69' lang='lat' dir='ltr'><strong>Caeterum</strong></span> <span class='ocrx_word' id='word_1_384' title='bbox 2891 1840 3010 1880; x_wconf 92' lang='lat' dir='ltr'><strong>cum</strong></span> <span class='ocrx_word' id='word_1_385' title='bbox 3034 1825 3343 1880; x_wconf 90' lang='lat' dir='ltr'><strong>innumeras</strong></span> <span class='ocrx_word' id='word_1_386' title='bbox 3369 1825 3481 1880; x_wconf 85' lang='lat' dir='ltr'><strong>fere</strong></span> <span class='ocrx_word' id='word_1_387' title='bbox 3499 1824 3746 1880; x_wconf 89' lang='lat' dir='ltr'><strong>mulieres</strong></span> 
     </span>
    </p>
   </div>
   <div class='ocr_carea' id='block_1_62' title="bbox 2155 1917 3749 1992">
    <p class='ocr_par' dir='ltr' id='par_1_62' title="bbox 2155 1917 3749 1992">
     <span class='ocr_line' id='line_1_62' title="bbox 2155 1917 3749 1992; baseline -0.003 -16"><span class='ocrx_word' id='word_1_388' title='bbox 2155 1922 2415 1992; x_wconf 87' lang='lat' dir='ltr'><strong>ingenuas</strong></span> <span class='ocrx_word' id='word_1_389' title='bbox 2443 1919 2586 1977; x_wconf 63' lang='lat' dir='ltr'><strong>foede</strong></span> <span class='ocrx_word' id='word_1_390' title='bbox 2627 1919 2878 1987; x_wconf 87' lang='lat' dir='ltr'><strong>violaret,</strong></span> <span class='ocrx_word' id='word_1_391' title='bbox 2923 1918 3328 1973; x_wconf 88' lang='lat' dir='ltr'><strong>immoderatam</strong></span> <span class='ocrx_word' id='word_1_392' title='bbox 3361 1927 3540 1972; x_wconf 86' lang='lat' dir='ltr'><strong>tamen</strong></span> <span class='ocrx_word' id='word_1_393' title='bbox 3592 1917 3749 1972; x_wconf 89' lang='lat' dir='ltr'><strong>animi</strong></span> 
     </span>
    </p>
   </div>
   <div class='ocr_carea' id='block_1_63' title="bbox 2151 2011 3749 2084">
    <p class='ocr_par' dir='ltr' id='par_1_63' title="bbox 2151 2011 3749 2084">
     <span class='ocr_line' id='line_1_63' title="bbox 2151 2011 3749 2084; baseline -0.001 -16"><span class='ocrx_word' id='word_1_394' title='bbox 2151 2017 2231 2068; x_wconf 91' lang='lat' dir='ltr'><strong>sui</strong></span> <span class='ocrx_word' id='word_1_395' title='bbox 2249 2013 2523 2068; x_wconf 90' lang='lat' dir='ltr'><strong>libidinem</strong></span> <span class='ocrx_word' id='word_1_396' title='bbox 2545 2014 2849 2068; x_wconf 88' lang='lat' dir='ltr'><strong>nullatenus</strong></span> <span class='ocrx_word' id='word_1_397' title='bbox 2867 2021 3078 2083; x_wconf 89' lang='lat' dir='ltr'><strong>poterat</strong></span> <span class='ocrx_word' id='word_1_398' title='bbox 3093 2013 3334 2084; x_wconf 80' lang='lat' dir='ltr'><strong>explere.</strong></span> <span class='ocrx_word' id='word_1_399' title='bbox 3350 2011 3458 2068; x_wconf 90' lang='lat' dir='ltr'><strong>Sed</strong></span> <span class='ocrx_word' id='word_1_400' title='bbox 3479 2019 3749 2082; x_wconf 86' lang='lat' dir='ltr'><strong>postquam</strong></span> 
     </span>
    </p>
   </div>
   <div class='ocr_carea' id='block_1_64' title="bbox 2153 2103 3752 2174">
    <p class='ocr_par' dir='ltr' id='par_1_64' title="bbox 2153 2103 3752 2174">
     <span class='ocr_line' id='line_1_64' title="bbox 2153 2103 3752 2174; baseline -0.001 -14"><span class='ocrx_word' id='word_1_401' title='bbox 2153 2106 2412 2160; x_wconf 89' lang='lat' dir='ltr'><strong>mulieres</strong></span> <span class='ocrx_word' id='word_1_402' title='bbox 2456 2105 2781 2160; x_wconf 85' lang='lat' dir='ltr'><strong>christiauas</strong></span> <span class='ocrx_word' id='word_1_403' title='bbox 2811 2103 3106 2159; x_wconf 85' lang='lat' dir='ltr'><strong>sollicitare</strong></span> <span class='ocrx_word' id='word_1_404' title='bbox 3132 2105 3318 2174; x_wconf 65' lang='lat' dir='ltr'><strong>coepit,</strong></span> <span class='ocrx_word' id='word_1_405' title='bbox 3352 2103 3514 2158; x_wconf 87' lang='lat' dir='ltr'><strong>nullis</strong></span> <span class='ocrx_word' id='word_1_406' title='bbox 3557 2105 3752 2158; x_wconf 87' lang='lat' dir='ltr'><strong>artibus</strong></span> 
     </span>
    </p>
   </div>
   <div class='ocr_carea' id='block_1_65' title="bbox 2151 2194 3753 2269">
    <p class='ocr_par' dir='ltr' id='par_1_65' title="bbox 2151 2194 3753 2269">
     <span class='ocr_line' id='line_1_65' title="bbox 2151 2194 3753 2269; baseline -0.001 -17"><span class='ocrx_word' id='word_1_407' title='bbox 2151 2198 2416 2269; x_wconf 85' lang='lat' dir='ltr'><strong>perlicere</strong></span> <span class='ocrx_word' id='word_1_408' title='bbox 2457 2196 2629 2268; x_wconf 91' lang='lat' dir='ltr'><strong>potuit</strong></span> <span class='ocrx_word' id='word_1_409' title='bbox 2672 2206 2732 2251; x_wconf 92' lang='lat' dir='ltr'><strong>ut</strong></span> <span class='ocrx_word' id='word_1_410' title='bbox 2770 2211 2956 2252; x_wconf 91' lang='lat' dir='ltr'><strong>earum</strong></span> <span class='ocrx_word' id='word_1_411' title='bbox 3003 2211 3298 2267; x_wconf 90' lang='lat' dir='ltr'><strong>congressu</strong></span> <span class='ocrx_word' id='word_1_412' title='bbox 3336 2194 3623 2252; x_wconf 86' lang='lat' dir='ltr'><strong>frueretur.</strong></span> <span class='ocrx_word' id='word_1_413' title='bbox 3667 2195 3753 2250; x_wconf 73' lang='lat' dir='ltr'><strong>lla:</strong></span> 
     </span>
    </p>
   </div>
   <div class='ocr_carea' id='block_1_66' title="bbox 2152 2286 3753 2362">
    <p class='ocr_par' dir='ltr' id='par_1_66' title="bbox 2152 2286 3753 2362">
     <span class='ocr_line' id='line_1_66' title="bbox 2152 2286 3753 2362; baseline -0.002 -16"><span class='ocrx_word' id='word_1_414' title='bbox 2152 2305 2381 2362; x_wconf 89' lang='lat' dir='ltr'><strong>namque</strong></span> <span class='ocrx_word' id='word_1_415' title='bbox 2427 2290 2658 2344; x_wconf 91' lang='lat' dir='ltr'><strong>animam</strong></span> <span class='ocrx_word' id='word_1_416' title='bbox 2705 2289 2810 2344; x_wconf 91' lang='lat' dir='ltr'><strong>leto</strong></span> <span class='ocrx_word' id='word_1_417' title='bbox 2846 2288 3119 2358; x_wconf 91' lang='lat' dir='ltr'><strong>objicere,</strong></span> <span class='ocrx_word' id='word_1_418' title='bbox 3167 2304 3326 2361; x_wconf 88' lang='lat' dir='ltr'><strong>quam</strong></span> <span class='ocrx_word' id='word_1_419' title='bbox 3379 2303 3577 2360; x_wconf 88' lang='lat' dir='ltr'><strong>corpus</strong></span> <span class='ocrx_word' id='word_1_420' title='bbox 3615 2286 3753 2343; x_wconf 89' lang='lat' dir='ltr'><strong>eiad</strong></span> 
     </span>
    </p>
   </div>
   <div class='ocr_carea' id='block_1_67' title="bbox 2154 2380 3073 2454">
    <p class='ocr_par' dir='ltr' id='par_1_67' title="bbox 2154 2380 3073 2454">
     <span class='ocr_line' id='line_1_67' title="bbox 2154 2380 3073 2454; baseline -0.002 -17"><span class='ocrx_word' id='word_1_421' title='bbox 2154 2393 2401 2454; x_wconf 87' lang='lat' dir='ltr'><strong>stuprum</strong></span> <span class='ocrx_word' id='word_1_422' title='bbox 2433 2383 2745 2452; x_wconf 88' lang='lat' dir='ltr'><strong>permittere</strong></span> <span class='ocrx_word' id='word_1_423' title='bbox 2779 2380 3073 2435; x_wconf 87' lang='lat' dir='ltr'><strong>malebant.</strong></span> 
     </span>
    </p>
   </div>
   <div class='ocr_carea' id='block_1_68' title="bbox 2707 2490 3197 2547">
    <p class='ocr_par' dir='ltr' id='par_1_68' title="bbox 2707 2490 3197 2547">
     <span class='ocr_line' id='line_1_68' title="bbox 2707 2490 3197 2547; baseline -0.002 -1"><span class='ocrx_word' id='word_1_424' title='bbox 2707 2490 2932 2547; x_wconf 85' lang='lat' dir='ltr'><strong>CAPUT</strong></span> <span class='ocrx_word' id='word_1_425' title='bbox 2957 2490 3197 2546; x_wconf 82' lang='lat' dir='ltr'><strong>XXXIV.</strong></span> 
     </span>
    </p>
   </div>
   <div class='ocr_carea' id='block_1_69' title="bbox 2155 2605 3759 2678">
    <p class='ocr_par' dir='ltr' id='par_1_69' title="bbox 2155 2605 3759 2678">
     <span class='ocr_line' id='line_1_69' title="bbox 2155 2605 3759 2678; baseline -0.001 -18"><span class='ocrx_word' id='word_1_426' title='bbox 2155 2606 2422 2674; x_wconf 81' lang='lat' dir='ltr'><strong>Quomodo</strong></span> <span class='ocrx_word' id='word_1_427' title='bbox 2444 2621 2574 2661; x_wconf 79' lang='lat' dir='ltr'><strong>uxor</strong></span> <span class='ocrx_word' id='word_1_428' title='bbox 2593 2605 2841 2678; x_wconf 69' lang='lat' dir='ltr'><strong>praefecti,</strong></span> <span class='ocrx_word' id='word_1_429' title='bbox 2886 2605 3149 2674; x_wconf 70' lang='lat' dir='ltr'><strong>pudicitia:</strong></span> <span class='ocrx_word' id='word_1_430' title='bbox 3169 2605 3440 2661; x_wconf 75' lang='lat' dir='ltr'><strong>servanda:</strong></span> <span class='ocrx_word' id='word_1_431' title='bbox 3456 2621 3613 2660; x_wconf 88' lang='lat' dir='ltr'><strong>causa</strong></span> <span class='ocrx_word' id='word_1_432' title='bbox 3637 2621 3759 2660; x_wconf 85' lang='lat' dir='ltr'><strong>mor-</strong></span> 
     </span>
    </p>
   </div>
   <div class='ocr_carea' id='block_1_70' title="bbox 2696 2699 3200 2754">
    <p class='ocr_par' dir='ltr' id='par_1_70' title="bbox 2696 2699 3200 2754">
     <span class='ocr_line' id='line_1_70' title="bbox 2696 2699 3200 2754; baseline 0 0"><span class='ocrx_word' id='word_1_433' title='bbox 2696 2710 2792 2754; x_wconf 87' lang='lat' dir='ltr'><strong>tem</strong></span> <span class='ocrx_word' id='word_1_434' title='bbox 2823 2699 2918 2754; x_wconf 86' lang='lat' dir='ltr'><strong>sibi</strong></span> <span class='ocrx_word' id='word_1_435' title='bbox 2944 2701 3200 2754; x_wconf 85' lang='lat' dir='ltr'><strong>conscivit.</strong></span> 
     </span>
    </p>
   </div>
   <div class='ocr_carea' id='block_1_71' title="bbox 2224 2813 3757 2886">
    <p class='ocr_par' dir='ltr' id='par_1_71' title="bbox 2224 2813 3757 2886">
     <span class='ocr_line' id='line_1_71' title="bbox 2224 2813 3757 2886; baseline 0.002 -18"><span class='ocrx_word' id='word_1_436' title='bbox 2224 2813 2478 2882; x_wconf 53' lang='lat' dir='ltr'><strong>Quadam</strong></span> <span class='ocrx_word' id='word_1_437' title='bbox 2513 2829 2582 2871; x_wconf 81' lang='lat' dir='ltr'><strong>ex</strong></span> <span class='ocrx_word' id='word_1_438' title='bbox 2609 2813 2692 2869; x_wconf 91' lang='lat' dir='ltr'><strong>his</strong></span> <span class='ocrx_word' id='word_1_439' title='bbox 2716 2855 2732 2881; x_wconf 94' lang='lat'><strong>,</strong></span> <span class='ocrx_word' id='word_1_440' title='bbox 2766 2822 2927 2886; x_wconf 92' lang='lat' dir='ltr'><strong>nupta</strong></span> <span class='ocrx_word' id='word_1_441' title='bbox 2975 2815 3229 2870; x_wconf 89' lang='lat' dir='ltr'><strong>senatorii</strong></span> <span class='ocrx_word' id='word_1_442' title='bbox 3259 2815 3469 2872; x_wconf 90' lang='lat' dir='ltr'><strong>ordinis</strong></span> <span class='ocrx_word' id='word_1_443' title='bbox 3520 2817 3632 2871; x_wconf 88' lang='lat' dir='ltr'><strong>viro</strong></span> <span class='ocrx_word' id='word_1_444' title='bbox 3670 2817 3757 2886; x_wconf 88' lang='lat' dir='ltr'><strong>qui</strong></span> 
     </span>
    </p>
   </div>
   <div class='ocr_carea' id='block_1_72' title="bbox 2152 2906 3755 2978">
    <p class='ocr_par' dir='ltr' id='par_1_72' title="bbox 2152 2906 3755 2978">
     <span class='ocr_line' id='line_1_72' title="bbox 2152 2906 3755 2978; baseline 0.001 -18"><span class='ocrx_word' id='word_1_445' title='bbox 2152 2906 2529 2978; x_wconf 64' lang='lat' dir='ltr'><strong>praefecturam</strong></span> <span class='ocrx_word' id='word_1_446' title='bbox 2587 2906 3028 2973; x_wconf 83' lang='lat' dir='ltr'><strong>administrabat,</strong></span> <span class='ocrx_word' id='word_1_447' title='bbox 3077 2921 3197 2961; x_wconf 91' lang='lat' dir='ltr'><strong>cum</strong></span> <span class='ocrx_word' id='word_1_448' title='bbox 3246 2907 3513 2963; x_wconf 87' lang='lat' dir='ltr'><strong>satellites</strong></span> <span class='ocrx_word' id='word_1_449' title='bbox 3569 2906 3755 2978; x_wconf 91' lang='lat' dir='ltr'><strong>quibus</strong></span> 
     </span>
    </p>
   </div>
   <div class='ocr_carea' id='block_1_73' title="bbox 2157 2997 3754 3070">
    <p class='ocr_par' dir='ltr' id='par_1_73' title="bbox 2157 2997 3754 3070">
     <span class='ocr_line' id='line_1_73' title="bbox 2157 2997 3754 3070; baseline 0 -18"><span class='ocrx_word' id='word_1_450' title='bbox 2157 3008 2416 3070; x_wconf 87' lang='lat' dir='ltr'><strong>tyrannus</strong></span> <span class='ocrx_word' id='word_1_451' title='bbox 2458 2997 2766 3068; x_wconf 88' lang='lat' dir='ltr'><strong>hujusmodi</strong></span> <span class='ocrx_word' id='word_1_452' title='bbox 2808 2997 3131 3068; x_wconf 82' lang='lat' dir='ltr'><strong>flagitiorum</strong></span> <span class='ocrx_word' id='word_1_453' title='bbox 3175 2999 3446 3054; x_wconf 89' lang='lat' dir='ltr'><strong>ministris</strong></span> <span class='ocrx_word' id='word_1_454' title='bbox 3487 3000 3754 3065; x_wconf 88' lang='lat' dir='ltr'><strong>utebatur,</strong></span> 
     </span>
    </p>
   </div>
   <div class='ocr_carea' id='block_1_74' title="bbox 2157 3090 3756 3160">
    <p class='ocr_par' dir='ltr' id='par_1_74' title="bbox 2157 3090 3756 3160">
     <span class='ocr_line' id='line_1_74' title="bbox 2157 3090 3756 3160; baseline -0.001 -16"><span class='ocrx_word' id='word_1_455' title='bbox 2157 3107 2255 3160; x_wconf 91' lang='lat' dir='ltr'><strong>pro</strong></span> <span class='ocrx_word' id='word_1_456' title='bbox 2284 3090 2489 3146; x_wconf 84' lang='lat' dir='ltr'><strong>foribus</strong></span> <span class='ocrx_word' id='word_1_457' title='bbox 2514 3090 2704 3144; x_wconf 89' lang='lat' dir='ltr'><strong>adesse</strong></span> <span class='ocrx_word' id='word_1_458' title='bbox 2731 3090 3103 3159; x_wconf 88' lang='lat' dir='ltr'><strong>comperisset,</strong></span> <span class='ocrx_word' id='word_1_459' title='bbox 3137 3099 3192 3144; x_wconf 92' lang='lat' dir='ltr'><strong>et</strong></span> <span class='ocrx_word' id='word_1_460' title='bbox 3229 3090 3409 3144; x_wconf 88' lang='lat' dir='ltr'><strong>virum</strong></span> <span class='ocrx_word' id='word_1_461' title='bbox 3436 3106 3588 3145; x_wconf 90' lang='lat' dir='ltr'><strong>suum</strong></span> <span class='ocrx_word' id='word_1_462' title='bbox 3617 3097 3756 3144; x_wconf 90' lang='lat' dir='ltr'><strong>metu</strong></span> 
     </span>
    </p>
   </div>
   <div class='ocr_carea' id='block_1_75' title="bbox 2076 3159 3758 3253">
    <p class='ocr_par' dir='ltr' id='par_1_75' title="bbox 2076 3159 3758 3253">
     <span class='ocr_line' id='line_1_75' title="bbox 2076 3159 3758 3253; baseline -0.002 -14"><span class='ocrx_word' id='word_1_463' title='bbox 2076 3159 2123 3222; x_wconf 69' lang='grc' dir='ltr'><strong>Ο</strong></span> <span class='ocrx_word' id='word_1_464' title='bbox 2157 3184 2408 3239; x_wconf 87' lang='lat' dir='ltr'><strong>adactum</strong></span> <span class='ocrx_word' id='word_1_465' title='bbox 2443 3183 2752 3253; x_wconf 88' lang='lat' dir='ltr'><strong>permisisse</strong></span> <span class='ocrx_word' id='word_1_466' title='bbox 2784 3181 2891 3236; x_wconf 90' lang='lat' dir='ltr'><strong>illis</strong></span> <span class='ocrx_word' id='word_1_467' title='bbox 2911 3190 2970 3236; x_wconf 93' lang='lat' dir='ltr'><strong>ut</strong></span> <span class='ocrx_word' id='word_1_468' title='bbox 2999 3197 3057 3236; x_wconf 92' lang='lat' dir='ltr'><strong>se</strong></span> <span class='ocrx_word' id='word_1_469' title='bbox 3081 3181 3409 3253; x_wconf 79' lang='lat' dir='ltr'><strong>prehens-am</strong></span> <span class='ocrx_word' id='word_1_470' title='bbox 3437 3182 3758 3237; x_wconf 88' lang='lat' dir='ltr'><strong>abducerent</strong></span> 
     </span>
    </p>
   </div>
   <div class='ocr_carea' id='block_1_76' title="bbox 2157 3272 3756 3350">
    <p class='ocr_par' dir='ltr' id='par_1_76' title="bbox 2157 3272 3756 3350">
     <span class='ocr_line' id='line_1_76' title="bbox 2157 3272 3756 3350; baseline -0.003 -18"><span class='ocrx_word' id='word_1_471' title='bbox 2157 3277 2175 3350; x_wconf 97' lang='lat'>(</span> <span class='ocrx_word' id='word_1_472' title='bbox 2201 3285 2318 3332; x_wconf 89' lang='lat' dir='ltr'><strong>erat</strong></span> <span class='ocrx_word' id='word_1_473' title='bbox 2361 3287 2539 3332; x_wconf 89' lang='lat' dir='ltr'><strong>autem</strong></span> <span class='ocrx_word' id='word_1_474' title='bbox 2569 3277 2764 3331; x_wconf 88' lang='lat' dir='ltr'><strong>mulier</strong></span> <span class='ocrx_word' id='word_1_475' title='bbox 2799 3276 3089 3330; x_wconf 88' lang='lat' dir='ltr'><strong>christiana</strong></span> <span class='ocrx_word' id='word_1_476' title='bbox 3113 3272 3133 3347; x_wconf 95' lang='lat'>)</span> <span class='ocrx_word' id='word_1_477' title='bbox 3158 3275 3324 3330; x_wconf 88' lang='lat' dir='ltr'><strong>breve</strong></span> <span class='ocrx_word' id='word_1_478' title='bbox 3354 3276 3613 3347; x_wconf 91' lang='lat' dir='ltr'><strong>temporis</strong></span> <span class='ocrx_word' id='word_1_479' title='bbox 3643 3289 3756 3345; x_wconf 82' lang='lat' dir='ltr'><strong>Spa-</strong></span> 
     </span>
    </p>
   </div>
   <div class='ocr_carea' id='block_1_77' title="bbox 2155 3367 3757 3438">
    <p class='ocr_par' dir='ltr' id='par_1_77' title="bbox 2155 3367 3757 3438">
     <span class='ocr_line' id='line_1_77' title="bbox 2155 3367 3757 3438; baseline -0.002 -14"><span class='ocrx_word' id='word_1_480' title='bbox 2155 3371 2286 3424; x_wconf 90' lang='lat' dir='ltr'><strong>tium</strong></span> <span class='ocrx_word' id='word_1_481' title='bbox 2333 3369 2556 3425; x_wconf 85' lang='lat' dir='ltr'><strong>concedi</strong></span> <span class='ocrx_word' id='word_1_482' title='bbox 2611 3369 2709 3423; x_wconf 89' lang='lat' dir='ltr'><strong>sibi</strong></span> <span class='ocrx_word' id='word_1_483' title='bbox 2746 3367 3005 3438; x_wconf 86' lang='lat' dir='ltr'><strong>llagitavit</strong></span> <span class='ocrx_word' id='word_1_484' title='bbox 3034 3367 3100 3421; x_wconf 91' lang='lat' dir='ltr'><strong>ad</strong></span> <span class='ocrx_word' id='word_1_485' title='bbox 3131 3383 3327 3438; x_wconf 90' lang='lat' dir='ltr'><strong>corpus</strong></span> <span class='ocrx_word' id='word_1_486' title='bbox 3357 3368 3590 3424; x_wconf 89' lang='lat' dir='ltr'><strong>solemni</strong></span> <span class='ocrx_word' id='word_1_487' title='bbox 3617 3367 3757 3422; x_wconf 92' lang='lat' dir='ltr'><strong>cultu</strong></span> 
     </span>
    </p>
   </div>
   <div class='ocr_carea' id='block_1_78' title="bbox 2154 3461 3756 3532">
    <p class='ocr_par' dir='ltr' id='par_1_78' title="bbox 2154 3461 3756 3532">
     <span class='ocr_line' id='line_1_78' title="bbox 2154 3461 3756 3532; baseline 0.002 -17"><span class='ocrx_word' id='word_1_488' title='bbox 2154 3462 2543 3516; x_wconf 79' lang='lat' dir='ltr'><strong>exornandum.</strong></span> <span class='ocrx_word' id='word_1_489' title='bbox 2577 3461 2646 3515; x_wconf 88' lang='lat' dir='ltr'><strong>Et</strong></span> <span class='ocrx_word' id='word_1_490' title='bbox 2673 3461 2976 3517; x_wconf 91' lang='lat' dir='ltr'><strong>cubiculum</strong></span> <span class='ocrx_word' id='word_1_491' title='bbox 3007 3462 3243 3532; x_wconf 88' lang='lat' dir='ltr'><strong>ingressa</strong></span> <span class='ocrx_word' id='word_1_492' title='bbox 3266 3503 3280 3527; x_wconf 93' lang='lat'><strong>,</strong></span> <span class='ocrx_word' id='word_1_493' title='bbox 3312 3463 3487 3518; x_wconf 91' lang='lat' dir='ltr'><strong>solam</strong></span> <span class='ocrx_word' id='word_1_494' title='bbox 3520 3478 3580 3520; x_wconf 91' lang='lat' dir='ltr'><strong>se</strong></span> <span class='ocrx_word' id='word_1_495' title='bbox 3606 3463 3756 3519; x_wconf 86' lang='lat' dir='ltr'><strong>relic-</strong></span> 
     </span>
    </p>
   </div>
   <div class='ocr_carea' id='block_1_79' title="bbox 2159 3552 3753 3625">
    <p class='ocr_par' dir='ltr' id='par_1_79' title="bbox 2159 3552 3753 3625">
     <span class='ocr_line' id='line_1_79' title="bbox 2159 3552 3753 3625; baseline 0.001 -17"><span class='ocrx_word' id='word_1_496' title='bbox 2159 3565 2266 3608; x_wconf 91' lang='lat' dir='ltr'><strong>tam</strong></span> <span class='ocrx_word' id='word_1_497' title='bbox 2325 3553 2531 3620; x_wconf 90' lang='lat' dir='ltr'><strong>vidcns,</strong></span> <span class='ocrx_word' id='word_1_498' title='bbox 2577 3552 2813 3624; x_wconf 87' lang='lat' dir='ltr'><strong>gladium</strong></span> <span class='ocrx_word' id='word_1_499' title='bbox 2870 3555 3072 3623; x_wconf 88' lang='lat' dir='ltr'><strong>pectori</strong></span> <span class='ocrx_word' id='word_1_500' title='bbox 3120 3555 3419 3622; x_wconf 89' lang='lat' dir='ltr'><strong>immersit;</strong></span> <span class='ocrx_word' id='word_1_501' title='bbox 3471 3555 3753 3625; x_wconf 85' lang='lat' dir='ltr'><strong>statimque</strong></span> 
     </span>
    </p>
   </div>
   <div class='ocr_carea' id='block_1_80' title="bbox 2153 3645 3753 3718">
    <p class='ocr_par' dir='ltr' id='par_1_80' title="bbox 2153 3645 3753 3718">
     <span class='ocr_line' id='line_1_80' title="bbox 2153 3645 3753 3718; baseline 0.001 -16"><span class='ocrx_word' id='word_1_502' title='bbox 2153 3646 2496 3712; x_wconf 80' lang='lat' dir='ltr'><strong>exanimata,</strong></span> <span class='ocrx_word' id='word_1_503' title='bbox 2537 3645 2767 3702; x_wconf 89' lang='lat' dir='ltr'><strong>cadaver</strong></span> <span class='ocrx_word' id='word_1_504' title='bbox 2811 3647 3023 3717; x_wconf 86' lang='lat' dir='ltr'><strong>quidem</strong></span> <span class='ocrx_word' id='word_1_505' title='bbox 3067 3646 3484 3718; x_wconf 73' lang='lat' dir='ltr'><strong>perductoribus</strong></span> <span class='ocrx_word' id='word_1_506' title='bbox 3528 3649 3753 3718; x_wconf 90' lang='lat' dir='ltr'><strong>reliquit.</strong></span> 
     </span>
    </p>
   </div>
   <div class='ocr_carea' id='block_1_81' title="bbox 2155 3738 3752 3809">
    <p class='ocr_par' dir='ltr' id='par_1_81' title="bbox 2155 3738 3752 3809">
     <span class='ocr_line' id='line_1_81' title="bbox 2155 3738 3752 3809; baseline 0.001 -16"><span class='ocrx_word' id='word_1_507' title='bbox 2155 3738 2291 3808; x_wconf 88' lang='lat' dir='ltr'><strong>Ipsis</strong></span> <span class='ocrx_word' id='word_1_508' title='bbox 2329 3753 2459 3794; x_wconf 89' lang='lat' dir='ltr'><strong>vero</strong></span> <span class='ocrx_word' id='word_1_509' title='bbox 2504 3738 2657 3794; x_wconf 88' lang='lat' dir='ltr'><strong>factis</strong></span> <span class='ocrx_word' id='word_1_510' title='bbox 2693 3754 2811 3809; x_wconf 83' lang='lat' dir='ltr'><strong>quae</strong></span> <span class='ocrx_word' id='word_1_511' title='bbox 2859 3741 3002 3794; x_wconf 92' lang='lat' dir='ltr'><strong>omni</strong></span> <span class='ocrx_word' id='word_1_512' title='bbox 3055 3755 3183 3796; x_wconf 92' lang='lat' dir='ltr'><strong>voce</strong></span> <span class='ocrx_word' id='word_1_513' title='bbox 3229 3741 3437 3797; x_wconf 85' lang='lat' dir='ltr'><strong>clarius</strong></span> <span class='ocrx_word' id='word_1_514' title='bbox 3484 3749 3752 3807; x_wconf 75' lang='lat' dir='ltr'><strong>resonant,</strong></span> 
     </span>
    </p>
   </div>
   <div class='ocr_carea' id='block_1_82' title="bbox 2154 3831 3756 3904">
    <p class='ocr_par' dir='ltr' id='par_1_82' title="bbox 2154 3831 3756 3904">
     <span class='ocr_line' id='line_1_82' title="bbox 2154 3831 3756 3904; baseline 0.001 -18"><span class='ocrx_word' id='word_1_515' title='bbox 2154 3831 2362 3888; x_wconf 88' lang='lat' dir='ltr'><strong>cunctis</strong></span> <span class='ocrx_word' id='word_1_516' title='bbox 2389 3833 2478 3903; x_wconf 91' lang='lat' dir='ltr'><strong>qui</strong></span> <span class='ocrx_word' id='word_1_517' title='bbox 2506 3847 2647 3888; x_wconf 90' lang='lat' dir='ltr'><strong>nunc</strong></span> <span class='ocrx_word' id='word_1_518' title='bbox 2663 3841 2792 3887; x_wconf 89' lang='lat' dir='ltr'><strong>sunt</strong></span> <span class='ocrx_word' id='word_1_519' title='bbox 2816 3842 2871 3887; x_wconf 94' lang='lat' dir='ltr'><strong>et</strong></span> <span class='ocrx_word' id='word_1_520' title='bbox 2898 3833 2987 3904; x_wconf 92' lang='lat' dir='ltr'><strong>qui</strong></span> <span class='ocrx_word' id='word_1_521' title='bbox 3012 3833 3235 3904; x_wconf 79' lang='lat' dir='ltr'><strong>posthac</strong></span> <span class='ocrx_word' id='word_1_522' title='bbox 3261 3846 3427 3890; x_wconf 87' lang='lat' dir='ltr'><strong>erunt</strong></span> <span class='ocrx_word' id='word_1_523' title='bbox 3449 3835 3756 3890; x_wconf 89' lang='lat' dir='ltr'><strong>mortalibus</strong></span> 
     </span>
    </p>
   </div>
   <div class='ocr_carea' id='block_1_83' title="bbox 2154 3923 3756 3997">
    <p class='ocr_par' dir='ltr' id='par_1_83' title="bbox 2154 3923 3756 3997">
     <span class='ocr_line' id='line_1_83' title="bbox 2154 3923 3756 3997; baseline 0.001 -18"><span class='ocrx_word' id='word_1_524' title='bbox 2154 3923 2490 3992; x_wconf 87' lang='lat' dir='ltr'><strong>declaravit,</strong></span> <span class='ocrx_word' id='word_1_525' title='bbox 2537 3925 2849 3996; x_wconf 90' lang='lat' dir='ltr'><strong>pudicitiam</strong></span> <span class='ocrx_word' id='word_1_526' title='bbox 2898 3942 3063 3997; x_wconf 88' lang='lat' dir='ltr'><strong>penes</strong></span> <span class='ocrx_word' id='word_1_527' title='bbox 3093 3926 3237 3981; x_wconf 89' lang='lat' dir='ltr'><strong>solos</strong></span> <span class='ocrx_word' id='word_1_528' title='bbox 3266 3928 3601 3983; x_wconf 86' lang='lat' dir='ltr'><strong>christianos</strong></span> <span class='ocrx_word' id='word_1_529' title='bbox 3628 3925 3756 3982; x_wconf 88' lang='lat' dir='ltr'><strong>invi-</strong></span> 
     </span>
    </p>
   </div>
   <div class='ocr_carea' id='block_1_84' title="bbox 2153 4016 3754 4087">
    <p class='ocr_par' dir='ltr' id='par_1_84' title="bbox 2153 4016 3754 4087">
     <span class='ocr_line' id='line_1_84' title="bbox 2153 4016 3754 4087; baseline 0.001 -17"><span class='ocrx_word' id='word_1_530' title='bbox 2153 4023 2295 4070; x_wconf 88' lang='lat' dir='ltr'><strong>ctam</strong></span> <span class='ocrx_word' id='word_1_531' title='bbox 2345 4027 2504 4087; x_wconf 90' lang='lat' dir='ltr'><strong>atque</strong></span> <span class='ocrx_word' id='word_1_532' title='bbox 2567 4016 3065 4086; x_wconf 79' lang='lat' dir='ltr'><strong>inexpugnabilem,</strong></span> <span class='ocrx_word' id='word_1_533' title='bbox 3122 4032 3221 4072; x_wconf 93' lang='lat' dir='ltr'><strong>nec</strong></span> <span class='ocrx_word' id='word_1_534' title='bbox 3268 4020 3433 4074; x_wconf 88' lang='lat' dir='ltr'><strong>morti</strong></span> <span class='ocrx_word' id='word_1_535' title='bbox 3475 4017 3754 4075; x_wconf 81' lang='lat' dir='ltr'><strong>obnoxiam</strong></span> 
     </span>
    </p>
   </div>
   <div class='ocr_carea' id='block_1_85' title="bbox 2154 4105 3276 4176">
    <p class='ocr_par' dir='ltr' id='par_1_85' title="bbox 2154 4105 3276 4176">
     <span class='ocr_line' id='line_1_85' title="bbox 2154 4105 3276 4176; baseline -0.001 -16"><span class='ocrx_word' id='word_1_536' title='bbox 2154 4119 2292 4160; x_wconf 88' lang='lat' dir='ltr'><strong>esse.</strong></span> <span class='ocrx_word' id='word_1_537' title='bbox 2325 4105 2500 4176; x_wconf 84' lang='lat' dir='ltr'><strong>Atque</strong></span> <span class='ocrx_word' id='word_1_538' title='bbox 2529 4105 2645 4160; x_wconf 53' lang='lat' dir='ltr'><strong>haec</strong></span> <span class='ocrx_word' id='word_1_539' title='bbox 2675 4106 2893 4176; x_wconf 89' lang='lat' dir='ltr'><strong>quidem</strong></span> <span class='ocrx_word' id='word_1_540' title='bbox 2915 4106 2986 4159; x_wconf 89' lang='lat' dir='ltr'><strong>ita</strong></span> <span class='ocrx_word' id='word_1_541' title='bbox 3016 4120 3074 4160; x_wconf 91' lang='lat' dir='ltr'><strong>se</strong></span> <span class='ocrx_word' id='word_1_542' title='bbox 3093 4107 3276 4176; x_wconf 87' lang='lat' dir='ltr'><strong>gessit.</strong></span> 
     </span>
    </p>
   </div>
   <div class='ocr_carea' id='block_1_86' title="bbox 2710 4215 3197 4274">
    <p class='ocr_par' dir='ltr' id='par_1_86' title="bbox 2710 4215 3197 4274">
     <span class='ocr_line' id='line_1_86' title="bbox 2710 4215 3197 4274; baseline 0 -2"><span class='ocrx_word' id='word_1_543' title='bbox 2710 4215 2937 4274; x_wconf 83' lang='lat' dir='ltr'><strong>CAPUT</strong></span> <span class='ocrx_word' id='word_1_544' title='bbox 2976 4217 3197 4274; x_wconf 84' lang='lat' dir='ltr'><strong>XXXV.</strong></span> 
     </span>
    </p>
   </div>
   <div class='ocr_carea' id='block_1_87' title="bbox 2402 4333 3506 4406">
    <p class='ocr_par' dir='ltr' id='par_1_87' title="bbox 2402 4333 3506 4406">
     <span class='ocr_line' id='line_1_87' title="bbox 2402 4333 3506 4406; baseline 0.006 -18"><span class='ocrx_word' id='word_1_545' title='bbox 2402 4333 2576 4389; x_wconf 63' lang='lat' dir='ltr'><strong>Caedes</strong></span> <span class='ocrx_word' id='word_1_546' title='bbox 2606 4335 2785 4406; x_wconf 85' lang='lat' dir='ltr'><strong>populi</strong></span> <span class='ocrx_word' id='word_1_547' title='bbox 2813 4335 3032 4390; x_wconf 83' lang='lat' dir='ltr'><strong>Romani</strong></span> <span class='ocrx_word' id='word_1_548' title='bbox 3047 4337 3200 4405; x_wconf 86' lang='lat' dir='ltr'><strong>jussu</strong></span> <span class='ocrx_word' id='word_1_549' title='bbox 3233 4337 3506 4396; x_wconf 62' lang='lat' dir='ltr'><strong>Mawentii.</strong></span> 
     </span>
    </p>
   </div>
   <div class='ocr_carea' id='block_1_88' title="bbox 2227 4444 3750 4516">
    <p class='ocr_par' dir='ltr' id='par_1_88' title="bbox 2227 4444 3750 4516">
     <span class='ocr_line' id='line_1_88' title="bbox 2227 4444 3750 4516; baseline 0.003 -16"><span class='ocrx_word' id='word_1_550' title='bbox 2227 4445 2362 4500; x_wconf 88' lang='lat' dir='ltr'><strong>Eum</strong></span> <span class='ocrx_word' id='word_1_551' title='bbox 2390 4445 2551 4516; x_wconf 90' lang='lat' dir='ltr'><strong>igitur</strong></span> <span class='ocrx_word' id='word_1_552' title='bbox 2575 4444 2640 4500; x_wconf 90' lang='lat' dir='ltr'><strong>ad</strong></span> <span class='ocrx_word' id='word_1_553' title='bbox 2664 4447 2924 4514; x_wconf 88' lang='lat' dir='ltr'><strong>ejusmodi</strong></span> <span class='ocrx_word' id='word_1_554' title='bbox 2950 4446 3186 4504; x_wconf 90' lang='lat' dir='ltr'><strong>facinora</strong></span> <span class='ocrx_word' id='word_1_555' title='bbox 3216 4465 3339 4505; x_wconf 93' lang='lat' dir='ltr'><strong>cum</strong></span> <span class='ocrx_word' id='word_1_556' title='bbox 3363 4453 3512 4508; x_wconf 89' lang='lat' dir='ltr'><strong>omni</strong></span> <span class='ocrx_word' id='word_1_557' title='bbox 3535 4450 3750 4507; x_wconf 89' lang='lat' dir='ltr'><strong>audacia</strong></span> 
     </span>
    </p>
   </div>
   <div class='ocr_carea' id='block_1_89' title="bbox 446 4541 3751 4617">
    <p class='ocr_par' dir='ltr' id='par_1_89' title="bbox 446 4541 3751 4617">
     <span class='ocr_line' id='line_1_89' title="bbox 446 4541 3751 4617; baseline -0 -15"><span class='ocrx_word' id='word_1_558' title='bbox 446 4544 683 4609; x_wconf 88' lang='lat' dir='ltr'><strong>cersivit;</strong></span> <span class='ocrx_word' id='word_1_559' title='bbox 699 4553 753 4598; x_wconf 90' lang='lat' dir='ltr'><strong>et</strong></span> <span class='ocrx_word' id='word_1_560' title='bbox 769 4544 1014 4613; x_wconf 89' lang='lat' dir='ltr'><strong>quisnam</strong></span> <span class='ocrx_word' id='word_1_561' title='bbox 1035 4542 1126 4596; x_wconf 90' lang='lat' dir='ltr'><strong>ille</strong></span> <span class='ocrx_word' id='word_1_562' title='bbox 1142 4543 1281 4596; x_wconf 91' lang='lat' dir='ltr'><strong>Deus</strong></span> <span class='ocrx_word' id='word_1_563' title='bbox 1298 4553 1441 4597; x_wconf 91' lang='lat' dir='ltr'><strong>esset</strong></span> <span class='ocrx_word' id='word_1_564' title='bbox 1460 4541 1836 4612; x_wconf 87' lang='lat' dir='ltr'><strong>interrogavit,</strong></span> <span class='ocrx_word' id='word_1_565' title='bbox 1855 4543 2050 4612; x_wconf 89' lang='lat' dir='ltr'><strong>quidve</strong></span> <span class='ocrx_word' id='word_1_566' title='bbox 2075 4553 2131 4614; x_wconf 81' lang='grc' dir='ltr'><strong>ι)</strong></span> <span class='ocrx_word' id='word_1_567' title='bbox 2157 4551 2594 4609; x_wconf 88' lang='lat' dir='ltr'><strong>prorumpentem</strong></span> <span class='ocrx_word' id='word_1_568' title='bbox 2612 4541 2789 4596; x_wconf 91' lang='lat' dir='ltr'><strong>cuncti</strong></span> <span class='ocrx_word' id='word_1_569' title='bbox 2810 4541 3242 4611; x_wconf 85' lang='lat' dir='ltr'><strong>reformidantes,</strong></span> <span class='ocrx_word' id='word_1_570' title='bbox 3273 4553 3383 4601; x_wconf 87' lang='lat' dir='ltr'><strong>tam</strong></span> <span class='ocrx_word' id='word_1_571' title='bbox 3408 4545 3751 4617; x_wconf 87' lang='lat' dir='ltr'><strong>plebeiquam</strong></span> 
     </span>
    </p>
   </div>
   <div class='ocr_carea' id='block_1_90' title="bbox 445 4633 2045 4709">
    <p class='ocr_par' dir='ltr' id='par_1_90' title="bbox 445 4633 2045 4709">
     <span class='ocr_line' id='line_1_90' title="bbox 445 4633 2045 4709; baseline 0 -17"><span class='ocrx_word' id='word_1_572' title='bbox 445 4637 582 4709; x_wconf 87' lang='lat' dir='ltr'><strong>signi</strong></span> <span class='ocrx_word' id='word_1_573' title='bbox 629 4636 773 4690; x_wconf 90' lang='lat' dir='ltr'><strong>illius</strong></span> <span class='ocrx_word' id='word_1_574' title='bbox 812 4635 948 4689; x_wconf 83' lang='lat' dir='ltr'><strong>visio</strong></span> <span class='ocrx_word' id='word_1_575' title='bbox 984 4634 1088 4690; x_wconf 90' lang='lat' dir='ltr'><strong>sibi</strong></span> <span class='ocrx_word' id='word_1_576' title='bbox 1135 4635 1318 4689; x_wconf 85' lang='lat' dir='ltr'><strong>vellet.</strong></span> <span class='ocrx_word' id='word_1_577' title='bbox 1352 4633 1432 4689; x_wconf 92' lang='lat' dir='ltr'><strong>llli</strong></span> <span class='ocrx_word' id='word_1_578' title='bbox 1462 4635 1605 4688; x_wconf 92' lang='lat' dir='ltr'><strong>hunc</strong></span> <span class='ocrx_word' id='word_1_579' title='bbox 1633 4635 1848 4705; x_wconf 91' lang='lat' dir='ltr'><strong>quidem</strong></span> <span class='ocrx_word' id='word_1_580' title='bbox 1882 4636 2045 4692; x_wconf 91' lang='lat' dir='ltr'><strong>Deum</strong></span> 
     </span>
    </p>
   </div>
   <div class='ocr_carea' id='block_1_91' title="bbox 448 4726 2044 4793">
    <p class='ocr_par' dir='ltr' id='par_1_91' title="bbox 448 4726 2044 4793">
     <span class='ocr_line' id='line_1_91' title="bbox 448 4726 2044 4793; baseline -0.001 -8"><span class='ocrx_word' id='word_1_581' title='bbox 448 4744 570 4785; x_wconf 87' lang='lat' dir='ltr'><strong>esse</strong></span> <span class='ocrx_word' id='word_1_582' title='bbox 603 4728 878 4793; x_wconf 85' lang='lat' dir='ltr'><strong>dixerunt,</strong></span> <span class='ocrx_word' id='word_1_583' title='bbox 909 4727 1067 4781; x_wconf 88' lang='lat' dir='ltr'><strong>unitts</strong></span> <span class='ocrx_word' id='word_1_584' title='bbox 1108 4741 1171 4782; x_wconf 89' lang='lat' dir='ltr'><strong>ac</strong></span> <span class='ocrx_word' id='word_1_585' title='bbox 1213 4726 1382 4780; x_wconf 89' lang='lat' dir='ltr'><strong>solius</strong></span> <span class='ocrx_word' id='word_1_586' title='bbox 1416 4726 1506 4780; x_wconf 91' lang='lat' dir='ltr'><strong>Dei</strong></span> <span class='ocrx_word' id='word_1_587' title='bbox 1542 4727 1756 4780; x_wconf 88' lang='lat' dir='ltr'><strong>unicum</strong></span> <span class='ocrx_word' id='word_1_588' title='bbox 1790 4726 1985 4782; x_wconf 86' lang='lat' dir='ltr'><strong>Filium</strong></span> <span class='ocrx_word' id='word_1_589' title='bbox 2032 4747 2044 4784; x_wconf 89' lang='lat'><strong>:</strong></span> 
     </span>
    </p>
   </div>
   <div class='ocr_carea' id='block_1_92' title="bbox 445 4819 2047 4893">
    <p class='ocr_par' dir='ltr' id='par_1_92' title="bbox 445 4819 2047 4893">
     <span class='ocr_line' id='line_1_92' title="bbox 445 4819 2047 4893; baseline -0.002 -14"><span class='ocrx_word' id='word_1_590' title='bbox 445 4824 658 4893; x_wconf 87' lang='lat' dir='ltr'><strong>signum</strong></span> <span class='ocrx_word' id='word_1_591' title='bbox 685 4835 814 4876; x_wconf 90' lang='lat' dir='ltr'><strong>vero</strong></span> <span class='ocrx_word' id='word_1_592' title='bbox 853 4820 982 4876; x_wconf 88' lang='lat' dir='ltr'><strong>illttd</strong></span> <span class='ocrx_word' id='word_1_593' title='bbox 1005 4819 1144 4890; x_wconf 91' lang='lat' dir='ltr'><strong>quod</strong></span> <span class='ocrx_word' id='word_1_594' title='bbox 1171 4829 1446 4875; x_wconf 90' lang='lat' dir='ltr'><strong>ostensum</strong></span> <span class='ocrx_word' id='word_1_595' title='bbox 1481 4819 1692 4885; x_wconf 87' lang='lat' dir='ltr'><strong>fuisset,</strong></span> <span class='ocrx_word' id='word_1_596' title='bbox 1729 4821 2047 4876; x_wconf 88' lang='lat' dir='ltr'><strong>immortali-</strong></span> 
     </span>
    </p>
   </div>
   <div class='ocr_carea' id='block_1_93' title="bbox 445 4915 2046 4987">
    <p class='ocr_par' dir='ltr' id='par_1_93' title="bbox 445 4915 2046 4987">
     <span class='ocr_line' id='line_1_93' title="bbox 445 4915 2046 4987; baseline 0.001 -17"><span class='ocrx_word' id='word_1_597' title='bbox 445 4917 570 4971; x_wconf 88' lang='lat' dir='ltr'><strong>tatis</strong></span> <span class='ocrx_word' id='word_1_598' title='bbox 600 4915 901 4987; x_wconf 85' lang='lat' dir='ltr'><strong>symbolum</strong></span> <span class='ocrx_word' id='word_1_599' title='bbox 935 4931 1075 4977; x_wconf 89' lang='lat' dir='ltr'><strong>esse,</strong></span> <span class='ocrx_word' id='word_1_600' title='bbox 1105 4925 1158 4969; x_wconf 90' lang='lat' dir='ltr'><strong>et</strong></span> <span class='ocrx_word' id='word_1_601' title='bbox 1190 4923 1447 4985; x_wconf 73' lang='lat' dir='ltr'><strong>trOptcum</strong></span> <span class='ocrx_word' id='word_1_602' title='bbox 1480 4915 1722 4970; x_wconf 68' lang='lat' dir='ltr'><strong>victoria:</strong></span> <span class='ocrx_word' id='word_1_603' title='bbox 1752 4931 1911 4983; x_wconf 89' lang='lat' dir='ltr'><strong>quam</strong></span> <span class='ocrx_word' id='word_1_604' title='bbox 1956 4916 2046 4971; x_wconf 89' lang='lat' dir='ltr'><strong>ille</strong></span> 
     </span>
    </p>
   </div>
   <div class='ocr_carea' id='block_1_94' title="bbox 447 5008 2048 5073">
    <p class='ocr_par' dir='ltr' id='par_1_94' title="bbox 447 5008 2048 5073">
     <span class='ocr_line' id='line_1_94' title="bbox 447 5008 2048 5073; baseline 0.001 -9"><span class='ocrx_word' id='word_1_605' title='bbox 447 5010 501 5064; x_wconf 93' lang='lat' dir='ltr'><strong>in</strong></span> <span class='ocrx_word' id='word_1_606' title='bbox 535 5010 692 5064; x_wconf 82' lang='lat' dir='ltr'><strong>terris</strong></span> <span class='ocrx_word' id='word_1_607' title='bbox 744 5009 870 5063; x_wconf 92' lang='lat' dir='ltr'><strong>olim</strong></span> <span class='ocrx_word' id='word_1_608' title='bbox 921 5017 1186 5073; x_wconf 84' lang='lat' dir='ltr'><strong>versatus,</strong></span> <span class='ocrx_word' id='word_1_609' title='bbox 1218 5008 1284 5063; x_wconf 91' lang='lat' dir='ltr'><strong>dc</strong></span> <span class='ocrx_word' id='word_1_610' title='bbox 1315 5019 1489 5063; x_wconf 85' lang='lat' dir='ltr'><strong>morte</strong></span> <span class='ocrx_word' id='word_1_611' title='bbox 1539 5009 1832 5064; x_wconf 89' lang='lat' dir='ltr'><strong>retulisset.</strong></span> <span class='ocrx_word' id='word_1_612' title='bbox 1878 5011 2048 5066; x_wconf 89' lang='lat' dir='ltr'><strong>Simul</strong></span> 
     </span>
    </p>
   </div>
   <div class='ocr_carea' id='block_1_95' title="bbox 444 5102 2048 5168">
    <p class='ocr_par' dir='ltr' id='par_1_95' title="bbox 444 5102 2048 5168">
     <span class='ocr_line' id='line_1_95' title="bbox 444 5102 2048 5168; baseline 0.002 -12"><span class='ocrx_word' id='word_1_613' title='bbox 444 5117 638 5157; x_wconf 89' lang='lat' dir='ltr'><strong>causas</strong></span> <span class='ocrx_word' id='word_1_614' title='bbox 664 5102 806 5157; x_wconf 89' lang='lat' dir='ltr'><strong>illius</strong></span> <span class='ocrx_word' id='word_1_615' title='bbox 842 5102 1102 5157; x_wconf 85' lang='lat' dir='ltr'><strong>adventus</strong></span> <span class='ocrx_word' id='word_1_616' title='bbox 1129 5118 1251 5157; x_wconf 90' lang='lat' dir='ltr'><strong>eum</strong></span> <span class='ocrx_word' id='word_1_617' title='bbox 1281 5103 1598 5168; x_wconf 88' lang='lat' dir='ltr'><strong>docuerunt,</strong></span> <span class='ocrx_word' id='word_1_618' title='bbox 1630 5114 1930 5159; x_wconf 87' lang='lat' dir='ltr'><strong>accuratam</strong></span> <span class='ocrx_word' id='word_1_619' title='bbox 1963 5105 2048 5160; x_wconf 87' lang='lat' dir='ltr'><strong>in-</strong></span> 
     </span>
    </p>
   </div>
   <div class='ocr_carea' id='block_1_96' title="bbox 448 5193 2046 5266">
    <p class='ocr_par' dir='ltr' id='par_1_96' title="bbox 448 5193 2046 5266">
     <span class='ocr_line' id='line_1_96' title="bbox 448 5193 2046 5266; baseline 0.001 -15"><span class='ocrx_word' id='word_1_620' title='bbox 448 5193 782 5251; x_wconf 87' lang='lat' dir='ltr'><strong>carnationis</strong></span> <span class='ocrx_word' id='word_1_621' title='bbox 797 5195 1060 5249; x_wconf 87' lang='lat' dir='ltr'><strong>rationem</strong></span> <span class='ocrx_word' id='word_1_622' title='bbox 1079 5196 1126 5249; x_wconf 91' lang='lat' dir='ltr'><strong>ei</strong></span> <span class='ocrx_word' id='word_1_623' title='bbox 1145 5204 1496 5265; x_wconf 80' lang='lat' dir='ltr'><strong>exponentes.</strong></span> <span class='ocrx_word' id='word_1_624' title='bbox 1524 5195 1592 5248; x_wconf 89' lang='lat' dir='ltr'><strong>At</strong></span> <span class='ocrx_word' id='word_1_625' title='bbox 1609 5195 1699 5249; x_wconf 91' lang='lat' dir='ltr'><strong>ille</strong></span> <span class='ocrx_word' id='word_1_626' title='bbox 1723 5195 1820 5249; x_wconf 91' lang='lat' dir='ltr'><strong>hos</strong></span> <span class='ocrx_word' id='word_1_627' title='bbox 1833 5195 2046 5266; x_wconf 90' lang='lat' dir='ltr'><strong>quidem</strong></span> 
     </span>
    </p>
   </div>
   <div class='ocr_carea' id='block_1_97' title="bbox 448 5286 2047 5357">
    <p class='ocr_par' dir='ltr' id='par_1_97' title="bbox 448 5286 2047 5357">
     <span class='ocr_line' id='line_1_97' title="bbox 448 5286 2047 5357; baseline 0 -13"><span class='ocrx_word' id='word_1_628' title='bbox 448 5303 728 5344; x_wconf 86' lang='lat' dir='ltr'><strong>sermones</strong></span> <span class='ocrx_word' id='word_1_629' title='bbox 758 5287 1000 5342; x_wconf 92' lang='lat' dir='ltr'><strong>discendi</strong></span> <span class='ocrx_word' id='word_1_630' title='bbox 1021 5287 1247 5357; x_wconf 89' lang='lat' dir='ltr'><strong>cupidus</strong></span> <span class='ocrx_word' id='word_1_631' title='bbox 1270 5287 1624 5342; x_wconf 88' lang='lat' dir='ltr'><strong>auscultabat.</strong></span> <span class='ocrx_word' id='word_1_632' title='bbox 1659 5286 1922 5343; x_wconf 62' lang='lat' dir='ltr'><strong>Caeterum</strong></span> <span class='ocrx_word' id='word_1_633' title='bbox 1954 5288 2047 5344; x_wconf 88' lang='lat' dir='ltr'><strong>Dei</strong></span> 
     </span>
    </p>
   </div>
   <div class='ocr_carea' id='block_1_98' title="bbox 445 5378 2048 5453">
    <p class='ocr_par' dir='ltr' id='par_1_98' title="bbox 445 5378 2048 5453">
     <span class='ocr_line' id='line_1_98' title="bbox 445 5378 2048 5453; baseline 0.001 -17"><span class='ocrx_word' id='word_1_634' title='bbox 445 5380 750 5453; x_wconf 71' lang='lat' dir='ltr'><strong>pra-sentite</strong></span> <span class='ocrx_word' id='word_1_635' title='bbox 769 5381 882 5434; x_wconf 89' lang='lat' dir='ltr'><strong>suis</strong></span> <span class='ocrx_word' id='word_1_636' title='bbox 904 5379 1282 5448; x_wconf 89' lang='lat' dir='ltr'><strong>conspectihus</strong></span> <span class='ocrx_word' id='word_1_637' title='bbox 1310 5378 1561 5434; x_wconf 67' lang='lat' dir='ltr'><strong>exhibitte</strong></span> <span class='ocrx_word' id='word_1_638' title='bbox 1588 5379 1945 5436; x_wconf 85' lang='lat' dir='ltr'><strong>admiratione</strong></span> <span class='ocrx_word' id='word_1_639' title='bbox 1970 5389 2048 5437; x_wconf 90' lang='lat' dir='ltr'><strong>tc-</strong></span> 
     </span>
    </p>
   </div>
   <div class='ocr_carea' id='block_1_99' title="bbox 442 5470 2048 5541">
    <p class='ocr_par' dir='ltr' id='par_1_99' title="bbox 442 5470 2048 5541">
     <span class='ocr_line' id='line_1_99' title="bbox 442 5470 2048 5541; baseline -0.001 -12"><span class='ocrx_word' id='word_1_640' title='bbox 442 5474 692 5529; x_wconf 89' lang='lat' dir='ltr'><strong>nebatur.</strong></span> <span class='ocrx_word' id='word_1_641' title='bbox 738 5470 983 5541; x_wconf 90' lang='lat' dir='ltr'><strong>Cumque</strong></span> <span class='ocrx_word' id='word_1_642' title='bbox 1038 5471 1316 5527; x_wconf 74' lang='lat' dir='ltr'><strong>cmlestem</strong></span> <span class='ocrx_word' id='word_1_643' title='bbox 1367 5470 1512 5526; x_wconf 88' lang='lat' dir='ltr'><strong>illam</strong></span> <span class='ocrx_word' id='word_1_644' title='bbox 1559 5471 1818 5527; x_wconf 87' lang='lat' dir='ltr'><strong>visionem</strong></span> <span class='ocrx_word' id='word_1_645' title='bbox 1861 5482 1916 5528; x_wconf 91' lang='lat' dir='ltr'><strong>et</strong></span> <span class='ocrx_word' id='word_1_646' title='bbox 1962 5489 2048 5528; x_wconf 89' lang='lat' dir='ltr'><strong>sa-</strong></span> 
     </span>
    </p>
   </div>
   <div class='ocr_carea' id='block_1_100' title="bbox 442 5565 2046 5636">
    <p class='ocr_par' dir='ltr' id='par_1_100' title="bbox 442 5565 2046 5636">
     <span class='ocr_line' id='line_1_100' title="bbox 442 5565 2046 5636; baseline 0.001 -14"><span class='ocrx_word' id='word_1_647' title='bbox 442 5565 795 5622; x_wconf 82' lang='lat' dir='ltr'><strong>cerdotalium</strong></span> <span class='ocrx_word' id='word_1_648' title='bbox 843 5579 1152 5620; x_wconf 90' lang='lat' dir='ltr'><strong>sermonum</strong></span> <span class='ocrx_word' id='word_1_649' title='bbox 1225 5565 1726 5636; x_wconf 88' lang='lat' dir='ltr'><strong>interpretationem</strong></span> <span class='ocrx_word' id='word_1_650' title='bbox 1786 5565 1927 5621; x_wconf 90' lang='lat' dir='ltr'><strong>inter</strong></span> <span class='ocrx_word' id='word_1_651' title='bbox 1986 5581 2046 5625; x_wconf 89' lang='lat' dir='ltr'><strong>se</strong></span> 
     </span>
    </p>
   </div>
   <div class='ocr_carea' id='block_1_101' title="bbox 442 5655 2043 5726">
    <p class='ocr_par' dir='ltr' id='par_1_101' title="bbox 442 5655 2043 5726">
     <span class='ocr_line' id='line_1_101' title="bbox 442 5655 2043 5726; baseline 0.001 -12"><span class='ocrx_word' id='word_1_652' title='bbox 442 5659 789 5726; x_wconf 87' lang='lat' dir='ltr'><strong>contulisset,</strong></span> <span class='ocrx_word' id='word_1_653' title='bbox 841 5657 1190 5715; x_wconf 83' lang='lat' dir='ltr'><strong>confirmatus</strong></span> <span class='ocrx_word' id='word_1_654' title='bbox 1245 5666 1330 5712; x_wconf 91' lang='lat' dir='ltr'><strong>est</strong></span> <span class='ocrx_word' id='word_1_655' title='bbox 1378 5658 1581 5724; x_wconf 90' lang='lat' dir='ltr'><strong>animo,</strong></span> <span class='ocrx_word' id='word_1_656' title='bbox 1616 5655 1806 5712; x_wconf 90' lang='lat' dir='ltr'><strong>harum</strong></span> <span class='ocrx_word' id='word_1_657' title='bbox 1863 5673 2043 5716; x_wconf 90' lang='lat' dir='ltr'><strong>rerum</strong></span> 
     </span>
    </p>
   </div>
   <div class='ocr_carea' id='block_1_102' title="bbox 443 5749 2045 5824">
    <p class='ocr_par' dir='ltr' id='par_1_102' title="bbox 443 5749 2045 5824">
     <span class='ocr_line' id='line_1_102' title="bbox 443 5749 2045 5824; baseline 0.002 -18"><span class='ocrx_word' id='word_1_658' title='bbox 443 5752 803 5823; x_wconf 82' lang='lat' dir='ltr'><strong>cognitionem</strong></span> <span class='ocrx_word' id='word_1_659' title='bbox 869 5752 964 5811; x_wconf 88' lang='lat' dir='ltr'><strong>Dei</strong></span> <span class='ocrx_word' id='word_1_660' title='bbox 1014 5751 1180 5824; x_wconf 83' lang='lat' dir='ltr'><strong>ipsius</strong></span> <span class='ocrx_word' id='word_1_661' title='bbox 1223 5751 1533 5824; x_wconf 81' lang='lat' dir='ltr'><strong>magisterio</strong></span> <span class='ocrx_word' id='word_1_662' title='bbox 1597 5749 1702 5807; x_wconf 79' lang='lat' dir='ltr'><strong>sibi</strong></span> <span class='ocrx_word' id='word_1_663' title='bbox 1751 5751 1883 5810; x_wconf 84' lang='lat' dir='ltr'><strong>tradi</strong></span> <span class='ocrx_word' id='word_1_664' title='bbox 1949 5767 2045 5824; x_wconf 89' lang='lat' dir='ltr'><strong>pro</strong></span> 
     </span>
    </p>
   </div>
   <div class='ocr_carea' id='block_1_103' title="bbox 2152 4633 3750 4709">
    <p class='ocr_par' dir='ltr' id='par_1_103' title="bbox 2152 4633 3750 4709">
     <span class='ocr_line' id='line_1_103' title="bbox 2152 4633 3750 4709; baseline 0.002 -21"><span class='ocrx_word' id='word_1_665' title='bbox 2152 4636 2529 4702; x_wconf 88' lang='lat' dir='ltr'><strong>magistratus,</strong></span> <span class='ocrx_word' id='word_1_666' title='bbox 2566 4642 2672 4687; x_wconf 90' lang='lat' dir='ltr'><strong>tam</strong></span> <span class='ocrx_word' id='word_1_667' title='bbox 2718 4633 2928 4689; x_wconf 89' lang='lat' dir='ltr'><strong>nobiles</strong></span> <span class='ocrx_word' id='word_1_668' title='bbox 2953 4649 3112 4704; x_wconf 91' lang='lat' dir='ltr'><strong>quam</strong></span> <span class='ocrx_word' id='word_1_669' title='bbox 3142 4636 3394 4703; x_wconf 88' lang='lat' dir='ltr'><strong>obscuri,</strong></span> <span class='ocrx_word' id='word_1_670' title='bbox 3436 4637 3750 4709; x_wconf 86' lang='lat' dir='ltr'><strong>gravissima</strong></span> 
     </span>
    </p>
   </div>
   <div class='ocr_carea' id='block_1_104' title="bbox 2153 4725 3748 4802">
    <p class='ocr_par' dir='ltr' id='par_1_104' title="bbox 2153 4725 3748 4802">
     <span class='ocr_line' id='line_1_104' title="bbox 2153 4725 3748 4802; baseline 0.002 -22"><span class='ocrx_word' id='word_1_671' title='bbox 2153 4725 2434 4798; x_wconf 86' lang='lat' dir='ltr'><strong>tyrannide</strong></span> <span class='ocrx_word' id='word_1_672' title='bbox 2457 4725 2918 4796; x_wconf 87' lang='lat' dir='ltr'><strong>opprimebantur.</strong></span> <span class='ocrx_word' id='word_1_673' title='bbox 2953 4731 3030 4781; x_wconf 87' lang='lat' dir='ltr'><strong>Ac</strong></span> <span class='ocrx_word' id='word_1_674' title='bbox 3063 4729 3272 4784; x_wconf 90' lang='lat' dir='ltr'><strong>tametsi</strong></span> <span class='ocrx_word' id='word_1_675' title='bbox 3301 4731 3487 4801; x_wconf 84' lang='lat' dir='ltr'><strong>quiete</strong></span> <span class='ocrx_word' id='word_1_676' title='bbox 3526 4736 3748 4802; x_wconf 88' lang='lat' dir='ltr'><strong>agerent</strong></span> 
     </span>
    </p>
   </div>
   <div class='ocr_carea' id='block_1_105' title="bbox 2151 4819 3753 4893">
    <p class='ocr_par' dir='ltr' id='par_1_105' title="bbox 2151 4819 3753 4893">
     <span class='ocr_line' id='line_1_105' title="bbox 2151 4819 3753 4893; baseline 0.003 -18"><span class='ocrx_word' id='word_1_677' title='bbox 2151 4829 2204 4876; x_wconf 90' lang='lat' dir='ltr'><strong>et</strong></span> <span class='ocrx_word' id='word_1_678' title='bbox 2232 4819 2640 4874; x_wconf 81' lang='lat' dir='ltr'><strong>acerbissimam</strong></span> <span class='ocrx_word' id='word_1_679' title='bbox 2677 4822 2991 4877; x_wconf 88' lang='lat' dir='ltr'><strong>servitutem</strong></span> <span class='ocrx_word' id='word_1_680' title='bbox 3014 4824 3298 4893; x_wconf 83' lang='lat' dir='ltr'><strong>patienter</strong></span> <span class='ocrx_word' id='word_1_681' title='bbox 3336 4826 3652 4888; x_wconf 88' lang='lat' dir='ltr'><strong>tolerarent.</strong></span> <span class='ocrx_word' id='word_1_682' title='bbox 3687 4839 3753 4881; x_wconf 92' lang='lat' dir='ltr'><strong>ne</strong></span> 
     </span>
    </p>
   </div>
   <div class='ocr_carea' id='block_1_106' title="bbox 2152 4911 3750 4990">
    <p class='ocr_par' dir='ltr' id='par_1_106' title="bbox 2152 4911 3750 4990">
     <span class='ocr_line' id='line_1_106' title="bbox 2152 4911 3750 4990; baseline 0.004 -23"><span class='ocrx_word' id='word_1_683' title='bbox 2152 4911 2230 4969; x_wconf 87' lang='lat' dir='ltr'><strong>sic</strong></span> <span class='ocrx_word' id='word_1_684' title='bbox 2265 4923 2442 4968; x_wconf 88' lang='lat' dir='ltr'><strong>tamen</strong></span> <span class='ocrx_word' id='word_1_685' title='bbox 2472 4913 2640 4970; x_wconf 87' lang='lat' dir='ltr'><strong>vitare</strong></span> <span class='ocrx_word' id='word_1_686' title='bbox 2674 4923 3214 4985; x_wconf 88' lang='lat' dir='ltr'><strong>poterantcrucntam</strong></span> <span class='ocrx_word' id='word_1_687' title='bbox 3246 4921 3462 4990; x_wconf 90' lang='lat' dir='ltr'><strong>tyranni</strong></span> <span class='ocrx_word' id='word_1_688' title='bbox 3493 4918 3750 4975; x_wconf 89' lang='lat' dir='ltr'><strong>atrocita-</strong></span> 
     </span>
    </p>
   </div>
   <div class='ocr_carea' id='block_1_107' title="bbox 2154 5007 3748 5079">
    <p class='ocr_par' dir='ltr' id='par_1_107' title="bbox 2154 5007 3748 5079">
     <span class='ocr_line' id='line_1_107' title="bbox 2154 5007 3748 5079; baseline 0.002 -18"><span class='ocrx_word' id='word_1_689' title='bbox 2154 5014 2283 5063; x_wconf 87' lang='lat' dir='ltr'><strong>tem.</strong></span> <span class='ocrx_word' id='word_1_690' title='bbox 2334 5008 2606 5079; x_wconf 89' lang='lat' dir='ltr'><strong>Denique,</strong></span> <span class='ocrx_word' id='word_1_691' title='bbox 2656 5007 2889 5078; x_wconf 89' lang='lat' dir='ltr'><strong>quodam</strong></span> <span class='ocrx_word' id='word_1_692' title='bbox 2936 5008 3023 5064; x_wconf 91' lang='lat' dir='ltr'><strong>die</strong></span> <span class='ocrx_word' id='word_1_693' title='bbox 3062 5009 3390 5066; x_wconf 88' lang='lat' dir='ltr'><strong>levissimam</strong></span> <span class='ocrx_word' id='word_1_694' title='bbox 3427 5013 3499 5068; x_wconf 90' lang='lat' dir='ltr'><strong>ob</strong></span> <span class='ocrx_word' id='word_1_695' title='bbox 3537 5025 3748 5069; x_wconf 83' lang='lat' dir='ltr'><strong>causam</strong></span> 
     </span>
    </p>
   </div>
   <div class='ocr_carea' id='block_1_108' title="bbox 2153 5099 3751 5170">
    <p class='ocr_par' dir='ltr' id='par_1_108' title="bbox 2153 5099 3751 5170">
     <span class='ocr_line' id='line_1_108' title="bbox 2153 5099 3751 5170; baseline 0.004 -19"><span class='ocrx_word' id='word_1_696' title='bbox 2153 5100 2406 5170; x_wconf 91' lang='lat' dir='ltr'><strong>populum</strong></span> <span class='ocrx_word' id='word_1_697' title='bbox 2440 5099 2736 5155; x_wconf 77' lang='lat' dir='ltr'><strong>Romanum</strong></span> <span class='ocrx_word' id='word_1_698' title='bbox 2764 5101 3100 5168; x_wconf 67' lang='lat' dir='ltr'><strong>praetorianis</strong></span> <span class='ocrx_word' id='word_1_699' title='bbox 3137 5103 3396 5159; x_wconf 89' lang='lat' dir='ltr'><strong>militibus</strong></span> <span class='ocrx_word' id='word_1_700' title='bbox 3427 5105 3751 5160; x_wconf 87' lang='lat' dir='ltr'><strong>obtruncan-</strong></span> 
     </span>
    </p>
   </div>
   <div class='ocr_carea' id='block_1_109' title="bbox 2150 5189 3748 5265">
    <p class='ocr_par' dir='ltr' id='par_1_109' title="bbox 2150 5189 3748 5265">
     <span class='ocr_line' id='line_1_109' title="bbox 2150 5189 3748 5265; baseline 0.003 -19"><span class='ocrx_word' id='word_1_701' title='bbox 2150 5191 2276 5246; x_wconf 91' lang='lat' dir='ltr'><strong>dum</strong></span> <span class='ocrx_word' id='word_1_702' title='bbox 2304 5192 2526 5247; x_wconf 89' lang='lat' dir='ltr'><strong>dedidit.</strong></span> <span class='ocrx_word' id='word_1_703' title='bbox 2555 5190 2729 5262; x_wconf 83' lang='lat' dir='ltr'><strong>Atque</strong></span> <span class='ocrx_word' id='word_1_704' title='bbox 2757 5189 2828 5245; x_wconf 90' lang='lat' dir='ltr'><strong>ita</strong></span> <span class='ocrx_word' id='word_1_705' title='bbox 2872 5192 3279 5249; x_wconf 90' lang='lat' dir='ltr'><strong>innumerabilis</strong></span> <span class='ocrx_word' id='word_1_706' title='bbox 3318 5196 3608 5252; x_wconf 89' lang='lat' dir='ltr'><strong>multitudo</strong></span> <span class='ocrx_word' id='word_1_707' title='bbox 3652 5209 3748 5265; x_wconf 89' lang='lat' dir='ltr'><strong>po-</strong></span> 
     </span>
    </p>
   </div>
   <div class='ocr_carea' id='block_1_110' title="bbox 2161 5282 3748 5356">
    <p class='ocr_par' dir='ltr' id='par_1_110' title="bbox 2161 5282 3748 5356">
     <span class='ocr_line' id='line_1_110' title="bbox 2161 5282 3748 5356; baseline 0.003 -19"><span class='ocrx_word' id='word_1_708' title='bbox 2161 5283 2268 5351; x_wconf 93' lang='lat' dir='ltr'><strong>puli</strong></span> <span class='ocrx_word' id='word_1_709' title='bbox 2307 5283 2564 5351; x_wconf 84' lang='lat' dir='ltr'><strong>Bomani,</strong></span> <span class='ocrx_word' id='word_1_710' title='bbox 2602 5298 2708 5338; x_wconf 94' lang='lat' dir='ltr'><strong>non</strong></span> <span class='ocrx_word' id='word_1_711' title='bbox 2751 5282 3072 5355; x_wconf 90' lang='lat' dir='ltr'><strong>Scytharum</strong></span> <span class='ocrx_word' id='word_1_712' title='bbox 3113 5301 3178 5342; x_wconf 89' lang='lat' dir='ltr'><strong>ac</strong></span> <span class='ocrx_word' id='word_1_713' title='bbox 3222 5287 3619 5356; x_wconf 88' lang='lat' dir='ltr'><strong>Barbarorum,</strong></span> <span class='ocrx_word' id='word_1_714' title='bbox 3655 5286 3748 5345; x_wconf 89' lang='lat' dir='ltr'><strong>sed</strong></span> 
     </span>
    </p>
   </div>
   <div class='ocr_carea' id='block_1_111' title="bbox 2156 5375 3747 5445">
    <p class='ocr_par' dir='ltr' id='par_1_111' title="bbox 2156 5375 3747 5445">
     <span class='ocr_line' id='line_1_111' title="bbox 2156 5375 3747 5445; baseline 0.004 -15"><span class='ocrx_word' id='word_1_715' title='bbox 2156 5375 2352 5431; x_wconf 89' lang='lat' dir='ltr'><strong>civium</strong></span> <span class='ocrx_word' id='word_1_716' title='bbox 2395 5391 2612 5431; x_wconf 92' lang='lat' dir='ltr'><strong>suorum</strong></span> <span class='ocrx_word' id='word_1_717' title='bbox 2645 5375 2816 5431; x_wconf 87' lang='lat' dir='ltr'><strong>hastis</strong></span> <span class='ocrx_word' id='word_1_718' title='bbox 2852 5378 3125 5445; x_wconf 89' lang='lat' dir='ltr'><strong>armisque</strong></span> <span class='ocrx_word' id='word_1_719' title='bbox 3164 5381 3214 5436; x_wconf 91' lang='lat' dir='ltr'><strong>in</strong></span> <span class='ocrx_word' id='word_1_720' title='bbox 3253 5383 3432 5438; x_wconf 86' lang='lat' dir='ltr'><strong>media</strong></span> <span class='ocrx_word' id='word_1_721' title='bbox 3477 5385 3610 5439; x_wconf 90' lang='lat' dir='ltr'><strong>urbe</strong></span> <span class='ocrx_word' id='word_1_722' title='bbox 3639 5392 3747 5437; x_wconf 87' lang='lat' dir='ltr'><strong>tru-</strong></span> 
     </span>
    </p>
   </div>
   <div class='ocr_carea' id='block_1_112' title="bbox 2154 5469 3744 5543">
    <p class='ocr_par' dir='ltr' id='par_1_112' title="bbox 2154 5469 3744 5543">
     <span class='ocr_line' id='line_1_112' title="bbox 2154 5469 3744 5543; baseline 0.004 -18"><span class='ocrx_word' id='word_1_723' title='bbox 2154 5469 2325 5525; x_wconf 86' lang='lat' dir='ltr'><strong>cidata</strong></span> <span class='ocrx_word' id='word_1_724' title='bbox 2350 5480 2452 5526; x_wconf 90' lang='lat' dir='ltr'><strong>est.</strong></span> <span class='ocrx_word' id='word_1_725' title='bbox 2478 5469 2703 5538; x_wconf 82' lang='lat' dir='ltr'><strong>Quantae</strong></span> <span class='ocrx_word' id='word_1_726' title='bbox 2723 5485 2886 5541; x_wconf 92' lang='lat' dir='ltr'><strong>porro</strong></span> <span class='ocrx_word' id='word_1_727' title='bbox 2905 5470 3221 5529; x_wconf 88' lang='lat' dir='ltr'><strong>Senatorum</strong></span> <span class='ocrx_word' id='word_1_728' title='bbox 3243 5477 3423 5533; x_wconf 61' lang='lat' dir='ltr'><strong>caedes</strong></span> <span class='ocrx_word' id='word_1_729' title='bbox 3448 5478 3601 5534; x_wconf 77' lang='lat' dir='ltr'><strong>factae</strong></span> <span class='ocrx_word' id='word_1_730' title='bbox 3620 5477 3744 5543; x_wconf 88' lang='lat' dir='ltr'><strong>sint,</strong></span> 
     </span>
    </p>
   </div>
   <div class='ocr_carea' id='block_1_113' title="bbox 2154 5563 3745 5637">
    <p class='ocr_par' dir='ltr' id='par_1_113' title="bbox 2154 5563 3745 5637">
     <span class='ocr_line' id='line_1_113' title="bbox 2154 5563 3745 5637; baseline 0.005 -17"><span class='ocrx_word' id='word_1_731' title='bbox 2154 5575 2214 5620; x_wconf 90' lang='lat' dir='ltr'><strong>ut</strong></span> <span class='ocrx_word' id='word_1_732' title='bbox 2243 5566 2293 5620; x_wconf 91' lang='lat' dir='ltr'><strong>in</strong></span> <span class='ocrx_word' id='word_1_733' title='bbox 2324 5565 2460 5619; x_wconf 92' lang='lat' dir='ltr'><strong>bona</strong></span> <span class='ocrx_word' id='word_1_734' title='bbox 2491 5563 2910 5635; x_wconf 88' lang='lat' dir='ltr'><strong>uniuscujusque</strong></span> <span class='ocrx_word' id='word_1_735' title='bbox 2937 5581 3124 5621; x_wconf 89' lang='lat' dir='ltr'><strong>eorum</strong></span> <span class='ocrx_word' id='word_1_736' title='bbox 3154 5568 3526 5637; x_wconf 87' lang='lat' dir='ltr'><strong>invaderetur,</strong></span> <span class='ocrx_word' id='word_1_737' title='bbox 3556 5588 3745 5629; x_wconf 89' lang='lat' dir='ltr'><strong>nume-</strong></span> 
     </span>
    </p>
   </div>
   <div class='ocr_carea' id='block_1_114' title="bbox 2152 5657 3752 5736">
    <p class='ocr_par' dir='ltr' id='par_1_114' title="bbox 2152 5657 3752 5736">
     <span class='ocr_line' id='line_1_114' title="bbox 2152 5657 3752 5736; baseline 0.005 -20"><span class='ocrx_word' id='word_1_738' title='bbox 2152 5660 2261 5716; x_wconf 88' lang='lat' dir='ltr'><strong>rari</strong></span> <span class='ocrx_word' id='word_1_739' title='bbox 2291 5659 2436 5715; x_wconf 89' lang='lat' dir='ltr'><strong>nullo</strong></span> <span class='ocrx_word' id='word_1_740' title='bbox 2464 5657 2624 5714; x_wconf 93' lang='lat' dir='ltr'><strong>modo</strong></span> <span class='ocrx_word' id='word_1_741' title='bbox 2653 5668 2862 5730; x_wconf 90' lang='lat' dir='ltr'><strong>potest;</strong></span> <span class='ocrx_word' id='word_1_742' title='bbox 2891 5674 3012 5714; x_wconf 92' lang='lat' dir='ltr'><strong>cum</strong></span> <span class='ocrx_word' id='word_1_743' title='bbox 3039 5663 3277 5731; x_wconf 88' lang='lat' dir='ltr'><strong>quotidie</strong></span> <span class='ocrx_word' id='word_1_744' title='bbox 3307 5663 3529 5736; x_wconf 88' lang='lat' dir='ltr'><strong>plurimi</strong></span> <span class='ocrx_word' id='word_1_745' title='bbox 3549 5666 3752 5725; x_wconf 53' lang='lat' dir='ltr'><strong>conﬁce</strong></span> 
     </span>
    </p>
   </div>
   <div class='ocr_carea' id='block_1_115' title="bbox 2153 5749 3231 5812">
    <p class='ocr_par' dir='ltr' id='par_1_115' title="bbox 2153 5749 3231 5812">
     <span class='ocr_line' id='line_1_115' title="bbox 2153 5749 3231 5812; baseline 0.002 -5"><span class='ocrx_word' id='word_1_746' title='bbox 2153 5753 2223 5810; x_wconf 79' lang='lat' dir='ltr'><strong>tis</strong></span> <span class='ocrx_word' id='word_1_747' title='bbox 2251 5751 2413 5810; x_wconf 83' lang='lat' dir='ltr'><strong>variis</strong></span> <span class='ocrx_word' id='word_1_748' title='bbox 2433 5749 2751 5808; x_wconf 81' lang='lat' dir='ltr'><strong>criminibus</strong></span> <span class='ocrx_word' id='word_1_749' title='bbox 2780 5751 3231 5812; x_wconf 75' lang='lat' dir='ltr'><strong>interﬁcerentur.</strong></span> 
     </span>
    </p>
   </div>
  </div>
