3982 6302
208 290 272 351 25
1252 288 1341 344 DE
1382 287 1544 346 VITA
1583 285 2040 348 CONSTAN'I’INI
2078 290 2279 348 LIBER
2319 293 2361 350 I.
3400 294 3476 353 26

713 404 940 463 CAPUT
980 403 1227 463 XXXVI.

208 524 408 599 Hagij
427 532 554 579 artes
576 521 848 591 Maxentii,
867 532 912 578 et
932 523 1291 578 alimentorum
1320 523 1537 596 penuria
1562 520 1765 579 Ramte.

266 638 490 694 Tandem
517 652 647 693 vero
675 648 933 711 tyrannus
973 638 1272 695 sceleribus
1291 638 1401 693 suis
1424 639 1573 710 quasi
1599 639 1768 710 quod-

202 732 310 789 dam
354 731 649 803 fastigium,
693 732 913 803 magica:
960 733 1093 787 artis
1132 733 1431 804 prmstigias
1477 734 1765 803 imposuit,

202 841 331 881 nunc
374 824 628 880 mulieres
673 824 920 896 gravidas
963 824 1271 891 dissecans,
1321 841 1463 881 nunc
1504 825 1768 882 infantum

199 931 370 975 recens
409 917 460 971 in
512 916 687 973 lucem
737 916 1005 973 editorum
1058 916 1263 972 rimans
1308 917 1541 984 viscera,
1582 917 1768 973 leones

199 1026 392 1084 quoque
420 1008 688 1065 interdum
716 1017 979 1077 mactans,
1009 1018 1064 1065 et
1089 1009 1332 1080 quaedam
1355 1008 1583 1066 nefanda
1614 1025 1771 1081 pera-

196 1117 312 1177 gens
353 1117 504 1157 sacra
556 1101 624 1156 ad
668 1101 947 1157 daemones
987 1101 1329 1168 evocandos,
1367 1110 1425 1157 et
1464 1101 1532 1158 ad
1567 1101 1766 1158 bellum

196 1196 318 1269 quod
358 1196 469 1267 jam
511 1194 770 1262 instabat,
803 1194 1207 1265 depellendum.
1253 1194 1347 1251 llis
1371 1196 1514 1251 enim
1559 1196 1767 1251 artibus

193 1288 450 1347 victoriam
496 1302 558 1343 se
607 1287 925 1359 adepturum
963 1288 1235 1358 sperabat.
1296 1287 1393 1344 Hic
1438 1289 1598 1360 igitur
1638 1289 1764 1344 dum

193 1380 356 1436 Romae
378 1379 718 1451 tyrannidem
740 1389 987 1446 exercet,
1012 1380 1099 1436 vix
1120 1379 1225 1435 dici
1252 1391 1426 1451 potest
1446 1392 1572 1450 quot
1597 1397 1765 1453 quan-

192 1474 346 1545 tisque
379 1473 540 1529 malis
588 1473 832 1529 subditos
864 1476 1196 1545 Oppresserit
1236 1484 1396 1546 atque
1440 1476 1491 1531 in
1534 1478 1763 1533 servitu-

189 1574 278 1621 tem
305 1562 578 1634 redegerit
608 1585 622 1620 :
652 1563 786 1620 adeo
814 1575 870 1618 ut
897 1565 964 1621 ad
1003 1577 1299 1621 extremam
1348 1568 1479 1623 trusi
1517 1571 1624 1623 sint
1659 1570 1761 1624 alio

188 1667 469 1715 mentorum
508 1659 808 1729 penuriam,
840 1660 1051 1731 qualem
1098 1671 1256 1717 antea
1297 1661 1482 1718 Roma:
1524 1679 1760 1735 unquam

187 1752 350 1818 fuisse,
380 1751 533 1808 nulla
563 1751 841 1808 hominum
871 1754 1045 1809 aetatis
1071 1764 1271 1810 nostra:
1294 1756 1551 1812 memoria
1576 1772 1759 1814 recor-

187 1843 339 1901 datur.

702 1918 930 1977 CAPUT
967 1918 1239 1979 XXXVII.

426 2035 689 2093 Maxentii
715 2037 964 2092 exercitus
989 2038 1042 2091 in
1065 2036 1227 2093 Italia
1252 2040 1497 2110 superati.

240 2146 313 2204 οι)
345 2146 462 2205 haec
501 2156 700 2204 cuncta
739 2148 925 2205 dolore
973 2164 1036 2205 ac
1079 2149 1421 2208 miseratione
1462 2164 1765 2215 commotus

183 2240 588 2311 Constantinus,
620 2243 765 2298 omni
796 2242 987 2300 bellico
1017 2256 1274 2316 apparatu
1302 2246 1559 2306 adversus
1584 2258 1766 2323 tyran-

184 2335 338 2390 nidem
355 2349 479 2391 sese
502 2336 778 2391 instruxit.
803 2335 1042 2408 Cumque
1056 2352 1323 2393 summum
1342 2342 1580 2396 omnium
1598 2344 1762 2399 Deum

181 2437 441 2500 patronum
481 2428 592 2485 sibi
617 2428 970 2496 adscivisset,
1010 2431 1388 2506 Christumque
1420 2436 1536 2507 ejus
1566 2437 1760 2495 Filium

181 2530 492 2578 servatorem
525 2529 691 2593 atque
729 2523 1103 2581 auxiliatorem
1135 2526 1473 2595 invocasset;
1507 2540 1561 2586 et
1590 2531 1763 2588 victo-

180 2618 259 2671 ria
286 2623 555 2687 tropaeum
580 2657 597 2683 ,
629 2615 867 2673 salutare
895 2618 1101 2675 scilicet
1140 2620 1354 2691 signum
1396 2630 1523 2679 ante
1562 2623 1762 2680 milites

180 2722 229 2763 ac
248 2708 537 2780 stipatores
562 2723 691 2764 suos
711 2711 1008 2776 statuisset,
1032 2726 1153 2766 cum
1182 2712 1328 2768 omni
1363 2716 1606 2770 exercitu
1637 2730 1761 2786 pro-

178 2816 368 2872 gressus
396 2811 506 2870 est,
541 2817 613 2857 eo
640 2802 869 2858 consilio
901 2812 958 2858 ut
980 2803 1242 2861 Romanis
1272 2805 1576 2862 libertatem
1601 2824 1761 2879 quam

181 2896 511 2968 amajoribus
551 2897 666 2952 suis
704 2905 1062 2967 acceperant,
1102 2899 1405 2955 interventu
1453 2916 1553 2955 suo
1606 2902 1754 2957 resti-

181 2996 346 3045 tueret.
368 2987 548 3043 Porro
574 3002 695 3042 cum
723 2988 1024 3044 Maxentius
1050 2992 1376 3061 magicarum
1405 2992 1599 3047 artium
1633 3006 1760 3063 prae-

179 3082 329 3152 stigiis
354 3083 531 3152 magis
554 3096 717 3151 quam
745 3080 1080 3139 subditorum
1103 3083 1475 3139 benevolentia
1501 3085 1757 3152 confisus,

1795 405 2125 469 Avidelicet
2179 423 2301 465 cum
2342 407 2520 465 divina
2572 408 2774 466 virtute
2830 408 3178 467 Constantini
3230 410 3474 481 partibus

1873 502 2164 558 auxiliante
2192 502 2244 557 iu
2276 501 2454 574 fugam
2476 510 2650 570 actus,
2672 502 2892 559 ﬂuvium
2918 504 3023 559 sibi
3049 503 3322 575 obiectum
3347 519 3468 575 per-

1874 595 2165 650 transiret:
2195 594 2246 649 in
2270 610 2411 665 quo,
2446 606 2610 666 ponte
2647 611 2712 652 ex
2754 595 2969 663 scaphis
3013 596 3319 653 firmissime
3344 612 3475 653 cono

1875 687 2133 752 tabulato,
2173 687 2290 757 ipse
2331 689 2630 743 machinam
2674 689 2960 758 quamdam
2994 689 3046 745 in
3095 704 3247 745 suam
3296 691 3467 761 ipsius

1873 780 2163 851 perniciem
2191 788 2591 845 construxerat,
2618 782 2725 836 Deo
2755 780 3009 837 dilectum
3038 781 3336 854 principem
3363 782 3464 838 hu-

1867 873 2103 944 iusmodi
2143 873 2267 928 dolo
2307 874 2666 945 interceptum
2710 874 2773 930 iri
2816 890 3063 945 sperans.
3095 875 3296 932 Verum
3346 876 3470 934 huic

1871 965 2090 1037 quidem
2122 966 2263 1021 Deus
2304 982 2463 1037 quem
2495 967 2738 1036 colebat,
2783 967 2986 1024 auxilio
3032 967 3219 1023 adfuit.
3259 970 3329 1025 At
3370 969 3471 1025 im-

1870 1058 1991 1129 pius
2015 1058 2130 1124 ille,
2159 1058 2400 1113 occultas
2431 1058 2707 1115 machinas
2732 1059 2785 1115 in
2813 1074 2971 1115 suum
2994 1060 3163 1130 ipsius
3182 1067 3342 1131 caput
3366 1061 3470 1116 mi—

1871 1164 1962 1205 ser
1990 1152 2339 1221 comparavit.
2375 1150 2608 1208 Proinde
2643 1162 2697 1207 et
2740 1151 2843 1208 hoc
2870 1154 3065 1209 merito
3109 1154 3213 1210 dici
3253 1154 3464 1226 potuit:

1872 1242 2127 1299 Scrobem
2168 1245 2382 1314 aperuit
2421 1252 2580 1315 atque
2624 1244 2826 1313 effodit,
2858 1254 2912 1302 et
2954 1246 3004 1300 in
3050 1247 3256 1302 foveam
3305 1262 3463 1317 quam

1868 1334 1996 1391 fecit
2026 1337 2139 1406 ipse
2165 1335 2384 1391 incidet.
2409 1337 2766 1393 Convertetur
2794 1338 2944 1394 labor
2971 1337 3087 1408 ejus
3110 1338 3161 1393 in
3191 1340 3465 1410 proprium

1871 1430 2041 1501 ipsius
2070 1442 2253 1501 caput,
2282 1440 2336 1486 et
2366 1430 2417 1486 in
2449 1433 2708 1489 verticem
2740 1434 2906 1503 ipsius
2928 1432 3187 1500 iniustitia
3224 1433 3339 1503 ejus
3377 1448 3468 1488 re-

1867 1523 2030 1578 cidet.
2063 1522 2154 1579 Sic
2195 1523 2356 1595 igitur
2393 1526 2657 1581 machinis
2690 1542 2809 1597 qua:
2855 1526 2908 1580 in
2943 1534 3109 1597 ponte
3144 1534 3467 1581 constructte

1866 1615 2075 1673 fuerant
2103 1633 2224 1674 cum
2256 1619 2461 1674 occulta
2503 1619 2746 1690 decipula
2797 1628 3037 1690 tempore
3080 1618 3300 1674 minime
3340 1633 3467 1690 spc-

1865 1720 1985 1765 rato
2016 1710 2326 1777 dissolutis,
2378 1712 2634 1766 transitus
2674 1710 2891 1782 quidem
2935 1709 3218 1766 subsidere
3260 1710 3462 1782 ccepit:

1792 1799 1840 1860 B
1870 1803 2081 1874 navigia
2110 1819 2239 1860 vero
2268 1804 2428 1859 simul
2453 1818 2574 1858 cum
2605 1805 2735 1874 ipsis
2767 1803 3074 1859 hominibus
3097 1813 3320 1874 repente
3340 1816 3464 1874 pes-

1878 1898 2133 1954 sumiere.
2183 1898 2253 1954 Et
2300 1898 2482 1955 infelix
2548 1899 2638 1953 ille
2684 1899 2925 1953 omnium
2979 1900 3223 1970 primus,
3271 1897 3468 1954 deinde

1869 1993 2047 2047 cuncti
2076 2006 2212 2063 quos
2232 1992 2374 2047 circa
2416 2006 2476 2047 se
2512 1990 2748 2046 habebat
2777 2000 3117 2061 protectores
3146 2007 3211 2046 ac
3239 1992 3465 2062 stipato-

1869 2101 1956 2141 res
1976 2127 1993 2153 ,
2022 2085 2160 2140 sicut
2187 2085 2366 2140 divina
2400 2085 2775 2156 praedixerunt
2800 2084 3015 2140 oracula
3035 2127 3050 2152 ,
3079 2084 3250 2140 instar
3291 2086 3466 2156 plttm-

1868 2175 1986 2232 bea:
2023 2191 2217 2231 massae
2259 2174 2314 2231 in
2353 2176 2676 2231 altissimum
2706 2174 2971 2246 gurgitem
3012 2175 3279 2232 cecidere.
3313 2175 3466 2233 Adeo

1867 2276 1926 2322 ut
1956 2268 2153 2323 milites
2174 2269 2263 2340 qui
2288 2278 2413 2323 tunc
2439 2284 2541 2339 ope
2571 2267 2737 2323 divini
2765 2267 3009 2323 Numinis
3053 2268 3334 2324 victoriam
3372 2268 3465 2323 ad-

1866 2359 1974 2429 epti
2005 2366 2150 2423 sunt,
2189 2359 2409 2429 perinde
2437 2374 2499 2415 ac
2521 2359 2648 2414 olim
2682 2359 2935 2415 Israelitze
2963 2373 3100 2430 quos
3123 2374 3346 2430 magnus
3371 2359 3464 2416 ille

1866 2449 1959 2504 Dei
1990 2447 2223 2504 famulus
2262 2450 2438 2506 Moses
2472 2449 2736 2518 ducebat,
2781 2451 2974 2506 merito
3008 2450 3052 2505 si
3092 2467 3199 2506 non
3243 2450 3458 2519 verbis,

1865 2543 2055 2599 saltem
2085 2544 2248 2598 rebus
2276 2544 2406 2610 ipsis
2432 2543 2619 2599 eadem
2647 2558 2769 2614 qum
2796 2543 2871 2598 illi
2900 2541 3169 2613 quondam
3194 2542 3455 2599 adversus

1866 2634 2088 2704 impium
2120 2635 2268 2690 illum
2302 2634 2636 2690 Pharaonem
2672 2636 2936 2689 cantatnri
2984 2634 3181 2690 fuerint
3224 2635 3276 2689 in
3318 2635 3462 2689 hunc

1865 2726 2121 2781 modum:
2156 2727 2448 2782 Cantemus
2488 2726 2716 2782 Domino
2752 2743 2765 2780 :
2797 2725 3080 2797 magnifice
3116 2726 3257 2781 enim
3291 2725 3459 2797 glori-

1865 2820 2057 2876 ficatus
2083 2828 2187 2875 est.
2219 2819 2430 2890 Equum
2474 2830 2528 2875 et
2560 2834 2901 2875 ascensorem
2944 2819 3169 2890 projecit
3206 2820 3256 2873 in
3289 2833 3457 2875 mare.

1862 2910 2093 2983 Adjutor
2122 2920 2176 2968 et
2208 2922 2481 2982 protector
2523 2912 2695 2967 factus
2735 2920 2819 2967 est
2849 2912 2979 2967 mihi
3011 2912 3077 2968 ad
3101 2912 3351 2967 salutent.
3392 2913 3458 2969 Et

1862 3006 2253 3076 iteruszuis
2287 3007 2478 3062 similis
2517 3007 2610 3062 tibi
2656 3007 2796 3061 inter
2841 3006 3004 3075 deos,
3036 3005 3295 3073 Domine,
3338 3007 3459 3077 quis

1863 3101 2055 3157 similis
2103 3100 2238 3156 tibi?
2269 3100 2616 3158 Gloriticatus
2662 3102 2714 3156 in
2765 3103 2996 3173 sanctisj,
3031 3100 3361 3157 admirabilis
3404 3100 3457 3154 in

181 3189 236 3228 ηε
275 3174 486 3246 quidem
545 3184 703 3229 extra
751 3174 899 3229 urbis
947 3185 1133 3246 portas
1188 3176 1437 3247 progredi
1490 3177 1753 3245 auderet;
1786 3188 1831 3251 C
1863 3193 2057 3264 gloria,
2084 3192 2289 3249 faciens
2315 3192 2575 3265 prodigia.

181 3281 341 3323 cuneta
369 3285 510 3327 vero
542 3272 602 3327 in
632 3272 859 3327 circuitu
891 3272 1037 3328 urbis
1064 3272 1253 3328 Roma:
1280 3289 1343 3328 ac
1386 3275 1549 3329 totius
1593 3273 1756 3329 Italia:

182 3360 293 3431 loca,
319 3365 541 3436 oppida,
574 3365 825 3437 regiones
855 3381 988 3437 quas
1014 3367 1446 3437 servitutis~jugo
1469 3381 1756 3438 oppressas

182 3458 386 3521 tenebat,
422 3458 817 3515 innumerabili
839 3469 1167 3514 armatorum
1194 3459 1534 3515 multitudine
1564 3469 1616 3515 et
1638 3459 1753 3516 dis-

180 3549 339 3618 positis
354 3551 420 3605 ad
447 3550 821 3606 insidiandum
843 3552 1169 3608 exercitibus
1185 3553 1422 3623 undique
1437 3554 1752 3623 muniisset:

180 3640 333 3713 divino
358 3643 531 3700 fretus
557 3644 761 3699 auxilio
793 3646 1115 3715 imperator,
1160 3645 1386 3714 primam
1412 3685 1426 3708 ,
1458 3645 1750 3700 secundam

181 3746 231 3787 ac
259 3737 454 3791 tertiam
504 3739 725 3809 tyranni
769 3752 1056 3807 aggressus
1097 3737 1291 3803 aciem,
1334 3738 1543 3793 cunctis
1579 3738 1755 3808 primo

182 3830 332 3884 statim
354 3832 559 3903 impetu
593 3830 727 3887 fusis
750 3847 814 3888 ac
838 3830 1035 3903 fugatis
1056 3873 1071 3899 ,
1097 3831 1151 3886 in
1181 3831 1438 3887 interiora
1470 3831 1636 3887 Italiae
1660 3847 1755 3903 pe-

179 3924 392 3980 netravit.

673 4017 904 4075 CAPUT
942 4017 1232 4075 XXXVIII.

435 4113 698 4170 Maxentii
722 4113 958 4169 interitus
982 4113 1037 4168 in
1064 4124 1218 4185 ponte
1244 4110 1462 4168 Tiberis.

237 4225 573 4297 Tandemque
635 4227 704 4284 ad
753 4228 924 4299 ipsam
982 4228 1170 4283 urbem
1237 4228 1459 4284 Romam
1531 4229 1752 4300 propius

183 4320 402 4375 accessit.
447 4320 654 4378 Verum
703 4336 771 4377 ne
809 4321 971 4376 unius
1011 4321 1222 4394 tyranni
1263 4335 1421 4376 causa
1475 4320 1750 4377 Romanos

182 4424 345 4469 omnes
374 4431 695 4487 oppugnare
717 4430 940 4471 necesse
967 4414 1211 4481 haberet,
1246 4415 1387 4470 Deus
1415 4415 1561 4470 illum
1592 4416 1745 4486 quasi

186 4503 384 4562 vinculis
433 4506 760 4580 quibusdam
820 4509 1168 4564 constrictum
1217 4523 1375 4579 quam
1433 4508 1747 4579 longissime

2397 3329 2625 3387 CAPUT
2664 3329 2912 3386 XXXIX.

2080 3443 2349 3517 Ingressus
2371 3445 2693 3500 Constantini
2717 3446 2769 3499 in
2796 3447 2966 3499 urbem
2994 3443 3230 3499 Romam.

1938 3558 2066 3614 Haec
2090 3570 2144 3616 et
2170 3559 2274 3616 alia
2312 3560 2503 3615 horum
2534 3575 2788 3631 germana
2829 3575 2950 3615 cum
2979 3559 3363 3616 Constantinus
3389 3575 3455 3617 eo

1859 3659 2101 3722 tempore
2148 3668 2397 3723 magmun
2431 3653 2521 3707 Dei
2569 3652 2823 3707 famulum
2863 3654 3063 3708 Mnscm
3097 3653 3371 3719 imitatus,
3400 3654 3453 3709 itt

1857 3744 2070 3802 Iaudem
2101 3747 2193 3802 Dei
2217 3746 2599 3802 universorum
2643 3746 2901 3817 principis
2925 3755 2978 3802 et
3004 3747 3244 3801 victoria:
3276 3754 3459 3802 aucto-

1857 3838 1933 3893 ris
1964 3838 2120 3894 factis
2149 3840 2279 3910 ipsis
2299 3839 2608 3904 cecinisset,
2631 3838 2857 3893 Romam
2884 3839 3221 3908 triumphans
3250 3839 3458 3910 ingrcs-

1857 3945 1950 3987 sus
1993 3939 2097 3985 est.
2125 3931 2437 4002 Omnesque
2479 3932 2679 4003 pariter
2719 3940 2824 3985 tatn
2861 3946 2928 3986 ex
2963 3940 3151 3986 senatu
3192 3946 3351 4002 quam
3388 3945 3458 3987 ex

1856 4022 2091 4094 equestri
2125 4022 2347 4088 ordine,
2379 4032 2630 4092 tanquam
2670 4023 2905 4079 carceris
2931 4023 3171 4079 custodia
3213 4024 3453 4093 liberati,

1855 4131 1977 4173 cum
2002 4117 2252 4172 universo
2280 4118 2480 4189 populo
2508 4117 2751 4172 Romano
2771 4160 2784 4181 ,
2815 4118 2943 4174 laeto
2968 4119 3119 4174 vultu
3159 4120 3456 4190 faustisque

1855 4208 2329 4264 acclamationibus
2370 4223 2492 4263 cum
2536 4209 2846 4281 inexplebili
2906 4211 3104 4281 gaudio
3149 4227 3218 4267 ex
3265 4211 3456 4267 intimo

1855 4301 2155 4355 animorum
2178 4300 2371 4356 affectu
2414 4314 2535 4356 eum
2563 4317 2852 4373 excepere.
2902 4303 2971 4358 Et
2997 4305 3177 4360 cuncti
3218 4314 3324 4360 tam
3353 4305 3453 4361 viri

1854 4408 2012 4464 quam
2064 4392 2318 4449 mulieres
2368 4409 2489 4449 cum
2535 4395 2720 4451 liberis
2767 4404 2823 4451 et
2866 4396 3070 4451 infinita
3120 4398 3448 4455 famulorum

1855 4484 2220 4553 multitudine,
2248 4485 2395 4542 illum
2426 4487 2792 4554 liberatorem,
2818 4498 3147 4545 servatorem
3179 4505 3244 4545 ac
3280 4491 3451 4547 bono-

182 4608 311 4653 extra
331 4602 475 4659 urbis
508 4609 696 4671 portas
727 4602 1017 4671 protraxit:
1043 4602 1308 4673 simulque
1334 4594 1505 4673 prisca
1538 4602 1624 4656 illa
1654 4602 1750 4657 ad-

1865 4594 1971 4634 rum
1998 4590 2294 4646 auctorem,
2332 4581 2632 4636 incredibili
2661 4581 2898 4638 clamore
2928 4598 3085 4653 quem
3116 4599 3278 4640 nemo
3302 4585 3454 4642 cohi-

181 4703 342 4749 versus
368 4696 565 4766 impios
585 4694 725 4750 edita
754 4696 1033 4763 miracula,
1056 4711 1175 4766 quae
1195 4696 1363 4751 sacris
1391 4695 1750 4752 voluminibus

182 4789 522 4855 continentur,
542 4799 599 4845 et
627 4789 822 4860 quibus
845 4789 995 4844 multi
1021 4788 1235 4860 quidem
1268 4788 1489 4859 perinde
1510 4804 1575 4845 ac
1598 4789 1750 4845 fabu-

182 4874 237 4931 lis
258 4878 403 4935 ftdent
445 4881 748 4951 derogant,
781 4895 903 4935 cum
936 4890 1114 4936 tamen
1154 4878 1405 4936 ﬁdelibus
1448 4880 1555 4938 fide
1588 4880 1747 4952 digna

182 4970 455 5040 videantur,
486 4973 699 5028 cunctis
732 4979 839 5026 tam
863 4970 1111 5028 fidelibus
1136 4987 1295 5042 quam
1326 4971 1631 5028 infidelibus
1658 4973 1749 5043 qui

184 5059 268 5117 hoc
290 5066 605 5122 miraculum
634 5064 776 5136 quod
807 5064 1000 5120 dicturi
1030 5079 1215 5120 sumus
1244 5064 1416 5121 oculis
1455 5066 1568 5122 suis
1591 5081 1745 5136 spec-

185 5161 419 5221 taverunt,
464 5158 747 5214 verissima
797 5171 922 5213 esse
973 5172 1138 5228 opere
1182 5157 1301 5228 ipso
1349 5159 1740 5229 comprobavit.

182 5244 295 5303 Nam
336 5252 783 5322 quemadmodum
828 5251 992 5306 Mosis
1041 5266 1106 5307 ac
1150 5250 1418 5323 religiosae
1471 5255 1741 5324 quondam

182 5342 333 5408 gentis
357 5342 700 5399 Hebraeorum
728 5341 1080 5414 temporibus,
1132 5343 1273 5399 Deus
1300 5360 1490 5401 currus
1510 5356 1563 5401 et
1590 5362 1746 5403 exer-

183 5431 325 5488 citum
350 5434 644 5492 Pharaonis
670 5436 900 5508 projccit
929 5437 980 5492 iu
1013 5452 1192 5501 mare,
1241 5437 1567 5495 lectissimos
1604 5441 1745 5497 mili-

183 5529 334 5581 tesex
375 5542 535 5583 curru
571 5538 869 5599 pugnantes
903 5529 1142 5584 tristatas
1181 5529 1470 5586 submersit
1511 5532 1564 5586 in
1604 5535 1736 5590 mari

184 5615 324 5669 rubro
343 5659 357 5678 .
383 5628 437 5674 et
462 5619 706 5677 ﬂuctibus
731 5621 976 5691 operuit;
1009 5621 1086 5677 sic
1111 5620 1265 5691 plane
1308 5621 1610 5679 Maxentius
1631 5667 1646 5693 ,
1686 5636 1739 5682 et

184 5708 474 5781 quicumque
516 5712 652 5768 circa
697 5713 849 5767 illum
894 5722 1051 5768 erant
1098 5713 1295 5767 milites
1322 5728 1385 5768 ac
1422 5714 1738 5789 stipatores,

185 5791 527 5873 instat-lapidis
548 5803 597 5860 in
614 5800 928 5862 altissimum
945 5803 1210 5878 gurgitem
1234 5803 1564 5864 ceciderunt.
1591 5806 1740 5867 Tunc

1854 4676 1985 4733 bere
2038 4687 2250 4748 poterat
2297 4679 2658 4747 appellabant.
2709 4679 2905 4734 Verum
2960 4680 3050 4735 ille
3092 4682 3350 4750 pietatem
3398 4684 3453 4739 in

1857 4770 2022 4825 Deum
2053 4769 2204 4840 quasi
2237 4768 2450 4824 insitam
2480 4771 2579 4827 sibi
2623 4780 2782 4840 atque
2826 4772 3064 4826 innatam
3090 4787 3306 4842 gerens,
3347 4789 3450 4831 nec

1855 4862 2165 4934 huiusmodi
2196 4863 2691 4931 acclamationibus,
2729 4880 2830 4921 nec.
2863 4864 3110 4921 laudibus
3147 4867 3323 4923 elatus
3346 4878 3449 4925 est.

1854 4955 1960 5012 Sed
1985 4970 2106 5011 cum
2141 4956 2232 5011 Dei
2254 4955 2517 5011 auxilium
2558 4956 2659 5013 sibi
2686 4955 2924 5013 adfuisse
2968 4959 3135 5029 probe
3176 4958 3444 5031 intellige-

1854 5060 1970 5116 ret,
2000 5049 2144 5105 illico
2181 5049 2418 5105 victoriae
2457 5050 2660 5104 auctori
2703 5050 2993 5122 gratiarum
3018 5052 3284 5110 actionem
3323 5067 3451 5126 sup-

1853 5143 1973 5214 plex
2003 5141 2265 5213 rependit.

2456 5234 2684 5291 CAPUT
2724 5235 2835 5291 XL.

1851 5325 1932 5382 De
1958 5325 2273 5383 Constantini
2309 5336 2478 5382 statua
2508 5345 2705 5383 erucem
2747 5338 2976 5399 tenente,
3011 5338 3059 5385 et
3113 5330 3177 5385 de
3216 5333 3326 5404 ejus
3363 5331 3447 5387 in-

2497 5420 2792 5489 scriptione.

1923 5534 1992 5590 Et
2015 5534 2159 5591 clara
2200 5549 2333 5591 voce
2372 5550 2435 5591 ac
2473 5536 2749 5593 titulorum
2778 5538 3255 5610 inscriptionibus,
3297 5539 3443 5596 salu-

1848 5637 1963 5684 tare
1989 5629 2197 5699 signum
2220 5630 2428 5685 cunctis
2452 5629 2759 5687 hominibus
2789 5633 3125 5687 annuntiavit
3150 5650 3162 5686 :
3199 5632 3303 5688 hoc
3325 5642 3441 5689 tro-

1849 5737 1966 5793 paeo
2010 5721 2062 5776 in
2104 5721 2282 5778 medio
2308 5723 2454 5778 urbis
2485 5726 2645 5795 regite
2686 5723 2947 5780 adversus
2988 5727 3170 5779 hostes
3209 5739 3391 5782 erecto
3417 5766 3433 5796 ,

1847 5820 2009 5888 atque
2036 5811 2140 5873 hoc
2164 5812 2382 5871 salutari
2410 5813 2564 5888 signo
2588 5815 2729 5886 quod
2760 5810 2969 5885 imperii
2992 5814 3218 5873 Romani
3245 5829 3309 5873 ac
3336 5825 3428 5873 to-
