3982 6302
498 268 569 325 27
673 310 678 315 .
1825 268 2213 346 ΕυδΕΒΙΙξΡΑ
2223 273 2268 328 Μ
2278 273 2455 329 PHILI
3712 289 3773 341 ΞΒ

500 389 606 443 tius
647 386 795 443 orbis
816 387 1125 458 praesidium
1168 398 1253 443 est
1272 431 1286 455 ,
1318 388 1591 445 literarum
1634 388 1774 442 notis
1816 402 2087 458 nunquam
2117 391 2169 449 Α
2195 388 2431 457 opulenti
2459 390 2604 459 prius
2630 390 2984 457 exstitissent,
3011 400 3195 462 postea
3224 388 3422 447 mutata
3450 405 3592 451 sorte
3614 398 3664 453 in
3691 416 3776 455 ex-

500 480 800 537 interituris
840 482 1028 537 inciso.
1059 482 1249 539 Statim
1289 498 1418 554 ergo
1455 481 1742 537 sublimem
1784 481 1993 535 hastam
2040 480 2094 535 in

499 575 717 631 modum
735 576 930 644 crucis,
960 577 1060 633 sub
1081 593 1297 632 manum
1314 588 1504 632 statuae.
1523 591 1636 633 sum
1655 576 1708 631 in
1738 576 2098 632 celeberrimo

506 668 656 725 urbis
696 668 816 724 loco
869 670 995 740 poni
1032 669 1213 739 jussit,
1246 678 1303 726 et
1341 668 1647 740 hujusmodi
1692 667 2099 739 inscriptionem

501 760 670 817 latino
698 776 950 819 sermone
974 761 1165 834 subjici
1197 780 1211 817 :
1246 762 1360 836 Hoc
1385 761 1600 816 salutari
1619 762 1765 833 signa
1789 761 1928 831 quod
1968 775 2099 815 vera:

500 856 698 910 uirtutis
721 867 1075 927 argumentum
1104 866 1195 923 est,
1229 866 1445 910 vestram
1481 853 1659 908 urbem
1688 854 1971 925 tyrannij
2000 853 2099 906 do-

500 949 794 1003 minationis
820 949 950 1022 jugo
992 948 1253 1004 liberatum
1290 948 1505 1002 servavi.
1558 947 1775 1003 Senatui
1811 944 2101 1017 papuloqae

500 1040 736 1097 Romano
765 1043 817 1097 in
845 1042 1125 1098 libertatem
1153 1052 1345 1098 asserto
1376 1041 1649 1117 pristinum
1683 1040 1836 1096 decus
1858 1039 2097 1094 nobilita-

506 1135 571 1189 tis
587 1133 1010 1207 splendoremque
1034 1134 1252 1190 restitui.

1090 1248 1318 1306 CAPUT
1355 1248 1494 1305 XLI.

568 1341 832 1399 Exultatio
859 1343 1266 1417 provinciarum,
1298 1352 1343 1398 et
1367 1342 1661 1415 largitiones
1691 1340 2033 1401 Constantini.

574 1459 637 1515 In
667 1457 812 1516 hunc
847 1458 1065 1514 modum
1099 1457 1195 1515 Dei
1227 1458 1631 1515 amantissimus
1672 1456 1963 1527 imperator
1993 1457 2103 1515 vic-

504 1552 649 1608 tricis
680 1553 857 1610 crucis
876 1553 1267 1611 confessionem
1301 1568 1409 1622 prrc
1436 1568 1494 1607 se
1526 1552 1727 1615 ferens,
1772 1551 1965 1607 Filium
2006 1551 2102 1611 Dei

511 1643 771 1701 Romanis
818 1645 985 1701 libere
1015 1654 1179 1716 atque
1208 1646 1437 1716 ingenue
1469 1644 1800 1714 praedicavit.
1837 1645 1900 1699 Et
1920 1643 2102 1701 cuncti

501 1740 593 1810 qui
623 1739 811 1796 ttrbcm
842 1733 1200 1809 incolebant,
1234 1749 1342 1795 tam
1372 1746 1592 1794 senatus
1631 1754 1792 1810 quam
1835 1738 2061 1810 populus
2081 1780 2098 1806 ,

503 1840 689 1905 utpote
717 1832 911 1890 acerba
933 1841 989 1890 et
1031 1833 1307 1906 tyrannica
1338 1832 1704 1889 dominatione
1740 1830 1985 1897 liberati,
2014 1847 2102 1887 re-

503 1926 711 1997 spirare
747 1925 1147 1998 quodammodo
1189 1936 1242 1982 et
1268 1927 1500 1998 purioris
1530 1926 1663 1984 lucis
1685 1926 1849 1981 radiis
1900 1924 2101 1997 perfrui

506 2017 606 2073 sibi
630 2017 970 2082 videbantur,
996 2028 1157 2090 atque
1184 2018 1235 2072 iu
1267 2034 1457 2075 novam
1488 2017 1773 2090 quamdam
1812 2019 1972 2074 vitam
2012 2032 2101 2075 rc-

504 2111 671 2169 nasci.
706 2110 909 2168 Gentes
929 2127 1143 2183 quoque
1180 2114 1451 2170 universae
1481 2120 1742 2184 quotquot
1778 2111 2100 2169 occidentali

505 2219 710 2265 oceano
751 2206 1127 2273 terminantur,
1171 2206 1415 2276 pristinis
1446 2205 1602 2263 malis
1634 2205 1906 2270 liberatae,
1932 2202 2104 2261 festos

438 2336 441 2343 ι
505 2297 621 2353 dies
647 2312 772 2355 cum
791 2298 938 2355 omni
966 2297 1238 2355 hilaritate
1267 2297 1648 2362 celebrabant;
1687 2295 2102 2353 ConStantinum

503 2389 765 2446 victorem
790 2431 804 2456 ,
836 2390 927 2445 Dei
972 2390 1235 2453 amicum.
1278 2389 1347 2446 de
1384 2388 1636 2445 onmibus
1675 2390 1813 2445 bene
1852 2388 2103 2444 meritum

504 2481 775 2539 continuis
796 2479 1044 2537 laudibus
1064 2481 1439 2552 pra-dicentes.
1460 2481 1597 2537 Eum
1618 2480 1796 2536 cuncti
1818 2493 2104 2537 commune

504 2572 771 2644 quoddam
795 2573 1017 2639 bonum,
1046 2573 1139 2629 Dei
1168 2572 1498 2643 benignitate
1522 2573 1757 2627 humano
1786 2572 1972 2643 generi
2006 2570 2103 2626 do-

506 2677 688 2722 natum
713 2666 975 2736 illuxisse,
1004 2682 1112 2723 uno
1140 2681 1236 2722 ore
1257 2676 1439 2737 atque,
1462 2681 1571 2725 una
1592 2680 1723 2721 voce
1748 2664 2101 2721 testabantur.

507 2763 617 2821 Sed
642 2772 697 2821 et
720 2766 1067 2833 imperatoris
1109 2764 1277 2820 litera:
1307 2763 1506 2833 ubique
1531 2761 1822 2833 pr0positm
1846 2759 2104 2831 legeban-

508 2867 631 2913 tur:
665 2856 860 2928 quibus
884 2857 919 2911 ii
947 2857 1037 2927 qui
1072 2855 1224 2911 bonis
1252 2855 1364 2911 suis
1385 2853 1600 2926 spoliati
1639 2850 1886 2915 fuissent,
1913 2865 2104 2908 eorum

507 2949 905 3020 possessionem
958 2946 1224 3005 beneﬁcio
1279 2945 1535 3016 principis
1579 2943 2009 3015 recuperabant,
2052 2949 2107 3005 et

508 3045 599 3115 qui
625 3043 825 3115 injuste
843 3043 1066 3115 relegati
1088 3050 1290 3105 essent,
1313 3039 1596 3111 penatibus
1615 3039 1727 3103 suis
1748 3036 2107 3099 restitueban-

511 3146 617 3193 tur.
649 3136 883 3192 Vinculis
905 3149 1121 3205 quoque
1142 3142 1195 3188 et
1219 3133 1363 3187 omni
1390 3131 1628 3205 periculo
1653 3144 1715 3186 ac
1737 3142 1885 3186 metu
1912 3127 2106 3185 libera-

509 3232 708 3288 bantur
737 3231 808 3297 ii,
832 3230 919 3300 qui
941 3244 1039 3299 per
1064 3227 1397 3300 tyrannicam
1428 3222 1801 3279 crudelitatem
1843 3220 1909 3275 iis
1932 3218 2106 3274 vexati

513 3324 760 3381 fuissent.

1083 3391 1312 3450 CAPUT
1372 3390 1533 3451 XLII.

550 3490 788 3547 Honores
813 3490 1064 3563 episcOpis
1081 3489 1261 3555 delati,
1282 3497 1329 3542 et
1357 3486 1682 3549 ecclesiarum
1708 3484 2069 3545 extructiones.

583 3606 756 3665 Porro
776 3606 888 3676 ipse
911 3604 1207 3674 imperator
1220 3601 1499 3660 ministros
1522 3600 1615 3659 Dei
1639 3616 1673 3657 a
1685 3615 1746 3657 se
1763 3605 2109 3665 convocatos,

512 3700 658 3757 omni
685 3699 947 3770 obsequio
974 3708 1136 3767 atque
1164 3697 1373 3754 honore
1418 3694 1875 3766 prosequebatur;
1909 3706 2005 3749 eos
2030 3701 2113 3751 ut—

515 3802 640 3866 pote
665 3794 773 3849 Deo
795 3808 954 3864 quem
968 3793 1178 3850 colebat
1201 3799 1566 3853 consecratus,
1596 3802 1701 3841 non
1723 3786 1903 3849 verbis
1926 3784 2109 3851 modo,

513 3904 699 3945 verum
752 3887 911 3944 etiam
963 3885 1116 3945 iactis
1176 3883 1487 3941 humaniter
1538 3881 1831 3951 excipiens.
1882 3878 2113 3941 Proinde

516 3997 718 4039 mensa:
741 3982 911 4053 ipsius
938 3980 1329 4035 adhibebantur
1355 3974 1623 4042 homines,
1646 3984 1870 4033 extento
1897 3962 2111 4043 quidem

516 4077 700 4133 habitu
727 4090 791 4131 ac
820 4074 1012 4133 vestitu
1037 4071 1415 4143 despicabiles,
1470 4068 1566 4126 sed
1592 4083 1729 4141 quos
1762 4066 1850 4123 ille
1894 4066 2115 4127 minime

516 4168 876 4238 despicabiles
901 4166 1209 4238 judicabat:
1235 4167 1434 4237 quippe
1455 4163 1546 4234 qui
1577 4178 1682 4221 non
1713 4169 1991 4219 externam
2018 4160 2116 4216 lto-

516 4260 678 4317 miuis
700 4260 934 4329 speciem
962 4273 1083 4329 qua:
1109 4259 1281 4317 oculis
1303 4258 1549 4327 subjecta
1574 4265 1689 4323 est,
1715 4254 1808 4313 sed
1842 4254 2008 4311 Deum
2036 4253 2114 4322 ip-

518 4368 637 4409 sum
684 4352 1079 4421 introspiceret.
1125 4350 1208 4407 Ad
1239 4350 1351 4405 haec
1371 4361 1711 4421 quocumque
1754 4346 1861 4403 iter
1886 4344 2113 4410 iaceret,

516 4460 611 4502 eos
648 4460 832 4501 secum
861 4443 1193 4508 deducebat;
1226 4442 1393 4499 Demn
1422 4455 1583 4512 quem
1632 4439 1708 4496 illi
1737 4438 1975 4499 colerent
1995 4479 2011 4505 ,
2044 4436 2115 4493 ob

518 4540 573 4595 id
602 4540 764 4597 etiam
819 4539 1108 4609 propitium
1159 4536 1260 4593 sibi
1306 4534 1493 4590 adfore
1541 4548 1638 4604 pro
1680 4541 1833 4589 certo
1887 4530 2112 4589 habens.

517 4634 657 4703 Quin
680 4634 841 4692 etiam
873 4632 1116 4691 ccclesiis
1144 4632 1240 4686 Dei
1270 4631 1498 4700 plurima
1522 4643 1587 4685 ex
1611 4626 1878 4685 thesauris
1896 4625 2009 4681 suis
2035 4623 2122 4681 be—

519 4726 709 4785 neﬁcia
744 4724 1209 4790 subministravit;
1248 4724 1438 4793 partim
1468 4736 1653 4779 sacras
1696 4719 1842 4780 aedes
1886 4715 2122 4788 ampliﬁ—

520 4832 648 4877 cans
676 4825 732 4875 et
762 4817 815 4875 in
854 4816 1083 4875 sublime
1109 4817 1322 4888 erigens
1342 4858 1358 4881 ,
1391 4814 1582 4885 partim
1612 4821 1834 4883 augusta
1866 4809 2120 4869 ecclesia-

521 4925 641 4969 rum
669 4908 903 4968 sacraria
931 4909 1177 4980 plurimis
1205 4909 1446 4967 donariis
1466 4921 1759 4965 exornans.

1096 5024 1326 5082 CAPUT
1358 5023 1543 5079 XLIII.

740 5122 821 5178 De
847 5122 1166 5179 Constantini
1183 5124 1235 5177 in
1263 5138 1509 5195 pauperes
1541 5119 1892 5191 beneﬁcentia.

596 5238 774 5295 Variis
803 5238 1037 5307 denique
1066 5236 1410 5308 pecuniarum
1442 5234 1797 5292 divisionibus
1841 5233 2115 5304 egentium

524 5334 758 5406 inopiam
807 5332 1113 5389 sublevans.
1164 5331 1447 5388 Extraueis
1494 5340 1755 5403 praeterea
1802 5327 1891 5399 qui
1943 5328 2119 5403 ipsum

521 5427 753 5495 adirent,
786 5427 1081 5482 humanum
1101 5442 1160 5482 se
1189 5442 1251 5481 ac
1282 5424 1559 5482 liberalem
1588 5422 1883 5494 praebebat.
1908 5421 1986 5477 Ac
2015 5421 2120 5475 mi-

527 5520 664 5576 seris
693 5520 908 5590 quidem
940 5519 1044 5574 illis
1074 5527 1128 5574 et
1168 5519 1390 5589 abjeetis
1421 5519 1508 5588 qui
1556 5517 1610 5572 in
1642 5515 1759 5571 foro
1791 5513 2120 5579 mendicant,

526 5628 633 5669 non
659 5616 912 5684 pecunias
933 5613 1105 5668 solum
1127 5621 1180 5669 et
1204 5614 1455 5668 alimenta
1479 5612 1542 5668 ad
1567 5612 1764 5665 victum
1792 5607 2121 5675 necessaria,

539 5705 635 5761 sed
683 5706 843 5761 etiam
876 5715 1079 5763 vestem
1124 5705 1189 5760 ad
1223 5705 1504 5779 tegendam
1544 5702 1786 5773 corporis
1833 5699 2129 5756 nuditatem

548 5801 875 5873 suppeditari
922 5803 1101 5874 jussit.
1144 5801 1254 5882 Illis
1283 5816 1411 5874 vero
1437 5800 1526 5874 qui
1562 5813 1680 5855 cum
1717 5795 1932 5868 ingenui
1973 5803 2134 5866 atque

2204 489 2404 536 tremas
2433 481 2765 538 calamitates
2789 484 3107 550 inciderant,
3136 484 3363 555 largiora
3393 484 3511 541 vita:
3556 490 3777 548 subsidit

2201 572 2582 631 commodavit.
2618 574 2950 647 Prorsusquc
2970 578 3121 649 regio
3141 577 3321 632 animo
3345 579 3618 647 magniﬁca
3645 599 3779 652 qum-

2201 662 2322 718 dam
2376 680 2598 722 munera
2650 667 2701 721 in
2728 668 2993 739 ejusmodi
3039 669 3283 724 homines
3322 669 3621 737 conferens,
3666 676 3777 731 aliis

2201 771 2358 829 agros
2382 756 2624 825 donavit,
2645 759 2777 815 alios
2798 761 2961 815 variis
2981 760 3329 832 dignitatibus
3355 764 3582 818 ornavit.
3610 764 3671 818 Et
3694 780 3779 821 co-

2203 867 2318 906 rum
2337 852 2550 922 quidem
2567 854 2653 924 qui
2680 854 2730 909 in
2752 853 2998 911 orbitatis
3021 855 3265 912 miserias
3285 856 3617 923 incidissent,
3640 861 3781 929 quasi

2204 954 2354 1015 pater
2379 961 2563 1003 curam
2593 948 2814 1019 gerebat
2843 966 2856 1003 :
2882 947 3160 1005 viduarum
3191 958 3368 1004 autem
3399 950 3675 1005 mulierum
3698 969 3779 1006 so-

2203 1038 2483 1097 litudinem
2514 1040 2825 1107 sublevans,
2847 1057 2940 1097 eas
2963 1042 3258 1113 patrocinio
3283 1057 3383 1098 suo
3407 1041 3632 1098 fovebat.
3654 1046 3782 1112 Quin

2202 1132 2363 1191 etiam
2384 1132 2616 1204 virgines
2640 1134 2948 1204 parentibus
2970 1136 3083 1190 suis
3105 1136 3323 1191 orbatas
3351 1134 3465 1205 ipse
3494 1134 3785 1194 hominibus

2204 1225 2473 1296 opulentis
2501 1241 2563 1280 ac
2595 1225 2946 1283 familiaribus
2970 1227 3081 1281 suis
3110 1228 3161 1282 in
3208 1226 3603 1281 matrimonium
3628 1227 3782 1283 dedit.

2213 1316 2379 1389 quue
2405 1318 2618 1389 agebat,
2648 1334 2769 1374 cum
2812 1320 2958 1390 prius
3002 1319 3238 1376 dedisset
3283 1320 3623 1383 nubentibus,
3653 1336 3788 1389 qun-

2204 1426 2435 1482 cumque
2465 1412 2607 1481 ipsas
2634 1412 2762 1468 viris
2792 1414 2904 1469 suis
2956 1412 3201 1470 conferre
3231 1416 3530 1484 Oportebat.
3566 1414 3789 1486 Denique

2204 1504 2653 1574 quemadmodum
2702 1506 2781 1561 sol
2819 1521 2979 1575 supra
3033 1518 3201 1561 terras
3229 1511 3480 1565 exoriens
3531 1507 3659 1562 lucis
3687 1523 3789 1565 sum

2204 1595 2383 1652 radios
2411 1597 2616 1653 cunctis
2645 1597 2939 1653 liberaliter
2969 1599 3234 1670 impertit;
3262 1601 3340 1653 sic
3364 1598 3520 1669 plane
3541 1598 3789 1654 Constauo

2208 1693 2350 1747 tinus
2398 1692 2571 1761 primo
2599 1692 2832 1748 diluculo
2880 1692 3179 1763 procedens
3208 1709 3272 1748 es
3305 1693 3525 1760 palatio,
3570 1708 3630 1747 ac
3675 1708 3787 1747 runt

2130 1795 2176 1855 Β
2204 1783 2411 1837 ρωιθειὶ
2453 1783 2581 1837 solis
2603 1783 2795 1853 jubare
2835 1783 3234 1854 quodammodo
3268 1785 3542 1849 exoriens,
3594 1785 3790 1841 cunctis

2205 1876 2526 1932 adeuntibus
2554 1876 2924 1935 beneﬁcentia)
2953 1892 3064 1933 sure
3095 1876 3275 1932 radios
3304 1877 3655 1947 impertiebat.
3689 1876 3790 1931 Nec

2204 1970 2343 2024 ullus
2371 1985 2604 2039 unquam
2634 1970 2698 2026 ad
2728 1970 2874 2025 illum
2908 1968 3123 2040 propius
3151 1970 3399 2037 accessit,
3436 1969 3524 2039 qui
3568 1968 3781 2022 fructum

2203 2062 2428 2132 alicujus
2456 2062 2699 2118 benelieii
2732 2079 2838 2117 non
2871 2063 3112 2118 retulerit
3147 2084 3163 2118 τ
3190 2077 3287 2117 nec
3315 2077 3410 2133 spe
3441 2078 3533 2116 sua
3563 2075 3781 2130 unquam

2203 2156 2442 2212 l‘ru5trati
2484 2166 2627 2225 sunt,
2661 2158 2747 2228 qui
2780 2157 2848 2213 ah
2894 2158 3010 2228 ipso
3039 2155 3235 2228 aliquid
3269 2155 3453 2210 auxilii
3495 2163 3788 2225 exspectas.-

2204 2261 2343 2308 seut.

2780 2344 3007 2403 CAPUT
3046 2344 3228 2401 XLIV.

2388 2462 2655 2532 Quomodo
2705 2462 2915 2536 synadis
2960 2462 3316 2533 episcoporum
3368 2460 3620 2533 interfuit.

2278 2579 2357 2635 Ac
2385 2578 2714 2649 generaliter
2750 2577 2966 2649 quidem
2998 2593 3122 2648 erga
3146 2592 3334 2633 omnes
3358 2577 3518 2631 talem
3562 2589 3621 2630 se
3663 2586 3789 2641 pne-

2206 2673 2360 2729 stitit.
2391 2670 2591 2729 Verum
2623 2671 2879 2727 Ecclesia:
2910 2670 3002 2727 Dei
3049 2669 3316 2740 praecipue
3357 2683 3543 2725 curam
3582 2679 3785 2737 gerens,

2206 2781 2329 2822 cum
2360 2779 2455 2836 per
2484 2765 2731 2820 diversas
2761 2765 3065 2836 provincias
3089 2764 3305 2835 quidam
3347 2764 3489 2818 inter
3515 2778 3572 2816 se
3596 2760 3789 2814 dissen-

2209 2859 2388 2925 tirent,
2422 2860 2535 2929 ipsc
2553 2858 2696 2914 velut
2725 2859 3024 2913 communis
3046 2857 3286 2912 omnium
3314 2857 3601 2925 episcopus
3625 2868 3652 2906 a
3686 2850 3788 2904 Deo

2208 2952 2562 3017 constitutus,
2614 2953 2981 3006 ministrorum
3030 2950 3123 3005 Dei
3168 2949 3394 3004 concilia
3440 2943 3787 3016 congregavit.

2208 3044 2318 3101 Nec
2344 3042 2662 3114 dedignatus
2688 3044 2878 3099 adesse
2904 3052 2957 3099 et
2986 3041 3268 3097 considere
3292 3042 3342 3095 in
3378 3040 3554 3096 medio
3593 3038 3791 3091 illorum

2209 3148 2498 3202 conventu,
2520 3137 2840 3209 cognitionis
2862 3137 3128 3206 particeps
3157 3136 3281 3199 fuit;
3308 3150 3371 3188 ea
3394 3150 3512 3206 quae
3532 3132 3595 3186 ad
3622 3143 3792 3201 pacem

2217 3230 2311 3285 Dei
2357 3231 2652 3300 pertinent,
2685 3232 2894 3285 cunctis
2924 3244 3243 3300 procurans.
3279 3229 3448 3283 Porro
3489 3225 3706 3281 sedebat
3746 3222 3793 3275 in

2213 3322 2392 3378 medio
2440 3331 2692 3391 tanquam
2725 3337 2860 3377 unus
2887 3338 2917 3375 e
2954 3321 3165 3385 multis;
3209 3329 3540 3389 protectores
3592 3314 3793 3386 quidem

2212 3422 2545 3486 cunctosque
2588 3415 2832 3485 corporis
2870 3414 3121 3471 custodes
3162 3413 3353 3485 procul
3401 3423 3673 3472 amovens,
3706 3404 3791 3461 Dei

2213 3520 2391 3567 autem
2426 3510 2617 3565 timore
2639 3519 2937 3572 contectus,
2969 3521 3023 3563 et
3053 3508 3347 3565 amicorum
3383 3506 3613 3563 ﬁdelium
3640 3502 3795 3555 heau-

2214 3601 2445 3658 volentia
2474 3602 2718 3656 vallatus.
2748 3600 3015 3656 Cirterum
3048 3615 3420 3672 quoscumque
3444 3595 3637 3653 saniori
3681 3606 3798 3648 scn-

2218 3697 2398 3752 tentia:
2445 3696 2813 3764 acquiescere,
2861 3704 2915 3750 ct
2961 3694 3027 3749 ad
3075 3695 3310 3765 quietem
3367 3702 3421 3749 et
3469 3684 3797 3746 concordiam

2214 3805 2514 3861 propensos
2541 3804 2661 3845 esse
2704 3790 3182 3855 animadverterat,
3223 3804 3317 3842 eos
3342 3786 3574 3843 maxime
3614 3779 3798 3852 proba-

2217 3883 2333 3946 bat;
2364 3882 2533 3952 palam
2560 3881 2801 3937 iudicans
2824 3883 3057 3935 unanimi
3082 3882 3319 3934 omnium
3351 3891 3616 3936 consensit
3648 3887 3704 3926 se
3749 3870 3796 3923 ἱη

2216 3978 2403 4047 primis
2454 3976 2731 4031 delectari.
2785 3975 3096 4035 Pertinaces
3148 3990 3280 4030 vero
3334 3983 3391 4029 et
3439 3967 3801 4037 immorigcros

2216 4072 2583 4127 aversabatur.

2782 4158 3010 4218 CAPUT
3042 4159 3202 4216 XLV.

2546 4275 2813 4342 Quomodo
2847 4277 3150 4346 insipientes
3187 4274 3497 4333 toleraverit.

2298 4391 2434 4461 Quin
2467 4391 2626 4447 etiam
2658 4390 2948 4447 nonnullos
2974 4390 3062 4461 qui
3086 4389 3346 4444 adversus
3375 4388 3547 4456 ipsum
3574 4378 3805 4453 asperius

2217 4485 2414 4541 invecti
2468 4483 2703 4551 fuerant,
2735 4483 2999 4554 patienter
3047 4482 3200 4549 tulit;
3231 4483 3337 4536 leni
3370 4495 3432 4536 ac
3461 4478 3641 4535 sedata
3683 4481 3806 4523 voco

2147 4582 2197 4643 D
2223 4580 2303 4635 eis
2328 4577 2670 4648 prmcipiens,
2713 4585 2769 4630 ut
2811 4575 3109 4630 modestius
3152 4589 3332 4645 agere,
3380 4587 3480 4627 nec
3528 4567 3807 4625 seditiones

2226 4669 2463 4726 excitare
2496 4667 2716 4723 vellent.
2754 4666 2832 4720 Ex
2858 4666 2942 4721 his
2962 4666 3051 4720 alii
3097 4665 3492 4719 admonitiones
3519 4661 3633 4730 cjus
3660 4670 3805 4712 reve-

2231 4763 2344 4831 riti,
2379 4779 2406 4817 a
2439 4761 2736 4833 pervicacia
2766 4761 2928 4815 animi
2954 4760 3304 4816 desistebaut.
3349 4759 3500 4814 Alios
3526 4755 3612 4826 qui
3639 4751 3700 4806 ad
3730 4763 3809 4802 sa-

2227 4873 2348 4913 nam
2382 4866 2616 4912 mentem
2657 4855 2804 4909 nullo
2835 4854 3075 4909 remedio
3106 4854 3346 4909 revocari
3392 4858 3660 4922 poterant,
3706 4842 3808 4897 Deo

2225 4951 2570 5007 committens
2609 4948 2976 5017 relinquebat;
3023 4946 3153 5001 nihil
3198 4946 3458 5000 adversus
3499 4948 3806 5012 quemquam

2223 5046 2468 5116 asperius
2494 5058 2724 5114 unquam
2753 5042 3061 5112 designans.
3091 5040 3239 5096 lianc
3254 5040 3323 5094 ob
3353 5050 3591 5099 causam,
3621 5046 3676 5086 ut
3696 5042 3807 5084 cre-

2223 5140 2391 5197 dibile
2420 5148 2520 5204 est,
2554 5139 2642 5209 qui
2672 5138 2725 5192 in
2745 5136 2923 5192 Africa
2956 5135 3273 5191 seditionem
3297 5135 3720 5190 commoverant,
3751 5136 3810 5175 co

2233 5231 2595 5303 improbitatis
2626 5238 3009 5301 proruperunt,
3059 5237 3116 5282 ut
3145 5227 3369 5296 abrupta
3410 5220 3650 5295 qumdam
3692 5212 3811 5268 faci-

2228 5339 2361 5380 nora
2395 5330 2699 5387 tentarent;
2756 5320 3003 5374 dzcmone
3032 5326 3089 5371 ut
3128 5316 3337 5372 videtur
3367 5315 3437 5369 ob
3481 5305 3810 5382 praesentium

2229 5417 2494 5472 bonorum
2540 5414 2748 5483 capiam
2791 5411 2987 5465 invidia
3017 5410 3245 5485 percito,
3269 5416 3323 5464 et
3367 5405 3433 5461 ad
3460 5402 3635 5476 gravia
3670 5408 3810 5468 qum-

2230 5510 2352 5566 dam
2390 5518 2445 5564 et
2489 5508 2688 5563 atrocia
2725 5506 2963 5561 facinora
2988 5505 3255 5561 homines’
3287 5503 3560 5563 incitante,
3594 5509 3696 5567 quo
3723 5492 3815 5546 in:-

2238 5603 2506 5674 peratoris
2548 5602 2785 5656 animum
2835 5610 3019 5654 contra
3065 5599 3210 5668 ipsos
3250 5594 3586 5653 accenderet.
3627 5587 3814 5643 Verum

2243 5696 2374 5752 nihil
2406 5694 2630 5767 proiecit
2654 5691 2874 5760 invidia,
2903 5706 3021 5746 cum
3053 5690 3343 5760 imperator
3380 5702 3441 5742 ea
3464 5699 3579 5755 qua:
3610 5680 3813 5740 fiebant,

2257 5789 2479 5847 ridenda
2507 5801 2626 5844 esse
2649 5784 2905 5854 duceret;
2936 5792 2992 5841 et
3021 5783 3237 5855 maligni
3267 5778 3532 5839 dmmonis
3557 5770 3819 5846 impulsio-
