3982 6302
213 272 285 330 29
1299 285 1386 341 DE
1426 285 1589 343 VITA
1627 286 2089 348 CONSTANTIN!
2126 293 2330 351 LIBER
2373 297 2413 350 l.
3448 306 3521 364 50

211 407 334 446 nem
382 406 685 463 agnoscere
722 411 780 453 se
806 396 1118 454 a'ﬁrmaret.
1152 400 1338 474 Neque
1364 404 1507 459 enim
1562 421 1816 463 sanorum
1847 412 1897 473 Α

210 485 492 542 hominum
526 490 619 544 illa
650 506 772 546 esse
819 490 1079 557 facinora.
1124 494 1217 550 sed
1256 496 1338 559 vel
1386 499 1597 566 penitus
1627 514 1814 561 amen-

209 580 370 647 tium,
401 582 489 635 vel
539 597 729 639 eorum
771 587 860 657 qui
909 588 1222 657 nequissimi
1268 589 1532 646 damonis
1580 593 1814 650 stimulis

205 672 546 755 agitarentur
576 696 591 733 :
618 678 917 748 Cujusmodi
960 680 1208 739 homines
1258 685 1607 742 miseratione
1638 689 1814 758 potius

206 783 369 840 quam
398 771 670 841 supplicio
695 773 887 845 dignos
912 791 1053 832 esse.
1086 777 1205 834 Non
1229 780 1371 834 enim
1404 789 1567 839 tantze
1587 783 1813 854 iustitia:

205 869 311 921 est,
330 860 614 934 insurgere
636 864 701 919 ad
722 867 1049 937 puniendum
1070 868 1308 927 furorem
1337 870 1616 929 hominum
1637 889 1814 931 amet»

204 952 366 1018 tium,
412 964 675 1026 quantum
721 960 1037 1017 eorumdem
1078 963 1253 1019 vicem
1295 963 1501 1032 dolere,
1556 976 1814 1027 extremm

207 1045 557 1107 humanitatis
591 1059 696 1108 est.

778 1168 1009 1227 CAPUT
1047 1170 1233 1228 XLVI.

598 1282 843 1341 Victoria:
869 1287 934 1341 de
962 1285 1205 1344 Barbarie
1237 1289 1429 1346 relata.

275 1419 341 1476 Et
374 1420 675 1491 imperator
704 1423 921 1494 quidem
954 1424 1023 1479 ad
1052 1424 1198 1481 hunc
1229 1426 1453 1483 modum
1482 1427 1533 1483 in
1563 1427 1812 1486 omnibus

210 1514 313 1570 suis
334 1514 549 1570 actibus
572 1516 680 1571 Deo
705 1518 947 1573 omnium
972 1519 1265 1590 inspectori
1292 1521 1490 1579 cultum
1520 1523 1809 1592 exhibens,

210 1606 462 1665 Relesiis
514 1608 633 1678 ejus
684 1609 999 1666 inconcussa
1051 1612 1416 1669 sollicitudine
1473 1614 1807 1684 providebat.

209 1697 345 1755 Deus
371 1713 505 1757 vero
530 1701 583 1756 ei
609 1701 783 1757 vicem
808 1703 1131 1774 rependens,
1156 1716 1388 1762 cunctas
1419 1705 1529 1762 fere
1556 1706 1810 1764 barbaras

207 1798 384 1859 gentes
416 1790 644 1860 pedibus
674 1793 817 1848 illius
844 1795 1101 1866 subjecit;
1129 1797 1265 1853 adeo
1292 1807 1351 1853 ut
1378 1808 1579 1870 tropaea
1606 1801 1804 1873 ubique
1838 1818 1885 1878 Β

208 1880 268 1937 de
293 1881 541 1940 hostibus
559 1886 810 1955 erigeret.
843 1886 996 1943 illum
1022 1890 1281 1946 victorem
1303 1891 1441 1963 apud
1463 1908 1655 1951 omnes
1678 1910 1815 1950 mor-

210 1974 335 2033 tales
350 1975 552 2032 illustri
571 1980 847 2049 prmconio
862 1982 1222 2050 renuntiavit;
1246 1984 1395 2039 illtun
1417 1984 1810 2043 formidabilem

209 2066 433 2126 inimicis
471 2080 525 2129 et
562 2070 805 2128 hostibus
842 2073 1110 2142 reddidit,
1138 2080 1384 2147 quamvis
1407 2089 1595 2153 suapte
1623 2090 1812 2139 natura

209 2162 418 2221 minime
446 2164 567 2219 talis
586 2206 602 2232 ,
632 2166 728 2222 sed
757 2169 934 2238 potius
965 2171 1428 2229 mansuetissimus
1447 2215 1464 2237 .
1505 2172 1811 2233 lenissimus

209 2264 359 2329 atque
386 2258 809 2317 humanissimus
836 2270 980 2318 esset
1009 2265 1249 2321 omnium
1279 2266 1606 2327 mortalium.

756 2398 987 2457 CAPUT
1024 2400 1237 2461 XLVII.

273 2529 417 2589 Mors
446 2531 754 2591 Maximiani
789 2545 837 2595 et
873 2537 1094 2595 aliorum
1122 2555 1339 2608 quorum
1374 2540 1589 2599 insidias
1616 2541 1725 2602 Deo

449 2627 702 2687 revelante
736 2628 1101 2687 Constantinus
1131 2632 1552 2704 deprehenderat.

271 2749 395 2807 Haec
427 2750 559 2807 dum
588 2751 659 2806 ab
684 2768 755 2809 eo
782 2764 1065 2825 geruntur,
1098 2757 1236 2812 alter
1263 2774 1453 2815 eorum
1481 2761 1576 2831 qui
1601 2776 1661 2818 se
1699 2763 1804 2818 im-

209 2844 347 2914 perio
374 2843 785 2913 abdicaverant,
819 2861 941 2902 eum
973 2848 1194 2905 insidias
1218 2851 1270 2905 in
1296 2851 1413 2922 ejus
1439 2868 1570 2909 nece
1594 2869 1807 2925 compa-

207 2945 371 3003 raret,
400 2937 773 3008 deprehensus
804 2941 1113 3012 turpissimo
1145 2948 1332 2998 mortis
1356 2960 1553 3016 genere
1576 2946 1799 3003 interiit.

205 3026 521 3101 Primusque
549 3029 637 3086 hic
667 3044 747 3087 est
778 3033 930 3103 cujus
957 3044 1142 3105 utpote
1172 3037 1318 3105 impii
1347 3053 1409 3093 ac
1432 3040 1676 3096 scelerati
1708 3042 1802 3096 lio-

204 3122 355 3177 minis
385 3124 653 3195 imagines
680 3140 870 3187 omnes
896 3137 951 3185 et
979 3138 1192 3194 statim.
1226 3141 1527 3203 emteraque
1555 3134 1604 3189 id
1634 3151 1800 3205 genus

204 3226 544 3271 monumenta
579 3234 702 3288 qua:
747 3217 971 3275 honoris
1013 3236 1170 3290 causa
1203 3223 1335 3295 erigi
1363 3224 1568 3292 solent,
1600 3227 1797 3299 ubique
1825 3217 1868 3279 C

210 3316 464 3363 terrarum
493 3309 700 3380 dejcCta
731 3321 876 3368 sunt.
902 3313 1030 3373 Post
1058 3315 1199 3371 hunc
1225 3318 1313 3371 alii
1341 3335 1550 3393 quoque
1581 3322 1795 3397 propin-

203 3401 391 3469 quitate
419 3401 637 3471 generis
668 3404 975 3477 conjuncti,
1009 3423 1128 3461 cum
1162 3410 1369 3465 occulte
1396 3412 1444 3467 ei
1478 3412 1793 3469 insidiaren-

203 3500 299 3559 tur,
346 3493 670 3565 deprehensi
720 3505 875 3563 sunt;
931 3497 1042 3554 Deo
1087 3499 1294 3555 scilicet
1339 3514 1528 3557 cuncta
1576 3504 1789 3560 illorum

201 3586 407 3640 censilia
438 3587 670 3643 mirabili
701 3590 933 3660 quodam
976 3592 1137 3648 modo
1179 3610 1275 3667 per
1312 3598 1550 3653 visiones
1592 3598 1790 3657 l‘antnlo

203 3691 287 3731 suo
326 3679 633 3750 detegente.
675 3680 807 3737 Nam
851 3694 903 3738 et
947 3688 1286 3756 prmsentiam
1328 3704 1477 3745 suam
1508 3691 1555 3747 ei
1592 3695 1789 3764 saepius

204 3769 438 3827 exhibere
466 3771 718 3843 dignatus
741 3785 852 3839 est,
882 3776 1059 3832 divina
1087 3779 1291 3836 scilicet
1318 3782 1496 3853 specie
1519 3800 1615 3858 per
1638 3801 1784 3843 sum-

204 3873 328 3914 mum
370 3864 694 3921 miraculum
726 3866 773 3921 ei
805 3880 1134 3943 apparenle,
1167 3886 1229 3927 ac
1262 3872 1567 3932 futurarum
1597 3894 1786 3941 rerum

201 3953 572 4020 przescientiam
612 3956 712 4026 ipsi
751 3970 1090 4029 suggerente.
1134 3960 1201 4017 Et
1242 3962 1634 4037 inexplicabilia
1663 3972 1784 4046 qui-

202 4047 309 4103 dem
341 4050 429 4107 illa
461 4051 659 4109 divinae
688 4056 873 4126 gratia“:
905 4059 1163 4114 miracula
1183 4103 1197 4126 ,
1233 4078 1352 4134 qure
1384 4064 1525 4125 Deus
1556 4067 1671 4139 ipse
1702 4067 1780 4123 l'a-

203 4141 334 4197 mulo
380 4159 482 4199 suo
532 4158 789 4218 praestare
837 4150 1088 4223 dignatus
1131 4162 1245 4221 est,
1286 4171 1354 4210 ne
1396 4160 1781 4231 comprehendi

194 4236 392 4306 quidem
420 4238 655 4296 dicendo
685 4240 843 4298 facile
871 4254 1114 4314 possunt.
1148 4246 1352 4317 Quibus
1383 4249 1476 4307 ille
1504 4255 1743 4319 munitus
1762 4299 1779 4327 ,

192 4330 442 4402 reliquum
479 4342 692 4406 tempus
723 4336 901 4392 :etatis
945 4341 1211 4399 tutissime
1250 4343 1517 4413 traduxit;
1562 4357 1672 4413 tum
1711 4366 1781 4420 ex,

189 4423 509 4481 subditorum
544 4427 924 4486 benevolentia
971 4433 1260 4491 maximam
1289 4440 1514 4511 capiens
1544 4442 1780 4515 volupta~

190 4524 318 4584 tem;
353 4527 465 4573 tum
497 4534 560 4574 ev
592 4536 659 4575 eo
685 4525 827 4593 quod
859 4534 1084 4581 Cunctos
1118 4527 1345 4600 imperio
1375 4546 1473 4587 suo
1501 4533 1778 4603 subjectos

189 4603 237 4660 in
264 4624 468 4665 summa
518 4614 907 4687 tranquillitate
948 4633 1011 4672 ac
1057 4618 1237 4673 laetitia
1282 4622 1477 4697 degere
1519 4627 1773 4686 videbat:
1802 4618 1856 4681 Ι)

190 4706 288 4756 lum
319 4705 585 4775 prmcipue
614 4706 686 4761 ob
714 4707 1057 4787 splendorem
1090 4712 1451 4771 Ecclesiarum
1479 4718 1567 4775 Dei
1599 4722 1772 4778 incre-

189 4792 327 4852 dibili
354 4798 553 4871 gaudio
582 4802 843 4873 gestiens.

719 4933 949 4994 CAPUT
987 4937 1219 4998 XLVIII.

616 5043 943 5102 Constantini
980 5049 1298 5108 decennalia.

248 5154 373 5212 Dum
404 5158 457 5213 in
490 5157 595 5216 hoc
626 5168 766 5215 statu
798 5170 974 5232 esset,
1007 5164 1249 5222 decimus
1280 5170 1489 5240 imperii
1518 5174 1636 5245 ejus
1665 5191 1763 5232 an-

183 5258 277 5303 nos
303 5250 548 5307 evolutus
579 5261 680 5307 cst.
716 5251 880 5324 Cujus
911 5254 989 5310 rei
1026 5271 1185 5314 causa
1234 5258 1385 5316 l‘estis
1428 5262 1618 5320 diebus
1660 5283 1756 5341 per

182 5340 475 5397 universum
517 5344 705 5399 orbem
734 5344 1034 5403 Romanum
1065 5349 1384 5419 celebratis,
1421 5369 1610 5425 preces
1637 5340 1758 5416 cum

180 5433 455 5500 gratiarum
486 5435 705 5491 actione
731 5445 983 5509 tanquam
1016 5456 1177 5510 puras
1208 5444 1483 5517 victimas,
1524 5448 1665 5521 ignis
1706 5459 1761 5508 et

182 5522 371 5581 nidoris
399 5537 683 5599 expertes,
730 5529 842 5587 Deo
880 5534 1120 5589 omnium
1165 5534 1294 5609 Regi
1336 5539 1545 5597 obtulit.
1591 5543 1656 5599 Et
1694 5560 1761 5601 ex

180 5614 258 5672 his
300 5619 510 5690 quidem
555 5623 843 5680 maximam
889 5627 1069 5683 animo
1108 5630 1347 5701 capiebat
1388 5634 1753 5707 voluptatem:

180 5711 270 5767 sed
299 5728 401 5769 non
429 5715 661 5785 perinde
687 5732 811 5774 cum
842 5720 1183 5780 oblectabant
1213 5726 1381 5783 nuntii
1410 5729 1485 5785 illi
1505 5774 1520 5797 ,
1562 5731 1649 5803 qui
1690 5732 1759 5790 de

190 5808 578 5879 provinciarum
609 5810 846 5873 Orientis
869 5817 1169 5875 vastatione
1196 5817 1568 5889 offerebantur.

2487 415 2718 476 CAPUT
2756 419 2919 477 XLIX
2931 463 2943 475 .

2165 507 2435 573 Quomodo
2469 508 2695 566 Licinius
2729 511 2984 568 Orientem
3011 516 3277 586 afﬂixerit.

1990 618 2204 675 Etenim
2231 621 2480 678 immanis
2506 624 2749 693 quaedam
2778 626 2950 682 bellua
2976 635 3085 681 tum
3111 628 3368 685 Ecclesiae
3396 629 3514 698 Dei,

1919 718 2028 765 tum
2057 711 2278 783 reliquis
2304 715 2722 785 provincialibus
2745 718 2855 773 illic
2882 719 3122 775 insidiari
3149 721 3510 777 nuntiabatur:

1916 817 2037 858 cum
2083 804 2442 875 nequissimus
2470 806 2682 862 dmmon
2714 811 2866 881 quasi
2900 812 3247 868 mmulatione
3278 827 3509 869 succen-

1916 911 2040 961 sus,
2084 898 2146 953 iis
2185 914 2304 971 qua:
2349 901 2415 955 ab
2460 902 2785 974 imperatore
2826 906 2923 961 Dei
2960 907 3329 964 amantissimo
3357 925 3513 981 gere-

1915 990 2132 1058 bantur,
2162 994 2429 1049 coutraria
2459 994 2637 1053 facere
2668 998 2930 1054 studeret.
2961 999 3111 1056 Adeo
3141 1012 3199 1057 ut
3229 1003 3511 1072 imperium

1916 1082 2216 1139 Romanum
2249 1084 2384 1141 duas
2413 1085 2465 1158 in
2502 1097 2680 1158 partes
2713 1090 2975 1159 divisum,
3004 1094 3147 1148 nocti
3190 1109 3254 1149 ac
3293 1095 3398 1150 diei
3441 1095 3515 1150 si-

1917 1176 2043 1231 mile
2068 1192 2190 1233 esse
2216 1180 2469 1234 omnibus
2494 1181 2787 1238 videretur.
2812 1184 3020 1257 Quippe
3041 1186 3277 1243 Orientis
3297 1188 3511 1259 quidem

1920 1271 2124 1328 incolas
2152 1272 2328 1345 caligo
2360 1277 2534 1330 noctis
2565 1279 2842 1346 premebat
2881 1298 2895 1334 :
2940 1296 3036 1337 eos
3066 1297 3195 1338 vero
3223 1285 3313 1355 qui
3354 1286 3510 1341 Occi—

1915 1363 2093 1421 dentis
2138 1377 2321 1437 partes
2373 1368 2729 1437 habitabant,
2781 1375 3163 1431 serenissimus
3210 1377 3516 1435 illustrabat

1914 1456 2049 1512 dies.
2084 1459 2186 1527 Qui
2217 1476 2338 1516 cum
2370 1462 2593 1517 inﬁnitis
2622 1464 2779 1520 bonis
2822 1481 2849 1519 a
2900 1467 3014 1523 Deo
3063 1469 3163 1525 sibi
3212 1470 3516 1527 conciliatis

1917 1551 2250 1623 fruerentur,
2286 1570 2390 1611 non
2423 1557 2543 1611 tulit
2574 1557 2625 1613 id
2655 1559 2871 1630 maligni
2897 1560 3157 1618 daemonis
3187 1564 3389 1620 invidia
3423 1566 3515 1619 ho-

1915 1648 2001 1703 nis
2026 1650 2276 1706 omnibus
2306 1650 2519 1709 infesta.
2550 1652 2657 1710 Sed
2685 1671 2859 1728 neque
2889 1666 3144 1731 tyrannus
3171 1660 3259 1731 qui
3288 1660 3511 1715 alteram

1915 1751 2119 1810 partem
2150 1744 2295 1799 orbis
2326 1744 2555 1802 Romani
2594 1747 2961 1805 dominatione
3002 1764 3095 1804 sua
3139 1753 3509 1822 opprimebat,

2356 1840 2582 1911 putavit.
2636 1841 2737 1909 Qui
2784 1858 2904 1897 cum
2955 1858 3042 1899 res
3086 1860 3211 1897 suas
3252 1860 3513 1917 prospero

1917 1942 2075 1984 cursu
2109 1928 2236 1986 ferri
2267 1932 2470 1989 videret
2514 1936 2752 2007 tantique
2794 1937 3052 2008 principis
3080 1937 3340 1996 afﬁnitate
3368 1949 3513 1997 esset

1917 2018 2245 2089 honoratus;
2279 2024 2517 2097 religiosi
2559 2027 2774 2096 quidem
2824 2029 3166 2100 imperatoris
3205 2032 3510 2103 exemplum

1914 2115 2068 2184 sequi
2115 2116 2382 2187 neglexit:
2427 2119 2713 2189 impiorum
2763 2136 2889 2176 vero
2928 2122 3169 2178 instituta
3209 2134 3367 2196 atque
3408 2128 3510 2181 im-

1912 2209 2111 2279 probos
2160 2225 2338 2265 mores
2385 2212 2586 2267 studuit
2632 2213 2854 2270 imitari.
2907 2214 2972 2270 Et
3010 2231 3236 2285 quormn
3286 2218 3513 2274 mist-ra-

1910 2298 2073 2356 bilem
2106 2301 2228 2357 vita:
2266 2303 2465 2358 exitum
2497 2305 2610 2361 suis
2637 2306 2753 2377 ipse
2779 2306 2950 2363 oculis
2980 2310 3384 2379 conspexisset,
3417 2328 3510 2365 eo-

1911 2409 2028 2448 rum
2084 2396 2311 2458 consilia
2364 2398 2520 2469 sequi
2571 2399 2796 2471 maluit,
2849 2416 3012 2475 quam
3062 2402 3119 2458 in
3165 2404 3398 2460 amicitia
3453 2414 3508 2462 et

1909 2486 2195 2542 concordia
2247 2502 2366 2544 cum
2421 2505 2488 2545 eo
2536 2491 2627 2561 qui
2669 2491 3009 2579 praestantior
3047 2502 3164 2548 erat
3202 2508 3265 2549 ac
3303 2496 3500 2565 potior,

1909 2596 2243 2652 permanere.

2543 2679 2773 2737 CAPUT
2812 2681 2877 2737 L.

2053 2772 2320 2840 Quomodo
2350 2773 2581 2830 Licinius
2611 2774 2944 2832 Constantino
2972 2777 3245 2832 insidiatus
3273 2779 3358 2833 sit.

1975 2888 2185 2945 Bellum
2212 2890 2374 2965 igitur
2412 2891 2735 2961 inexpiabile
2764 2891 2968 2949 homini
3005 2893 3143 2949 bene
3181 2892 3249 2949 de
3287 2908 3346 2949 se
3385 2910 3499 2949 me-

1906 2983 2012 3038 rito
2050 2982 2260 3049 intulit;
2290 2998 2390 3039 nec
2416 2984 2666 3039 amicitia:
2701 2985 2859 3056 jura,
2900 3001 3001 3042 nec
3039 2996 3495 3042 sacramentonnn

1905 3075 2219 3151 religionem
2241 3116 2255 3141 ,
2287 3091 2387 3132 nec
2410 3076 2625 3148 generis
2655 3077 3137 3144 necessitudinem,
3172 3094 3271 3134 nec
3298 3078 3500 3136 foedera

1905 3167 1957 3221 in
2001 3167 2314 3232 memoriam
2358 3181 2637 3223 revocans.
2683 3166 2814 3225 Nam
2856 3169 3239 3224 Constantinus
3280 3170 3496 3240 quidem

1905 3269 2087 3331 utpote
2129 3260 2553 3330 benignissimus
2596 3262 2883 3331 princeps,
2927 3277 3035 3334 quo
3074 3262 3297 3316 sincerae.
3335 3263 3499 3319 bene-

1896 3353 2144 3407 volentia
2175 3354 2535 3409 certissimum
2564 3355 2615 3411 ei
2646 3365 3018 3427 argumentum
3051 3356 3230 3423 daret,
3264 3365 3498 3427 paterna:

1896 3446 2080 3515 stirpis
2121 3446 2451 3501 nobilitatem
2471 3487 2484 3513 ,
2520 3458 2572 3511 et
2602 3446 2937 3519 imperatorii
2965 3448 3074 3518 jam
3109 3448 3235 3503 inde
3265 3463 3295 3504 a
3327 3449 3496 3523 majo-

1894 3538 2043 3601 ribus
2071 3538 2282 3613 generis
2311 3537 2659 3609 splendorcm
2681 3540 2731 3594 ei
2759 3540 3275 3609 Communicaverat,
3306 3555 3492 3595 sorore

1893 3645 1995 3687 sua.
2021 3631 2074 3686 in
2103 3630 2500 3705 matrirqonium
2534 3632 2654 3699 data
2684 3651 2696 3685 :
2731 3632 3000 3705 totiusque
3032 3633 3241 3703 imperii
3268 3633 3493 3688 Romani

1892 3726 2165 3782 consortio
2214 3727 2461 3789 eumdem
2531 3726 2637 3787 frui
2683 3727 3019 3797 permiserat.
3078 3726 3314 3782 Licinius
3363 3743 3492 3787 vero

1893 3819 2050 3891 plane
2094 3820 2177 3874 his
2223 3820 2496 3877 contraria
2524 3821 2708 3885 animo
2751 3821 3001 3887 volvens,
3047 3821 3302 3877 adversus
3349 3838 3489 3895 pra:-

1890 3915 2207 3979 stantiorem
2231 3915 2456 3975 occultis
2484 3915 2687 3969 artibus
2701 3915 3077 3985 grassabatur;
3102 3916 3247 3970 varia
3264 3915 3491 3979 subinde

1888 4007 2207 4071 insidiarum
2236 4024 2433 4081 genera
2464 4009 2915 4075 comminisccns,
2960 4018 3018 4062 ut
3059 4008 3197 4064 bene
3237 4010 3486 4071 meritum

1886 4099 2043 4155 malis
2074 4108 2528 4163 remuneraretur.
2556 4100 2632 4155 Ac
2656 4100 2923 4173 principio
2945 4100 3161 4171 quidem
3186 4101 3477 4157 amicitiam

1885 4191 2176 4259 simulans,
2224 4192 2351 4247 dolo
2397 4208 2460 4247 ac
2506 4190 2694 4247 fraude
2741 4203 2930 4248 cuncta
2980 4192 3206 4264 agebat;
3257 4209 3484 4264 sperans

1884 4283 1998 4340 fore
2026 4294 2082 4339 ut
2121 4283 2346 4340 consilia
2388 4299 2483 4340 sua
2525 4285 2779 4349 laterent.
2824 4283 3022 4339 Verum
3066 4285 3207 4340 Deus
3251 4287 3480 4342 insidias

1882 4392 2005 4448 quae
2050 4376 2295 4431 clanculo
2348 4376 2715 4449 struebantur,
2762 4376 2965 4431 famulo
3009 4392 3107 4431 suo
3144 4377 3369 4445 detexit.
3414 4381 3485 4443 At

1881 4468 2121 4525 Licinius
2152 4470 2204 4525 in
2234 4469 2421 4540 primis
2451 4469 2735 4525 conatibus
2762 4468 3164 4540 deprehensus,
3196 4469 3264 4524 ad
3294 4486 3485 4526 secun-

1882 4561 1979 4617 das
2024 4561 2238 4617 fraudes
2264 4576 2323 4617 se
2351 4561 2611 4627 contulit;
2657 4576 2801 4617 nunc
2844 4562 3094 4617 amicitiae
3138 4563 3293 4619 tidem
3343 4579 3481 4634 prze-

1881 4654 2109 4715 tendens
2136 4672 2151 4718 ;
2183 4669 2327 4719 [tunc
2354 4654 2617 4717 [cederem
2640 4669 2706 4719 ac
2730 4663 3188 4717 sacramentorum
3219 4656 3482 4728 religione

1873 4746 2044 4809 tidem
2072 4745 2179 4811 sibi
2205 4746 2533 4809 concilians:
2558 4746 2754 4803 deinde
2781 4759 2933 4818 pacta
2964 4759 3227 4808 conventa
3256 4761 3479 4820 repente

1874 4839 2107 4905 violatis,
2156 4854 2449 4909 rursusque
2495 4854 2589 4908 per
2622 4841 2825 4912 legatos
2864 4839 3074 4903 veniam
3118 4856 3348 4912 poscens
3374 4860 3385 4895 :
3412 4857 3477 4900 ac

1872 4930 2048 4995 denuo
2081 4930 2373 4995 mendaciis
2401 4931 2544 4991 foede
2570 4930 2823 4995 illudens.
2853 4931 3095 4999 Tandem
3120 4948 3248 4988 vero
3274 4933 3472 4991 bellum

1873 5020 2051 5099 palam
2100 5019 2335 5089 indixit,
2388 5029 2442 5076 et
2489 5021 2774 5092 desperata
2822 5024 3019 5079 mentis
3069 5025 3288 5079 audacia
3342 5026 3477 5082 inei-

1873 5126 2047 5181 tatus,
2095 5115 2356 5170 adversus
2394 5114 2561 5171 Deum
2589 5115 2763 5189 ipsum
2789 5116 2942 5191 cujus
2978 5117 3143 5172 cultui
3183 5118 3473 5193 imperato-

1869 5225 1987 5275 rem
2021 5208 2431 5269 Constantinum
2474 5208 2714 5273 deditum
2756 5224 2877 5268 esse
2921 5221 3275 5283 cognoverat,
3322 5227 3470 5268 arma

1866 5306 2123 5377 deinceps
2149 5303 2296 5367 l‘erre
2324 5303 2577 5367 instituit.

2494 5423 2721 5485 CAPUT
2760 5426 2845 5487 LI.

1959 5523 2145 5581 Licinii
2171 5527 2379 5584 insidiae
2406 5529 2650 5585 adversus
2680 5528 2995 5599 Episcopos,
3025 5537 3073 5583 et
3100 5526 3374 5599 prohibitio

2496 5622 2846 5696 Synodorum.

1939 5736 2019 5792 Ac
2057 5738 2295 5806 primum
2327 5739 2543 5812 quidem
2576 5740 2673 5796 Dei
2705 5740 2978 5795 ministros
3007 5736 3107 5793 sub
3136 5735 3344 5793 ditione
3371 5753 3467 5794 sua

1862 5831 2164 5906 degentes,
2196 5831 2288 5904 qui
2318 5833 2446 5889 nihil
2478 5848 2711 5907 unquam
2739 5832 2980 5890 criminis
3005 5830 3265 5899 adversus
3294 5832 3461 5904 impe-
