3982 6302
477 260 544 316 3i
1837 246 2105 305 I'LUSEBII
2148 243 2470 301 PAMPHILI

474 377 615 434 rium
645 377 810 449 ipsius
839 376 1257 442 commiserant,
1290 374 1517 431 obscure
1544 381 1598 429 et
1625 370 1816 428 callide
1843 369 2075 425 circum-
2104 378 2157 436 Α

481 475 667 538 venit,
707 472 884 528 varias
931 469 1188 524 adversus
1224 481 1321 523 eos
1375 465 1670 523 calumnias
1723 462 2071 532 investigatis.

475 567 722 638 Cumque
749 565 953 620 nullum
984 563 1082 634 ipsi
1115 563 1316 618 crimen
1349 569 1690 633 suppeteret,
1721 573 1822 614 nec
1853 557 2077 613 haberet

475 661 616 732 qttod
650 659 780 714 viris
803 659 906 713 illis
937 666 1120 728 posset
1150 655 1410 727 objicere,
1442 656 1559 726 lege
1589 655 1694 708 lata
1725 653 1977 724 prmcepit
2010 667 2076 708 ne

476 752 713 825 episcopi
747 751 954 821 uspiam
987 751 1129 806 inter
1155 766 1212 805 se
1243 751 1311 806 de
1341 750 1448 804 ulla
1480 763 1538 803 re
1569 748 1910 814 conferrent,
1942 761 2077 802 neve

474 847 569 902 ulli
609 861 797 901 eorum
839 847 890 900 in
922 845 1146 900 alterius
1184 844 1287 900 sibi
1327 841 1485 898 vicini
1537 842 1823 898 ecclesiam
1854 849 2076 896 ventare

480 938 700 1003 liceret,
732 949 785 992 et
813 938 1048 1010 synodos
1073 953 1135 992 ac
1159 935 1383 992 concilia
1409 936 1478 991 de
1500 935 1878 991 communibus
1909 949 2074 1005 nego-

482 1030 570 1086 tiis
610 1030 830 1087 habere.
866 1030 1066 1087 Verum
1095 1030 1206 1085 lure
1235 1030 1308 1084 illi
1341 1030 1406 1083 ad
1441 1044 1539 1084 nos
1566 1029 1837 1084 vexandos
1863 1029 2075 1084 occasio

479 1124 843 1195 quarrebatur.
874 1124 1004 1179 Nam
1035 1126 1078 1178 si
1111 1123 1324 1194 quidem
1354 1124 1521 1178 nostri
1548 1123 1722 1193 legem
1754 1123 2073 1189 violassent,

486 1233 698 1288 poenam
739 1218 921 1273 Suhirc
959 1232 1054 1273 eos
1083 1218 1400 1289 Oportebat:
1441 1217 1521 1270 sin
1565 1226 1833 1286 praecepto
1872 1215 2078 1286 paruis-

485 1320 608 1365 sent
627 1352 640 1376 ,
666 1311 1062 1366 ecclesiasticas
1086 1311 1232 1381 leges
1257 1309 1505 1366 convelli.
1531 1309 1713 1380 Neque
1737 1311 1879 1366 enim
1906 1310 2070 1380 majos

484 1403 561 1458 ris
590 1405 849 1460 momenti
888 1406 1272 1459 controversia:
1296 1446 1309 1468 ,
1345 1405 1501 1459 aliter
1529 1420 1685 1475 quam
1720 1419 1813 1473 per
1841 1404 2078 1476 synodos

476 1498 732 1568 componi
765 1506 1008 1567 possunt.
1047 1497 1116 1551 Et
1154 1496 1352 1567 alioqui
1384 1496 1496 1551 Deo
1529 1498 1752 1551 infestus
1783 1508 2074 1568 tyrannus,

481 1601 602 1644 cum
644 1588 870 1660 principi
904 1589 1012 1644 Deo
1039 1588 1409 1644 amantiSsimo
1435 1587 1711 1643 adversari
1745 1588 1798 1642 in
1829 1587 2080 1642 oumibus

478 1681 756 1749 studeret,
800 1681 917 1738 hmo
955 1685 1156 1737 nostris
1186 1683 1488 1752 imperavit.
1531 1682 1660 1737 Nam
1691 1681 2078 1738 Constantinus

3702 242 3735 297 5

3741 241 3769 298 Ξ

2753 365 2980 424 CAPUT
3036 367 3170 426 LIV.

2185 530 2455 599 Quomodo
2477 547 2559 588 eos
2580 531 2667 603 qui
2710 533 3004 602 sacriﬁcare
3031 535 3342 600 renuisscnt,
3371 531 3554 587 militia
3579 530 3722 586 solvit
3747 545 3766 586 :

2549 633 2598 679 et
2625 641 2826 679 carcere
2847 626 3071 680 inclusos
3089 667 3104 692 ,
3136 626 3207 679 ali
3228 625 3401 680 vetuit.

2253 777 2452 833 Verum
2486 793 2608 834 cum
2642 795 2708 834 ne
2766 779 2816 832 in
2850 778 2952 834 hoc
3003 778 3219 850 quidem
3264 776 3486 848 obsequi
3518 776 3618 831 sibi
3653 775 3766 831 illos

2185 873 2430 939 videret,
2487 874 2698 928 tandem
2752 873 2965 944 rejectis
3023 871 3383 941 ambagibus,
3445 869 3585 924 nutlo
3633 869 3766 939 quod

2179 968 2329 1021 aiunt
2353 968 2558 1036 capite,
2588 966 2827 1021 decrevit
2855 977 2910 1020 ut
2938 966 3136 1020 milites
3162 965 3249 1035 qui
3280 981 3377 1034 per
3423 962 3658 1033 singulas
3689 978 3771 1015 ur-

2181 1061 2275 1115 bes
2306 1060 2634 1129 apparebant
2653 1059 2920 1129 judicibtts
2941 1099 2956 1126 ,
2986 1058 3090 1112 nisi
3112 1057 3446 1112 dmmOnibus
3473 1054 3771 1111 sacrificare

2180 1152 2441 1215 mallent,
2469 1151 2539 1204 ab
2585 1151 2922 1221 apparitione
2963 1148 3280 1220 przcsidialis
3321 1147 3483 1203 ofticii
3530 1161 3772 1202 remove-

2181 1253 2390 1299 rentur.
2437 1242 2667 1298 Proindc
2720 1244 2892 1297 officia
2944 1242 3351 1313 magistratuum
3404 1257 3496 1312 per
3547 1240 3774 1310 singulas

2184 1333 2486 1406 provincias
2516 1334 2645 1389 viris
2676 1335 2780 1405 piis
2809 1350 2873 1390 ac
2907 1335 3170 1404 religiosis
3198 1334 3561 1388 nudabantur.
3592 1332 3698 1388 Sed
3725 1338 3775 1386 et

2182 1429 2297 1501 ipse
2327 1429 2416 1500 qui
2445 1430 2585 1484 hanc
2624 1430 2797 1500 legem
2831 1430 3048 1497 tulerat,
3099 1428 3400 1483 nudabatur
3447 1425 3777 1481 orationibus

2181 1532 2494 1578 sanctorum
2567 1524 2838 1588 virorum,
2886 1524 3078 1592 quibus
3139 1530 3312 1576 semet
3381 1521 3496 1591 ipse
3527 1522 3772 1590 privarat.

2181 1614 2317 1683 Quid
2370 1624 2632 1684 prxterea
2697 1629 3123 1670 commemorare
3177 1613 3404 1680 attinet,
3475 1627 3582 1683 quo
3630 1618 3778 1681 pacto

2183 1709 2534 1779 prmceperit,
2561 1723 2626 1763 ne
2651 1708 2862 1762 miseris
2909 1707 2960 1760 in
3005 1720 3225 1761 carcere
3255 1703 3489 1760 detentis
3533 1703 3778 1758 alimenta

483 1776 698 1847 quidem
739 1777 1052 1832 sacerdotes
1094 1776 1220 1843 Dei,
1265 1777 1411 1847 pacis
1451 1787 1505 1832 et
1542 1776 1844 1831 c0ncordi:n
1881 1786 2080 1830 mutuae

2192 1776 2467 1870 quisquam
2519 1798 2826 1854 humaniter
2869 1797 3334 1860 subministraret;
3388 1809 3523 1849 neve
3551 1792 3668 1864 quis
3689 1792 3779 1846 ho-

480 1882 642 1923 causa
673 1867 724 1922 in
756 1883 920 1922 unum
961 1867 1327 1923 convocabat:
1369 1866 1529 1938 idque
1566 1867 1618 1922 in
1663 1867 1920 1922 honorem
1960 1866 2081 1936 ejus

479 1959 566 2014 cui
607 1973 759 2013 sacra
803 1958 1086 2014 faciebant.
1123 1959 1359 2014 Licinius
1385 1975 1514 2013 vero
1541 1958 1666 2013 dum
1697 1960 1897 2029 Optima
1929 1974 2078 2028 quae.

478 2066 583 2122 que
613 2051 916 2108 convellere
947 2052 1184 2120 molitur,
1217 2062 1538 2107 concentum
1568 2051 1931 2107 Ecclesiarum
1963 2061 2082 2106 tur-

481 2142 613 2200 hare
655 2145 898 2200 tentavit.

1091 2257 1321 2316 CAPUT
1361 2257 1471 2314 LII.

724 2395 1134 2452 Christianorum
1161 2398 1315 2452 exilia
1345 2407 1391 2453 et
1423 2396 1841 2468 proscriptiones.

555 2535 621 2590 Et
650 2536 905 2607 quoniam
940 2537 1051 2592 Deo
1091 2551 1252 2592 carus
1290 2535 1675 2592 Constantinus
1716 2534 1948 2590 famulos
1991 2534 2084 2590 Dei

481 2629 534 2686 in
570 2629 825 2701 palatium
867 2631 1095 2687 libenter
1124 2630 1476 2698 admittebat,
1519 2629 1690 2685 hostis
1721 2630 1814 2685 Dei
1847 2631 2084 2685 Licinius

480 2724 753 2778 contraria
795 2725 974 2779 omnia
1017 2725 1257 2778 sentiens
1282 2766 1295 2788 ,
1336 2732 1560 2778 cunctos
1593 2723 1687 2778 Dei
1727 2724 1965 2779 cultores
1993 2724 2085 2794 qui

484 2814 586 2869 sub
624 2815 850 2884 imperio
890 2829 988 2869 suo
1029 2815 1332 2884 degebant,
1364 2815 1564 2884 palatio
1595 2815 1833 2884 expulit;
1867 2825 1920 2870 et
1949 2829 2085 2885 quos

483 2906 536 2962 in
568 2907 825 2960 comitatu
867 2921 965 2960 suo
997 2905 1227 2961 habebat
1269 2907 1556 2961 fidissimos
1582 2921 1645 2961 ac
1673 2906 2047 2962 devotissimos
2069 2948 2082 2972 ,

486 3012 581 3053 eos
611 2998 878 3068 praecipue
903 2997 954 3051 in
984 2999 1210 3053 exilium
1240 2997 1516 3069 relegavit.
1548 2999 1755 3069 Quique
1781 2999 1849 3053 ob
1875 2999 2084 3069 egregia

484 3091 724 3147 facinora
759 3093 840 3146 vel
873 3091 1079 3147 honore
1108 3093 1320 3162 aliquo,
1355 3092 1436 3146 vel
1469 3091 1725 3161 dignitate
1751 3091 1818 3147 ab
1848 3093 1964 3162 ipso
1992 3107 2087 3145 an-

485 3183 642 3238 tehac
683 3183 897 3238 fuerant
935 3185 1148 3250 ornati,
1192 3183 1290 3238 bos
1327 3183 1446 3239 aliis
1485 3185 1727 3249 servire,
1757 3193 1811 3240 et
1852 3183 2081 3238 famulo—
2111 3178 2156 3240 C

482 3291 604 3332 rum
661 3275 956 3331 ministeria
1016 3276 1164 3330 obire
1213 3276 1502 3330 mandavit.
1559 3277 1798 3346 Cumque
1847 3276 2085 3330 omnium

483 3367 624 3422 bona
658 3377 908 3436 tanquam
942 3367 1146 3422 lucrum
1189 3367 1406 3438 aliquod
1450 3367 1548 3421 sibi
1591 3367 1827 3422 oblatum
1873 3368 2086 3436 rapuis-

484 3470 601 3526 set,
634 3460 698 3513 atl
731 3469 1032 3515 extremum
1067 3470 1295 3514 mortem
1351 3475 1564 3530 quoque
1609 3459 1840 3513 minatus
1871 3469 1952 3514 est
1985 3458 2046 3512 iis
2068 3501 2082 3524 ,

483 3553 573 3624 qui
625 3553 858 3608 salutare
898 3554 998 3607 sibi
1045 3569 1238 3607 nomen
1279 3551 1588 3607 christiauze
1628 3551 1902 3620 religionis
1931 3565 2085 3604 assu-

485 3654 714 3701 merent.
750 3647 916 3700 Porro
946 3659 1066 3700 cum
1099 3646 1152 3699 in
1173 3661 1388 3700 omnem
1415 3644 1688 3700 libidinem
1721 3659 1782 3699 ac
1813 3645 2085 3699 lasciviam

489 3740 692 3795 effusus
723 3750 898 3805 esset,
931 3740 1204 3810 multaque
1231 3739 1489 3794 adulteria
1515 3739 1727 3808 aliaque
1756 3738 2088 3793 detestanda:

484 3832 857 3887 obscmuitatis
887 3831 1085 3904 ﬂagitia
1117 3831 1510 3896 committeret,
1557 3831 1826 3900 pudicitia:
1863 3840 1920 3886 et
1955 3846 2088 3886 con-

487 3924 726 3978 liuentia:
773 3924 1108 3980 honestatem
1156 3928 1222 3981 ab
1271 3924 1576 3980 hominibus
1626 3925 1866 3994 praestari
1916 3924 2089 3980 neuti-

488 4033 648 4084 quam
683 4032 839 4086 posse
870 4020 1116 4084 censuit;
1164 4019 1231 4073 de
1269 4018 1540 4074 communi
1581 4018 1857 4074 hominum
1899 4029 2086 4073 natura

485 4125 551 4165 ex
580 4121 790 4167 suomet
821 4111 987 4182 ipsius
1019 4114 1207 4168 morbo
1237 4113 1470 4184 pessime
1495 4112 1764 4184 judicans.

1064 4266 1293 4324 CAPUT
1325 4269 1455 4323 LIII.

489 4405 732 4461 Edictum
777 4406 994 4475 Licinii,
1028 4425 1090 4464 ne
1140 4409 1376 4464 mulieres
1407 4426 1512 4464 una
1541 4425 1655 4463 cum
1679 4409 1802 4464 viris
1849 4409 1902 4461 in
1931 4409 2089 4463 eccle-

1033 4500 1162 4555 siam
1185 4502 1528 4555 convenirent.

566 4659 770 4714 Idcirco
800 4659 1025 4716 alteram
1056 4661 1228 4730 legem
1287 4661 1439 4728 tulit,
1473 4676 1575 4731 qua
1605 4659 1829 4730 jubebat
1850 4700 1864 4726 ,
1895 4673 1962 4715 ne
1991 4659 2089 4714 viri

495 4753 683 4808 orandi
709 4768 866 4809 causa
906 4755 957 4807 in
1003 4755 1285 4810 ecclesiam
1318 4755 1408 4810 Dei
1437 4753 1595 4808 simul
1623 4769 1742 4808 cum
1777 4751 2090 4807 mulieribus

493 4847 880 4912 convenirent;
915 4863 1050 4902 neve
1087 4847 1338 4902 mulieres
1385 4846 1451 4901 ad
1499 4845 1832 4902 venerandus
1877 4845 2090 4899 virtutis

492 4938 704 4992 scholas
763 4938 1002 4995 discendi
1064 4954 1224 4995 causa
1295 4947 1614 5004 ventarent,
1675 4946 1949 5008 postremo
2024 4952 2092 4992 ne

493 5031 731 5102 episcopi
759 5032 952 5087 divina:
979 5033 1248 5103 religionis
1277 5042 1538 5103 praecepta
1570 5032 1886 5087 mulieribus
1917 5030 2093 5086 trade-

493 5137 613 5181 rent
641 5167 654 5191 ,
687 5126 781 5179 sed
815 5136 871 5180 ut
893 5127 1146 5182 mulieres
1168 5127 1231 5180 ad
1259 5127 1307 5180 id
1340 5126 1526 5180 electae
1548 5167 1563 5192 ,
1591 5125 1849 5180 docendis
1900 5124 2092 5178 mulie-

493 5221 640 5275 ribus
673 5219 1098 5289 przcticerentur.
1128 5219 1258 5285 Quae
1308 5234 1428 5274 cum
1470 5218 1538 5272 ab
1563 5218 1810 5271 omnibus
1856 5216 2096 5271 rideren-

494 5323 599 5379 tur,
632 5313 774 5368 aliud
805 5313 1078 5383 quidpiam
1131 5322 1470 5366 eommentus
1509 5319 1592 5366 est
1621 5310 1686 5364 ad
1741 5309 2089 5365 ecclesiarum

493 5410 854 5464 eversionem.
905 5406 1070 5462 Jussit
1125 5407 1268 5461 enim
1323 5415 1380 5458 ut
1449 5405 1723 5460 solemnes
1776 5402 2090 5472 populorum

501 5508 800 5556 conventus
848 5508 998 5554 extra
1059 5507 1239 5564 portas
1289 5498 1338 5550 in
1384 5506 1567 5566 aperta
1601 5494 1828 5565 planicie
1853 5492 2094 5548 celebra-

495 5604 712 5660 rentur;
745 5607 997 5650 asserens
1026 5592 1250 5647 liberum
1298 5601 1448 5646 extra
1500 5599 1681 5660 portas
1710 5603 1890 5644 aerem
1922 5586 2094 5641 turbis

496 5685 654 5756 longe
680 5701 847 5743 como
868 5686 1108 5742 uiliorem
1157 5697 1277 5739 esse
1299 5725 1315 5751 ,
1367 5697 1526 5753 quam
1578 5681 1810 5737 oratoria
1842 5679 1979 5734 intra
2008 5693 2097 5733 ur-

497 5779 619 5837 bem
649 5779 769 5838 slta.

2188 1893 2361 1948 mines
2393 1894 2444 1947 in
2489 1893 2719 1948 vinculis
2748 1893 2883 1946 fame
2924 1890 3404 1952 contabescentes,
3437 1887 3775 1942 miseratione

2185 1995 2607 2057 prosequeretur
2639 2004 2652 2039 :
2688 1985 2791 2042 hoc
2822 1995 2904 2041 est
2929 2028 2943 2052 ,
2977 2001 3048 2040 ne
3095 1984 3216 2054 quis
3243 1982 3463 2038 omnino
3495 1982 3574 2036 vir
3613 1982 3777 2037 bonus

2183 2081 2478 2147 existeret;
2512 2095 2648 2136 neve
2679 2079 2714 2134 ii
2741 2081 2830 2151 qui
2859 2078 2924 2134 ad
2965 2079 3330 2148 proximorum
3384 2075 3776 2131 miserationem

2186 2183 2374 2228 natura
2418 2173 2531 2244 ipsa
2581 2173 2871 2240 ducuntur,
2923 2172 3046 2227 boni
3092 2171 3382 2242 quidquam
3431 2176 3767 2241 prtestarent.

2187 2267 2308 2322 Fuit
2332 2269 2446 2323 haec
2484 2269 2727 2339 profecto
2776 2268 2990 2338 quidem
3043 2267 3130 2322 lex
3187 2269 3363 2338 palam
3419 2266 3702 2338 impudens
3730 2274 3778 2320 et

2187 2360 2620 2423 immanissima;
2675 2375 2997 2432 omnemque
3043 2376 3252 2415 morum
3305 2359 3577 2416 feritatem
3634 2358 3780 2413 facile

2186 2453 2477 2522 superavit.
2512 2453 2817 2521 Quinetiam
2869 2452 2970 2523 legi
3015 2451 3223 2522 adjecta
3265 2460 3380 2507 erat
3427 2451 3546 2506 haec
3591 2464 3779 2522 paena,

2186 2546 2356 2615 utqui
2414 2544 2636 2600 inclusis
2696 2546 2890 2614 stipem
2941 2544 3254 2607 dedissent,
3315 2545 3427 2614 pari
3480 2559 3602 2600 cum
3657 2542 3778 2612 ipsis

2189 2637 2450 2707 Supplicia
2483 2637 2874 2707 plecterentur;
2912 2645 3076 2706 utque
3103 2636 3154 2691 in
3184 2651 3459 2692 carcerem
3491 2645 3546 2692 et
3579 2633 3782 2690 vincula

2188 2731 2421 2800 conjecti
2452 2731 2696 2787 eamdem
2739 2747 2859 2786 eum
2905 2733 3080 2786 noxiis
3131 2746 3346 2802 pinnam
3377 2732 3658 2800 subirent,
3699 2730 3782 2802 qui

2191 2824 2538 2879 humanitatis
2569 2823 2741 2880 officia
2771 2825 2850 2880 eis
2877 2824 3270 2895 praestitissent.

2794 2981 3023 3039 CAPUT
3053 2982 3161 3039 LV.

2509 3118 2589 3174 De
2609 3119 2876 3191 iniquitate
2902 3129 2947 3176 et
2967 3121 3185 3176 avaritia
3211 3119 3421 3176 Licinii.

2265 3245 2578 3316 Hujusmodi
2611 3246 2760 3302 fuere
2785 3246 3200 3302 constitutiones
3245 3247 3456 3302 Licinii.
3493 3246 3626 3317 Quid
3665 3261 3784 3302 vero

2190 3354 2327 3410 opus
2354 3350 2434 3396 εει
2466 3355 2750 3396 recensere
2802 3356 2922 3410 qua:
2949 3343 3000 3395 in
3031 3341 3230 3409 nuptiis
3255 3352 3346 3395 aut
3386 3343 3529 3398 circa
3560 3343 3781 3397 morien-

2192 3441 2271 3487 tes
2301 3433 2609 3496 innovavit;
2644 3441 2881 3487 vetustas
2930 3431 3295 3487 Romanorum
3353 3433 3503 3504 leges
3551 3447 3693 3489 recte
3736 3441 3785 3489 et

2190 3526 2462 3594 sapienter
2518 3526 2836 3579 constitutas
2888 3540 3050 3580 ausus
3119 3525 3380 3590 abolere,
3439 3537 3494 3582 et
3543 3525 3785 3582 barbaras

2190 3617 2446 3688 quasdam
2479 3627 2638 3689 atque
2672 3618 2930 3673 immanes
2961 3618 3225 3688 planeque
3255 3618 3564 3688 illegitimas
3595 3629 3646 3672 et
3678 3617 3784 3672 inio

2191 3727 2323 3781 quas
2351 3711 2499 3781 leges
2539 3711 2748 3765 illarum
2781 3711 2902 3766 loco
2929 3712 3301 3767 substituere?
3334 3713 3482 3767 Mille
3535 3722 3784 3784 praeterea

2191 3803 2529 3857 exaetionum
2582 3819 2777 3873 genera
2836 3803 3094 3858 adversus
3149 3803 3394 3860 subditos
3447 3804 3783 3875 excogitavit.

2189 3895 2447 3960 Quocirca
2491 3909 2655 3949 novas
2722 3909 2972 3964 agrorum
3023 3896 3328 3951 mensiones
3367 3896 3678 3961 adinvenit,
3735 3904 3788 3951 ut

2190 3986 2367 4057 exigui
2397 3986 2508 4056 agri
2541 3986 2805 4056 majorem
2835 3985 3122 4057 imputaret
3152 3987 3372 4041 modum
3395 4028 3412 4052 ,
3449 3989 3521 4043 ob
3549 3987 3783 4058 inexple-

2189 4081 2350 4137 bilem
2383 4080 2728 4150 cupiditatem
2753 4080 3037 4135 nimiarum
3072 4082 3438 4138 cxactionum.
3477 4082 3604 4137 Ideo
3631 4081 3784 4136 rusti-

2193 4188 2380 4227 eorum
2412 4173 2500 4242 qui
2550 4171 2874 4243 superstites
2900 4172 3128 4242 amplius
3159 4188 3266 4226 non
3312 4182 3471 4227 erant
3491 4215 3505 4239 ,
3538 4172 3632 4228 sed
3654 4173 3786 4241 jam-

2191 4265 2398 4334 pridem
2430 4263 2706 4331 obierant,
2752 4263 2966 4318 nomina
3017 4264 3067 4317 iu
3100 4263 3446 4319 eensualibus
3488 4263 3680 4320 tabulis
3709 4262 3788 4316 in-

2190 4357 2491 4423 scribebat,
2544 4356 2712 4426 turpis
2745 4355 2876 4410 lucri
2935 4356 3059 4410 hinc
3108 4356 3490 4425 compendium
3547 4364 3784 4426 captans.

2191 4451 2375 4522 Neque
2400 4452 2540 4506 enim
2598 4451 2814 4506 sordida
2847 4451 3078 4506 hominis
3118 4452 3450 4521 parcimonia
3487 4453 3650 4507 ullum
3701 4450 3790 4505 ha—

2114 4546 2353 4628 Dbebat
2403 4545 2650 4610 modum,
2713 4559 2812 4600 nec
2872 4544 3100 4601 habendi
3166 4545 3518 4616 cupiditatem
3578 4547 3787 4600 satietas

2196 4639 2433 4694 finiebat.
2468 4639 2653 4710 Itaque
2708 4655 2831 4694 cum
2888 4655 3022 4694 auro
3051 4650 3106 4696 et
3149 4652 3374 4712 argento
3427 4652 3484 4698 et
3535 4643 3787 4697 immensa

2195 4751 2356 4806 opum
2389 4735 2541 4804 copia
2593 4734 2877 4789 thesauros
2933 4749 3063 4789 suos
3114 4735 3426 4806 implesset,
3479 4750 3698 4807 gemens
3726 4732 3789 4788 de

2197 4841 2514 4902 paupertate
2534 4844 2630 4884 sua
2658 4831 3003 4900 querebatur,
3036 4829 3314 4885 Tantalico
3336 4830 3571 4900 quodam
3608 4828 3788 4885 morbo

2196 4933 2441 4979 vexatus.
2471 4922 2607 4990 Quid
2639 4922 2867 4977 referam
2914 4922 3076 4976 exilia
3104 4923 3302 4992 quibus
3342 4923 3490 4978 viros
3534 4923 3786 4978 innocen-

2196 5027 2280 5074 tes
2331 5016 2641 5070 damnavit?
2684 5015 2820 5082 Quid
2890 5014 3155 5070 bonorum
3206 5012 3788 5086 publicationes?Quid

2199 5113 2409 5168 nobiles
2431 5125 2494 5165 ac
2521 5110 2803 5180 prarcipute
2844 5108 3118 5178 dignitatis
3163 5109 3412 5165 homines
3444 5111 3497 5165 in
3525 5121 3788 5165 carcerem

2197 5211 2491 5274 abductos,
2527 5223 2752 5278 quorum
2781 5221 2978 5261 uxores
2998 5205 3277 5260 sceleratis
3304 5206 3626 5277 quibusdam
3653 5217 3792 5259 mane

2198 5303 2352 5373 cipiis
2379 5299 2810 5370 eonstuprandas
2856 5298 3062 5352 dabat?
3091 5298 3229 5367 Quid
3261 5300 3519 5355 mulieres
3566 5306 3788 5368 nuptas,

2202 5395 2329 5468 quid
2359 5393 2594 5462 virgines
2625 5406 2975 5455 recenseam,
3023 5391 3220 5460 quibus
3275 5393 3390 5462 ipse
3439 5392 3563 5446 licet
3607 5390 3787 5445 atfecta

2198 5491 2307 5560 jam
2339 5498 2527 5554 aetate,
2579 5487 2683 5538 vim
2729 5485 2930 5539 inferre
2976 5485 3244 5538 tentavit?
3273 5485 3414 5540 Nihil
3458 5499 3594 5555 opus
3635 5482 3788 5537 estin

2203 5582 2287 5636 his
2313 5575 2805 5634 commemorandis
2829 5575 3028 5630 diutius
3078 5577 3352 5632 immorari
3383 5619 3396 5644 ,
3441 5592 3560 5631 cum
3593 5583 3792 5646 postre-

2205 5685 2415 5728 morum
2438 5669 2554 5741 ejus
2586 5668 2884 5726 facinorum
2909 5667 3144 5738 gravitas
3169 5708 3185 5734 ,
3213 5676 3275 5724 ut
3315 5670 3492 5740 priora
3521 5666 3636 5724 haec
3662 5665 3790 5722 levia

2207 5782 2270 5822 ac
2289 5781 2454 5837 prope
2484 5763 2627 5821 nulla
2644 5763 2976 5828 viderentur,
3018 5759 3278 5819 eﬂecerit.
