3982 6302
272 307 344 368 53
1356 303 1445 360 DE
1487 297 1650 359 Vl'l'A
1687 298 2142 359 CONSTANTINI
2181 301 2384 360 LIBER
2428 302 2491 359 Il.
3513 308 3583 368 54

876 415 1105 474 CAPUT
1142 416 1286 482 LVI.

275 513 546 581 Quomodo
577 513 978 586 persecutionem
1019 513 1264 566 adversus
1309 509 1628 567 Christianos
1676 509 1880 564 tandem

925 609 1236 662 excitaverit.

345 725 596 797 Denique
622 741 689 782 eo
715 724 912 781 furoris
957 725 1224 796 processit
1245 767 1258 790 ,
1284 733 1345 781 ut
1370 723 1630 780 Ecclesiis
1675 723 1879 779 bellum

273 821 539 889 inferret,
573 822 829 892 ipsosque
851 820 1139 892 episcopos
1189 819 1514 884 adoriretur,
1543 832 1680 888 quos
1707 817 1882 873 maxi-

271 933 362 974 me
389 917 494 973 sibi
538 917 806 975 adversos
835 931 957 972 esse
1006 914 1372 986 intelligebat;
1401 930 1501 985 pro
1532 913 1766 968 inimicis
1790 912 1884 967 ha-

272 1009 409 1066 bens
435 1026 533 1066 eos
574 1011 664 1082 qui
697 1011 917 1067 maximi
970 1009 1188 1080 Deoque
1235 1007 1502 1063 carissimi
1536 1006 1881 1077 imperatoris

270 1103 432 1158 amici
462 1113 667 1160 essent.
723 1102 805 1160 0b
859 1118 1018 1173 quam
1068 1100 1340 1171 praecipue
1387 1114 1603 1154 causam
1637 1097 1879 1153 furorem

269 1212 428 1252 suum
453 1197 505 1252 in
556 1213 658 1253 nos
703 1198 950 1263 exacuit,
1007 1211 1036 1249 a
1091 1205 1237 1251 recta
1294 1194 1506 1250 ratione
1543 1193 1874 1249 desciscens.

270 1288 381 1346 Nec
417 1290 730 1360 exemplum
783 1304 970 1345 eorum
1001 1288 1090 1359 qui
1141 1296 1271 1342 ante
1317 1286 1490 1356 ipsum
1543 1284 1880 1341 Christianos

269 1381 485 1438 fuerant
508 1382 778 1452 persecuti
805 1423 820 1446 ,
855 1382 906 1436 in
940 1380 1254 1436 memoriam
1300 1379 1404 1434 sibi
1437 1379 1745 1444 revocavit;
1777 1393 1879 1433 nec

269 1475 489 1530 illorum
517 1491 747 1546 quorum
791 1475 861 1529 ob
895 1474 1055 1544 impia
1113 1473 1352 1528 facinora
1391 1472 1537 1526 ultor
1581 1472 1694 1541 ipse
1717 1479 1878 1540 atque

268 1567 538 1623 extinctor
566 1567 741 1623 fuerat
765 1565 1110 1622 constitutus.
1140 1563 1251 1619 Nec
1265 1565 1447 1619 animo
1468 1573 1523 1618 et
1549 1561 1878 1633 cogitatione

267 1659 593 1715 recoluitea
651 1673 880 1731 quorum
928 1660 1044 1730 ipse
1092 1666 1369 1728 spectator
1407 1657 1716 1722 exstiterat;
1752 1666 1878 1711 tunc

268 1768 393 1808 cum
423 1754 572 1808 illum
627 1754 868 1808 omnium
913 1752 1181 1807 malorum
1234 1750 1649 1822 antesignanum
1676 1793 1690 1816 ,
1722 1754 1870 1819 quis-

268 1846 389 1914 quis
419 1845 510 1900 ille
543 1844 760 1900 tandem
794 1845 929 1909 fuit,
965 1845 1164 1900 inﬂicta
1196 1843 1451 1899 divinitus
1473 1844 1626 1914 plaga
1659 1858 1873 1914 percus-
1903 1823 1950 1882 Β
1979 1816 2326 1914 Υέχῗτθηωῗ

269 1950 388 1992 sum
411 1937 526 1992 suis
555 1936 674 2007 ipse
703 1936 876 1992 oculis
905 1935 1209 2001 conspexit.

842 2051 1076 2109 CAPUT
1113 2052 1276 2108 LVII.

307 2145 545 2214 Qualiter
574 2145 934 2201 Maximianus
964 2145 1202 2211 ﬁstuloso
1237 2161 1297 2200 ac
1333 2146 1644 2200 verminante
1668 2143 1836 2199 ulcere

409 2238 757 2309 perdomitus,
808 2255 902 2309 pro
925 2237 1228 2293 Christianis
1261 2237 1424 2308 legem
1444 2236 1723 2308 scripserit.

340 2350 477 2406 Nam
502 2367 625 2408 cum
653 2351 743 2407 hic
770 2350 1038 2407 Ecclesias
1063 2364 1374 2422 oppugnare
1401 2363 1626 2404 exorsus
1656 2348 1864 2417 fuisset,

264 2444 578 2516 primusque
604 2447 870 2516 justorum
915 2461 978 2500 ac
1019 2445 1112 2500 Dei
1168 2444 1435 2500 cultorum
1491 2442 1730 2499 caedibus
1755 2443 1868 2496 ani-

266 2554 414 2593 mum
451 2553 606 2594 suum
633 2538 1086 2605 contaminasset;
1126 2539 1322 2594 merito
1351 2553 1473 2593 eum
1521 2537 1699 2592 divina
1733 2537 1866 2594 ultio

265 2633 564 2702 corripuit,
595 2633 663 2687 ab
694 2633 825 2702 ipsis
853 2649 1042 2689 exorsa
1094 2633 1379 2699 carnibus,
1427 2639 1482 2686 et
1535 2631 1600 2686 ad
1629 2631 1863 2687 animam

265 2738 438 2794 usque
467 2739 768 2795 progressa.
828 2725 1072 2796 Repente
1128 2724 1270 2780 enim
1311 2721 1362 2778 in
1395 2722 1574 2779 medio
1601 2723 1866 2779 occultio-

266 2830 382 2870 rum
405 2815 652 2887 corporis
683 2816 912 2888 partium
957 2817 1242 2873 abscessus
1291 2816 1339 2871 ei
1393 2815 1673 2872 nascitur:
1708 2817 1862 2873 ulcus

264 2908 462 2965 deinde
488 2909 543 2964 in
575 2910 681 2965 imo
708 2910 1030 2966 ﬁstulosum.
1068 2909 1357 2981 Utriusque
1386 2909 1703 2964 insanabilis
1730 2926 1864 2964 mor-

264 3016 357 3058 sus
396 3002 586 3058 intima
612 3003 819 3058 viscera
845 3002 1256 3073 deposcebatur.
1292 3003 1370 3058 Ex
1404 3003 1488 3057 his
1531 3003 1862 3058 incredibilis

265 3097 528 3152 vermium
585 3097 870 3152 multitudo
918 3099 1256 3163 scaturiens,
1315 3095 1528 3152 letalem
1575 3097 1862 3152 exhalabat

1907 420 1961 478 Α
1989 417 2032 470 ri
2065 416 2184 472 huic
2214 417 2504 488 irrogatum
2534 417 2712 472 animo
2740 418 3001 488 reputavit
3032 461 3044 487 ,
3092 434 3194 476 nec
3239 436 3372 490 quas
3399 422 3579 480 divina

1978 507 2182 576 justitia
2215 509 2281 563 de
2312 509 2609 578 posteriore
2656 511 2824 567 altern
2879 523 3182 583 sumpserat
3238 529 3444 585 poenas.
3478 516 3580 584 Qui

1980 602 2194 671 quidem
2219 620 2340 658 cum
2366 605 2598 674 priorem
2645 604 2796 660 illum
2840 615 3090 678 tanquam
3117 607 3169 662 in
3201 608 3434 678 quodam
3460 623 3572 664 sce-

1983 692 2154 748 lerum
2192 695 2484 751 certamine
2545 711 2804 768 superare
2853 697 3138 754 ambitiose
3183 699 3573 768 contenderet,

1983 799 2244 842 novorum
2265 788 2525 845 adversus
2571 798 2784 846 nostros
2839 791 3225 862 suppliciorum
3255 793 3568 849 inventione

1982 879 2330 948 gloriabatur.
2361 879 2544 952 Neque
2571 883 2715 938 enim
2770 883 2910 955 ignis
2940 893 3031 939 aut
3060 883 3265 941 ferrum
3294 902 3308 951 ;
3338 900 3446 941 non
3474 885 3585 942 cla-

1981 986 2174 1027 vorum
2227 973 2582 1043 sufﬁxiones;
2632 993 2738 1032 non
2804 977 3097 1033 bestiarum
3155 979 3418 1044 laniatus,
3473 993 3574 1035 nec

1985 1065 2151 1120 maris
2193 1066 2441 1123 altissimi
2483 1070 2720 1140 gurgites
2749 1070 2799 1126 ei
2849 1070 3198 1128 suffecerunt.
3231 1073 3338 1130 Sed
3383 1083 3577 1143 praeter

1985 1156 2100 1212 hzcc
2151 1159 2330 1215 omnia
2382 1174 2580 1216 novum
2627 1162 2893 1233 quoddam
2949 1165 3196 1235 supplicii
3245 1181 3414 1236 genus
3463 1166 3579 1236 ipse

1981 1259 2317 1306 commentus
2349 1293 2363 1319 ,
2392 1253 2633 1309 membra
2687 1254 2880 1324 quibus
2934 1255 3067 1311 lucis
3097 1272 3315 1312 usuram
3345 1257 3573 1328 percipi-

1981 1357 2138 1408 mus,
2169 1342 2400 1398 mutilari
2432 1347 2549 1416 lege
2579 1346 2681 1400 lata
2713 1348 2984 1419 praecepit.
3039 1349 3234 1404 Statim
3265 1351 3426 1421 igitur
3448 1365 3579 1406 con-

1979 1434 2113 1490 ferta
2143 1438 2354 1508 agmina
2384 1455 2490 1494 non
2519 1439 2756 1496 virorum
2808 1443 2969 1498 modo
2988 1485 3003 1510 ,
3033 1459 3216 1501 verum
3248 1446 3408 1501 etiam
3441 1462 3573 1518 pue-

1980 1541 2163 1582 rorum
2189 1543 2250 1582 ac
2272 1528 2554 1584 mulierum
2580 1573 2594 1599 ,
2643 1532 2850 1588 dextris
2896 1535 3068 1590 oculis
3097 1546 3152 1591 et
3184 1536 3450 1606 juncturis
3472 1553 3574 1608 pe-

1979 1616 2148 1684 dum,
2206 1621 2397 1688 partim
2446 1620 2623 1688 ferro,
2681 1626 2872 1694 partim
2949 1627 3189 1683 cauterio
3242 1629 3574 1696 debilitatis,

1983 1717 2128 1763 trusa
2161 1720 2286 1765 sunt
2328 1712 2394 1767 ad
2434 1715 2686 1782 metalla,
2737 1729 2796 1771 ut
2846 1717 3102 1775 diuturno
3151 1721 3332 1778 labore
3376 1722 3576 1778 ibidem

2357 1805 2438 1862 Ob
2465 1825 2626 1878 quam
2671 1826 2888 1867 causam
2939 1824 2986 1870 et
3035 1814 3176 1871 hunc
3225 1833 3436 1888 quoque
3467 1833 3575 1874 non

1976 1897 2147 1951 multo
2178 1909 2298 1968 post
2323 1901 2426 1955 ulta
2448 1913 2533 1958 est
2559 1903 2737 1958 divina
2757 1905 2962 1974 juSIitia
2992 1925 3005 1962 :
3044 1917 3170 1963 tunc
3198 1925 3322 1965 eum
3364 1911 3569 1969 daemo-

1977 2006 2103 2044 nutn
2134 1993 2292 2064 (quos
2329 1995 2546 2065 quidem
2586 1997 2674 2054 ille
2699 1999 2829 2054 deos
2879 2003 3122 2075 putabat)
3155 2005 3381 2074 fiducia,
3415 2017 3468 2064 et
3496 2009 3578 2064 in-

1977 2084 2297 2140 numerabili
2328 2098 2658 2144 armatorum
2711 2093 3052 2150 multitudine
3082 2095 3252 2152 fretus
3273 2139 3288 2164 ,
3329 2099 3575 2169 przclium

1973 2178 2264 2234 commisit.
2289 2181 2496 2252 Quippe
2521 2194 2644 2239 tunc
2667 2187 2811 2241 omni
2842 2204 2938 2258 spe
2966 2190 3132 2247 divini
3167 2193 3396 2250 nudatus
3418 2197 3571 2251 auxi-

1973 2267 2070 2336 lii,
2116 2268 2449 2341 imperialem
2499 2277 2700 2331 cultum
2747 2279 2966 2336 minime
3011 2281 3113 2353 ipsi
3151 2287 3568 2346 convenientem

1973 2363 2170 2434 abjecit
2200 2383 2212 2418 ε
2239 2365 2432 2424 deinde
2473 2371 2771 2442 vulgarium
2827 2376 2996 2432 turbae
3041 2377 3316 2436 immixtus
3341 2423 3355 2450 ,
3391 2383 3575 2441 timide

1973 2471 2194 2526 prorsus
2216 2470 2374 2530 atque
2406 2461 2593 2532 ignave
2615 2465 2733 2538 fuga
2778 2469 3007 2524 Salutem
3048 2472 3149 2527 sibi
3198 2476 3445 2546 quaesivit
3476 2498 3488 2534 :
3516 2487 3567 2535 et

1974 2567 2069 2620 per
2098 2569 2255 2623 agros
2283 2571 2348 2612 ac
2397 2558 2542 2614 vicos
2589 2576 2710 2616 sese
2736 2563 3009 2620 occultans
3034 2607 3048 2630 ,
3092 2568 3194 2622 sub
3225 2569 3410 2625 habitu
3458 2586 3570 2628 scr-

1972 2644 2062 2698 vili
2093 2645 2260 2702 latere
2318 2663 2377 2704 se
2410 2666 2566 2720 posse
2595 2655 2941 2711 existimavit.
2996 2657 3194 2715 Verum
3226 2677 3478 2733 magnum
3507 2663 3571 2718 il-

1969 2738 2080 2793 lum
2110 2748 2163 2794 et
2187 2741 2435 2798 universa
2463 2754 2795 2814 spectantem
2820 2749 3171 2820 providentia:
3193 2753 3406 2809 oculum
3439 2757 3571 2813 sub-

1971 2832 2238 2905 terfugerc
2271 2852 2375 2892 non
2427 2839 2611 2896 valuit.
2670 2841 2802 2898 Cum
2843 2845 2986 2899 enim
3045 2847 3271 2902 salutem
3317 2864 3467 2904 suam
3512 2851 3568 2908 in

1969 2926 2209 2996 tutojam
2239 2927 2466 2986 locatam
2498 2946 2620 2989 esse
2658 2945 2942 3002 censeret;
2972 2937 3196 2994 ardente
3226 2940 3317 2996 Dei
3344 2958 3565 3012 percus-

1965 3031 2057 3072 sus
2081 3020 2214 3086 telo,
2278 3037 2475 3090 pronus
2521 3025 2572 3080 in
2617 3035 2812 3083 terram
2844 3030 3076 3086 cecidit:
3122 3040 3403 3107 totumque
3439 3036 3560 3108 ejus

1965 3124 2161 3178 corpus
2190 3111 2388 3168 inﬂicta
2415 3116 2627 3173 caelitus
2669 3118 2823 3191 plaga
2868 3122 3004 3178 adeo
3043 3139 3420 3197 consumptum
3447 3139 3552 3197 est,

265 3186 534 3245 fictorem.
566 3188 778 3260 Quippe
830 3188 907 3245 illi
961 3197 1068 3244 tota
1124 3188 1368 3258 corporis
1428 3189 1634 3256 moles,
1667 3189 1736 3245 ob
1779 3188 1858 3244 ni-

1971 3207 2026 3254 ut
2051 3202 2289 3271 pristina:
2312 3205 2499 3263 forma:
2525 3214 2737 3280 species
2759 3218 2934 3270 omnis
2959 3217 3300 3276 aboleretur:
3335 3224 3557 3295 solaque

268 3280 420 3335 miam
448 3281 691 3336 alimenti
717 3280 924 3352 copiam
973 3281 1026 3336 in
1067 3279 1386 3336 immensam
1414 3279 1699 3351 quamdam
1736 3287 1854 3351 pin-

267 3372 544 3444 guedinem
592 3387 852 3428 conversa
897 3382 1015 3427 erat
1050 3390 1062 3425 :
1091 3388 1212 3443 qua:
1256 3383 1381 3427 tunc
1412 3372 1668 3443 temporis
1693 3373 1747 3427 in
1780 3382 1860 3426 ta-

268 3462 379 3520 bem
404 3464 582 3520 soluta
603 3505 618 3532 ,
652 3463 982 3519 horrendum
1019 3473 1074 3520 et
1122 3464 1460 3519 intolerabile
1489 3464 1856 3535 spectaculum

265 3557 552 3612 astantibus
605 3557 899 3626 praebuisse
947 3555 1154 3628 fertur.j
1197 3555 1299 3611 Tot
1350 3557 1511 3627 igitur
1576 3567 1857 3628 quassatus

267 3648 412 3703 malis
437 3689 454 3713 ,
489 3649 707 3704 tandem
759 3649 1058 3720 intelligere
1096 3648 1262 3719 erepit
1289 3664 1410 3719 qua:
1455 3661 1640 3704 eontra
1671 3649 1857 3705 Eccle-

265 3739 388 3794 siatn
411 3741 620 3797 scelera
647 3741 976 3797 admisisset.
997 3740 1244 3796 Posthaec
1273 3756 1514 3796 errorem
1558 3755 1715 3796 suum
1746 3742 1856 3798 Deo

265 3829 534 3887 confessus
564 3873 582 3899 ,
626 3832 1059 3902 persecutionem
1081 3831 1501 3887 christianorum
1554 3831 1810 3888 cohibere
1837 3874 1851 3898 ,

264 3934 313 3980 et
327 3925 600 3996 regalibus
624 3925 817 3981 edictis
845 3940 909 3980 ac
956 3925 1160 3996 legibus
1200 3925 1444 3992 emissis,
1480 3924 1740 3982 ecclesias
1761 3942 1856 3982 eo-

263 4031 371 4073 rum
390 4020 718 4090 quantocius
743 4017 999 4074 :edifieari
1016 4059 1031 4084 ,
1068 4018 1322 4088 ipsosque
1349 4016 1674 4072 christianos
1698 4033 1852 4075 sacra

259 4123 347 4166 sua
372 4113 537 4168 solito
566 4127 718 4169 more
738 4127 996 4184 peragere
1015 4154 1030 4180 ,
1061 4119 1117 4167 et
1157 4127 1254 4183 pro
1306 4112 1633 4183 imperatore
1659 4127 1851 4182 preces

257 4203 318 4260 ad
350 4205 518 4262 Deum
540 4204 768 4262 fundere
784 4205 963 4277 jubet.
1367 4225 1372 4230 ·

821 4319 1049 4379 CAPUT
1088 4317 1268 4376 LVIII.

260 4413 489 4484 Qualiter
519 4414 844 4471 Maximinus
873 4413 1270 4468 christianorum
1298 4419 1610 4482 persecutor,
1645 4409 1846 4483 fugiens

606 4507 776 4565 servili
804 4508 981 4562 habitu
1006 4522 1114 4563 sese
1138 4506 1487 4561 occultaverit.

1963 3306 2083 3348 ossa
2107 3293 2340 3352 arefacta
2381 3298 2550 3355 instar
2578 3303 2848 3361 simulacri
2881 3308 3162 3379 cujusdam
3190 3293 3558 3384 superessent.

2551 3414 2778 3474 CAPUT
2815 3420 2955 3477 LIX.

1966 3497 2234 3565 Quomodo
2273 3503 2320 3557 vi
2361 3506 2522 3560 morbi
2575 3519 2856 3566 excwcatus
2883 3512 3205 3572 Maximinus
3230 3561 3243 3586 ,
3277 3520 3437 3594 legem
3463 3541 3559 3595 pro

2513 3598 2818 3657 Christianis
2847 3605 3007 3661 dedit.

2029 3683 2198 3740 Porro
2220 3689 2474 3747 saeviente
2494 3694 2670 3750 acrius
2713 3696 2804 3752 Dei
2853 3701 3006 3772 plaga
3033 3745 3048 3770 ,
3096 3706 3238 3761 oculi
3262 3709 3477 3768 tandem
3502 3712 3554 3770 ei

1958 3778 2277 3850 exilierunt,
2309 3793 2363 3840 et
2383 3801 2448 3840 ex
2505 3788 2717 3858 propria
2765 3791 2894 3848 sedc
2946 3796 3155 3865 avulsi,
3193 3815 3396 3858 caecum
3430 3819 3555 3862 eum

1956 3871 2272 3932 dimiserunt
2304 3895 2318 3932 :
2371 3880 2558 3936 eadem
2587 3882 2888 3953 justissime
2913 3904 3224 3960 perpessum
3248 3897 3507 3966 supplicia
3538 3941 3555 3969 ,

1955 3984 2076 4039 quae
2097 3971 2356 4029 adversus
2382 3985 2647 4048 martyres
2672 3978 2761 4034 Dei
2786 3982 2990 4050 primus
3012 3987 3360 4057 excogitarat.
3397 3991 3555 4048 Post-

1954 4062 2073 4119 haze
2104 4063 2455 4121 nihilominus
2477 4067 2652 4125 adhuc
2679 4072 2890 4140 spirans
2911 4116 2926 4142 ,
2959 4075 3074 4144 ipse
3094 4093 3308 4150 quoque
3333 4097 3360 4135 a
3387 4081 3561 4140 chris-

1955 4152 2220 4212 tianorum
2252 4158 2362 4214 Deo
2393 4162 2601 4216 veniam
2652 4167 2928 4234 peposcit,
2958 4167 3160 4226 bellum
3207 4187 3267 4230 se
3308 4175 3556 4233 divinita-

1954 4247 1994 4302 ti
2022 4247 2265 4306 intulisse
2293 4252 2466 4322 palam
2497 4253 2800 4314 coufessus.
2829 4257 2939 4315 Nec
2983 4260 3142 4319 aliter
3185 4279 3248 4321 ac
3295 4267 3443 4336 prior
3464 4269 3558 4328 ille

1951 4342 2272 4411 palinodiam
2303 4346 2502 4401 cecinit
2533 4364 2546 4400 :
2598 4347 2804 4419 legibus
2840 4362 2892 4406 ct
2921 4355 3394 4416 constitutionibus
3441 4362 3557 4418 edi-

1953 4433 2049 4500 tis,
2082 4434 2276 4504 quibus
2301 4451 2540 4494 errorem
2567 4455 2722 4496 suum
2767 4441 2821 4497 in
2850 4445 3096 4514 colendis,
3122 4448 3229 4504 illis
3250 4467 3384 4522 quos
3412 4454 3557 4510 exis-

1951 4527 2196 4584 timasset
2239 4528 2404 4599 deos,
2477 4533 2706 4604 ingenue
2774 4538 3052 4607 professus
3104 4553 3223 4609 est,
3279 4560 3552 4617 unumque

321 4624 519 4680 Verum
554 4623 641 4678 hic
662 4620 878 4694 quidem
906 4621 994 4693 qui
1027 4621 1414 4692 persecutionis
1435 4627 1623 4674 auctor
1651 4617 1843 4686 fuerat,
1873 4601 1926 4661 D
1953 4619 2370 4677 Christianorum
2411 4623 2580 4680 Deum
2629 4641 2908 4696 expertum
2957 4646 3017 4686 se
3087 4648 3249 4688 nosse
3296 4601 3543 4695 testatus.

257 4715 556 4789 hujusmodi
589 4731 779 4787 poenas
804 4715 923 4770 luit.
955 4715 1005 4770 Is
1029 4729 1159 4770 vero
1187 4713 1255 4770 de
1277 4729 1387 4784 quo
1414 4728 1554 4768 nunc
1575 4713 1845 4783 loquimur

254 4807 486 4866 Licinius
505 4852 521 4879 ,
551 4813 640 4882 qui
671 4811 863 4864 horum
895 4808 1046 4864 testis
1067 4823 1131 4864 ac
1173 4816 1445 4879 spectator
1472 4807 1722 4862 extiterat
1747 4845 1762 4871 ,
1787 4815 1842 4862 et

253 4907 338 4977 qui
365 4915 554 4963 cuncta
579 4915 830 4962 accurate
874 4902 1210 4973 experientia
1241 4903 1355 4972 ipsa
1384 4901 1611 4956 docente
1641 4914 1844 4969 cogno-

254 5011 426 5068 verat;
457 5009 680 5072 repente
701 4998 944 5055 omnium
965 4995 1163 5052 oblitus
1188 5035 1204 5063 ,
1229 5009 1327 5050 nec
1351 4992 1670 5064 supplicium
1694 4992 1841 5063 prio-

1956 4712 2084 4769 ΙΙωο
2113 4729 2234 4769 cum
2264 4715 2506 4773 Licinius
2555 4735 2663 4774 non
2689 4721 2918 4778 aliorum
2951 4739 3198 4782 sermone
3228 4729 3508 4788 didicisset
3531 4774 3548 4799 ,

1951 4807 2044 4861 sed
2071 4806 2226 4862 factis
2267 4809 2398 4878 ipsis
2424 4813 2789 4882 percepisset,
2821 4825 2997 4872 tamen
3039 4820 3182 4876 velut
3209 4821 3374 4878 densa
3419 4841 3552 4896 qua-

1951 4899 2074 4954 dam
2103 4899 2330 4972 caligine
2356 4902 2536 4958 animo
2557 4903 2674 4976 ejus
2697 4906 2867 4963 olfusa
2884 4948 2900 4976 ,
2928 4909 3116 4968 eadem
3151 4929 3273 4986 qua:
3294 4916 3369 4971 illi
3392 4932 3554 4989 agere

1950 4993 2198 5047 instituit.

1007 5125 3541 5168 ____..____.__.____________________

1494 5253 2022 5376 LIBER
2141 5253 2304 5376 ΙΙ.

311 5472 669 5544 Mam:
689 5467 809 5544 2—..1-
835 5463 1321 5544 θεειειιαηρεηξςεειξιεξ
1329 5457 2043 5544 fiﬁiliilific’filﬁifllfifm
2045 5461 2277 5544 917.99“;
2285 5464 2335 5544 ἐ
2343 5460 2736 5544 ’ἷτῗὲξίὲἒῖῖυτίῗεηι
2757 5468 2801 5518 Ρ
2803 5477 2880 5541 9'"
2887 5466 2920 5520 ί·
2932 5471 3072 5544 “7H-
3092 5475 3325 5528 Εεειεδῑαῖ
3343 5476 3539 5544 ditium.

249 5523 525 5602 giepiscopi
538 5523 792 5602 trucidati.
815 5561 876 5571 ——
899 5531 984 5581 ιιι.
1015 5523 1257 5602 Quomodo
1283 5523 2028 5602 qorutatuitntsC/tristianprugn
2045 5537 2193 5602 causa
2213 5523 2568 5602 quosILicinius
2585 5531 2824 5602 persequi
2845 5523 3077 5602 parabat,
3093 5523 3370 5602 inhisin;
3381 5523 3542 5594 sit:

247 5585 854 5662 ῆξνρᾖἀρδηαάηιίιιαξ
877 5607 987 5662 curn
1008 5585 1258 5662 preci-bus,
1288 5585 1500 5662 Licinius
1523 5601 1636 5662 vero
1661 5600 1772 5662 cunt
1794 5585 2054 5662 vaticiniis,
2082 5599 2134 5638 se
2162 5585 2238 5662 ad;
2255 5585 2432 5639 bellant
2455 5585 2677 5662 paratigt.
2703 5585 2826 5662 -—'V_.
2845 5585 2984 5662 'Qm‘d
3007 5585 3077 5649 de
3091 5585 3367 5654 simulacris
3388 5585 3540 5658 vel'de

247 5649 444 5714 (3mg
459 5649 671 5714 Litt-hius
689 5657 894 5714 δεπενξι,
921 5649 1036 5723 dmi;
1058 5655 1109 5706 in
1131 5650 1578 5723 tneo-sacriﬁcaret.
1613 5677 1676 5720 -τ-
1693 5650 1780 5700 V'I.
1807 5651 2017 5723 ._S_pectru
2039 5649 2088 5699 in
2109 5649 2308 5721 urbibus
2330 5649 2651 5723 aufeiLiciuio
2675 5649 2912 5723 parebant
2933 5659 3060 5723 visa,
3090 5649 3387 5717 Constantini
3403 5649 3541 5722 ﬁnit:

241 5712 1061 5792 ’σέίίίείάίέιπσε-ὴενξετιιεεηείιθἠ-
1083 5745 1147 5789 .-
1171 5714 1277 5792 VU:
1301 5713 1605 5792 Haeme
1628 5712 1682 5763 ίη
1701 5712 2706 5792 certecamerataseittuerarm
2721 5712 3540 5792 esse.vietoriém’.';v1'tif{tua};

357 5775 694 5862 Mimanti
719 5775 865 5854 electi
879 5790 986 5834 sunt
1010 5778 1093 5850 qui
1119 5790 1312 5846 crucem
1335 5775 1612 5850 portarent.
1633 5804 1695 5814 —-
1714 5775 1793 5824 IX.
1821 5779 1858 5836 ο

233 5802 447 5917 matter
470 5853 823 5916 permanserat,
849 5845 1103 5900 incolumis
1125 5845 1292 5894 evasit.
1313 5867 1373 5878 --
1397 5839 1458 5890 λ.
1490 5843 1659 5894 Varia:
1683 5850 1858 5904 pugna:

421 5865 447 5901 Γ

1981 5771 2732 5858 ξέ-9.’ἓιζῗ1ξεὶνῗὲἔὲἐιεάἑί¹εηιι9ψ
2741 5771 2875 5858 ζίφει
2895 5771 3172 5858 ίιέίείῖέξίιιδ
3195 5771 3266 5841 est
3284 5771 3541 5858 ipsa;

470 5837 823 5916 permanserat,
849 5837 1103 5900 incolumis
1125 5837 1292 5894 evasit.
1313 5837 1373 5878 -'-
1397 5839 1458 5890 Χ.
1490 5838 1659 5894 Varia:
1683 5850 1877 5904 pugneo,
1900 5844 1946 5892 et
1972 5837 2270 5893 Constantini
2291 5837 2522 5895 victofiw.
2547 5837 2705 5898 -ΧΙ,
2733 5837 2876 5911 Γείρα
2894 5853 2941 5900 ει
2964 5837 3168 5916 magica;
3191 5837 3540 5914 ἀῆέδτίξσὶῖάί
