3982 6302
141 295 205 350 37
1223 293 1310 350 DE
1353 293 1509 350 vna
1544 278 2004 349 consultum
2030 291 2234 350 unum
2276 293 2339 349 ll.
3369 280 3440 345 ss

139 404 417 460 tnelutntnr
445 403 707 460 auxilium
730 404 874 461 ferre
904 406 1247 476 properavit;
1274 408 1423 475 pium
1452 415 1729 462 sanctum-
1759 405 1815 467 Δ
1840 405 1992 461 nobis
2042 407 2279 476 partium
2332 406 2517 476 copias
2560 404 2733 470 ducit.
2778 404 3027 461 sna-ibus
3066 405 3439 477 institutisque

136 512 235 567 que
286 496 500 552 facinus
555 497 859 552 habendum
912 512 1035 552 esse
1074 498 1344 567 judicans,
1390 513 1511 554 cum
1561 513 1668 551 uno
1707 513 1738 553 e

140 587 316 643 medio
341 588 558 643 sublato
588 598 758 644 totum
790 588 905 645 fere
947 587 1228 644 hominum
1266 605 1438 660 genus
1469 590 1739 644 incolume

139 694 403 736 servatur.
435 681 528 737 Sic
555 682 699 737 enim
719 682 860 753 apud
888 697 948 738 se
974 682 1289 752 reputabat;
1314 684 1356 736 si
1386 683 1502 753 ipse
1526 698 1737 739 summa

140 774 421 828 clementia
448 782 708 839 uteretur,
734 786 787 830 et
805 775 1041 830 hominis
1064 777 1206 830 nulla
1229 777 1575 833 miseratione
1593 778 1741 849 digni

140 868 516 935 misereretur,
551 868 624 923 illi
656 868 872 940 quidem
902 869 1039 925 nihil
1071 870 1120 924 id
1152 870 1510 940 profuturum,
1540 872 1742 943 quippe

141 960 228 1030 qui
256 976 287 1013 a
310 961 493 1030 pravis
517 962 760 1017 moribus
788 972 843 1017 et
870 963 1130 1017 institutis
1155 963 1463 1019 nullatenus
1491 964 1741 1021 discede-

143 1063 242 1117 ret,
271 1054 404 1123 quin
443 1056 623 1125 potius
664 1056 868 1111 rabiem
910 1056 1171 1113 adversus
1205 1058 1453 1114 subditos
1497 1058 1744 1114 intende-

150 1153 227 1200 ret
255 1162 270 1197 :
294 1148 574 1217 Oppressis
599 1163 730 1213 vero
755 1148 957 1206 nullam
983 1150 1217 1221 amplius
1243 1166 1396 1224 spem
1430 1151 1623 1209 salutis
1650 1168 1745 1209 re-

148 1237 330 1307 linqui.
364 1238 494 1295 lltec
537 1240 833 1312 imperator
865 1257 990 1298 cum
1028 1244 1169 1314 apud
1211 1259 1272 1301 se
1313 1254 1637 1315 reputasset,
1679 1247 1744 1301 iis

153 1332 237 1400 qui
266 1330 317 1384 in
347 1340 623 1388 extremas
648 1334 984 1391 calamitates
1014 1335 1353 1405 incidissent,
1386 1338 1594 1406 absque
1636 1338 1744 1393 ulla

154 1420 401 1477 dilatione
437 1424 732 1481 salutarem
771 1426 1015 1482 dextram
1056 1430 1331 1500 porrigere
1370 1430 1633 1487 decrevit.
1674 1430 1747 1487 Et

156 1514 457 1569 militarium
488 1517 707 1587 quidem
733 1519 1014 1590 copiarum
1040 1531 1204 1592 atque
1240 1538 1514 1579 armorum
1556 1524 1747 1595 ingen-

161 1615 258 1659 tem
280 1616 597 1676 apparatum
627 1610 824 1680 coegit.
853 1610 1083 1682 Jamque
1111 1612 1334 1669 aderant
1364 1614 1610 1670 universa
1636 1626 1744 1671 tam

166 1699 389 1767 equitum
417 1716 579 1770 quam
606 1702 843 1772 peditum
874 1705 1085 1775 agmina
1112 1704 1166 1760 in
1192 1722 1359 1762 unum
1398 1715 1743 1778 congregata.

1841 499 2107 568 majorum
2137 498 2373 566 violatis,
2404 498 2468 553 ad
2494 499 2714 569 impiam
2749 498 2925 555 nullos
2950 498 3285 554 credentium
3304 499 3441 555 deos

1843 592 2152 661 Opinionem
2208 592 2473 657 descivit;
2533 592 2873 662 peregrinum
2925 591 3210 661 quemdam
3258 590 3443 645 nescio

1844 684 1986 739 unde
2018 686 2301 755 qua-situm
2328 694 2531 740 temere
2554 683 2889 753 ampleCtens
2913 683 3100 738 Deum.
3116 682 3255 750 Quin
3278 682 3440 737 etiam

1845 776 2157 847 turpissimo
2182 776 2303 847 ejus
2342 776 2501 846 signo
2529 776 2829 832 exercitum
2869 791 3025 830 suum
3068 773 3393 830 dehonestat
3424 789 3440 826 :

1843 871 2027 941 quue
2050 871 2311 937 conﬁsus,
2348 887 2453 925 non
2486 881 2591 925 tam
2623 870 2886 927 adversus
2922 886 3026 924 nos
3054 883 3212 940 quam
3243 869 3439 923 adver—

1844 978 1938 1018 sus
1968 963 2111 1034 ipsos
2142 977 2278 1033 quos
2305 964 2526 1019 violavit
2551 964 2704 1028 deos,
2734 974 2975 1018 armatus
2998 960 3261 1032 procedit.
3298 961 3442 1016 Prae-

1843 1068 1972 1111 sens
2003 1055 2163 1124 igitur
2183 1053 2303 1110 dies
2332 1055 2614 1111 manileste
2642 1064 2851 1125 arguet,
2882 1063 3008 1109 nter
3032 1062 3276 1109 nostrum
3299 1066 3445 1107 cmco

1845 1160 2033 1202 errore
2058 1145 2289 1201 ducatur
2322 1164 2334 1200 :
2366 1147 2514 1203 etde
2540 1147 2644 1201 diis
2670 1146 2761 1217 qui
2800 1146 2941 1217 apud
2980 1161 3085 1202 nos
3124 1155 3218 1201 aut
3242 1145 3337 1216 qui
3376 1145 3447 1201 ab

1844 1236 2192 1293 adversarum
2242 1244 2473 1308 partitun
2519 1238 2827 1295 hominibus
2867 1239 3141 1304 coluntur,
3182 1238 3444 1308 judicium

1846 1330 2007 1386 feret.
2037 1333 2150 1388 Ant
2178 1332 2325 1387 enim
2354 1347 2613 1388 concessa
2635 1332 2789 1387 nobis
2809 1332 3057 1398 victoria,
3081 1332 3215 1388 deos
3232 1340 3449 1387 nostros

1848 1438 1976 1480 vere
2000 1432 2309 1480 servatores
2346 1435 2510 1496 atque
2544 1426 2896 1481 auxiliatores
2926 1440 3049 1481 esse
3089 1425 3213 1495 jure
3246 1425 3449 1479 merito

1847 1515 2164 1573 declarabit.
2192 1520 2302 1574 Aut
2322 1519 2368 1573 si
2400 1518 2506 1574 diis
2531 1519 2731 1574 nostris
2754 1517 2846 1589 qui
2884 1518 3268 1589 quamplurimi
3296 1526 3447 1585 sinu,

1850 1619 1903 1665 et
1922 1611 2272 1667 ntuttitudine
2301 1628 2443 1667 nunc
2469 1613 2655 1683 utique
2686 1611 3038 1678 antecellunt,
3066 1627 3207 1667 unus
3236 1612 3327 1666 ille
3350 1626 3454 1666 ne-

1849 1703 1962 1756 scio
1986 1703 2127 1759 unde
2148 1704 2427 1773 proiectus
2452 1704 2794 1760 Giinstantiui
2828 1703 2971 1758 Deus
2999 1704 3247 1774 superior
3273 1704 3444 1759 exsti-

168 1790 367 1846 (lunctis
406 1809 539 1848 vero
576 1796 840 1865 praeibam
891 1798 1118 1867 insignia
1173 1800 1381 1854 liducia:
1433 1801 1485 1854 in
1542 1801 1743 1865 Deum;
1776 1793 1827 1856 Β
1855 1796 1997 1864 leril,
2029 1813 2187 1852 nemo
2222 1798 2464 1867 postbmc
2490 1799 2543 1853 in
2571 1798 2792 1853 dubium
2824 1806 3047 1852 revocet
3082 1798 3328 1867 quisnam
3359 1811 3451 1851 co-

170 1882 359 1953 siguum
388 1884 638 1941 videlicet
663 1887 794 1942 illud
821 1894 961 1957 quod
989 1903 1151 1960 Supra
1183 1891 1626 1946 memoravimus.

774 1997 1005 2055 CAPUT
1045 1999 1134 2055 ιγ.

178 2112 307 2177 Quod
346 2111 711 2170 Constantinus
755 2133 869 2171 cum
910 2118 1162 2188 precibus,
1196 2118 1424 2175 Licinius
1471 2134 1595 2175 vero
1638 2137 1754 2176 cum

467 2210 747 2279 vaticiniis,
780 2228 833 2265 se
862 2213 930 2265 ad
955 2212 1142 2268 bellum
1172 2217 1407 2285 parabat.

235 2319 459 2392 Cumque
486 2324 908 2392 precationibus,
934 2326 980 2380 si
1010 2344 1242 2397 unquam
1268 2339 1445 2393 antea,
1473 2344 1595 2385 sese
1624 2338 1751 2383 tunc

183 2413 383 2467 maxime
421 2414 663 2485 indigere
692 2416 1037 2488 inteliigeret,
1076 2420 1387 2476 sacerdotes
1435 2421 1525 2476 Dei
1569 2436 1754 2476 secum

184 2508 313 2563 duxit
360 2526 374 2565 :
425 2526 521 2565 eos
562 2514 708 2567 velut
746 2514 979 2583 optimos
1020 2517 1213 2570 animae
1262 2517 1515 2572 custodes
1568 2517 1759 2571 adesse

184 2620 336 2657 coram
383 2616 438 2659 et
464 2621 650 2661 secum
712 2607 914 2662 versari
968 2607 1165 2663 debere
1209 2610 1551 2665 existimans.
1608 2610 1761 2666 Unde

184 2714 281 2752 cum
329 2708 594 2770 tyrannus
650 2700 931 2769 audiisset,
980 2700 1396 2759 Constantinum
1452 2719 1556 2759 non
1601 2703 1762 2759 aliter

181 2808 315 2860 quam
343 2793 526 2849 divino
547 2795 840 2850 auxiliante
867 2797 1087 2851 numine
1108 2797 1389 2851 victoriam
1415 2795 1485 2851 de
1514 2795 1761 2851 hostibus

182 2901 382 2952 parare;
414 2895 469 2941 et
499 2900 594 2940 eos
625 2902 759 2956 quos
793 2887 905 2942 dixi
947 2888 995 2943 ei
1026 2898 1289 2960 perpetuo
1328 2888 1520 2944 adesse
1549 2901 1762 2959 unaque

179 2979 392 3042 versari;
424 2978 679 3033 salutaris
707 2996 921 3051 quoque
953 2982 1221 3050 passionis
1245 2983 1480 3053 signum,
1506 2990 1562 3037 et
1585 2983 1759 3051 ipsum

179 3080 220 3124 et
247 3070 555 3126 universum
580 3074 698 3143 ejus
726 3075 1027 3129 exercitum
1055 3075 1408 3141 antecedere;
1440 3075 1554 3130 hinc
1579 3083 1763 3144 utpote

181 3165 355 3234 impius
384 3181 501 3221 risu
525 3167 685 3237 digna
714 3183 832 3223 esse
857 3172 1145 3238 censebat,
1174 3169 1593 3225 Constantinum
1633 3170 1761 3226 sub-
1787 3177 1832 3241 ρ

178 3270 393 3312 sannans
427 3268 482 3312 et
510 3260 921 3316 contumeliosis
959 3274 1221 3332 appetens
1251 3263 1449 3317 verbis.
1485 3263 1603 3333 ipse
1639 3277 1766 3317 vero

183 3348 369 3404 divinos
393 3356 451 3404 et
482 3360 631 3405 vates
670 3350 1067 3424 Egyptiorum,
1100 3353 1373 3411 veneﬁcos
1406 3365 1464 3411 et
1495 3356 1759 3426 intposw-

185 3457 286 3506 res;
306 3443 647 3498 sacriﬁculos
670 3444 905 3514 denique
928 3462 993 3501 ac
1018 3447 1312 3518 prophetas
1341 3446 1606 3502 falsorum
1628 3462 1764 3519 quos

187 3534 376 3591 colebat
404 3535 633 3592 deorum
663 3539 763 3593 sibi
795 3538 1057 3607 adjunxit.
1092 3540 1298 3598 Deinde
1338 3541 1618 3598 sacriﬁciis
1658 3545 1772 3613 pla-

188 3644 299 3683 caris
334 3629 455 3685 illos
502 3647 642 3701 quos
688 3632 1034 3688 existimabat
1075 3633 1232 3702 deos,
1274 3636 1656 3690 sciscitabatur
1704 3650 1769 3691 ex

192 3724 279 3779 illis
308 3741 600 3796 quemnam
640 3727 762 3781 belli
807 3728 1011 3782 exitum
1056 3739 1202 3784 esset
1242 3728 1545 3784 habiturus.
1584 3730 1655 3784 At
1694 3729 1772 3785 illi

194 3818 289 3873 sine
320 3820 693 3874 controversia
726 3820 982 3875 victorem
1026 3820 1284 3887 hostium,
1333 3832 1388 3877 et
1430 3821 1767 3893 superiorem

195 3910 236 3965 in
262 3913 394 3969 bello
436 3914 554 3969 fore
595 3916 1025 3984 responderunt;
1058 3917 1272 3971 cunctis
1303 3916 1500 3986 ubique
1539 3916 1773 3971 oraculis

198 4022 285 4061 uno
318 4023 591 4063 consensu
621 4008 735 4062 hmc
775 4009 850 4063 illi
887 4024 981 4078 per
1014 4009 1228 4079 prolixa
1265 4017 1322 4065 et
1353 4010 1622 4082 elegantia
1647 4023 1773 4064 car-

196 4099 322 4153 mina
365 4099 827 4170 promittentibus.
859 4099 964 4156 Sed
993 4109 1047 4156 et
1076 4100 1409 4157 somniorum
1446 4102 1775 4172 interpretes

197 4193 539 4258 pet-somnia;
574 4201 631 4246 et
655 4194 935 4262 aruspices
965 4209 1058 4264 per
1087 4196 1355 4251 viscerum
1370 4206 1587 4250 motum
1617 4196 1775 4250 simi-

197 4281 254 4336 lia
300 4284 549 4353 portendi
594 4283 955 4341 aiﬁrtnabant.
1006 4285 1211 4341 Horum
1262 4292 1442 4358 itaque
1488 4287 1776 4343 fallacibus

200 4376 654 4444 pollicitationibus
699 4376 936 4445 inﬂatus,
991 4394 1113 4435 cum
1162 4381 1366 4451 ingenti
1414 4380 1611 4436 ﬁducia
1653 4396 1777 4452 pro-

198 4482 397 4537 gremus
433 4480 520 4527 est
555 4469 627 4527 ad
664 4480 861 4539 castra,
894 4486 1060 4544 seque
1096 4473 1164 4529 ad
1206 4490 1441 4547 pugnam
1485 4474 1776 4532 ineundum

204 4560 451 4619 instruxit.

814 4635 1041 4694 CAPUT
1083 4638 1144 4694 V.

267 4750 394 4816 Quid
423 4752 487 4806 de
510 4751 801 4807 simulacris
827 4762 873 4807 ct
898 4754 962 4807 de
987 4751 1189 4809 Christo
1212 4754 1450 4812 Licinius
1477 4756 1702 4822 dixerit,

619 4844 742 4897 dum
768 4845 822 4899 in
850 4844 967 4900 luco
992 4847 1326 4917 sacriﬁcaret.

264 4955 384 5012 Cum
412 4975 542 5014 vero
570 4958 770 5015 bellum
806 4960 915 5030 jam
948 4976 1171 5016 orsurus
1199 4970 1379 5029 esset,
1407 4976 1474 5017 ex
1508 4969 1781 5033 protecto-

210 5047 337 5104 ribus
362 5061 413 5106 et
451 5050 890 5109 honoratioribus
933 5055 1122 5110 amicis
1175 5055 1497 5112 lectissimos
1538 5068 1779 5125 quosque

212 5137 256 5193 in
274 5144 543 5213 quemdam
566 5146 744 5200 locum
771 5145 862 5217 qui
886 5146 954 5202 ab
983 5146 1110 5217 ipsis
1136 5162 1291 5203 sacer
1309 5147 1628 5214 habebatur,
1659 5162 1784 5205 coe-

213 5232 294 5300 git.
319 5236 483 5293 Lucus
515 5238 603 5295 hic
628 5247 747 5294 erat
787 5239 1020 5309 irriguus
1046 5252 1102 5297 et
1127 5256 1349 5312 opacus,
1381 5242 1435 5298 in
1465 5259 1571 5313 quo
1610 5242 1782 5314 pluri-

215 5341 300 5381 ma:
324 5340 506 5386 statuae
533 5347 722 5387 eorum
751 5347 887 5403 quos
911 5332 1002 5389 ille
1023 5333 1153 5390 deos
1185 5336 1425 5405 putabat,
1459 5336 1683 5406 sculpta:
1712 5351 1783 5392 ex

218 5416 368 5488 lapide
388 5424 719 5480 visebantur.
752 5424 848 5481 llis
874 5441 995 5482 cum
1026 5442 1218 5483 cereos
1242 5428 1586 5485 accendisset
1612 5424 1677 5486 et
1694 5445 1785 5487 so-

218 5509 356 5570 lemni
400 5519 503 5572 ritu
548 5519 925 5588 Sacriﬁcasset,
975 5519 1281 5591 bujusmodi
1324 5523 1486 5579 verba
1533 5524 1787 5583 habuisse

220 5604 387 5664 dicitur
418 5630 431 5666 :
465 5612 575 5668 Viri
602 5614 762 5670 amici
786 5622 842 5670 et
866 5616 1288 5683 commilitones,
1324 5618 1377 5673 hi
1403 5619 1619 5689 quidem
1650 5635 1788 5691 quos

221 5701 416 5758 colimus
436 5717 486 5760 et
513 5720 649 5777 quos
678 5706 745 5762 ab
768 5706 972 5764 ultimis
998 5724 1167 5780 usque
1193 5710 1486 5781 majoribus
1509 5712 1769 5770 colendos

225 5797 526 5867 accepimus,
558 5799 632 5856 dii
662 5808 785 5857 sunt
816 5801 992 5872 patrii.
1028 5802 1133 5860 Iste
1160 5817 1289 5862 vero
1312 5805 1403 5876 qui
1435 5805 1784 5866 adversarum

1857 1890 2048 1945 lendus
2096 1892 2167 1945 sit
2210 1891 2353 1946 Deus
2384 1910 2396 1945 :
2430 1891 2525 1946 sed
2574 1890 2641 1945 ad
2684 1892 2958 1961 potiorem
3006 1890 3249 1954 accedat,
3297 1891 3456 1959 eique

1856 1984 2095 2040 victoria:
2140 1983 2419 2054 praemium
2464 1983 2691 2039 deferat.
2725 1984 2805 2038 Ac
2841 1984 2885 2037 si
2918 1982 3132 2053 quidem
3158 1982 3458 2053 peregrini-

1858 2094 1963 2132 nus
1992 2077 2084 2133 ille
2110 2093 2270 2149 quem
2296 2092 2441 2132 nunc
2471 2076 2701 2131 ludibrio
2728 2070 3011 2142 habemus,
3033 2075 3207 2130 victor
3232 2090 3357 2130 esse
3381 2074 3458 2128 vi—

1859 2170 2093 2236 debitur,
2124 2185 2222 2225 nos
2242 2184 2458 2239 quoque
2494 2168 2644 2223 illum
2688 2182 2984 2238 agnoscere
3007 2177 3061 2221 et
3083 2167 3263 2221 colere
3294 2180 3457 2236 opor-

1862 2262 1995 2317 tebit
2026 2279 2037 2313 :
2071 2261 2254 2330 procul
2275 2260 2426 2316 abire
2454 2276 2518 2314 ac
2537 2258 2722 2315 valere
2747 2261 2969 2331 posthac
2985 2258 3153 2329 juSsis
3179 2257 3243 2313 iis
3264 2257 3458 2328 quibus

1862 2370 2050 2411 cereos
2106 2353 2304 2409 frustra
2356 2355 2721 2411 accendimus.
2775 2354 2868 2412 Sin
2918 2370 3048 2410 vero
3097 2354 3264 2409 nostri
3299 2367 3461 2424 snpe-

1862 2449 2036 2503 riores
2066 2447 2391 2515 exstiterint,
2420 2449 2563 2519 quod
2592 2447 2808 2521 quidem
2847 2446 3045 2502 nemini
3075 2444 3298 2501 dubium
3331 2460 3454 2501 esse

1862 2551 2044 2615 potest
2073 2560 2084 2594 :
2113 2552 2234 2613 post
2272 2551 2478 2612 partam
2509 2542 2613 2597 hoc
2648 2542 2769 2597 loco
2798 2541 3075 2595 victoriam
3120 2538 3298 2609 impiis
3324 2537 3460 2593 dco-

1865 2650 1983 2688 l'tllll
2011 2635 2474 2704 contemptoribus
2504 2635 2701 2689 bellant
2730 2632 2934 2688 inferre
2961 2631 3357 2703 aggrediemur.
3386 2632 3462 2687 Et

1863 2726 2103 2784 Licinius
2132 2729 2348 2800 quidem
2390 2737 2514 2784 ante
2557 2727 2844 2785 exordium
2886 2742 3098 2798 pugnae,
3128 2724 3195 2781 ad
3234 2725 3465 2780 circum-

1864 2832 2070 2875 stantes
2114 2818 2421 2890 hujusmodi
2458 2820 2617 2875 verba
2651 2820 2778 2875 fecit
2808 2836 2820 2870 :
2856 2818 3022 2873 No‘bis
3051 2833 3181 2873 vero
3225 2816 3314 2888 qui
3344 2816 3465 2872 inec

1865 2912 2172 2979 scribimus,
2204 2913 2306 2984 ipsi
2336 2913 2409 2968 illi
2439 2913 2530 2985 qui
2558 2912 2786 2969 orationi
2813 2912 2930 2983 ejus
2952 2910 3328 2977 interfuerant,
3356 2925 3464 2965 non

1865 3007 2037 3063 multo
2067 3017 2324 3078 pomeam
2346 3007 2665 3064 retulerunt.
2696 3004 3012 3077 Hujusmodi
3036 3005 3198 3078 igitur
3217 3004 3465 3062 oratione

1865 3100 2027 3171 facta,
2053 3103 2212 3174 jussit
2242 3101 2501 3159 militibus
2527 3112 2584 3156 ut
2615 3100 2857 3171 prmlium
2887 3099 3104 3155 inirent.

2681 3216 2723 3271 T
2761 3216 2850 3271 Vl.

2496 3216 2723 3273 CAPUT
2761 3216 2850 3271 Vl.

1873 3310 2093 3381 δμεαιά
2132 3311 2186 3366 in
2230 3310 2437 3365 urbibus
2477 3324 2594 3381 qua:
2632 3307 2835 3363 Licinia
2876 3306 3126 3378 parebant
3164 3307 3292 3362 uisa.
3332 3306 3467 3364 Con—

2047 3404 2262 3459 stantini
2288 3403 2511 3458 militum
2537 3401 2835 3457 Licinianos
2862 3400 3291 3472 persequentium.

1943 3520 2075 3587 Qua:
2118 3517 2247 3573 dum
2288 3524 2572 3588 geruntur,
2617 3524 2888 3586 spectrnm
2929 3513 3199 3587 quoddam
3248 3529 3472 3586 prorsus

1875 3612 2124 3667 mirabile
2155 3613 2208 3666 in
2254 3611 2478 3667 urbibus
2519 3610 2732 3681 tyranni
2771 3610 2915 3665 illius
2957 3608 3310 3665 dominationi
3338 3608 3473 3664 sub-

1868 3705 2030 3775 jectis
2054 3705 2371 3775 apparuisse
2399 3703 2601 3760 ferum.
2636 3702 2792 3758 Varia
2827 3702 2972 3757 enim
2996 3701 3340 3757 Constantini
3372 3700 3476 3757 mi-

1873 3797 2025 3853 litent
2048 3797 2260 3869 agmina
2281 3813 2377 3867 per
2399 3797 2679 3854 meridiem
2704 3798 2837 3864 visa,
2861 3813 2984 3868 qua:
3028 3806 3282 3867 tanquam
3320 3802 3475 3865 parta

1874 3893 2100 3947 victoria
2132 3907 2236 3962 per
2272 3893 2435 3949 urbes
2477 3891 2785 3948 transirent.
2819 3891 2998 3961 Atque
3037 3890 3153 3946 hac
3180 3888 3478 3945 cerneban-

1876 3994 1984 4050 tur,
2019 3984 2195 4054 reipsu
2225 3985 2442 4055 quidem
2470 3985 2689 4040 nemine
2720 3989 3314 4053 usquamcmnparente
3338 3997 3351 4033 :
3376 3979 3477 4036 sed

1877 4076 2055 4132 divina
2087 4077 2326 4146 potentia
2367 4091 2464 4146 per
2488 4076 2752 4131 visionem
2778 4075 2922 4130 illam
2953 4090 3073 4145 qua:
3107 4074 3279 4130 oculis
3304 4072 3478 4143 subji-

1878 4169 2140 4236 ciebatur,
2166 4168 2220 4225 id
2249 4168 2394 4240 quod
2409 4167 2652 4225 futurum
2671 4175 2790 4225 erat
2817 4174 3289 4238 praemonstrante.
3308 4165 3480 4221 Porro

1878 4279 2000 4320 cum
2023 4264 2291 4320 exercitus
2316 4262 2572 4333 congredi
2597 4261 2708 4333 jam
2742 4270 3016 4333 pararent,
3048 4259 3093 4314 is
3119 4258 3212 4330 qui
3245 4272 3479 4314 concor-

1878 4356 1982 4413 diae
2024 4357 2228 4415 hedera
2275 4370 2518 4429 ruperat,
2560 4357 2769 4428 primus
2818 4370 3052 4428 pugnam
3097 4367 3328 4410 exorsus
3372 4360 3476 4408 est.

1879 4450 2032 4507 Tunc
2062 4466 2191 4507 vero
2227 4449 2612 4507 Constantinus
2652 4459 2929 4506 servatore
2965 4464 3028 4504 ac
3068 4461 3324 4518 supremo
3363 4461 3481 4501 om-

1800 4566 1854 4627 D
1882 4547 2029 4601 nium
2056 4546 2170 4603 Deo
2202 4546 2254 4601 in
2285 4545 2539 4601 auxilium
2570 4553 2783 4611 vocato,
2818 4552 2980 4613 atque
3014 4540 3117 4597 hoc
3144 4541 3301 4612 signo
3337 4539 3481 4595 mili-

1885 4639 2027 4694 tibus
2055 4639 2167 4695 suis
2186 4639 2343 4705 dato;
2373 4638 2557 4694 hostes
2580 4638 2751 4709 primo
2780 4636 2967 4708 proelio
2986 4633 3144 4689 fudit.
3170 4633 3279 4689 Nec
3301 4632 3476 4690 multo

1886 4741 2005 4803 post
2033 4735 2199 4789 altera
2227 4733 2515 4789 commissa
2543 4747 2741 4803 pugna,
2773 4730 2969 4786 iterum
2999 4728 3248 4801 superior
3276 4727 3482 4783 disces-

1883 4828 1971 4894 sit,
1997 4836 2051 4882 et
2076 4827 2233 4898 longe
2258 4827 2517 4896 majorem
2543 4824 2821 4881 victoriam
2848 4823 3065 4888 retulit;
3096 4837 3219 4879 cum
3245 4820 3481 4879 salutare

1885 4921 2060 4976 crucis
2087 4928 2351 4992 tropaeum
2374 4918 2669 4976 exercitum
2701 4916 2869 4990 ipsius
2900 4915 3268 4974 antecederet.

2486 5029 2715 5089 CAPUT
2752 5029 2871 5087 VII.

1893 5126 2206 5198 Ubicumque
2229 5126 2498 5209 ingprteliis
2527 5127 2695 5181 crucis
2715 5126 2920 5198 signum
2948 5125 3118 5197 adfuit
3146 5134 3352 5198 partam
3378 5141 3489 5182 esse

2550 5222 2837 5278 victoriam.

1960 5340 2121 5397 Certe
2142 5341 2596 5411 ubicumquehoc
2638 5342 2852 5413 signum
2881 5348 3235 5412 conspectum
3276 5338 3483 5403 fuerat,

1889 5434 2147 5491 continuo
2172 5433 2296 5506 iuga
2324 5433 2581 5502 hostium,
2603 5434 2897 5490 victoribus
2930 5444 3076 5505 terga
3102 5432 3320 5488 illorum
3360 5445 3489 5501 pre-

1890 5528 2199 5597 mentibus,
2252 5528 2596 5598 sequebatur.
2655 5527 2773 5596 Quo
2810 5528 3118 5598 imperator
3164 5531 3483 5594 comperto,

1888 5620 2058 5676 sicubi
2082 5635 2272 5691 agmen
2299 5619 2514 5690 aliquod
2564 5619 2842 5674 exercitus
2887 5618 2968 5672 sui
3022 5617 3191 5687 premi
3238 5612 3487 5670 animad-

1891 5721 2144 5778 verteret,
2172 5712 2315 5770 illico
2330 5712 2571 5770 salutare
2596 5719 2858 5780 trapetum
2888 5717 3143 5778 tanquam
3169 5705 3488 5763 efﬁcacissi-

1891 5822 2038 5864 mum
2081 5805 2355 5877 quoddam
2398 5804 2469 5861 ad
2504 5801 2810 5875 parandam
2857 5801 3137 5858 victoriam
3183 5800 3486 5859 amuletum
