3982 6302
528 242 600 305 89
1898 243 2113 304 EUSEB

2218 246 2288 303 PA
2299 246 2529 304 MPHILI
3729 247 3790 307 ιο

533 360 718 416 inferri
739 359 978 429 jubebat.
1003 357 1122 428 Quo
1149 357 1311 428 facto,
1338 360 1519 417 statim
1541 361 1765 416 victoria
1782 363 2128 432 sequebatur,
2160 374 2214 437 Α
2241 381 2355 420 rum
2377 366 2577 420 auxilio
2603 363 2916 421 destitutum
2943 378 3086 430 esse,
3109 372 3165 421 et
3185 378 3318 436 quas
3337 363 3614 436 collegerat
3632 365 3792 434 copias

535 452 714 508 divina
771 453 955 524 utique
1002 454 1199 510 virtute
1244 453 1455 509 animos
1485 454 1733 525 viresque
1780 456 2126 526 pugnantium

527 544 904 602 confirmante.

1125 617 1354 676 CAPUT
1394 617 1532 674 VIII.

533 710 684 779 Quod
698 711 1068 784 quinquaginta
1094 712 1189 766 viri
1210 711 1356 766 electi
1371 720 1489 765 sunt
1513 711 1598 781 qui
1625 725 1827 765 crucem
1847 719 2124 783 portarent.

600 827 786 898 Itaque
836 827 992 883 lectis
1043 843 1110 884 ex
1162 836 1527 898 protectorum
1590 843 1818 883 numero
1866 836 2132 898 quotquot

528 922 775 992 corporis
806 921 1009 976 viribus
1036 931 1092 978 et
1110 922 1273 977 animi
1306 921 1623 978 fortitudine
1651 937 1714 977 ac
1737 937 1878 977 vera:
1909 921 2127 991 religio-

530 1011 616 1067 nis
643 1012 906 1068 institutis
933 1023 1195 1083 prtestare
1219 1011 1556 1080 videbantur,
1593 1028 1757 1067 unum
1795 1012 1897 1068 hoc
1932 1026 2130 1068 munus

527 1105 813 1178 imposuit,
841 1116 896 1161 ut
943 1107 1078 1178 signi
1126 1106 1286 1177 hujus
1340 1106 1557 1163 assidue
1607 1122 1791 1162 curam
1853 1116 2124 1177 gererent.

525 1197 696 1254 Erant
721 1214 912 1255 omnes
938 1199 1321 1270 quinquaginta
1346 1199 1480 1263 viri;
1510 1213 1737 1269 quorum
1760 1197 1964 1252 nullum
1983 1196 2128 1253 aliud

524 1300 641 1346 erat
697 1291 932 1345 officium
978 1306 1140 1360 quam
1195 1291 1545 1346 circumstare
1595 1298 1651 1344 et
1707 1288 1962 1344 satellitio
2028 1303 2128 1344 suo

525 1381 797 1438 custodire
824 1382 1066 1452 signum;
1095 1381 1238 1452 quod
1266 1381 1460 1451 singuli
1488 1380 1728 1436 humeris
1752 1379 1865 1434 suis
1892 1380 2129 1435 alterna-

524 1475 619 1530 tim
648 1475 951 1546 gestabant.
985 1475 1111 1530 Iitec
1143 1474 1437 1546 imperator
1471 1474 1587 1545 ipse
1640 1472 1794 1528 nobis
1841 1473 1932 1543 qui
1986 1471 2128 1527 hanc

523 1565 806 1623 historiam
858 1567 1168 1634 scribimus,
1217 1567 1342 1622 dum
1369 1568 1421 1622 in
1453 1568 1564 1622 otio
1611 1576 1814 1636 ageret,
1864 1566 2122 1632 narravit,

522 1659 684 1732 longo
715 1669 837 1730 post
867 1670 1108 1729 tempore
1125 1675 1282 1730 quam
1320 1661 1436 1714 hazc
1465 1659 1831 1730 contigerant:
1856 1659 2126 1731 simulque

521 1770 635 1812 rem
658 1754 946 1827 quamdam
969 1754 1166 1825 adjecit
1190 1765 1489 1809 memoratu
1509 1753 1906 1825 dignissimam.

1145 1866 1373 1924 CAPUT
1419 1865 1511 1922 IX.

523 1959 676 2028 Quod
703 1976 766 2015 ex
793 1959 1058 2032 cruciferis
1086 1960 1130 2014 is
1155 1960 1358 2031 quidem
1389 1961 1475 2031 qui
1514 1959 1646 2030 fugit
1689 1959 1987 2030 interfectus
2007 1965 2078 2013 est
2103 1973 2122 2012 :

629 2054 716 2122 qui
739 2069 854 2108 vero
882 2053 1102 2122 ﬁdeliter
1137 2063 1504 2122 permanserat,
1529 2053 1802 2107 incolumis
1833 2051 2011 2106 evasit.

589 2169 722 2227 Nam
746 2187 869 2227 cum
901 2172 1060 2238 forte,
1113 2171 1306 2242 inquit,
1349 2171 1488 2226 inter
1537 2169 1881 2242 pugnandum
1932 2169 2122 2239 ingens

517 2266 776 2339 strepitus
797 2266 1091 2321 exercitum
1138 2264 1537 2330 conturbasset,
1572 2264 1617 2318 is
1648 2263 1740 2333 qui
1775 2262 1877 2316 hoc
1908 2262 2119 2332 signum

516 2358 758 2415 humeris
807 2357 1014 2413 ferebat
1061 2365 1206 2412 metu
1245 2357 1546 2428 perculsus,
1596 2355 1750 2410 alteri
1798 2352 2118 2425 gestandum

518 2451 756 2518 tradidit,
792 2460 849 2507 ut
899 2452 1016 2521 ipse
1057 2451 1346 2506 discrimen
1393 2450 1668 2506 evaderet.
1700 2449 1803 2504 Vix
1848 2449 1985 2504 alter
2031 2449 2121 2505 ille

514 2548 725 2618 signum
753 2545 1072 2617 gestandum
1103 2555 1435 2615 susceperant,
1476 2559 1598 2599 cum
1632 2557 1759 2598 ecce
1818 2542 1862 2596 is
1916 2542 2005 2611 qui
2059 2556 2119 2598 se

512 2639 818 2709 subripiens
841 2638 1138 2694 custodiam
1166 2638 1303 2706 signi
1328 2637 1666 2706 deseruerat,
1696 2635 1802 2691 telo
1853 2635 1906 2689 in
1931 2644 2119 2690 ventre

512 2746 802 2803 percuSsus
823 2731 1094 2786 oecubuit.
1132 2731 1197 2784 Et
1219 2730 1304 2784 hic
1327 2729 1540 2800 quidem
1568 2729 1793 2799 ignavia:
1813 2736 1974 2798 atque
1997 2727 2115 2782 infi-

513 2824 748 2880 delitatis
769 2839 880 2878 suae
911 2838 1099 2893 pmnas
1131 2821 1467 2892 persolvens,
1503 2821 1700 2875 ibidem
1721 2819 1891 2889 jacnit
1917 2820 2112 2874 exani-

513 2917 635 2972 mis.
711 2917 780 2970 At
833 2915 1072 2970 salutare
1120 2916 1296 2969 crucis
1353 2925 1635 2980 tropaeum,
1690 2912 1741 2966 ei
1796 2913 1885 2982 qui
1939 2911 2115 2982 ipsum

513 3009 745 3066 sublime
767 3008 1014 3079 gestabat
1058 3007 1482 3063 incolumitatem
1519 3005 1785 3075 praeStitit.
1841 3004 1898 3058 In
1952 3020 2112 3074 queat

511 3118 636 3158 cum
664 3102 768 3158 tela
827 3101 1063 3172 undique
1098 3101 1432 3172 jacerentur,
1461 3099 1683 3170 signifer
1735 3098 1951 3169 quidem
1995 3097 2111 3168 ipse

512 3197 695 3252 salvus
726 3195 930 3250 evasit:
971 3195 1122 3249 hasta
1167 3211 1296 3249 vero
1347 3193 1598 3249 salutaris
1645 3191 1854 3262 tropaei,
1886 3191 2110 3246 missilia
2137 3175 2182 3238 C

511 3287 744 3360 excepit.
776 3288 907 3344 Erat
935 3288 985 3342 id
1017 3287 1382 3357 spectaculum
1413 3286 1559 3341 onmi
1609 3283 1870 3339 miraculo
1915 3284 2107 3354 majus,

511 3400 632 3442 cum
656 3395 845 3440 cuncta
872 3381 1105 3438 hostium
1139 3381 1238 3438 tela
1271 3382 1324 3436 in
1357 3379 1735 3435 brevissimum
1765 3378 1916 3432 illum
1943 3376 2111 3432 hasta:

512 3481 771 3537 ambitum
825 3478 1103 3534 caderent.
1152 3478 1286 3545 Quae
1340 3491 1459 3530 cum
1517 3475 1568 3529 in
1619 3473 1827 3528 hastam
1882 3473 2112 3543 impacta

510 3575 896 3646 defigerentur,
947 3571 1170 3643 signifer
1217 3569 1534 3625 servabatur
1584 3566 1916 3622 incolumis:
1975 3564 2111 3619 adeo

513 3683 570 3728 ut
601 3672 748 3727 nullo
780 3685 1017 3741 unquam
1065 3667 1245 3738 jaculo
1274 3665 1583 3731 ferirentur,
1635 3663 1957 3734 quicumque
2009 3660 2112 3716 hoc

510 3765 876 3821 ministerium
904 3762 1143 3818 obibant.
1195 3759 1379 3831 Neque
1413 3773 1576 3829 porro
1622 3758 1738 3812 haec
1793 3767 1974 3812 nostra
2029 3763 2112 3811 est

508 3859 700 3926 oratio,
729 3856 824 3914 sed
852 3856 1020 3928 ipsius
1060 3853 1425 3926 imperatoris,
1455 3852 1546 3923 qui
1603 3850 1746 3906 inter
1795 3849 2003 3920 reliqua
2057 3846 2110 3902 id

508 3951 667 4008 etiam
699 3951 851 4006 nobis
876 3947 1341 4006 commemoravit.
1374 3947 1474 4013 Qui
1508 3960 1630 4002 cum
1680 3943 1888 4015 priores
1936 3943 2107 3998 victo-

508 4044 616 4100 rias
641 4043 734 4100 Dei
755 4043 1142 4114 omnipotentis
1172 4040 1370 4097 auxilio
1402 4039 1696 4104 retulisset,
1729 4039 1969 4110 posthtec
1995 4038 2112 4094 acie

509 4133 768 4190 instructa
800 4134 1094 4191 exercitum
1120 4147 1369 4199 movens,
1399 4131 1627 4187 ulterius
1655 4130 1935 4201 processit.

1133 4245 1359 4304 CAPUT
1394 4245 1462 4300 Χ.

767 4340 936 4397 Varia:
965 4356 1153 4413 pugna:
1178 4349 1224 4394 et
1246 4338 1569 4396 Constantini
1593 4337 1837 4393 victoriis.

580 4456 750 4515 Porro
785 4457 1129 4514 adversarum
1172 4458 1403 4528 partium
1465 4457 1800 4528 antesignani
1831 4470 1952 4512 cum
1994 4454 2106 4527 pri-

509 4567 655 4606 mum
685 4550 801 4621 ejus
824 4551 1079 4621 impetum
1110 4550 1380 4605 sustinere
1405 4565 1511 4604 non
1545 4549 1861 4620 potuissent,
1885 4547 2106 4618 abjectis

509 4645 674 4700 armis
693 4660 814 4701 sese
832 4644 900 4700 ad
929 4645 1269 4717 imperatoris
1295 4643 1459 4715 pedes
1483 4653 1903 4715 prostraverunt.
1924 4645 1988 4697 At
2014 4641 2105 4698 ille

505 4752 728 4794 cunctos
756 4739 1056 4795 incolumes
1083 4739 1341 4807 servavit,
1375 4754 1621 4808 magnam
1649 4753 1714 4793 ex
1738 4737 1909 4792 salute
1931 4737 2105 4792 homi-

507 4848 636 4887 num
669 4831 974 4902 percipiens
1003 4833 1358 4903 voluptatem.
1389 4830 1492 4886 Alii
1519 4846 1649 4886 vero
1676 4832 1766 4902 qui
1804 4831 1903 4887 sub
1934 4830 2101 4886 armis

504 4934 893 4987 remanserant.
925 4940 1045 4982 sese
1066 4923 1133 4980 ad
1157 4940 1385 4996 pugnam
1414 4923 1695 4994 parabant.
1721 4923 1868 4992 Quos
1922 4923 2096 4992 impe-

501 5025 649 5072 rator
669 5016 736 5071 ad
759 5015 1086 5072 deditionem
1134 5015 1390 5083 invitans,
1420 5031 1541 5071 cum
1584 5015 1773 5070 amicis
1799 5013 2098 5085 compella-

503 5111 734 5168 tionibus
766 5111 1069 5168 nullatenus
1096 5109 1294 5165 inﬂecti
1325 5109 1550 5174 videret,
1578 5109 1876 5165 exercitum
1911 5107 1965 5163 in
1999 5123 2096 5165 eos

501 5204 744 5260 immisit.
773 5203 850 5260 Illi
875 5204 1131 5260 continuo
1155 5215 1300 5274 terga
1331 5202 1540 5269 dantes,
1575 5202 1626 5257 in
1676 5205 1851 5273 fugam
1884 5210 2101 5256 vertun-

502 5305 606 5352 tur.
638 5297 876 5365 Qnorum
899 5296 990 5352 alii
1015 5294 1393 5366 comprehensi
1417 5295 1556 5350 inter
1599 5293 1933 5364 fugiendum,
1977 5294 2100 5364 jure

499 5387 634 5444 belli
662 5389 808 5444 caesi.
856 5389 960 5443 Alii
1010 5388 1064 5443 in
1119 5403 1177 5443 se
1230 5401 1416 5443 mutuo
1470 5387 1847 5459 impingentes,
1875 5387 2098 5442 suismet

497 5480 690 5552 gladiis
715 5479 1022 5537 obtruncati
1042 5489 1188 5536 sunt.

1117 5569 1344 5628 CAPUT
1385 5569 1478 5627 XI.

859 5665 1012 5740 Fuga
1042 5675 1089 5722 et
1118 5666 1330 5737 magica:
1358 5675 1494 5720 artes
1526 5663 1731 5722 Licinii.

571 5754 785 5814 Illorum
811 5774 940 5817 vero
981 5759 1251 5832 princeps,
1287 5772 1418 5839 cum
1439 5773 1500 5816 se
1548 5759 1916 5817 ministrorum
1964 5773 2092 5816 suo-

2236 468 2344 513 tam
2391 460 2618 514 militum
2671 474 2830 531 quam
2880 459 3244 526 auxiliarium,
3302 471 3486 513 omnes
3539 457 3792 513 evanuisse

2233 563 2515 620 cerneret;
2541 567 2801 623 spemque
2827 551 2879 607 in
2903 552 3005 608 diis
3035 566 3172 623 quos
3223 551 3435 607 colebat
3461 565 3670 620 prorsus
3694 551 3794 606 ina-

2231 659 2355 699 nem
2383 660 2504 700 esse
2533 661 2620 701 res
2645 645 2759 716 ipsa
2808 647 3178 712 convinceret,
3226 643 3408 716 fugam
3463 644 3791 715 turpissimam

2231 736 2369 794 iniit.
2402 740 2577 808 Atque
2598 737 2701 794 hoc
2731 737 2894 794 modo
2917 737 3154 808 elapsus,
3196 745 3371 792 semet
3399 734 3690 792 discrimine
3713 751 3796 792 ex-

2230 829 2393 884 emit:
2425 845 2546 884 cum
2575 831 2868 901 imperator
2895 829 2987 884 Dei
3018 829 3441 893 amantissimus,
3464 843 3584 883 suos
3608 827 3795 884 confes-

2231 922 2322 976 tim
2351 922 2501 993 sequi
2532 932 2585 978 et
2617 922 2866 994 fugientis
2899 932 3042 993 terga
3076 920 3319 992 premere
3361 921 3614 976 noluisset
3639 960 3652 984 ,
3699 934 3792 988 quo

2229 1014 2438 1070 scilicet
2466 1015 2674 1086 fugiens
2711 1024 2893 1086 posset
2937 1016 3189 1071 evadere.
3224 1013 3489 1084 Sperabat
3532 1012 3665 1068 enim
3694 1010 3796 1067 fore

2230 1119 2286 1161 ut
2309 1107 2548 1163 Licinius
2574 1109 2788 1180 cognito
2821 1107 3037 1164 tandem
3064 1122 3245 1163 rerum
3296 1121 3512 1162 suarum
3564 1103 3798 1161 infelicis-

2228 1204 2366 1257 simo
2395 1212 2559 1272 statu,
2595 1219 2624 1258 a
2649 1204 2874 1274 pristina
2917 1202 3139 1258 audacia
3190 1211 3352 1272 atque
3398 1199 3598 1255 insania
3635 1197 3796 1254 disce-

2229 1295 2405 1365 deret,
2436 1305 2490 1352 et
2515 1297 2582 1352 ad
2634 1297 2904 1352 saniorem
2933 1307 3171 1351 mentem
3200 1294 3416 1350 rediret.
3453 1291 3648 1348 Verum
3672 1289 3800 1345 Con-

2227 1389 2494 1444 stantinus
2570 1388 2789 1460 quidem
2847 1403 2944 1458 pro
2990 1386 3185 1443 eximia
3237 1401 3340 1458 qua
3393 1383 3643 1456 prteditus
3694 1389 3798 1437 erat

2228 1478 2580 1546 humanitate,
2600 1479 2715 1535 hzec
2738 1481 2810 1534 ita
2837 1479 3209 1536 existimabat:
3233 1487 3289 1534 et
3315 1477 3536 1547 injurias
3558 1475 3800 1547 patienter

2226 1571 2384 1637 ferre,
2416 1587 2479 1627 ac
2506 1572 2628 1627 licet
2649 1587 2754 1627 non
2785 1572 3008 1627 merenti
3035 1571 3245 1628 veniam
3297 1570 3446 1636 dare,
3495 1569 3548 1624 in
3575 1569 3793 1623 animum

2227 1663 2527 1719 induxerat.
2563 1665 2632 1719 At
2687 1664 2923 1719 Licinius
2971 1673 3177 1719 tantum
3206 1647 3360 1718 abest
3410 1671 3467 1718 ut
3513 1677 3541 1715 a
3597 1659 3801 1732 pristina

2150 1769 2198 1829 Β
2227 1759 2566 1828 improbitate
2592 1758 2877 1827 destiterit,
2927 1758 3053 1830 quin
3082 1760 3257 1827 potius
3281 1757 3422 1812 mala
3454 1755 3604 1810 malis
3651 1767 3801 1823 exag-

2227 1866 2442 1921 gerans,
2465 1851 2644 1921 pejora
2674 1853 2729 1906 in
2761 1852 2878 1907 dies
2921 1850 3355 1922 aggrediebatur.
3391 1849 3529 1918 Quin
3565 1847 3717 1903 etiam
3742 1843 3802 1899 ad

2226 1958 2503 2014 magorum
2528 1943 2872 1998 detestandas
2894 1954 3038 2000 artes
3063 1945 3240 1999 denuo
3269 1942 3603 2013 confugiens,
3635 1936 3799 1994 efferri

2226 2035 2544 2090 insolentius
2569 2035 2752 2106 cmpit.
2780 2037 2858 2091 Ac
2878 2035 2945 2091 de
2974 2036 3066 2090 illo
3095 2035 3234 2090 idem
3258 2033 3452 2089 merito
3481 2031 3583 2086 dici
3611 2037 3802 2100 poterat

2225 2128 2368 2201 quod
2399 2128 2465 2183 de
2490 2140 2672 2185 vetere
2701 2128 2795 2183 illo
2823 2140 3085 2201 tyranno;
3111 2145 3206 2186 cor
3233 2129 3439 2184 scilicet
3464 2127 3627 2198 ipsius
3652 2139 3678 2177 a
3703 2123 3802 2177 Deo

2224 2221 2529 2278 induratum
2556 2221 2743 2278 fuisse.

2827 2335 3054 2396 CAPUT
3095 2338 3209 2394 XII.

2227 2430 2493 2500 Quomodo
2519 2432 2878 2489 Constantinus
2908 2451 3061 2501 pratis
3091 2433 3143 2486 in
3175 2431 3526 2498 tabernaculo,
3559 2427 3802 2484 victoriam

2849 2527 3064 2596 adeptus
3093 2535 3185 2580 est.

2293 2637 2527 2694 Licinius
2545 2639 2704 2711 igitur
2723 2639 3025 2710 ltujnsmodi
3040 2639 3306 2696 scelerum
3327 2636 3554 2694 vinculis
3570 2636 3802 2705 scseipsc

2219 2735 2612 2804 constringens,
2643 2734 2696 2788 in
2733 2734 2882 2790 exitii
2927 2733 3235 2789 barathrum
3273 2734 3606 2804 prmcipitem
3643 2728 3797 2784 dedit.

2218 2826 2602 2884 Constantinus
2633 2845 2763 2885 vero
2788 2846 2909 2885 cum
2937 2829 3111 2884 altero
3143 2828 3325 2898 prmlio
3377 2827 3480 2882 sibi
3523 2840 3657 2896 Opus
3691 2835 3803 2878 esse

2217 2931 2482 2986 cerneret,
2509 2921 2815 2978 Set‘vatoris
2843 2923 2923 2978 sui
2962 2922 3130 2978 cultui
3160 2922 3448 2992 diligenter
3480 2917 3702 2975 vacavit.
3738 2913 3801 2969 Et

2189 3014 2391 3078 _crucis
2417 3016 2632 3086 quidem
2689 3017 3090 3072 tabernaculum
3122 3018 3236 3071 fixit
3270 3025 3424 3072 extra
3463 3023 3638 3070 castra
3673 3031 3686 3068 :
3721 3009 3800 3065 ubi

2219 3123 2350 3178 pure
2389 3118 2444 3162 et
2487 3118 2635 3164 caste
2680 3109 2902 3181 degens,
2958 3125 3145 3180 preces
3198 3109 3262 3164 ad
3320 3110 3490 3164 Deum
3523 3106 3798 3168 fundebat;

2215 3201 2460 3272 exemplo
2488 3203 2686 3257 veteris
2717 3203 2856 3257 illius
2882 3203 3180 3273 prOpItetai,
3233 3217 3396 3272 quem
3442 3209 3595 3256 extra
3637 3207 3803 3254 castra

2218 3295 2619 3351 tabernaculum
2661 3297 3202 3352 constituissedivina
3254 3305 3525 3351 testantur
3574 3292 3801 3348 oracula.

2215 3387 2455 3443 Aderant
2476 3399 2655 3445 autem
2685 3391 2884 3446 assidui
2924 3407 3030 3446 una
3053 3406 3174 3445 cum
3207 3391 3323 3462 ipso
3367 3389 3527 3460 pauci
3569 3387 3797 3459 quidam.

2214 3480 2357 3548 fidei,
2379 3483 2590 3553 pietatis
2606 3499 2669 3538 ac
2697 3484 3082 3539 benevolentim
3107 3482 3275 3554 probe
3297 3491 3613 3553 compertae.
3641 3483 3805 3547 Atque

2215 3575 2268 3630 id
2299 3591 2511 3646 semper
2539 3576 2717 3632 facere
2737 3584 3126 3643 consueverat,
3153 3574 3605 3646 quotiescumque
3635 3576 3805 3627 certa—

2214 3683 2336 3722 men
2352 3681 2498 3724 esset
2519 3669 2769 3725 initurus.
2793 3669 2977 3740 Neque
3007 3669 3147 3724 enim
3169 3683 3413 3739 prwceps
3441 3676 3591 3734 erat,
3618 3664 3806 3735 quippe

2214 3762 2305 3832 qui
2367 3763 2562 3818 tutiora
2622 3779 2836 3834 semper
2890 3762 3134 3834 eligeret.
3169 3761 3250 3818 Ad
3297 3760 3417 3817 lucc
3449 3761 3543 3817 Dei
3589 3752 3806 3814 consilio

2214 3864 2406 3910 cuncta
2427 3871 2612 3924 gerere
2641 3855 2832 3910 solitus
2855 3866 2993 3910 erat.
3022 3855 3189 3910 Porro
3241 3869 3366 3908 cum
3413 3851 3608 3908 sedqu
3653 3857 3807 3918 atque

2215 3947 2458 4018 impense
2489 3950 2599 4005 Deo
2625 3965 2722 4005 suo
2751 3948 3096 4019 supplicaret,
3125 3962 3344 4019 semper
3392 3947 3540 4002 Deus
3591 3945 3638 4000 ei
3672 3955 3808 4013 pra:-

2213 4043 2440 4098 sentiam
2490 4058 2641 4100 suam
2693 4043 2949 4099 exhibere
2989 4042 3239 4114 dignatus
3282 4051 3388 4098 est.
3430 4040 3644 4096 Exinde
3672 4035 3808 4093 velut

2213 4132 2476 4192 diviniore
2513 4146 2664 4192 actus
2715 4135 2968 4206 impulsu,
3021 4134 3273 4205 prosilire
3330 4149 3399 4189 ex
3465 4128 3808 4190 tabernaculo

2213 4226 2423 4282 solebat
2464 4237 2561 4284 :et
2608 4228 2762 4299 signo
2806 4225 2877 4282 ad
2930 4225 3377 4297 proficiscendum
3433 4224 3586 4294 dato,
3635 4221 3808 4278 statim

2214 4319 2470 4374 militibus
2511 4320 2811 4390 imperabat
2843 4328 2902 4374 ut
2929 4319 3134 4390 absque
3161 4334 3310 4373 mora
3343 4318 3556 4389 gladios
3587 4316 3811 4386 stringe-

2214 4420 2352 4465 rent.
2385 4413 2483 4480 Qui
2511 4411 2792 4469 confestim
2827 4414 3030 4482 impetu
3079 4412 3132 4467 in
3184 4411 3396 4467 hostem
3431 4411 3598 4478 facto,
3628 4407 3810 4464 obvios

2213 4519 2401 4560 omnes
2448 4505 2565 4561 sine
2586 4507 2696 4562 ullo
2741 4507 2914 4561 :etatis
2987 4505 3298 4561 discrimine
3370 4503 3807 4566 obtruncabant;

2131 4583 2186 4643 D
2211 4596 2383 4653 donec
2411 4598 2603 4670 exiguo
2627 4601 2882 4670 temporis
2905 4606 3176 4655 momento
3216 4609 3369 4670 parta
3398 4600 3658 4668 victoria,
3702 4607 3808 4652 tro-

2209 4704 2324 4760 paea
2345 4689 2413 4746 de
2443 4693 2596 4747 victis
2625 4690 2870 4748 hostibus
2893 4693 3208 4747 erexissent.

2818 4804 3044 4863 CAPUT
3077 4806 3217 4862 XIII.

2420 4902 2740 4958 Constantini
2771 4902 3060 4958 humanitas
3091 4904 3145 4957 in
3175 4903 3360 4959 milites
3389 4912 3598 4974 captos.

2277 5015 2388 5071 Iloc
2417 5015 2577 5070 modo
2626 5016 2918 5086 imperator
2961 5027 3084 5072 ante
3114 5033 3307 5088 pugna:
3362 5018 3718 5080 conflictum.
3758 5019 3814 5070 et

2200 5107 2436 5178 seipsum
2457 5124 2676 5179 gerere,
2700 5119 2756 5165 et
2779 5112 3077 5167 exercitum
3108 5127 3264 5166 suum
3297 5112 3622 5177 instituere,
3651 5111 3812 5166 etiam

2201 5209 2357 5255 antea
2384 5201 2571 5256 solitus
2595 5213 2742 5257 erat:
2767 5205 2962 5274 quippe
2988 5203 3078 5273 qui
3102 5204 3268 5258 Deum
3295 5205 3421 5259 vitae
3449 5220 3569 5259 suae
3599 5213 3815 5272 semper

2200 5303 2588 5364 anteponeret,
2617 5306 2916 5367 cunctaque
2937 5298 3057 5368 ejus
3087 5308 3215 5352 nutu
3257 5308 3312 5354 et
3359 5298 3602 5355 consilio
3655 5311 3816 5369 agerc

2202 5388 2472 5454 studeret,
2505 5399 2558 5443 et
2583 5390 2872 5445 mnltormn
2913 5391 3190 5446 hominum
3227 5391 3436 5447 caadem
3468 5393 3654 5448 facere
3694 5388 3817 5445 reli-

2200 5481 2344 5550 gioni
2369 5480 2607 5536 duceret.
2652 5481 2914 5550 Quocirca
2966 5499 3074 5539 non
3120 5486 3296 5540 minus
3347 5483 3599 5541 Itostium
3654 5498 3818 5555 quam

2199 5573 2427 5628 militum
2457 5589 2677 5630 suorum
2707 5577 3020 5632 consulebat
3046 5577 3226 5633 saluti.
3269 5577 3460 5648 Itaque
3491 5580 3610 5634 suis
3640 5577 3816 5632 victo-

2198 5665 2333 5721 riam
2357 5665 2568 5737 adeptis
2596 5669 2961 5740 prmcipiebat,
2986 5679 3044 5726 ut
3071 5671 3223 5727 victis
3265 5680 3600 5742 parcerent,
3651 5680 3816 5742 utque

2195 5757 2441 5818 homines
2489 5761 2597 5817 nati
2627 5765 2927 5822 communis
2971 5763 3248 5822 hominum
3279 5771 3493 5822 natura:
3523 5764 3808 5823 meminis-
