3982 6302
169 314 226 374 ll
1230 303 1318 360 DE
1360 302 1521 360 VITA
1557 299 2016 360 CONSTANTINI
2055 299 2261 358 LIBER
2300 300 2363 356 Il.
3391 307 3467 364 η

175 437 299 485 sent.
325 419 486 492 Quod
529 421 574 478 si
606 421 745 479 forte
790 420 1017 478 militum
1067 422 1274 478 animos
1329 423 1634 480 obstinatos
1689 424 1756 480 ad
1786 425 1838 486 Α
1864 423 2009 479 velut
2051 423 2552 480 terriculamentum
2595 422 2865 496 quoddam
2921 430 2976 480 et
3021 424 3460 496 potentissimum

187 519 369 578 caedem
390 517 619 584 videret,
642 519 756 572 auri
773 516 1057 588 largitione
1073 531 1169 573 eos
1188 519 1539 588 reprimebat,
1560 516 1757 588 jubens

187 615 344 686 utqui
382 611 586 668 hostem
616 611 793 666 vivum
841 610 1099 681 cepisset,
1155 621 1306 666 certo
1350 610 1466 664 auri
1519 608 1759 681 pondere

185 708 470 764 donaretur.
494 705 668 777 Atque
697 704 837 762 hanc
863 705 1178 761 illecebram
1206 704 1273 760 ad
1303 705 1533 761 salutem
1583 705 1760 762 homi-

184 816 294 858 num
322 798 741 856 conservandam
773 799 1118 872 imperatoris
1164 799 1491 869 excogitavit
1513 798 1753 854 solertia.

181 891 314 950 Adeo
336 902 392 947 ut
420 891 632 963 plurimi
669 906 736 948 ex
767 890 898 962 ipsis
928 890 1090 947 etiam
1121 890 1366 947 barbaris
1395 889 1596 946 servati
1625 890 1756 959 sint,

179 1001 286 1044 cum
327 984 663 1058 imperatoris
690 999 882 1040 aurum
930 984 1093 1040 vitam
1142 984 1380 1056 ipsorum
1412 983 1754 1040 redemisset.

741 1099 972 1156 CAPUT
1010 1098 1153 1156 XIV.

458 1194 660 1252 Iterum
698 1195 761 1249 de
781 1195 1016 1250 oratione
1043 1196 1095 1249 in
1123 1194 1474 1250 tabernaculo.

234 1311 350 1370 Hzec
398 1320 452 1368 et
505 1311 612 1367 alia
677 1311 909 1382 plurima
970 1310 1162 1367 horum
1221 1310 1416 1366 similia
1471 1311 1762 1382 imperator

176 1406 312 1464 etiam
343 1405 476 1460 alias
501 1403 744 1480 factitare
761 1414 1138 1461 consueverat.
1168 1404 1320 1460 Tunc
1345 1406 1606 1475 temporis
1631 1417 1761 1458 vero

175 1514 437 1572 antequam
466 1499 715 1571 praelium
741 1508 1082 1568 consereret,
1128 1514 1375 1556 seOrsum
1415 1499 1468 1554 in
1513 1499 1762 1555 taberna-

175 1595 276 1652 culo
324 1597 554 1667 positus,
611 1594 964 1660 orationibus,
1013 1601 1072 1648 ut
1125 1592 1352 1659 solebat,
1384 1591 1623 1659 vacavit,
1694 1590 1762 1646 ab

176 1688 298 1745 omni
321 1687 541 1758 quidem
571 1687 696 1757 joco
721 1697 776 1742 et
805 1685 1107 1742 delicatiori
1135 1686 1258 1742 vita:
1285 1685 1434 1742 cultu
1458 1686 1759 1750 abstinens,

173 1781 368 1852 jejuniis
423 1797 561 1836 vero
625 1779 855 1852 aliisque
918 1780 1227 1849 hujusmodi
1285 1778 1761 1836 exercitationibus

177 1888 346 1944 corpus
375 1873 642 1945 fatigans,
670 1883 726 1928 et
751 1872 1235 1942 supplicationibus
1286 1888 1350 1929 ac
1393 1872 1641 1943 precibus
1689 1871 1760 1927 ita

180 1965 324 2022 Deum
378 1966 628 2036 placans,
680 1975 737 2020 ut
787 1965 1078 2038 benignum
1130 1966 1281 2022 illum
1348 1982 1412 2022 ac
1475 1967 1761 2038 propitium

181 2074 371 2116 suarum
396 2059 634 2131 partium
657 2059 960 2130 adjutoretn
989 2059 1232 2124 haberet,
1255 2075 1424 2132 eaque
1444 2069 1626 2133 ageret
1647 2076 1765 2129 quze

182 2153 254 2208 ille
279 2153 437 2208 menti
465 2167 588 2208 suae
613 2153 990 2223 suggessisset.
1043 2153 1110 2207 Et
1145 2151 1530 2209 Constantinus
1550 2153 1762 2224 quidem

182 2243 481 2318 Reipublicae
545 2245 854 2316 pervigilem
907 2260 1091 2301 curam
1134 2247 1392 2318 gerebat,
1450 2262 1555 2301 non
1599 2245 1768 2317 magis

184 2356 261 2410 pro
285 2357 504 2398 suorum
541 2357 705 2414 quam
763 2359 862 2415 pro
910 2341 1146 2400 hostium
1199 2343 1374 2400 salute
1398 2352 1523 2399 vota
1543 2343 1766 2400 faciens.

779 2456 1006 2514 CAPUT
1044 2457 1163 2514 XV.

303 2557 487 2613 Licinii
519 2558 766 2613 simulata
792 2557 1019 2612 amicitia
1057 2567 1103 2613 et
1128 2557 1385 2612 idolorum
1404 2558 1595 2611 cultus.

241 2651 499 2719 Quoniam
541 2667 674 2708 vero
696 2651 938 2708 Licinius
965 2651 1055 2724 qui
1087 2651 1246 2724 paulo
1273 2663 1398 2708 ante
1431 2651 1607 2722 fugam
1636 2649 1774 2706 inie-

188 2751 270 2810 rat,
301 2744 658 2801 simulatione
687 2755 866 2812 utens,
898 2744 1092 2799 iterum
1135 2743 1451 2810 amicitiam,
1476 2757 1539 2798 ac
1567 2741 1772 2799 foedera

189 2838 405 2892 renovari
439 2837 744 2908 poscebat;
797 2837 1092 2907 imperator
1133 2835 1188 2892 id
1234 2851 1266 2892 e
1309 2834 1602 2906 Republica
1627 2848 1770 2902 esse,

191 2938 233 2984 et
251 2933 422 3001 generi
477 2931 726 2986 humano
769 2930 1077 2986 conducere
1105 2941 1289 2997 ratus,
1336 2944 1524 3001 pacem
1556 2927 1630 2983 illi
1672 2925 1773 2983 sub

191 3025 322 3080 certis
345 3025 760 3080 conditionibus
788 3023 1068 3095 indulgere
1115 3039 1222 3078 non
1253 3022 1541 3080 recusavit.
1573 3023 1643 3077 At
1681 3019 1773 3078 Li-

193 3117 355 3187 cinius,
383 3120 578 3190 specie
600 3118 816 3191 quidem
845 3119 956 3189 ipsa
1000 3119 1236 3190 fingebat
1280 3117 1428 3190 leges
1453 3131 1515 3174 se
1545 3116 1776 3173 libenter

1791 1823 1838 1884 B

1859 516 1926 572 ad
1957 517 2272 588 depellenda
2303 521 2441 572 mala
2494 518 2906 584 munimentum,
2943 520 3176 578 hostium
3218 524 3460 582 multitu-

1859 608 1968 665 dini
1996 611 2215 680 objecit.
2247 614 2324 666 Ac
2351 611 2613 683 principio
2634 613 2848 683 quidem
2872 617 3201 685 sustinebat,
3231 635 3459 690 parcens

1860 703 2074 758 interim
2111 705 2279 774 ferro,
2327 721 2395 762 ne
2443 706 2717 762 videretur
2761 707 2906 778 prior
2961 725 3194 781 pugnam
3247 712 3454 784 iniisse,

1860 795 2022 868 idque
2047 797 2117 854 ob
2141 797 2410 857 foederum
2440 815 2561 869 quae
2589 801 2865 870 pepigerat
2893 801 3233 875 religionem.

2437 915 2669 975 CAPUT
2709 918 2872 975 XVII.

2364 1011 2685 1069 Constantini
2711 1015 2942 1072 victoria.

1932 1122 2038 1181 Sed
2068 1134 2418 1197 posteaquam
2450 1127 2633 1185 hostes
2674 1131 2947 1187 obstinato
2976 1132 3160 1189 animo
3194 1144 3456 1206 perstare,

1857 1215 2078 1288 jamque
2121 1219 2332 1288 gladios
2377 1218 2700 1290 distringere
2753 1223 3157 1293 animadvertit,
3210 1226 3457 1299 indigna-

1864 1309 2011 1366 tione
2035 1322 2358 1383 commotus,
2403 1314 2524 1370 solo
2552 1315 2790 1372 clamore
2835 1333 2900 1374 ac
2948 1321 3174 1377 minimo
3204 1324 3462 1394 temporis

1863 1414 2140 1460 momento
2167 1416 2390 1462 cunctas
2423 1407 2659 1464 hostium
2691 1411 2876 1480 copias
2904 1412 2955 1466 in
2989 1411 3167 1484 fugam
3198 1416 3380 1482 vertit,
3410 1425 3467 1473 et

1863 1495 1932 1551 de
1959 1497 2296 1556 daemonibus
2335 1491 2539 1572 pariter
2563 1509 2728 1572 atque
2773 1502 3020 1562 hostibus
3063 1506 3348 1564 victoriam
3376 1523 3464 1564 re-

1865 1590 2122 1661 portavit.

2432 1686 2663 1746 CAPUT
2702 1689 2886 1746 XVIII.

2115 1777 2304 1836 Licinii
2331 1781 2495 1838 caedes
2525 1794 2570 1839 et
2601 1786 2851 1856 triumphi
2880 1786 2944 1842 de
2970 1786 3062 1843 illo
3090 1791 3214 1845 acti.

1938 1889 2188 1948 Posthaec
2244 1894 2417 1965 ipsum
2479 1897 2573 1952 Dei
2625 1896 2834 1954 hostem
2888 1898 3113 1973 ejusque
3175 1903 3467 1962 familiares

1867 1983 1990 2041 belli
2019 1987 2142 2056 jure
2171 1987 2526 2058 dijudicatos,
2553 2006 2794 2064 congruo
2824 1995 3090 2065 supplicio
3118 1995 3320 2054 all‘ecit.
3351 1998 3468 2056 Ab-

1867 2076 2203 2136 ducebantur
2232 2081 2412 2151 itaque
2451 2099 2554 2139 una
2591 2099 2713 2139 cum
2745 2095 3010 2158 tyranno,
3053 2097 3109 2144 et
3137 2088 3345 2146 debitas
3373 2105 3470 2147 ca-

1866 2172 1996 2243 pitis
2050 2189 2237 2244 poenas
2304 2175 2506 2232 dabant
2566 2180 2893 2250 quicumque
2946 2182 3146 2240 bellum
3201 2183 3471 2242 adversus

1870 2267 2036 2323 Deum
2064 2283 2254 2338 gerere
2293 2270 2344 2326 ei
2392 2272 2708 2330 suasissent.
2751 2273 2816 2328 Et
2847 2274 2937 2346 qtti
2982 2275 3146 2347 paulo
3173 2288 3302 2334 ante
3333 2293 3471 2335 vana

1869 2373 1963 2432 spe
1992 2360 2116 2416 elati
2162 2373 2340 2432 erant,
2383 2367 2558 2435 reipsa
2588 2367 2926 2423 Constantini
2962 2367 3133 2425 Deum
3175 2372 3473 2442 amplecte-

1869 2453 2087 2521 bantur,
2117 2470 2350 2527 eumque
2373 2471 2538 2512 unum
2575 2473 2638 2514 ac
2664 2474 2855 2516 verum
2885 2459 3052 2516 Deum
3085 2476 3383 2534 agnoscere
3409 2479 3470 2520 se

1872 2555 2000 2606 tunc
2019 2549 2238 2605 demum
2265 2551 2677 2623 profitebantur.

2466 2667 2694 2725 CAPUT
2731 2667 2872 2726 XIX.

2261 2759 2481 2817 Publica
2509 2761 2688 2818 latitia
2716 2780 2776 2819 ac
2803 2765 3075 2835 festivitas.

1947 2871 2133 2944 lmpiis
2164 2873 2327 2946 igitur
2351 2891 2383 2932 e
2411 2875 2590 2932 medio
2617 2877 2866 2944 sublatis,
2891 2879 3011 2949 puri
3033 2878 3290 2952 deinceps
3315 2894 3381 2936 ac
3408 2879 3475 2936 li-

1879 2965 2026 3037 quidi
2073 2966 2202 3022 solis
2240 2968 2395 3031 radii,
2441 2970 2835 3036 cernebantur,
2870 2972 3022 3043 quasi
3072 2971 3255 3028 nubilo
3285 2981 3474 3046 tyran-

1879 3063 2014 3118 nicae
2053 3062 2436 3120 dominationis
2462 3065 2706 3135 depulso.
2731 3065 3060 3136 Cunctmque
3104 3067 3314 3137 imperii
3360 3066 3474 3124 Bo-

1880 3155 2022 3209 mani
2055 3165 2234 3225 partes
2266 3157 2319 3211 in
2363 3173 2527 3212 unum
2568 3173 2765 3228 corpus
2811 3159 3169 3215 coaluerunt:
3199 3159 3478 3216 orientali-

196 3208 1769 3325 Tlefﬁffﬁd‘f'f'j‘ff‘flf’j“[ff‘fffﬁ'f‘f’P‘fgXf’f'ff'jf‘:
1799 3222 1846 3286 C
1877 3208 1982 3303 bus
2022 3208 2318 3318 piatas;
2353 3208 3477 3325 satissatis;aurai.,“;.‘.;;;.;;;.

197 3304 310 3359 culte
336 3305 636 3360 militarem
663 3313 978 3375 apparatum
1015 3305 1346 3373 instruebat,
1377 3314 1540 3376 atque
1570 3304 1766 3359 iterum

197 3393 360 3452 bellum
390 3396 626 3462 inferre,
654 3397 852 3452 iterum
884 3411 1116 3467 pugnam
1147 3397 1452 3452 instaurare
1479 3394 1776 3452 meditaba-

200 3496 281 3546 tur.
303 3490 400 3547 Sed
424 3501 478 3547 et
508 3490 878 3546 Barbarorum
905 3489 1106 3544 auxilia
1129 3491 1366 3559 undique
1388 3489 1770 3560 conquirebat,

201 3591 243 3636 et
267 3599 418 3640 novos
461 3585 894 3653 circumquaque
942 3583 1301 3653 investigabat
1327 3582 1458 3638 deos
1487 3599 1500 3635 :
1537 3589 1718 3651 utpote
1743 3594 1774 3634 a

201 3675 430 3744 prioribus
458 3678 513 3733 in
547 3675 795 3732 lraudem
827 3675 1096 3732 inductus.
1126 3675 1236 3731 Nec
1264 3675 1527 3730 memoria
1557 3684 1772 3744 repete-

202 3764 288 3833 bat,
324 3787 434 3841 quae
475 3769 650 3842 paulo
697 3784 824 3824 ante
852 3769 921 3825 de
964 3769 1070 3825 diis
1115 3768 1169 3824 in
1214 3769 1477 3824 concione
1525 3766 1772 3822 dixisset.

205 3861 290 3921 Nec
314 3867 468 3924 Deum
501 3869 603 3940 qui
631 3882 728 3940 pro
753 3868 1106 3925 Constantino
1129 3876 1554 3940 prapugnasset,
1587 3881 1780 3938 agnos-

207 3974 305 4019 cere
328 3965 528 4022 volebat
561 3983 576 4019 :
608 3965 703 4020 sed
731 3964 902 4020 multo
927 3964 1111 4036 plures
1153 3979 1216 4020 ac
1275 3963 1606 4020 recentiores
1643 3962 1778 4018 deos

209 4067 290 4110 non
316 4057 424 4116 sine
444 4062 561 4117 risu
595 4073 661 4115 ac
681 4058 917 4116 ludibrio
945 4060 1116 4131 coepit
1141 4060 1484 4132 conquirere.

771 4172 1002 4234 CAPUT
1041 4175 1183 4232 XVI.

214 4261 440 4327 Quonrodo
469 4267 713 4325 Licinius
763 4270 1013 4325 militibus
1061 4271 1379 4343 prwceperit,
1430 4287 1494 4328 ne
1537 4269 1782 4326 adversus

490 4363 670 4418 crucis
699 4363 904 4434 signum
932 4363 1178 4435 impetum
1209 4363 1453 4434 facerent.

270 4453 516 4528 Posthac,
538 4475 670 4515 cum
694 4461 872 4528 reipsa
900 4458 1181 4515 didicisset
1210 4475 1463 4515 arcanam
1494 4458 1782 4531 quamdam

218 4558 264 4601 ac
285 4547 498 4606 divinam
531 4552 834 4622 potentiam
864 4552 918 4605 in
949 4550 1174 4606 salutari
1203 4562 1406 4622 tropaeo
1438 4552 1622 4607 inesse
1641 4592 1658 4618 ,
1685 4566 1782 4606 cu—

220 4636 286 4705 lus
309 4658 398 4713 ope
424 4645 770 4701 Constantini
797 4645 1071 4701 exercitus
1101 4645 1380 4701 victoriam
1411 4645 1621 4701 referre
1649 4659 1780 4701 cou-
1807 4623 1861 4684 Ῑ)

224 4735 480 4804 suevisset,
507 4739 710 4795 milites
739 4753 869 4794 suos
911 4738 1212 4805 admonuit,
1261 4755 1329 4795 ne
1358 4755 1427 4794 ex
1454 4738 1681 4795 adverso
1702 4737 1782 4794 illi

221 4830 660 4898 congrederentur,
687 4847 824 4889 neve
847 4831 903 4887 irt
927 4832 1057 4888 illud
1086 4841 1294 4889 temere
1318 4848 1381 4888 ac
1405 4831 1626 4888 fortuito
1655 4847 1782 4888 ocu-

224 4913 287 4972 los
324 4923 661 4994 conjicerent.
691 4926 900 4996 Quippe
955 4925 1086 4981 illud
1131 4930 1346 4997 signum
1391 4927 1696 4982 incredibili
1728 4925 1784 4982 vi

227 5009 434 5083 pollere,
489 5033 553 5074 ac
603 5017 709 5074 sibi
776 5017 1025 5088 privatim
1073 5017 1328 5075 infestum
1386 5019 1784 5090 adversamque

226 5111 322 5158 esse
389 5108 597 5175 aiebat,
667 5118 829 5181 atque
896 5111 1100 5166 idcirco
1165 5110 1465 5167 cavendum
1525 5127 1646 5168 esse
1714 5128 1784 5168 ne

229 5194 446 5256 adversus
473 5205 645 5274 ipsum
689 5219 864 5275 pugna
915 5203 1163 5260 iniretur.
1195 5203 1292 5260 llis
1344 5206 1415 5260 ita
1446 5207 1786 5276 compositis,

231 5289 450 5352 adversus
465 5297 635 5366 illum,
655 5298 746 5370 qui
767 5312 864 5368 pro
884 5297 1069 5352 innata
1094 5297 1384 5354 clementia
1413 5301 1783 5368 cunctabatur,

236 5393 280 5438 et
300 5391 376 5457 qui
427 5392 710 5450 imminens
755 5393 857 5464 ipsi
908 5392 1128 5448 exitium
1171 5391 1496 5460 differebat,
1557 5395 1788 5465 prieliari

233 5481 489 5539 constituit.
528 5485 596 5540 Et
627 5484 892 5540 Liciniani
923 5483 1140 5555 quidem
1169 5483 1394 5540 deorum
1446 5487 1791 5544 multitudine

236 5575 412 5644 confisi,
430 5593 547 5634 cum
576 5579 882 5652 iungentibus
907 5578 1077 5648 copiis
1123 5581 1633 5650 progrediebantur;
1664 5598 1792 5638 nes-

239 5662 305 5716 ¢i0
326 5684 433 5738 quze
475 5684 799 5731 mortuorum
847 5674 1136 5729 simulacra
1181 5684 1235 5730 et
1280 5685 1487 5732 statuas
1529 5679 1798 5734 inanimes

241 5761 438 5819 pmsidii
463 5780 613 5823 cauSa
626 5767 996 5840 prreferentes.
1022 5764 1410 5826 Constantinus
1431 5785 1561 5826 vero
1584 5769 1799 5840 pietatis

243 5842 376 5907 lorica
404 5868 684 5932 contectus,
702 5865 936 5920 salutare
961 5876 1017 5924 et
1055 5863 1326 5923 viviﬁcum
1348 5866 1525 5924 crucis
1544 5865 1754 5938 signum
1780 5905 1797 5935 ,

638 5962 912 6025 Pnnox.
963 5965 1130 6029 VIII.

1878 3342 2116 3398 omnium
2150 3344 2388 3414 principe
2409 3353 2661 3414 tanquam
2687 3348 2862 3417 capite
2889 3346 3143 3418 quodam,
3176 3357 3345 3402 totum
3375 3348 3478 3402 im-

1879 3435 2012 3506 perii
2040 3451 2238 3506 Corpus
2278 3437 2594 3508 refulgebat.
2654 3439 2813 3493 unius
2841 3439 3208 3495 dominatione
3253 3449 3478 3496 cunctos

1879 3527 2126 3584 homines
2154 3531 2562 3600 complectente.
2599 3531 2662 3586 Et
2683 3533 2771 3603 qui
2804 3533 2951 3603 prius
2980 3533 3032 3588 in
3062 3533 3297 3590 tenebris
3336 3543 3390 3588 et
3419 3534 3474 3588 in

1879 3625 2070 3679 umbra
2091 3625 2284 3678 mortis
2305 3624 2582 3692 sedebant,
2602 3625 2664 3680 iis
2681 3635 2808 3681 tunc
2823 3627 3245 3697 Splendidissimi
3267 3627 3480 3698 pietatis

1879 3716 2015 3772 radii
2046 3717 2196 3772 laetos
2224 3717 2339 3773 dies
2369 3719 2714 3788 praestabant.
2744 3717 2855 3775 Nec
2887 3720 3282 3789 praeteritorum
3312 3719 3484 3774 malo-

1881 3825 2001 3866 rum
2026 3811 2133 3866 ulla
2159 3809 2270 3882 jam
2301 3820 2582 3882 supererat
2611 3812 2939 3876 recordatio,
2987 3829 3111 3870 cum
3141 3829 3330 3869 omnes
3359 3814 3482 3870 ubi-

1880 3921 1984 3976 que
2015 3905 2268 3960 victorem
2297 3903 2548 3960 laudibns
2572 3904 2935 3966 celebrarent.
2969 3905 3195 3977 ejusque
3223 3915 3474 3962 servato-

1881 4013 1995 4053 rem
2029 3997 2194 4053 Deum
2225 3995 2400 4052 solum
2429 4012 2489 4053 se
2517 4012 2812 4068 agnoscere
2844 3997 3251 4067 profiterentur.
3284 3996 3482 4052 Noster

1883 4106 2014 4148 vero
2059 4091 2203 4147 omni
2254 4105 2455 4162 genere
2499 4090 2714 4161 pietatis
2762 4091 3042 4147 excellens
3092 4089 3484 4148 Constantinus

1883 4185 2055 4241 victor
2077 4185 2206 4257 (hoc
2231 4185 2375 4241 enim
2421 4184 2992 4241 convenientissimum
3033 4184 3134 4240 sibi
3179 4199 3486 4258 cognomen

1883 4278 2217 4349 comparavit
2245 4279 2315 4334 ob
2337 4279 2592 4334 victorias
2633 4277 2702 4333 de
2739 4277 2984 4333 hostibus
3033 4289 3089 4334 et
3121 4278 3353 4335 inimicis
3382 4276 3486 4350 ipsi

1886 4387 1915 4428 a
1947 4373 2056 4429 Deo
2081 4373 2278 4444 ubique
2296 4368 2607 4442 concessas)
2637 4369 2912 4427 Orientem
2943 4373 3171 4442 recepit,
3223 4381 3278 4428 et
3307 4372 3486 4442 impe-

1888 4465 2026 4520 rium
2055 4465 2354 4520 Romanum
2381 4463 2614 4520 solidum
2641 4463 2778 4518 sicut
2807 4462 2934 4518 olim
2967 4461 3173 4530 fuerat,
3206 4473 3261 4519 et
3287 4462 3488 4520 coadu-

1888 4567 2094 4624 natum,
2127 4557 2229 4612 sub
2276 4571 2426 4610 suam
2462 4556 2622 4610 unius
2656 4562 2975 4623 potestatem
3025 4553 3254 4624 redegit.
3281 4552 3362 4609 Ac
3393 4553 3490 4610 Dei

1889 4651 2106 4723 quidem
2130 4650 2288 4705 unius
2317 4648 2741 4704 dominationem
2771 4648 2976 4718 primus
3006 4647 3254 4702 omnibus
3287 4647 3490 4718 prtedi-

1890 4744 2076 4798 cavit:
2112 4744 2228 4812 ipse
2257 4756 2388 4798 vero
2427 4741 2702 4812 singulare
2744 4753 2962 4811 quoque
3009 4739 3292 4810 imperium
3340 4739 3491 4797 orbis

1892 4835 2120 4892 Romani
2162 4845 2372 4902 tenens,
2401 4835 2709 4889 universum
2754 4848 2923 4903 genus
2955 4833 3247 4888 humanum
3290 4833 3492 4905 guber-

1893 4930 2059 4983 navit.
2083 4927 2272 4982 Omnis
2294 4927 2406 4996 jam
2439 4939 2615 4982 metus
2645 4924 2912 4980 malorum
2935 4923 3130 4995 quibus
3173 4927 3352 4982 cuncti
3392 4926 3494 4981 ho-

1891 5021 2068 5077 mines
2109 5019 2358 5090 Oppressi
2395 5018 2636 5086 fuerant,
2686 5019 2902 5088 penitus
2945 5017 3243 5074 exciderat.
3298 5020 3365 5074 Et
3403 5018 3497 5091 qui

1894 5113 2044 5184 prius
2073 5113 2249 5168 nitesti
2268 5111 2516 5176 fuissent,
2551 5121 2674 5165 tunc
2695 5109 2852 5165 hilari
2880 5110 3028 5165 vultu
3053 5110 3296 5182 laetisque
3320 5112 3496 5169 oculis

1893 5219 2016 5262 sese
2045 5214 2231 5261 mutuo
2256 5203 2622 5261 intuebantur.
2655 5201 2850 5258 Cltoris
2879 5211 3139 5273 praeterea
3175 5213 3230 5258 et
3256 5202 3493 5276 hymnis,

1896 5301 2126 5366 primum
2154 5295 2374 5369 quidem
2412 5297 2578 5350 Deum
2607 5294 2847 5350 omnium
2879 5293 3107 5364 Regem,
3142 5306 3303 5366 prout
3340 5297 3496 5352 insti-

1895 5395 1992 5448 tuti
2021 5393 2266 5457 fuerant;
2300 5391 2498 5447 deinde
2545 5393 2802 5446 victorem
2831 5390 3164 5462 Augustum,
3191 5401 3246 5446 et
3287 5393 3503 5448 modes-

1898 5489 2138 5543 tissitnos
2164 5486 2382 5556 Deoqne
2403 5485 2715 5540 carissimos
2738 5484 2851 5554 ejus
2873 5484 3077 5539 liberos
3096 5484 3365 5548 Caesares,
3385 5484 3504 5540 sine

1901 5582 2009 5638 ulla
2049 5581 2451 5636 intermissione
2480 5579 2848 5634 celebrabant.
2883 5577 3038 5632 Nulla
3069 5577 3180 5647 jam
3205 5582 3506 5646 prmterita-

1900 5691 2022 5732 rum
2043 5674 2432 5740 calamitatum,
2474 5673 2620 5728 nulla
2652 5672 2945 5743 impietatis
2970 5673 3232 5726 memoria
3253 5683 3508 5744 suppete-

1902 5770 1994 5827 bat
2023 5788 2036 5825 :
2073 5769 2169 5826 sed
2197 5769 2540 5840 praesentium
2590 5769 2852 5824 bonorum
2903 5766 3111 5823 fructus
3141 5782 3264 5824 cum
3297 5769 3506 5830 futuro-

1906 5879 2024 5921 rum
2053 5879 2168 5937 _spe
2199 5872 2360 5934 atque
2389 5862 2789 5935 exspectatione
2819 5861 3236 5934 percipiebatur.

2971 5959 3012 6021 2
