3982 6302
387 318 461 382 η
1744 305 2003 367 ΕυΒΕΒΕ

2118 303 2379 362 iMPHlLI
3617 290 3688 358 44

992 428 1223 492 CAPUT
1260 431 1381 489 XX.

499 530 771 603 W0
797 542 894 603 pro
921 528 1311 601 Confessm’bus
1340 526 1710 584 Constantinus
1742 527 1879 599 leges

1073 623 1316 679 sanxerit.

464 739 617 798 Tunc
641 736 807 797 etiam
831 732 975 813 apud
1025 746 1149 805 nos,
1177 739 1317 795 sicut
1345 748 1500 794 antea
1558 736 1701 809 apud
1747 736 1867 793 illos
1898 736 1989 809 qui

391 833 619 891 alteram
645 830 794 889 Orbis
820 838 1026 903 partem
1050 827 1310 895 incolunt,
1336 829 1609 900 proposita
1657 838 1782 885 sunt
1824 828 1992 900 impe-

393 927 591 984 ratoris
612 925 789 982 edicta
813 926 968 997 plena
997 920 1348 980 banranitatis
1373 941 1387 977 :
1416 932 1474 979 et
1498 924 1645 995 leges
1666 938 1787 994 quae
1811 923 1989 978 since-

396 1034 514 1075 ram
540 1034 606 1076 ac
634 1019 942 1090 religiosam
970 1018 1066 1073 Dei
1094 1018 1498 1074 observantiam
1526 1017 1816 1087 spirarent,
1848 1015 1992 1069 varia

396 1111 658 1184 cujusque
683 1111 897 1182 generis
927 1111 1069 1167 bona
1093 1109 1233 1166 haud
1261 1108 1421 1166 dubia
1451 1125 1549 1179 spe
1566 1108 1990 1180 pollicebantur;

396 1217 600 1265 cumet
644 1205 1063 1278 provincialibus
1105 1203 1431 1274 largireatur
1468 1219 1592 1275 quae
1640 1202 1709 1258 ad
1753 1202 1996 1273 ipsorum

396 1301 685 1359 utilitatem
722 1299 1074 1371 spectabant;
1126 1308 1185 1355 et
1212 1296 1472 1354 Ecclesiis
1510 1296 1609 1353 Dei
1659 1311 1897 1367 congrua
1942 1304 2003 1350 et

402 1393 781 1452 convenientia
819 1401 1146 1449 statuerent.
1177 1393 1258 1448 Ac
1287 1391 1520 1462 primum
1544 1390 1760 1462 quidem
1790 1406 1889 1447 eos
1906 1390 2001 1460 qui

400 1497 689 1559 propterea
717 1483 861 1559 quod
892 1484 1056 1541 idolis
1082 1485 1390 1541 sacriﬁcare
1412 1485 1739 1552 noluissent,
1761 1500 1794 1539 a
1822 1493 2001 1540 recto-

396 1580 549 1635 ribus
582 1580 985 1652 provinciarum
1040 1578 1288 1650 relegati,
1340 1590 1396 1635 et
1439 1595 1504 1635 ex
1552 1579 1723 1651 patria
1769 1579 2003 1649 migrare

396 1676 663 1746 compulsi
687 1686 864 1739 erant,
892 1673 1114 1730 domum
1157 1684 1501 1731 revocarunt.
1536 1673 1644 1729 Eos
1684 1672 1881 1729 deinde
1909 1674 2001 1744 qui

399 1769 648 1825 eamdem
682 1771 752 1825 ob
804 1782 1022 1826 causam
1075 1767 1245 1824 curiis
1284 1767 1482 1823 addicti
1508 1767 1747 1835 fueram,
1772 1765 1999 1837 publicis

2018 430 2065 490 Α
2094 425 2279 484 felices
2321 423 2614 497 praedicare
2660 435 2767 479 non
2810 417 3159 488 dubitabant;
3192 430 3390 476 novum
3418 417 3687 491 quoddam

2090 520 2408 576 miraculum
2439 528 2493 575 et
2512 517 2673 591 quale
2697 517 2844 574 nulla
2881 531 3115 588 unquam
3147 514 3250 572 sub
3288 510 3449 572 coelo
3471 513 3695 571 vidisset

2091 619 2247 680 aetas,
2274 621 2483 669 tantum
2536 611 2743 669 scilicet
2795 612 3181 682 imperatorem
3227 602 3466 664 humano
3506 607 3695 679 generi

2094 707 2364 765 aﬂ‘ulsisse
2392 715 2674 765 testantes.
2704 704 2880 778 Atque
2908 704 2962 761 hi
2988 702 3206 778 quidem
3254 704 3329 761 ita
3360 703 3689 762 sentiebant.

2664 816 2894 879 CAPUT
2929 817 3119 877 XXIII.

2170 912 2322 987 Quod
2351 912 2518 973 Deum
2546 915 2796 972 bonorum
2822 928 3083 972 auctorem
3112 915 3433 987 praedicavit,
3489 924 3537 972 et
3564 916 3629 971 de

2664 1008 2858 1081 legibus
2882 1008 3134 1084 ejusdem.

2169 1103 2467 1174 Imperator
2511 1112 2691 1160 autem
2743 1104 2880 1175 ipse,
2905 1102 2996 1158 ubi
3024 1113 3217 1159 cuncta
3263 1103 3357 1160 Dei
3407 1104 3702 1161 servatoris

2099 1195 2295 1251 virtute
2321 1197 2421 1252 sub
2450 1194 2708 1252 ditionem
2732 1210 2884 1251 suam
2915 1193 3152 1268 redegit,
3181 1211 3303 1253 eum
3333 1199 3426 1269 qui
3454 1196 3572 1254 hazc
3601 1198 3704 1268 ipsi

2096 1288 2240 1346 bona
2292 1290 2632 1360 praestitisset
2683 1289 2935 1345 omnibus
2982 1290 3161 1360 palam
3212 1288 3379 1355 fecit,
3444 1290 3706 1361 illumque

2096 1385 2448 1441 victoriarum
2496 1395 2773 1442 auctorem
2830 1385 3021 1456 fuisse,
3044 1400 3154 1442 non
3202 1395 3383 1443 autem
3438 1386 3704 1458 seipsnm,

2101 1479 2377 1551 professus
2403 1492 2509 1539 est.
2539 1481 2705 1554 quue
2741 1481 2937 1539 litteris
2981 1491 3094 1538 tum
3136 1482 3311 1537 latino
3352 1490 3469 1539 tam
3522 1495 3711 1555 graeco

2101 1589 2356 1631 sermone
2404 1575 2623 1646 scriptis
2668 1583 2725 1632 et
2767 1574 2836 1630 ad
2890 1589 3080 1632 omnes
3129 1575 3439 1646 provincias
3484 1575 3707 1643 missis,

2103 1667 2435 1739 pradicavit.
2482 1668 2653 1725 Porro
2703 1669 2964 1724 orationis
2991 1670 3099 1724 vim
3146 1683 3211 1724 ac
3254 1669 3508 1725 virtutem
3550 1669 3715 1726 facile

2106 1773 2397 1833 cognoscet
2442 1763 2683 1834 quisquis
2727 1762 2985 1833 epistolas
3026 1763 3172 1834 ipsas
3212 1764 3521 1835 per-legerit.
3570 1762 3719 1820 Sunt

398 1862 768 1919 funetionibus
794 1863 1088 1918 liberarunt
1120 1880 1133 1916 :
1163 1870 1219 1919 et
1263 1863 1353 1933 qui
1396 1830 1739 1918 facultatibus
1772 1830 2000 1931 spoliati
2030 1830 2078 1897 Β
2105 1830 2289 1910 autem
2318 1855 2439 1911 duae
2462 1830 2486 1910 ⁷τ
2518 1830 2689 1912 altera
2719 1830 2786 1911 ad
2820 1830 3094 1913 Ecclesiae
3125 1830 3451 1914 Dei—directa
3478 1897 3494 1923 ,
3535 1858 3715 1914 altera

400 1954 646 2024 fuissent,
682 1954 746 2011 iis
778 1955 916 2011 bona
946 1971 1042 2010 sua
1068 1955 1280 2011 restitui
1307 1962 1697 2025 praeceperunt.
1730 1952 2003 2008 Praeterea

400 2047 494 2117 qui
543 2044 933 2117 persecutionis
980 2054 1224 2119 tempore
1261 2044 1442 2102 divina
1497 2047 1697 2102 virtute
1738 2045 1998 2114 roborati,

402 2136 727 2195 fortitudinis
748 2149 801 2195 et
821 2141 1139 2196 constantia:
1157 2139 1364 2195 illustre
1387 2140 1663 2210 specimen
1685 2138 1999 2206 ediderant,

402 2239 495 2287 aut
522 2228 590 2288 ad
637 2228 849 2289 metalla
882 2232 1144 2300 damnati,
1191 2241 1250 2289 ut
1279 2234 1537 2289 continuo
1565 2233 1754 2290 labore
1795 2233 1869 2289 ibi
1916 2233 2004 2289 di-

403 2334 726 2382 vexarentur
747 2366 764 2394 ,
795 2334 891 2382 aut
933 2327 986 2381 in
1029 2327 1263 2383 insulam
1290 2327 1559 2397 deportati
1580 2372 1597 2395 ,
1631 2340 1721 2384 aut
1772 2329 2005 2399 publicis

403 2416 658 2489 operibus
705 2416 997 2490 mancipati
1029 2418 1241 2476 fuerant
1266 2463 1282 2489 ,
1312 2420 1396 2476 his
1424 2422 1676 2477 omnibus
1703 2421 1885 2476 subito
1911 2437 2005 2477 so-

401 2511 497 2567 luti
521 2510 782 2570 molestiis
814 2512 1122 2570 libertatem
1152 2515 1335 2588 adepti
1366 2526 1513 2572 sunt.
1543 2516 1651 2572 Sed
1678 2525 1734 2572 et
1754 2517 2007 2588 quicum—

400 2621 507 2678 que
529 2607 598 2663 ob
628 2607 901 2678 egregiam
931 2608 983 2662 in
1014 2608 1297 2664 retinenda
1338 2609 1602 2681 religione
1639 2610 2002 2666 constantiam

400 2697 609 2755 honore
637 2699 844 2755 militiae
873 2699 1085 2771 spoliati
1115 2711 1291 2769 erant,
1321 2714 1415 2757 eos
1447 2704 1787 2774 imperatoris
1828 2702 2003 2757 muni-

404 2790 622 2847 iicentia
652 2792 721 2846 ab
753 2791 853 2846 hac
872 2790 1165 2862 ignominia
1183 2794 1483 2861 revocavit;
1517 2795 1759 2867 ipsorum
1779 2794 2004 2852 arbitrio

402 2895 467 2939 ae
495 2883 759 2939 voluntati
790 2886 1125 2954 permittens,
1154 2896 1214 2940 ut
1243 2887 1327 2941 vel
1376 2888 1588 2958 propria
1617 2896 2006 2959 recuperarent

402 2974 604 3042 ofﬁcia,
634 2984 690 3032 et
733 2976 961 3046 pristino
990 2978 1211 3033 honoris
1249 2978 1417 3049 gradu
1447 2980 1773 3048 fruerentur,
1813 2980 1925 3047 vel,
1957 2978 2003 3036 si

401 3069 640 3141 quietam
674 3069 835 3125 vitam
860 3069 1065 3141 degens
1093 3071 1335 3141 mallent,
1379 3072 1448 3128 ab
1467 3075 1717 3129 omnibus
1748 3074 2004 3144 deinceps

402 3161 771 3219 tenuioribus
811 3163 1080 3219 immunes
1113 3173 1512 3235 permanerent.
1567 3166 1807 3238 Denique
1846 3172 2004 3237 quot-

405 3264 538 3325 quot
578 3255 889 3326 ignominiae
931 3224 1403 3329 causa.gynseciis
1443 3224 1739 3331 mancipati
1766 3224 2000 3328 fuerant,
2029 3242 2073 3305 C
2108 3224 2156 3273 Vi

406 3359 503 3402 eos
528 3346 827 3417 imperator
854 3349 1084 3418 perinde
1107 3364 1172 3405 ac
1192 3360 1420 3407 cateros
1440 3351 1690 3409 libertate
1719 3351 1962 3408 donavit.

994 3460 1226 3521 CAPUT
1266 3460 1407 3521 XXI.

409 3553 677 3621 Quomodo
721 3555 875 3610 etiam
910 3570 1007 3627 pro
1053 3560 1363 3630 martyribus
1408 3568 1456 3615 et
1507 3578 1600 3633 pro
1648 3559 2005 3618 Ecclesiarum

934 3649 1142 3718 prwdiis
1170 3648 1307 3722 teges
1338 3652 1470 3706 tulit.

478 3760 549 3822 Et
602 3765 719 3823 haec
768 3764 984 3837 quidem
1034 3767 1105 3823 de
1140 3764 1209 3823 iis
1237 3771 1327 3840 qui
1369 3770 1467 3825 ista
1512 3773 1757 3843 perpessi
1799 3780 2003 3837 essent,

402 3858 696 3930 imperator
749 3860 964 3931 scriptis
1006 3858 1244 3941 legibus
1334 3863 1635 3920 constituit.
1701 3865 1775 3921 De
1848 3865 2009 3921 bouis

404 3962 586 4009 autem
632 3967 859 4022 eorum,
930 3954 1048 4026 lege
1107 3954 1450 4025 imperatoris
1499 3956 1814 4029 plenissime
1874 3973 2007 4014 cau-

406 4054 520 4102 tum
566 4056 669 4102 est.
701 4042 833 4101 Nam
883 4056 1191 4103 sanctorum
1238 4049 1330 4104 Dei
1377 4060 1678 4123 martyrum
1723 4050 1865 4107 bona
1916 4052 2011 4123 qui

406 4138 463 4195 in
495 4138 611 4211 ipsa
661 4136 1003 4197 confessione
1028 4151 1258 4198 mortem
1286 4144 1550 4200 obiissent
1574 4186 1589 4212 ,
1621 4145 1689 4200 ad
1730 4145 2010 4217 proximos

409 4248 598 4291 eorum
646 4231 858 4289 devolvi
899 4234 1082 4305 jussit.
1115 4234 1269 4305 Quod
1315 4239 1362 4293 si
1412 4239 1591 4294 nullus
1634 4254 1835 4310 genere
1873 4239 2009 4310 ipsis

409 4328 733 4397 coniunctus
759 4329 1107 4399 reperiretur,
1138 4329 1508 4387 hereditatem
1537 4346 1726 4387 eorum
1748 4332 2009 4389 Ecclesiis

413 4424 641 4491 deferri;
669 4424 809 4481 bona
838 4425 963 4480 item
994 4440 1113 4495 quae
1131 4440 1200 4480 ex
1225 4426 1354 4481 lisco
1382 4427 1466 4481 vel
1495 4443 1590 4497 per
1610 4424 1970 4482 venditionem
1990 4468 2007 4493 ,

411 4519 496 4575 vel
522 4536 617 4589 per
646 4518 993 4574 donationem
1031 4517 1098 4573 ad
1124 4519 1260 4574 alios
1303 4519 1561 4575 translata
1611 4519 1863 4589 fuerant,
1920 4530 2012 4577 aut

411 4627 532 4679 qua:
562 4627 723 4681 penes
750 4608 935 4665 iiscum
961 4621 1334 4666 remanserant
1361 4610 1594 4666 dominis
1612 4612 1820 4667 restitui
1841 4611 2007 4667 debe-

414 4690 494 4770 re,
520 4702 866 4775 indulgentiae
884 4703 1178 4773 imperialis
1200 4702 1424 4774 epistola
1451 4704 1891 4775 praecipiebatEt
1910 4705 2011 4761 hu-

406 4796 645 4867 jusmudi
667 4795 880 4866 quidem
906 4796 1163 4851 beneﬁcia
1180 4798 1232 4849 in
1249 4796 1547 4852 Ecclesiam
1563 4797 1659 4852 Dei
1677 4798 2010 4855 contulitbe-

414 4888 647 4961 nignitas
661 4887 936 4961 principis,
955 4888 1165 4959 legibus
1176 4904 1273 4959 per
1283 4904 1472 4946 omnes
1485 4890 1793 4960 provincias
1809 4891 2008 4948 missis.

1003 5004 1229 5061 CAPUT
1269 5004 1437 5061 XXII.

696 5097 966 5164 Quomodo
991 5098 1145 5152 etiam
1171 5100 1390 5169 populos
1410 5101 1729 5154 narrauerit.

490 5192 711 5264 Populis
735 5208 869 5249 vero
886 5210 925 5249 at
951 5192 1054 5249 fide
1082 5203 1268 5249 ttostra
1296 5193 1489 5249 alienis
1515 5203 1569 5250 et
1594 5196 1859 5250 universis
1882 5211 2012 5265 pro-

418 5289 631 5355 vinciis,
665 5290 831 5345 multo
861 5289 1015 5357 plura
1034 5302 1107 5343 ac
1132 5287 1337 5358 majora
1363 5288 1582 5343 donavit
1613 5289 1870 5359 poincipis
1896 5305 2012 5345 mu-

417 5382 708 5440 nificentia.
732 5381 968 5439 Proinde
997 5396 1188 5437 omnes
1215 5390 1520 5438 nostrarum
1548 5384 1779 5454 partium
1798 5384 2008 5453 incolas,

417 5477 509 5547 qui
535 5476 685 5547 prius
725 5475 1009 5532 audientes
1046 5491 1113 5530 ea
1160 5491 1283 5546 quae
1335 5475 1388 5530 in
1419 5477 1589 5532 altera
1617 5488 1767 5548 parte
1797 5479 2011 5550 imperii

421 5570 650 5626 Romani
698 5579 1053 5641 gererentur,
1109 5568 1296 5625 beatos
1345 5570 1709 5640 pratdicehant
1757 5573 1877 5628 illos
1921 5577 2010 5643 qui

421 5662 585 5719 tantis
607 5661 954 5719 afficerentur
984 5660 1290 5730 beneﬂciis,
1323 5671 1378 5718 et
1405 5664 1496 5735 qui
1531 5663 1848 5721 ardentibus
1870 5667 2012 5723 votis

418 5754 697 5824 optabant,
749 5764 805 5808 ut
854 5752 1043 5809 iisdem
1086 5753 1242 5810 benis
1304 5754 1407 5825 ipsi
1465 5772 1679 5828 quoque
1722 5758 2014 5830 aliquando

421 5844 744 5913 fruerentur,
804 5845 920 5901 htth
947 5845 1118 5902 oculis
1148 5844 1261 5903 suis
1292 5857 1633 5919 spectantes,
1663 5850 1873 5921 seipsos
1899 5852 2009 5922 jam

2105 1946 2173 2002 ad
2216 1947 2548 2019 singularum
2604 1948 2819 2004 urbium
2867 1949 3093 2019 popnios
3130 1964 3161 2005 a
3209 1958 3394 2006 nostra
3445 1950 3719 2023 religione

2105 2040 2333 2097 alienos.
2377 2041 2547 2110 Quam
2595 2042 2816 2112 quidem
2863 2051 3050 2111 utpote
3095 2044 3347 2113 ιιι-πιδεΜί
3390 2051 3717 2116 argumento

2105 2137 2675 2191 couvenientissimam
2722 2136 2811 2193 hic
2842 2137 3188 2193 inserendam
3241 2152 3365 2195 esse
3392 2139 3522 2195 duxi
3546 2182 3561 2208 ,
3593 2149 3713 2195 tum

2105 2236 2167 2284 ut
2217 2228 2567 2285 historiarum
2592 2231 2963 2287 metuentis
2988 2232 3199 2302 prodita
3229 2233 3349 2302 ejus
3380 2232 3716 2304 exemplaria

2107 2319 2251 2393 apud
2278 2331 2526 2391 posteros
2556 2332 2824 2393 perpetuo
2845 2334 3272 2391 conserventur,
3307 2332 3421 2379 tum
3473 2331 3533 2379 ut
3582 2338 3721 2380 nar-

2106 2413 2333 2469 rationis
2376 2425 2577 2470 nostrae
2635 2413 2860 2471 ﬁdesne
2916 2416 3115 2472 veritas
3158 2414 3527 2472 confirmetur.
3576 2416 3717 2472 Des-

2106 2506 2281 2577 cripta
2316 2517 2497 2563 autem
2528 2517 2614 2564 est
2652 2523 2719 2563 ex
2751 2509 3068 2564 authentico
3106 2506 3403 2578 exemplari
3429 2507 3564 2578 legis
3605 2509 3718 2563 im-

2107 2600 2352 2672 perialis,
2384 2602 2528 2672 quod
2554 2602 2695 2672 apud
2725 2617 2826 2657 nos
2846 2612 3114 2658 servatur.
3139 2599 3239 2655 Cui
3267 2601 3528 2672 principis
3549 2616 3718 2656 manu

2107 2695 2356 2764 apposita
2385 2694 2716 2764 subscriptio
2742 2694 3004 2750 orationis
3033 2704 3241 2750 nostra:
3279 2694 3565 2751 veritatem
3589 2702 3719 2750 tan-

2108 2801 2266 2857 quam
2296 2785 2469 2858 sigillo
2500 2786 2733 2857 quodam
2761 2788 2977 2842 astruit.

2668 2877 2897 2936 CAPUT
2937 2878 3131 2935 XXIV.

2107 2970 2219 3030 Lex
2263 2974 2583 3030 Constantini
2609 2973 2671 3029 de
2714 2975 2904 3045 pietate
2950 2975 3005 3028 in
3034 2972 3295 3043 Deneget
3337 2974 3403 3030 de
3428 2972 3725 3033 christiana

2789 3069 3054 3141 religione.

2195 3160 2331 3228 Hane
2358 3160 2544 3228 legem,
2568 3176 2680 3228 qua:
2694 3163 2757 3214 ab
2781 3165 2872 3213 hoc
2887 3164 3046 3228 capite
3058 3176 3174 3215 xxrv
3187 3164 3250 3228 ad
3267 3178 3380 3228 xum
3403 3161 3721 3224 extenditur,

2194 3224 2290 3273 esis
2309 3223 2449 3289 infra,
2476 3224 2559 3276 ubi
2584 3223 2745 3278 series
2764 3223 2972 3291 cperunt
2997 3224 3344 3291 Constantini.)

2679 3331 2905 3388 CAPUT
2947 3328 3130 3387 XLIII.

2115 3424 2382 3491 Quomodo
2410 3425 2774 3482 Constantinus
2809 3444 2867 3481 ea
2895 3442 3009 3498 quae
3044 3425 3242 3498 legibus
3277 3434 3520 3482 sanxerat
3556 3425 3717 3498 [actis

2136 3516 2139 3519 ’
2662 3520 2788 3592 ipsis
2815 3521 3155 3588 conﬁrmavit.

2185 3610 2255 3668 Et
2279 3610 2395 3668 hmc
2418 3611 2632 3684 quidem
2672 3614 2840 3684 prima
2870 3613 3213 3685 imperatoris
3238 3613 3470 3686 epistola
3520 3611 3590 3669 ad
3615 3625 3719 3668 nos

2113 3708 2278 3764 missa
2305 3708 2605 3765 constituit.
2637 3709 2904 3765 Caeterum
2946 3727 3008 3765 ea
3039 3727 3160 3779 qua:
3201 3710 3318 3781 lege
3359 3710 3570 3767 sancita
3598 3707 3719 3765 fue-

2113 3810 2237 3857 rant
2276 3800 2531 3857 continuo
2574 3802 2883 3858 executioui
2917 3802 3167 3860 mandata
3195 3812 3321 3858 sunt
3360 3821 3372 3856 :
3416 3810 3473 3858 et
3519 3809 3717 3858 cuncta

2114 3893 2180 3949 iis
2211 3910 2330 3964 quae
2362 3892 2654 3949 crudelitas
2686 3895 2958 3967 tyrannica
2987 3903 3409 3966 praesumpserat
3445 3892 3719 3950 contraria

2114 3988 2462 4060 gerebantur.
2496 3986 2839 4044 Fruebantur
2879 3989 3224 4060 imperatoris
3260 3985 3619 4045 beneﬁcentia
3660 3983 3720 4041 bi

2116 4084 2311 4153 quibus
2339 4083 2391 4138 id
2424 4083 2541 4155 lege
2568 4096 2884 4139 concessum
2911 4090 3048 4137 erat.

2684 4172 2911 4230 CAPUT
2948 4170 3136 4229 XLIV.

2119 4267 2389 4334 memoria
2433 4267 2755 4324 Christianos
2791 4268 2860 4323 ad
2888 4268 3135 4341 regendas
3181 4267 3473 4339 prouincias
3503 4279 3716 4340 promo-

2324 4362 2477 4431 verit,
2511 4370 2560 4415 et
2584 4377 2814 4433 paganos
2844 4361 3140 4432 sacriﬁcare
3166 4360 3507 4431 prohibuerit.

2190 4453 2437 4510 Posthac
2486 4456 2783 4525 imperator
2824 4455 2969 4510 serio
2999 4469 3219 4510 manum
3264 4453 3413 4524 operi
3458 4452 3715 4510 admovit.

2115 4546 2196 4602 Ac
2222 4547 2454 4616 primum
2484 4547 2698 4618 quidem
2730 4550 2781 4603 in
2813 4549 3050 4620 singulas
3081 4548 3385 4619 provincias
3413 4563 3507 4603 eos
3540 4548 3720 4617 praesi-

2036 4646 2091 4711 D
2117 4637 2217 4693 des
2244 4648 2299 4692 nt
2327 4638 2617 4707 plurimam
2646 4641 2823 4706 misit,
2869 4641 2958 4711 qui
3006 4639 3226 4696 salutari
3256 4636 3383 4694 ﬁdei
3427 4639 3589 4695 dicati
3630 4652 3719 4694 es-

2118 4741 2258 4786 sent.
2290 4731 2447 4799 Quod
2477 4732 2521 4787 si
2546 4732 2638 4803 qui
2667 4749 2853 4788 eorum
2881 4733 3090 4805 ἐι-τεοῖο
3131 4732 3497 4802 superstitioni
3548 4728 3719 4787 dediti

2119 4837 2242 4880 esse
2292 4824 2605 4880 viderentur
2632 4825 2697 4881 iis
2741 4827 2962 4882 vetitan
2993 4835 3111 4882 erat
3158 4823 3485 4881 sacriﬁcare.
3518 4821 3719 4879 Eadem

2122 4916 2211 4971 lex
2256 4914 2366 4971 illis
2396 4916 2560 4971 etiam
2608 4917 2857 4987 imposita
2889 4928 2973 4974 est
3023 4917 3115 4988 qui
3152 4915 3414 4988 dignitate
3460 4914 3719 4986 prasides

2119 5009 2426 5075 anteibant,
2459 5009 2632 5080 iisque
2658 5011 2797 5065 adeo
2825 5010 2915 5081 qui
2963 5026 3230 5065 summum
3275 5009 3542 5065 honorum
3572 5007 3723 5064 faSIi-

2116 5103 2263 5172 gium
2294 5111 2348 5159 et
2375 5103 2714 5176 praefectura:
2742 5106 3082 5173 praetorianae
3128 5112 3449 5174 poteSIatcm
3504 5100 3719 5158 obtine-

2116 5194 2246 5251 bant
2295 5196 2401 5250 Ant
2429 5197 2575 5251 enim
2606 5196 2869 5267 siquidem
2900 5196 3193 5253 Christiani
3220 5204 3440 5263 essent,
3490 5194 3555 5249 iis
3583 5206 3717 5249 con-

2117 5286 2343 5343 cedebat
2364 5296 2423 5342 nt
2449 5290 2683 5344 neminis
2713 5288 2795 5343 sui
2824 5290 3173 5360 appellationi
3212 5285 3587 5345 convenientia
3626 5297 3720 5356 ge-

2116 5390 2320 5436 rerent.
2368 5381 2476 5436 Aut
2518 5383 2563 5437 si
2614 5382 2768 5438 aliter
2812 5383 2987 5438 δισσαὶ
3035 5394 3255 5452 essent,
3301 5398 3369 5439 ne
3417 5378 3719 5437 simulacris

2115 5476 2485 5532 sacrificarent
2525 5477 2891 5548 praecipiebat.

2699 5570 2927 5627 CAPUT
2967 5568 3132 5627 X‘LV.

2122 5662 2198 5718 De
2220 5664 2411 5736 legibus
2440 5664 2623 5735 quibus
2644 5664 2903 5734 sacriﬁcia
2928 5665 3130 5734 quidem
3157 5662 3577 5737 prohibebantur,
3606 5657 3714 5712 Ec-

2465 5762 2635 5816 clesia
2652 5776 2771 5817 vero
2793 5762 3017 5816 construi
3032 5760 3367 5830 jubebantur.

2194 5855 2405 5912 Exinde
2442 5855 2564 5909 dare
2612 5854 2761 5925 leges
2804 5868 2921 5909 uno
2958 5852 3258 5922 eodemque
3302 5859 3548 5920 tempore
3595 5849 3719 5900 sunt
