  <div class='ocr_page' id='page_1' title='image "/cluster/home/n/w/nwhite01/storage/ocr_20150623/8/hvd.32044015471253/030.png"; bbox 0 0 3982 6302; ppageno 0'>
   <div class='ocr_carea' id='block_1_1' title="bbox 292 316 3588 412">
    <p class='ocr_par' dir='ltr' id='par_1_1' title="bbox 292 316 3588 412">
     <span class='ocr_line' id='line_1_1' title="bbox 292 316 3588 412; baseline 0.01 -36"><span class='ocrx_word' id='word_1_1' title='bbox 292 316 362 376; x_wconf 79' lang='grc'><strong>49</strong></span> <span class='ocrx_word' id='word_1_2' title='bbox 1342 328 1432 386; x_wconf 83' lang='lat' dir='ltr'><strong>DE</strong></span> <span class='ocrx_word' id='word_1_3' title='bbox 1473 330 1632 386; x_wconf 79' lang='lat' dir='ltr'><strong>VITA</strong></span> <span class='ocrx_word' id='word_1_4' title='bbox 1672 327 2127 387; x_wconf 77' lang='lat' dir='ltr'><strong>CONSTANTINI</strong></span> <span class='ocrx_word' id='word_1_5' title='bbox 2171 332 2369 390; x_wconf 82' lang='lat' dir='ltr'>LIBER</span> <span class='ocrx_word' id='word_1_6' title='bbox 2411 335 2499 393; x_wconf 89' lang='lat' dir='ltr'><strong>Ill.</strong></span> <span class='ocrx_word' id='word_1_7' title='bbox 3520 357 3588 412; x_wconf 60' lang='lat' dir='ltr'><strong>Si.)</strong></span> 
     </span>
    </p>
   </div>
   <div class='ocr_carea' id='block_1_2' title="bbox 290 430 1965 512">
    <p class='ocr_par' dir='ltr' id='par_1_2' title="bbox 290 430 1965 512">
     <span class='ocr_line' id='line_1_2' title="bbox 290 430 1965 512; baseline 0.011 -24"><span class='ocrx_word' id='word_1_8' title='bbox 290 430 550 501; x_wconf 90' lang='lat' dir='ltr'><strong>inspirata</strong></span> <span class='ocrx_word' id='word_1_9' title='bbox 593 433 825 492; x_wconf 84' lang='lat' dir='ltr'><strong>ﬂammis</strong></span> <span class='ocrx_word' id='word_1_10' title='bbox 875 440 1079 498; x_wconf 87' lang='lat' dir='ltr'><strong>aboleri</strong></span> <span class='ocrx_word' id='word_1_11' title='bbox 1115 440 1425 512; x_wconf 85' lang='lat' dir='ltr'><strong>jusserunt;</strong></span> <span class='ocrx_word' id='word_1_12' title='bbox 1484 444 1569 500; x_wconf 85' lang='lat' dir='ltr'><strong>hic</strong></span> <span class='ocrx_word' id='word_1_13' title='bbox 1607 460 1884 501; x_wconf 90' lang='lat' dir='ltr'><strong>sacrorum</strong></span> <span class='ocrx_word' id='word_1_14' title='bbox 1917 449 1965 506; x_wconf 84' lang='lat' dir='ltr'><strong>A</strong></span> 
     </span>
    </p>
   </div>
   <div class='ocr_carea' id='block_1_3' title="bbox 287 524 1884 608">
    <p class='ocr_par' dir='ltr' id='par_1_3' title="bbox 287 524 1884 608">
     <span class='ocr_line' id='line_1_3' title="bbox 287 524 1884 608; baseline 0.01 -31"><span class='ocrx_word' id='word_1_15' title='bbox 287 524 621 582; x_wconf 76' lang='lat' dir='ltr'><strong>voluminum</strong></span> <span class='ocrx_word' id='word_1_16' title='bbox 654 532 982 603; x_wconf 71' lang='lat' dir='ltr'><strong>exemplaria</strong></span> <span class='ocrx_word' id='word_1_17' title='bbox 1035 536 1340 606; x_wconf 89' lang='lat' dir='ltr'><strong>sumptibus</strong></span> <span class='ocrx_word' id='word_1_18' title='bbox 1374 537 1668 608; x_wconf 90' lang='lat' dir='ltr'><strong>imperialis</strong></span> <span class='ocrx_word' id='word_1_19' title='bbox 1707 539 1884 593; x_wconf 79' lang='lat' dir='ltr'><strong>a-rarii</strong></span> 
     </span>
    </p>
   </div>
   <div class='ocr_carea' id='block_1_4' title="bbox 285 621 1880 698">
    <p class='ocr_par' dir='ltr' id='par_1_4' title="bbox 285 621 1880 698">
     <span class='ocr_line' id='line_1_4' title="bbox 285 621 1880 698; baseline 0.007 -26"><span class='ocrx_word' id='word_1_20' title='bbox 285 621 598 688; x_wconf 82' lang='lat' dir='ltr'><strong>propagari,</strong></span> <span class='ocrx_word' id='word_1_21' title='bbox 630 633 686 677; x_wconf 90' lang='lat' dir='ltr'><strong>et</strong></span> <span class='ocrx_word' id='word_1_22' title='bbox 716 625 999 696; x_wconf 82' lang='lat' dir='ltr'><strong>magniﬁco</strong></span> <span class='ocrx_word' id='word_1_23' title='bbox 1019 638 1280 698; x_wconf 87' lang='lat' dir='ltr'><strong>apparatu</strong></span> <span class='ocrx_word' id='word_1_24' title='bbox 1313 628 1560 684; x_wconf 85' lang='lat' dir='ltr'><strong>decorari</strong></span> <span class='ocrx_word' id='word_1_25' title='bbox 1588 630 1880 685; x_wconf 87' lang='lat' dir='ltr'><strong>mandavit.</strong></span> 
     </span>
    </p>
   </div>
   <div class='ocr_carea' id='block_1_5' title="bbox 282 710 1882 794">
    <p class='ocr_par' dir='ltr' id='par_1_5' title="bbox 282 710 1882 794">
     <span class='ocr_line' id='line_1_5' title="bbox 282 710 1882 794; baseline 0.008 -27"><span class='ocrx_word' id='word_1_26' title='bbox 282 710 552 769; x_wconf 82' lang='lat' dir='ltr'><strong>Jubebant</strong></span> <span class='ocrx_word' id='word_1_27' title='bbox 583 716 658 772; x_wconf 88' lang='lat' dir='ltr'><strong>illi</strong></span> <span class='ocrx_word' id='word_1_28' title='bbox 694 733 761 773; x_wconf 91' lang='lat' dir='ltr'><strong>ne</strong></span> <span class='ocrx_word' id='word_1_29' title='bbox 781 721 1021 791; x_wconf 83' lang='lat' dir='ltr'><strong>episc0pi</strong></span> <span class='ocrx_word' id='word_1_30' title='bbox 1051 722 1288 793; x_wconf 89' lang='lat' dir='ltr'><strong>synodos</strong></span> <span class='ocrx_word' id='word_1_31' title='bbox 1314 738 1646 794; x_wconf 79' lang='lat' dir='ltr'><strong>congregare</strong></span> <span class='ocrx_word' id='word_1_32' title='bbox 1673 724 1882 792; x_wconf 83' lang='lat' dir='ltr'><strong>uspiam</strong></span> 
     </span>
    </p>
   </div>
   <div class='ocr_carea' id='block_1_6' title="bbox 279 806 1881 884">
    <p class='ocr_par' dir='ltr' id='par_1_6' title="bbox 279 806 1881 884">
     <span class='ocr_line' id='line_1_6' title="bbox 279 806 1881 884; baseline 0.008 -25"><span class='ocrx_word' id='word_1_33' title='bbox 279 806 583 875; x_wconf 89' lang='lat' dir='ltr'><strong>auderent;</strong></span> <span class='ocrx_word' id='word_1_34' title='bbox 613 808 699 864; x_wconf 88' lang='lat' dir='ltr'><strong>hic</strong></span> <span class='ocrx_word' id='word_1_35' title='bbox 729 812 1017 882; x_wconf 81' lang='lat' dir='ltr'><strong>episc0pos</strong></span> <span class='ocrx_word' id='word_1_36' title='bbox 1041 830 1106 868; x_wconf 79' lang='lat' dir='ltr'><strong>ex</strong></span> <span class='ocrx_word' id='word_1_37' title='bbox 1131 815 1382 869; x_wconf 84' lang='lat' dir='ltr'><strong>onmibns</strong></span> <span class='ocrx_word' id='word_1_38' title='bbox 1409 814 1697 884; x_wconf 77' lang='lat' dir='ltr'><strong>provinciis</strong></span> <span class='ocrx_word' id='word_1_39' title='bbox 1724 815 1790 870; x_wconf 89' lang='lat' dir='ltr'><strong>ad</strong></span> <span class='ocrx_word' id='word_1_40' title='bbox 1821 831 1881 872; x_wconf 89' lang='lat' dir='ltr'><strong>se</strong></span> 
     </span>
    </p>
   </div>
   <div class='ocr_carea' id='block_1_7' title="bbox 277 901 1878 977">
    <p class='ocr_par' dir='ltr' id='par_1_7' title="bbox 277 901 1878 977">
     <span class='ocr_line' id='line_1_7' title="bbox 277 901 1878 977; baseline 0.006 -24"><span class='ocrx_word' id='word_1_41' title='bbox 277 901 602 969; x_wconf 87' lang='lat' dir='ltr'><strong>accersivit,</strong></span> <span class='ocrx_word' id='word_1_42' title='bbox 653 918 752 959; x_wconf 87' lang='lat' dir='ltr'><strong>nec</strong></span> <span class='ocrx_word' id='word_1_43' title='bbox 783 905 946 960; x_wconf 87' lang='lat' dir='ltr'><strong>modo</strong></span> <span class='ocrx_word' id='word_1_44' title='bbox 974 907 1111 960; x_wconf 88' lang='lat' dir='ltr'><strong>intra</strong></span> <span class='ocrx_word' id='word_1_45' title='bbox 1142 907 1398 977; x_wconf 78' lang='lat' dir='ltr'><strong>palatium</strong></span> <span class='ocrx_word' id='word_1_46' title='bbox 1446 919 1498 961; x_wconf 88' lang='lat' dir='ltr'><strong>ct</strong></span> <span class='ocrx_word' id='word_1_47' title='bbox 1537 908 1588 962; x_wconf 90' lang='lat' dir='ltr'><strong>in</strong></span> <span class='ocrx_word' id='word_1_48' title='bbox 1632 908 1878 962; x_wconf 88' lang='lat' dir='ltr'><strong>intimutn</strong></span> 
     </span>
    </p>
   </div>
   <div class='ocr_carea' id='block_1_8' title="bbox 277 996 1879 1072">
    <p class='ocr_par' dir='ltr' id='par_1_8' title="bbox 277 996 1879 1072">
     <span class='ocr_line' id='line_1_8' title="bbox 277 996 1879 1072; baseline 0.007 -25"><span class='ocrx_word' id='word_1_49' title='bbox 277 1007 449 1063; x_wconf 91' lang='lat' dir='ltr'><strong>usque</strong></span> <span class='ocrx_word' id='word_1_50' title='bbox 479 996 786 1052; x_wconf 91' lang='lat' dir='ltr'><strong>cubiculum</strong></span> <span class='ocrx_word' id='word_1_51' title='bbox 809 999 1051 1066; x_wconf 84' lang='lat' dir='ltr'><strong>admisit,</strong></span> <span class='ocrx_word' id='word_1_52' title='bbox 1085 1002 1179 1056; x_wconf 87' lang='lat' dir='ltr'><strong>sed</strong></span> <span class='ocrx_word' id='word_1_53' title='bbox 1208 1002 1369 1057; x_wconf 88' lang='lat' dir='ltr'><strong>etiam</strong></span> <span class='ocrx_word' id='word_1_54' title='bbox 1405 1018 1608 1057; x_wconf 72' lang='lat' dir='ltr'><strong>mensa:</strong></span> <span class='ocrx_word' id='word_1_55' title='bbox 1649 1004 1879 1072; x_wconf 83' lang='lat' dir='ltr'><strong>tectique</strong></span> 
     </span>
    </p>
   </div>
   <div class='ocr_carea' id='block_1_9' title="bbox 273 1090 1878 1161">
    <p class='ocr_par' dir='ltr' id='par_1_9' title="bbox 273 1090 1878 1161">
     <span class='ocr_line' id='line_1_9' title="bbox 273 1090 1878 1161; baseline 0.004 -20"><span class='ocrx_word' id='word_1_56' title='bbox 273 1090 573 1161; x_wconf 83' lang='lat' dir='ltr'><strong>participes</strong></span> <span class='ocrx_word' id='word_1_57' title='bbox 593 1107 716 1149; x_wconf 84' lang='lat' dir='ltr'><strong>esse</strong></span> <span class='ocrx_word' id='word_1_58' title='bbox 745 1094 934 1150; x_wconf 75' lang='lat' dir='ltr'><strong>voluit.</strong></span> <span class='ocrx_word' id='word_1_59' title='bbox 968 1094 1049 1150; x_wconf 93' lang='lat' dir='ltr'><strong>Illi</strong></span> <span class='ocrx_word' id='word_1_60' title='bbox 1077 1096 1355 1152; x_wconf 70' lang='lat' dir='ltr'><strong>dminones</strong></span> <span class='ocrx_word' id='word_1_61' title='bbox 1383 1096 1620 1153; x_wconf 87' lang='lat' dir='ltr'><strong>donariis</strong></span> <span class='ocrx_word' id='word_1_62' title='bbox 1647 1097 1878 1154; x_wconf 78' lang='lat' dir='ltr'><strong>honora-</strong></span> 
     </span>
    </p>
   </div>
   <div class='ocr_carea' id='block_1_10' title="bbox 273 1182 1874 1263">
    <p class='ocr_par' dir='ltr' id='par_1_10' title="bbox 273 1182 1874 1263">
     <span class='ocr_line' id='line_1_10' title="bbox 273 1182 1874 1263; baseline 0.008 -26"><span class='ocrx_word' id='word_1_63' title='bbox 273 1182 434 1250; x_wconf 82' lang='lat' dir='ltr'><strong>bant;</strong></span> <span class='ocrx_word' id='word_1_64' title='bbox 504 1185 592 1240; x_wconf 89' lang='lat' dir='ltr'><strong>hic</strong></span> <span class='ocrx_word' id='word_1_65' title='bbox 660 1203 848 1244; x_wconf 90' lang='lat' dir='ltr'><strong>eorum</strong></span> <span class='ocrx_word' id='word_1_66' title='bbox 918 1189 1136 1246; x_wconf 80' lang='lat' dir='ltr'><strong>fraudes</strong></span> <span class='ocrx_word' id='word_1_67' title='bbox 1201 1193 1458 1263; x_wconf 85' lang='lat' dir='ltr'><strong>aperuit,</strong></span> <span class='ocrx_word' id='word_1_68' title='bbox 1500 1203 1555 1249; x_wconf 92' lang='lat' dir='ltr'><strong>et</strong></span> <span class='ocrx_word' id='word_1_69' title='bbox 1593 1194 1874 1250; x_wconf 88' lang='lat' dir='ltr'><strong>materiam</strong></span> 
     </span>
    </p>
   </div>
   <div class='ocr_carea' id='block_1_11' title="bbox 269 1274 1873 1358">
    <p class='ocr_par' dir='ltr' id='par_1_11' title="bbox 269 1274 1873 1358">
     <span class='ocr_line' id='line_1_11' title="bbox 269 1274 1873 1358; baseline 0.008 -29"><span class='ocrx_word' id='word_1_70' title='bbox 269 1274 445 1346; x_wconf 89' lang='lat' dir='ltr'><strong>ipsam</strong></span> <span class='ocrx_word' id='word_1_71' title='bbox 477 1279 824 1336; x_wconf 81' lang='lat' dir='ltr'><strong>denariorum</strong></span> <span class='ocrx_word' id='word_1_72' title='bbox 853 1283 1017 1338; x_wconf 89' lang='lat' dir='ltr'><strong>nullis</strong></span> <span class='ocrx_word' id='word_1_73' title='bbox 1062 1283 1249 1341; x_wconf 88' lang='lat' dir='ltr'><strong>usibus</strong></span> <span class='ocrx_word' id='word_1_74' title='bbox 1277 1284 1534 1350; x_wconf 88' lang='lat' dir='ltr'><strong>dicatam,</strong></span> <span class='ocrx_word' id='word_1_75' title='bbox 1568 1287 1632 1342; x_wconf 92' lang='lat' dir='ltr'><strong>iis</strong></span> <span class='ocrx_word' id='word_1_76' title='bbox 1661 1287 1754 1358; x_wconf 91' lang='lat' dir='ltr'><strong>qui</strong></span> <span class='ocrx_word' id='word_1_77' title='bbox 1796 1288 1873 1342; x_wconf 92' lang='lat' dir='ltr'><strong>nti</strong></span> 
     </span>
    </p>
   </div>
   <div class='ocr_carea' id='block_1_12' title="bbox 269 1374 1873 1451">
    <p class='ocr_par' dir='ltr' id='par_1_12' title="bbox 269 1374 1873 1451">
     <span class='ocr_line' id='line_1_12' title="bbox 269 1374 1873 1451; baseline 0.009 -29"><span class='ocrx_word' id='word_1_78' title='bbox 269 1377 521 1438; x_wconf 89' lang='lat' dir='ltr'><strong>poterant</strong></span> <span class='ocrx_word' id='word_1_79' title='bbox 546 1381 811 1443; x_wconf 91' lang='lat' dir='ltr'><strong>perpetuo</strong></span> <span class='ocrx_word' id='word_1_80' title='bbox 839 1384 922 1429; x_wconf 88' lang='lat' dir='ltr'><strong>est</strong></span> <span class='ocrx_word' id='word_1_81' title='bbox 947 1374 1252 1447; x_wconf 80' lang='lat' dir='ltr'><strong>dilargitus.</strong></span> <span class='ocrx_word' id='word_1_82' title='bbox 1294 1377 1369 1433; x_wconf 90' lang='lat' dir='ltr'><strong>Illi</strong></span> <span class='ocrx_word' id='word_1_83' title='bbox 1409 1379 1635 1434; x_wconf 90' lang='lat' dir='ltr'><strong>deorum</strong></span> <span class='ocrx_word' id='word_1_84' title='bbox 1676 1381 1873 1451; x_wconf 92' lang='lat' dir='ltr'><strong>templa</strong></span> 
     </span>
    </p>
   </div>
   <div class='ocr_carea' id='block_1_13' title="bbox 268 1461 1873 1544">
    <p class='ocr_par' dir='ltr' id='par_1_13' title="bbox 268 1461 1873 1544">
     <span class='ocr_line' id='line_1_13' title="bbox 268 1461 1873 1544; baseline 0.01 -30"><span class='ocrx_word' id='word_1_85' title='bbox 268 1461 554 1531; x_wconf 88' lang='lat' dir='ltr'><strong>magniliee</strong></span> <span class='ocrx_word' id='word_1_86' title='bbox 579 1465 760 1520; x_wconf 90' lang='lat' dir='ltr'><strong>ornari</strong></span> <span class='ocrx_word' id='word_1_87' title='bbox 781 1465 1078 1536; x_wconf 87' lang='lat' dir='ltr'><strong>jubebant;</strong></span> <span class='ocrx_word' id='word_1_88' title='bbox 1115 1469 1201 1524; x_wconf 91' lang='lat' dir='ltr'><strong>hic</strong></span> <span class='ocrx_word' id='word_1_89' title='bbox 1243 1486 1306 1526; x_wconf 93' lang='lat' dir='ltr'><strong>ea</strong></span> <span class='ocrx_word' id='word_1_90' title='bbox 1337 1487 1456 1542; x_wconf 77' lang='lat' dir='ltr'><strong>qua:</strong></span> <span class='ocrx_word' id='word_1_91' title='bbox 1477 1475 1873 1544; x_wconf 83' lang='lat' dir='ltr'><strong>superstitiosis</strong></span> 
     </span>
    </p>
   </div>
   <div class='ocr_carea' id='block_1_14' title="bbox 266 1549 1872 1629">
    <p class='ocr_par' dir='ltr' id='par_1_14' title="bbox 266 1549 1872 1629">
     <span class='ocr_line' id='line_1_14' title="bbox 266 1549 1872 1629; baseline 0.01 -23"><span class='ocrx_word' id='word_1_92' title='bbox 266 1549 580 1610; x_wconf 89' lang='lat' dir='ltr'><strong>hominibus</strong></span> <span class='ocrx_word' id='word_1_93' title='bbox 637 1559 910 1629; x_wconf 67' lang='lat' dir='ltr'><strong>praecipuo</strong></span> <span class='ocrx_word' id='word_1_94' title='bbox 983 1560 1190 1618; x_wconf 89' lang='lat' dir='ltr'><strong>honore</strong></span> <span class='ocrx_word' id='word_1_95' title='bbox 1260 1563 1580 1620; x_wconf 87' lang='lat' dir='ltr'><strong>colebantur</strong></span> <span class='ocrx_word' id='word_1_96' title='bbox 1629 1565 1872 1623; x_wconf 84' lang='lat' dir='ltr'><strong>funditus</strong></span> 
     </span>
    </p>
   </div>
   <div class='ocr_carea' id='block_1_15' title="bbox 263 1643 1868 1727">
    <p class='ocr_par' dir='ltr' id='par_1_15' title="bbox 263 1643 1868 1727">
     <span class='ocr_line' id='line_1_15' title="bbox 263 1643 1868 1727; baseline 0.011 -28"><span class='ocrx_word' id='word_1_97' title='bbox 263 1643 551 1702; x_wconf 76' lang='lat' dir='ltr'><strong>subvertit.</strong></span> <span class='ocrx_word' id='word_1_98' title='bbox 576 1646 658 1703; x_wconf 90' lang='lat' dir='ltr'><strong>Illi</strong></span> <span class='ocrx_word' id='word_1_99' title='bbox 687 1648 782 1706; x_wconf 89' lang='lat' dir='ltr'><strong>Dei</strong></span> <span class='ocrx_word' id='word_1_100' title='bbox 811 1667 1000 1708; x_wconf 89' lang='lat' dir='ltr'><strong>servos</strong></span> <span class='ocrx_word' id='word_1_101' title='bbox 1032 1653 1406 1724; x_wconf 85' lang='lat' dir='ltr'><strong>ignominiosis</strong></span> <span class='ocrx_word' id='word_1_102' title='bbox 1439 1659 1611 1727; x_wconf 68' lang='lat' dir='ltr'><strong>poenis</strong></span> <span class='ocrx_word' id='word_1_103' title='bbox 1662 1659 1868 1716; x_wconf 83' lang='lat' dir='ltr'><strong>afﬁcie-</strong></span> 
     </span>
    </p>
   </div>
   <div class='ocr_carea' id='block_1_16' title="bbox 264 1736 1870 1822">
    <p class='ocr_par' dir='ltr' id='par_1_16' title="bbox 264 1736 1870 1822">
     <span class='ocr_line' id='line_1_16' title="bbox 264 1736 1870 1822; baseline 0.011 -31"><span class='ocrx_word' id='word_1_104' title='bbox 264 1736 423 1804; x_wconf 84' lang='lat' dir='ltr'><strong>bant;</strong></span> <span class='ocrx_word' id='word_1_105' title='bbox 459 1739 548 1796; x_wconf 90' lang='lat' dir='ltr'><strong>hic</strong></span> <span class='ocrx_word' id='word_1_106' title='bbox 589 1757 684 1798; x_wconf 91' lang='lat' dir='ltr'><strong>eos</strong></span> <span class='ocrx_word' id='word_1_107' title='bbox 710 1745 928 1814; x_wconf 87' lang='lat' dir='ltr'><strong>quidem</strong></span> <span class='ocrx_word' id='word_1_108' title='bbox 961 1748 1050 1818; x_wconf 85' lang='lat' dir='ltr'><strong>qui</strong></span> <span class='ocrx_word' id='word_1_109' title='bbox 1102 1748 1202 1803; x_wconf 90' lang='lat' dir='ltr'><strong>ista</strong></span> <span class='ocrx_word' id='word_1_110' title='bbox 1246 1748 1579 1806; x_wconf 88' lang='lat' dir='ltr'><strong>admiserant</strong></span> <span class='ocrx_word' id='word_1_111' title='bbox 1610 1767 1870 1822; x_wconf 84' lang='lat' dir='ltr'><strong>persecu-</strong></span> 
     </span>
    </p>
   </div>
   <div class='ocr_carea' id='block_1_17' title="bbox 266 1833 1943 1910">
    <p class='ocr_par' dir='ltr' id='par_1_17' title="bbox 266 1833 1943 1910">
     <span class='ocr_line' id='line_1_17' title="bbox 266 1833 1943 1910; baseline 0.011 -26"><span class='ocrx_word' id='word_1_112' title='bbox 266 1839 349 1885; x_wconf 89' lang='lat' dir='ltr'><strong>tus</strong></span> <span class='ocrx_word' id='word_1_113' title='bbox 401 1833 588 1890; x_wconf 85' lang='lat' dir='ltr'><strong>debito</strong></span> <span class='ocrx_word' id='word_1_114' title='bbox 613 1836 793 1893; x_wconf 85' lang='lat' dir='ltr'><strong>all’ecit</strong></span> <span class='ocrx_word' id='word_1_115' title='bbox 839 1841 1135 1910; x_wconf 87' lang='lat' dir='ltr'><strong>supplicio;</strong></span> <span class='ocrx_word' id='word_1_116' title='bbox 1182 1853 1492 1899; x_wconf 87' lang='lat' dir='ltr'><strong>sanctorum</strong></span> <span class='ocrx_word' id='word_1_117' title='bbox 1533 1853 1712 1901; x_wconf 88' lang='lat' dir='ltr'><strong>autem</strong></span> <span class='ocrx_word' id='word_1_118' title='bbox 1768 1847 1863 1903; x_wconf 90' lang='lat' dir='ltr'><strong>Dei</strong></span> <span class='ocrx_word' id='word_1_119' title='bbox 1896 1843 1943 1902; x_wconf 91' lang='lat' dir='ltr'><strong>B</strong></span> 
     </span>
    </p>
   </div>
   <div class='ocr_carea' id='block_1_18' title="bbox 263 1933 1865 2007">
    <p class='ocr_par' dir='ltr' id='par_1_18' title="bbox 263 1933 1865 2007">
     <span class='ocr_line' id='line_1_18' title="bbox 263 1933 1865 2007; baseline 0.01 -29"><span class='ocrx_word' id='word_1_120' title='bbox 263 1935 562 1999; x_wconf 85' lang='lat' dir='ltr'><strong>martyrum</strong></span> <span class='ocrx_word' id='word_1_121' title='bbox 608 1933 899 1988; x_wconf 86' lang='lat' dir='ltr'><strong>memorias</strong></span> <span class='ocrx_word' id='word_1_122' title='bbox 948 1934 1127 1990; x_wconf 88' lang='lat' dir='ltr'><strong>colere</strong></span> <span class='ocrx_word' id='word_1_123' title='bbox 1176 1951 1449 2007; x_wconf 88' lang='lat' dir='ltr'><strong>nunquam</strong></span> <span class='ocrx_word' id='word_1_124' title='bbox 1499 1937 1724 1994; x_wconf 89' lang='lat' dir='ltr'><strong>destitit.</strong></span> <span class='ocrx_word' id='word_1_125' title='bbox 1781 1939 1865 1995; x_wconf 88' lang='lat' dir='ltr'><strong>Illi</strong></span> 
     </span>
    </p>
   </div>
   <div class='ocr_carea' id='block_1_19' title="bbox 260 2017 1858 2103">
    <p class='ocr_par' dir='ltr' id='par_1_19' title="bbox 260 2017 1858 2103">
     <span class='ocr_line' id='line_1_19' title="bbox 260 2017 1858 2103; baseline 0.013 -32"><span class='ocrx_word' id='word_1_126' title='bbox 260 2017 440 2074; x_wconf 83' lang='lat' dir='ltr'><strong>divino</strong></span> <span class='ocrx_word' id='word_1_127' title='bbox 480 2023 645 2079; x_wconf 91' lang='lat' dir='ltr'><strong>cultui</strong></span> <span class='ocrx_word' id='word_1_128' title='bbox 681 2025 888 2082; x_wconf 88' lang='lat' dir='ltr'><strong>dicatos</strong></span> <span class='ocrx_word' id='word_1_129' title='bbox 930 2030 1181 2084; x_wconf 83' lang='lat' dir='ltr'><strong>homines</strong></span> <span class='ocrx_word' id='word_1_130' title='bbox 1209 2046 1239 2085; x_wconf 92' lang='lat' dir='ltr'><strong>e</strong></span> <span class='ocrx_word' id='word_1_131' title='bbox 1287 2031 1486 2101; x_wconf 87' lang='lat' dir='ltr'><strong>palatio</strong></span> <span class='ocrx_word' id='word_1_132' title='bbox 1533 2034 1858 2103; x_wconf 85' lang='lat' dir='ltr'><strong>ejiciebant;</strong></span> 
     </span>
    </p>
   </div>
   <div class='ocr_carea' id='block_1_20' title="bbox 262 2111 1858 2196">
    <p class='ocr_par' dir='ltr' id='par_1_20' title="bbox 262 2111 1858 2196">
     <span class='ocr_line' id='line_1_20' title="bbox 262 2111 1858 2196; baseline 0.011 -31"><span class='ocrx_word' id='word_1_133' title='bbox 262 2111 344 2166; x_wconf 86' lang='lat' dir='ltr'><strong>hic</strong></span> <span class='ocrx_word' id='word_1_134' title='bbox 395 2112 668 2183; x_wconf 88' lang='lat' dir='ltr'><strong>ejusmodi</strong></span> <span class='ocrx_word' id='word_1_135' title='bbox 729 2117 1038 2176; x_wconf 86' lang='lat' dir='ltr'><strong>hominibus</strong></span> <span class='ocrx_word' id='word_1_136' title='bbox 1109 2123 1380 2193; x_wconf 68' lang='lat' dir='ltr'><strong>praecipue</strong></span> <span class='ocrx_word' id='word_1_137' title='bbox 1445 2126 1681 2181; x_wconf 85' lang='lat' dir='ltr'><strong>conlisus</strong></span> <span class='ocrx_word' id='word_1_138' title='bbox 1733 2136 1858 2196; x_wconf 90' lang='lat' dir='ltr'><strong>est,</strong></span> 
     </span>
    </p>
   </div>
   <div class='ocr_carea' id='block_1_21' title="bbox 258 2207 1862 2295">
    <p class='ocr_par' dir='ltr' id='par_1_21' title="bbox 258 2207 1862 2295">
     <span class='ocr_line' id='line_1_21' title="bbox 258 2207 1862 2295; baseline 0.013 -35"><span class='ocrx_word' id='word_1_139' title='bbox 258 2207 452 2277; x_wconf 89' lang='lat' dir='ltr'><strong>quippe</strong></span> <span class='ocrx_word' id='word_1_140' title='bbox 473 2225 610 2278; x_wconf 85' lang='lat' dir='ltr'><strong>quos</strong></span> <span class='ocrx_word' id='word_1_141' title='bbox 633 2227 744 2281; x_wconf 68' lang='lat' dir='ltr'><strong>pne</strong></span> <span class='ocrx_word' id='word_1_142' title='bbox 773 2216 985 2270; x_wconf 73' lang='lat' dir='ltr'><strong>caneris</strong></span> <span class='ocrx_word' id='word_1_143' title='bbox 1011 2217 1263 2273; x_wconf 90' lang='lat' dir='ltr'><strong>omnibus</strong></span> <span class='ocrx_word' id='word_1_144' title='bbox 1295 2219 1588 2276; x_wconf 80' lang='lat' dir='ltr'><strong>benevolos</strong></span> <span class='ocrx_word' id='word_1_145' title='bbox 1621 2222 1862 2295; x_wconf 87' lang='lat' dir='ltr'><strong>lidosque</strong></span> 
     </span>
    </p>
   </div>
   <div class='ocr_carea' id='block_1_22' title="bbox 257 2299 1862 2386">
    <p class='ocr_par' dir='ltr' id='par_1_22' title="bbox 257 2299 1862 2386">
     <span class='ocr_line' id='line_1_22' title="bbox 257 2299 1862 2386; baseline 0.012 -32"><span class='ocrx_word' id='word_1_146' title='bbox 257 2299 354 2356; x_wconf 87' lang='lat' dir='ltr'><strong>sibi</strong></span> <span class='ocrx_word' id='word_1_147' title='bbox 377 2317 502 2359; x_wconf 86' lang='lat' dir='ltr'><strong>esse</strong></span> <span class='ocrx_word' id='word_1_148' title='bbox 527 2305 870 2377; x_wconf 78' lang='lat' dir='ltr'><strong>intelligeret.</strong></span> <span class='ocrx_word' id='word_1_149' title='bbox 889 2309 989 2370; x_wconf 90' lang='lat' dir='ltr'><strong>llli,</strong></span> <span class='ocrx_word' id='word_1_150' title='bbox 1016 2313 1256 2381; x_wconf 82' lang='lat' dir='ltr'><strong>pecuniae</strong></span> <span class='ocrx_word' id='word_1_151' title='bbox 1279 2313 1536 2384; x_wconf 72' lang='lat' dir='ltr'><strong>cogendas</strong></span> <span class='ocrx_word' id='word_1_152' title='bbox 1556 2330 1717 2386; x_wconf 89' lang='lat' dir='ltr'><strong>supra</strong></span> <span class='ocrx_word' id='word_1_153' title='bbox 1745 2333 1862 2373; x_wconf 84' lang='lat' dir='ltr'><strong>mo-</strong></span> 
     </span>
    </p>
   </div>
   <div class='ocr_carea' id='block_1_23' title="bbox 255 2389 1856 2466">
    <p class='ocr_par' dir='ltr' id='par_1_23' title="bbox 255 2389 1856 2466">
     <span class='ocr_line' id='line_1_23' title="bbox 255 2389 1856 2466; baseline 0.013 -21"><span class='ocrx_word' id='word_1_154' title='bbox 255 2389 378 2446; x_wconf 90' lang='lat' dir='ltr'><strong>dum</strong></span> <span class='ocrx_word' id='word_1_155' title='bbox 407 2393 588 2462; x_wconf 85' lang='lat' dir='ltr'><strong>avidi,</strong></span> <span class='ocrx_word' id='word_1_156' title='bbox 619 2396 895 2455; x_wconf 86' lang='lat' dir='ltr'><strong>Tantalico</strong></span> <span class='ocrx_word' id='word_1_157' title='bbox 922 2403 1132 2457; x_wconf 86' lang='lat' dir='ltr'><strong>cuidam</strong></span> <span class='ocrx_word' id='word_1_158' title='bbox 1179 2403 1392 2460; x_wconf 71' lang='lat' dir='ltr'><strong>atfectui</strong></span> <span class='ocrx_word' id='word_1_159' title='bbox 1433 2407 1670 2464; x_wconf 91' lang='lat' dir='ltr'><strong>animum</strong></span> <span class='ocrx_word' id='word_1_160' title='bbox 1702 2424 1856 2466; x_wconf 85' lang='lat' dir='ltr'><strong>suum</strong></span> 
     </span>
    </p>
   </div>
   <div class='ocr_carea' id='block_1_24' title="bbox 255 2488 1856 2568">
    <p class='ocr_par' dir='ltr' id='par_1_24' title="bbox 255 2488 1856 2568">
     <span class='ocr_line' id='line_1_24' title="bbox 255 2488 1856 2568; baseline 0.012 -28"><span class='ocrx_word' id='word_1_161' title='bbox 255 2488 430 2542; x_wconf 89' lang='lat' dir='ltr'><strong>manci</strong></span> <span class='ocrx_word' id='word_1_162' title='bbox 438 2500 728 2558; x_wconf 84' lang='lat' dir='ltr'><strong>paverant;</strong></span> <span class='ocrx_word' id='word_1_163' title='bbox 746 2493 832 2549; x_wconf 86' lang='lat' dir='ltr'><strong>hic</strong></span> <span class='ocrx_word' id='word_1_164' title='bbox 848 2496 1014 2566; x_wconf 78' lang='lat' dir='ltr'><strong>regali</strong></span> <span class='ocrx_word' id='word_1_165' title='bbox 1030 2497 1422 2568; x_wconf 88' lang='lat' dir='ltr'><strong>magniﬁcentia</strong></span> <span class='ocrx_word' id='word_1_166' title='bbox 1440 2501 1721 2558; x_wconf 83' lang='lat' dir='ltr'><strong>thesauros</strong></span> <span class='ocrx_word' id='word_1_167' title='bbox 1737 2519 1856 2559; x_wconf 86' lang='lat' dir='ltr'><strong>nm-</strong></span> 
     </span>
    </p>
   </div>
   <div class='ocr_carea' id='block_1_25' title="bbox 254 2583 1858 2666">
    <p class='ocr_par' dir='ltr' id='par_1_25' title="bbox 254 2583 1858 2666">
     <span class='ocr_line' id='line_1_25' title="bbox 254 2583 1858 2666; baseline 0.012 -32"><span class='ocrx_word' id='word_1_168' title='bbox 254 2596 345 2637; x_wconf 88' lang='lat' dir='ltr'><strong>nes</strong></span> <span class='ocrx_word' id='word_1_169' title='bbox 358 2583 666 2653; x_wconf 81' lang='lat' dir='ltr'><strong>recludens,</strong></span> <span class='ocrx_word' id='word_1_170' title='bbox 689 2588 890 2644; x_wconf 89' lang='lat' dir='ltr'><strong>liberali</strong></span> <span class='ocrx_word' id='word_1_171' title='bbox 910 2599 1234 2662; x_wconf 85' lang='lat' dir='ltr'><strong>etgenerosa</strong></span> <span class='ocrx_word' id='word_1_172' title='bbox 1268 2594 1552 2666; x_wconf 86' lang='lat' dir='ltr'><strong>largitione</strong></span> <span class='ocrx_word' id='word_1_173' title='bbox 1565 2611 1656 2652; x_wconf 88' lang='lat' dir='ltr'><strong>eos</strong></span> <span class='ocrx_word' id='word_1_174' title='bbox 1669 2596 1858 2654; x_wconf 88' lang='lat' dir='ltr'><strong>distri-</strong></span> 
     </span>
    </p>
   </div>
   <div class='ocr_carea' id='block_1_26' title="bbox 249 2671 1852 2759">
    <p class='ocr_par' dir='ltr' id='par_1_26' title="bbox 249 2671 1852 2759">
     <span class='ocr_line' id='line_1_26' title="bbox 249 2671 1852 2759; baseline 0.011 -32"><span class='ocrx_word' id='word_1_175' title='bbox 249 2671 382 2728; x_wconf 89' lang='lat' dir='ltr'><strong>buit.</strong></span> <span class='ocrx_word' id='word_1_176' title='bbox 415 2675 661 2748; x_wconf 86' lang='lat' dir='ltr'><strong>Denique</strong></span> <span class='ocrx_word' id='word_1_177' title='bbox 690 2680 762 2735; x_wconf 89' lang='lat' dir='ltr'><strong>illi</strong></span> <span class='ocrx_word' id='word_1_178' title='bbox 804 2683 1020 2752; x_wconf 90' lang='lat' dir='ltr'><strong>quidem</strong></span> <span class='ocrx_word' id='word_1_179' title='bbox 1057 2684 1476 2742; x_wconf 86' lang='lat' dir='ltr'><strong>innumerabiles</strong></span> <span class='ocrx_word' id='word_1_180' title='bbox 1517 2687 1694 2744; x_wconf 70' lang='lat' dir='ltr'><strong>ctedes</strong></span> <span class='ocrx_word' id='word_1_181' title='bbox 1722 2703 1852 2759; x_wconf 82' lang='lat' dir='ltr'><strong>pcr-</strong></span> 
     </span>
    </p>
   </div>
   <div class='ocr_carea' id='block_1_27' title="bbox 250 2767 1856 2852">
    <p class='ocr_par' dir='ltr' id='par_1_27' title="bbox 250 2767 1856 2852">
     <span class='ocr_line' id='line_1_27' title="bbox 250 2767 1856 2852; baseline 0.01 -32"><span class='ocrx_word' id='word_1_182' title='bbox 250 2767 561 2837; x_wconf 85' lang='lat' dir='ltr'><strong>petrabant,</strong></span> <span class='ocrx_word' id='word_1_183' title='bbox 607 2781 663 2826; x_wconf 92' lang='lat' dir='ltr'><strong>ut</strong></span> <span class='ocrx_word' id='word_1_184' title='bbox 709 2771 1121 2831; x_wconf 81' lang='lat' dir='ltr'><strong>interfectorum</strong></span> <span class='ocrx_word' id='word_1_185' title='bbox 1159 2778 1296 2833; x_wconf 90' lang='lat' dir='ltr'><strong>bona</strong></span> <span class='ocrx_word' id='word_1_186' title='bbox 1326 2778 1622 2844; x_wconf 86' lang='lat' dir='ltr'><strong>diriperent</strong></span> <span class='ocrx_word' id='word_1_187' title='bbox 1665 2795 1727 2836; x_wconf 94' lang='lat' dir='ltr'><strong>ac</strong></span> <span class='ocrx_word' id='word_1_188' title='bbox 1759 2796 1856 2852; x_wconf 89' lang='lat' dir='ltr'><strong>pu—</strong></span> 
     </span>
    </p>
   </div>
   <div class='ocr_carea' id='block_1_28' title="bbox 248 2857 1850 2943">
    <p class='ocr_par' dir='ltr' id='par_1_28' title="bbox 248 2857 1850 2943">
     <span class='ocr_line' id='line_1_28' title="bbox 248 2857 1850 2943; baseline 0.011 -31"><span class='ocrx_word' id='word_1_189' title='bbox 248 2857 550 2928; x_wconf 85' lang='lat' dir='ltr'><strong>blicarent;</strong></span> <span class='ocrx_word' id='word_1_190' title='bbox 606 2866 860 2936; x_wconf 89' lang='lat' dir='ltr'><strong>quamdiu</strong></span> <span class='ocrx_word' id='word_1_191' title='bbox 913 2884 1044 2924; x_wconf 89' lang='lat' dir='ltr'><strong>vero</strong></span> <span class='ocrx_word' id='word_1_192' title='bbox 1089 2869 1374 2940; x_wconf 85' lang='lat' dir='ltr'><strong>imperavit</strong></span> <span class='ocrx_word' id='word_1_193' title='bbox 1422 2873 1850 2943; x_wconf 83' lang='lat' dir='ltr'><strong>Constantinus,</strong></span> 
     </span>
    </p>
   </div>
   <div class='ocr_carea' id='block_1_29' title="bbox 246 2954 1854 3039">
    <p class='ocr_par' dir='ltr' id='par_1_29' title="bbox 246 2954 1854 3039">
     <span class='ocr_line' id='line_1_29' title="bbox 246 2954 1854 3039; baseline 0.011 -33"><span class='ocrx_word' id='word_1_194' title='bbox 246 2955 458 3008; x_wconf 88' lang='lat' dir='ltr'><strong>cunctis</strong></span> <span class='ocrx_word' id='word_1_195' title='bbox 489 2954 765 3025; x_wconf 88' lang='lat' dir='ltr'><strong>judicibus</strong></span> <span class='ocrx_word' id='word_1_196' title='bbox 818 2961 1028 3031; x_wconf 85' lang='lat' dir='ltr'><strong>gladius</strong></span> <span class='ocrx_word' id='word_1_197' title='bbox 1079 2964 1286 3019; x_wconf 90' lang='lat' dir='ltr'><strong>otiosus</strong></span> <span class='ocrx_word' id='word_1_198' title='bbox 1325 2979 1538 3036; x_wconf 88' lang='lat' dir='ltr'><strong>semper</strong></span> <span class='ocrx_word' id='word_1_199' title='bbox 1566 2977 1728 3039; x_wconf 91' lang='lat' dir='ltr'><strong>atque</strong></span> <span class='ocrx_word' id='word_1_200' title='bbox 1770 2968 1854 3022; x_wconf 91' lang='lat' dir='ltr'><strong>in-</strong></span> 
     </span>
    </p>
   </div>
   <div class='ocr_carea' id='block_1_30' title="bbox 245 3052 1852 3132">
    <p class='ocr_par' dir='ltr' id='par_1_30' title="bbox 245 3052 1852 3132">
     <span class='ocr_line' id='line_1_30' title="bbox 245 3052 1852 3132; baseline 0.011 -32"><span class='ocrx_word' id='word_1_201' title='bbox 245 3059 508 3103; x_wconf 87' lang='lat' dir='ltr'><strong>cruentus</strong></span> <span class='ocrx_word' id='word_1_202' title='bbox 553 3052 848 3123; x_wconf 88' lang='lat' dir='ltr'><strong>pependit:</strong></span> <span class='ocrx_word' id='word_1_203' title='bbox 883 3072 1004 3112; x_wconf 90' lang='lat' dir='ltr'><strong>cum</strong></span> <span class='ocrx_word' id='word_1_204' title='bbox 1038 3058 1090 3112; x_wconf 92' lang='lat' dir='ltr'><strong>in</strong></span> <span class='ocrx_word' id='word_1_205' title='bbox 1134 3059 1388 3114; x_wconf 89' lang='lat' dir='ltr'><strong>omnibus</strong></span> <span class='ocrx_word' id='word_1_206' title='bbox 1420 3061 1708 3130; x_wconf 86' lang='lat' dir='ltr'><strong>provinciis</strong></span> <span class='ocrx_word' id='word_1_207' title='bbox 1758 3079 1852 3132; x_wconf 85' lang='lat' dir='ltr'><strong>po-</strong></span> 
     </span>
    </p>
   </div>
   <div class='ocr_carea' id='block_1_31' title="bbox 244 3140 1850 3225">
    <p class='ocr_par' dir='ltr' id='par_1_31' title="bbox 244 3140 1850 3225">
     <span class='ocr_line' id='line_1_31' title="bbox 244 3140 1850 3225; baseline 0.012 -34"><span class='ocrx_word' id='word_1_208' title='bbox 244 3140 357 3208; x_wconf 90' lang='lat' dir='ltr'><strong>puli</strong></span> <span class='ocrx_word' id='word_1_209' title='bbox 409 3141 571 3197; x_wconf 91' lang='lat' dir='ltr'><strong>simul</strong></span> <span class='ocrx_word' id='word_1_210' title='bbox 621 3160 685 3200; x_wconf 91' lang='lat' dir='ltr'><strong>ac</strong></span> <span class='ocrx_word' id='word_1_211' title='bbox 725 3146 1046 3205; x_wconf 89' lang='lat' dir='ltr'><strong>decuriones</strong></span> <span class='ocrx_word' id='word_1_212' title='bbox 1097 3152 1266 3220; x_wconf 80' lang='lat' dir='ltr'><strong>patria</strong></span> <span class='ocrx_word' id='word_1_213' title='bbox 1308 3153 1538 3222; x_wconf 88' lang='lat' dir='ltr'><strong>quadam</strong></span> <span class='ocrx_word' id='word_1_214' title='bbox 1588 3164 1850 3225; x_wconf 85' lang='lat' dir='ltr'><strong>potestate</strong></span> 
     </span>
    </p>
   </div>
   <div class='ocr_carea' id='block_1_32' title="bbox 246 3231 1919 3319">
    <p class='ocr_par' dir='ltr' id='par_1_32' title="bbox 246 3231 1919 3319">
     <span class='ocr_line' id='line_1_32' title="bbox 246 3231 1919 3319; baseline 0.011 -34"><span class='ocrx_word' id='word_1_215' title='bbox 246 3233 428 3301; x_wconf 87' lang='lat' dir='ltr'><strong>potius</strong></span> <span class='ocrx_word' id='word_1_216' title='bbox 447 3250 609 3305; x_wconf 90' lang='lat' dir='ltr'><strong>quam</strong></span> <span class='ocrx_word' id='word_1_217' title='bbox 635 3237 687 3293; x_wconf 89' lang='lat' dir='ltr'><strong>vi</strong></span> <span class='ocrx_word' id='word_1_218' title='bbox 713 3255 776 3294; x_wconf 90' lang='lat' dir='ltr'><strong>ac</strong></span> <span class='ocrx_word' id='word_1_219' title='bbox 807 3244 1124 3297; x_wconf 87' lang='lat' dir='ltr'><strong>necessitate</strong></span> <span class='ocrx_word' id='word_1_220' title='bbox 1147 3254 1481 3314; x_wconf 89' lang='lat' dir='ltr'><strong>regerentur.</strong></span> <span class='ocrx_word' id='word_1_221' title='bbox 1509 3247 1637 3315; x_wconf 78' lang='lat' dir='ltr'><strong>Qua:</strong></span> <span class='ocrx_word' id='word_1_222' title='bbox 1659 3249 1702 3302; x_wconf 92' lang='lat' dir='ltr'><strong>si</strong></span> <span class='ocrx_word' id='word_1_223' title='bbox 1728 3251 1848 3319; x_wconf 92' lang='lat' dir='ltr'><strong>quis</strong></span> <span class='ocrx_word' id='word_1_224' title='bbox 1874 3231 1919 3295; x_wconf 72' lang='grc' dir='ltr'>Ο</span> 
     </span>
    </p>
   </div>
   <div class='ocr_carea' id='block_1_33' title="bbox 243 3329 1844 3399">
    <p class='ocr_par' dir='ltr' id='par_1_33' title="bbox 243 3329 1844 3399">
     <span class='ocr_line' id='line_1_33' title="bbox 243 3329 1844 3399; baseline 0.012 -23"><span class='ocrx_word' id='word_1_225' title='bbox 243 3329 507 3382; x_wconf 85' lang='lat' dir='ltr'><strong>attentius</strong></span> <span class='ocrx_word' id='word_1_226' title='bbox 549 3331 997 3399; x_wconf 84' lang='lat' dir='ltr'><strong>consideraverit,</strong></span> <span class='ocrx_word' id='word_1_227' title='bbox 1031 3337 1224 3391; x_wconf 89' lang='lat' dir='ltr'><strong>merito</strong></span> <span class='ocrx_word' id='word_1_228' title='bbox 1255 3337 1496 3393; x_wconf 87' lang='lat' dir='ltr'><strong>dicturus</strong></span> <span class='ocrx_word' id='word_1_229' title='bbox 1535 3351 1616 3394; x_wconf 88' lang='lat' dir='ltr'><strong>est</strong></span> <span class='ocrx_word' id='word_1_230' title='bbox 1648 3355 1844 3397; x_wconf 83' lang='lat' dir='ltr'><strong>novum</strong></span> 
     </span>
    </p>
   </div>
   <div class='ocr_carea' id='block_1_34' title="bbox 241 3420 1843 3501">
    <p class='ocr_par' dir='ltr' id='par_1_34' title="bbox 241 3420 1843 3501">
     <span class='ocr_line' id='line_1_34' title="bbox 241 3420 1843 3501; baseline 0.012 -30"><span class='ocrx_word' id='word_1_231' title='bbox 241 3420 522 3488; x_wconf 80' lang='lat' dir='ltr'><strong>quoddam</strong></span> <span class='ocrx_word' id='word_1_232' title='bbox 561 3425 817 3480; x_wconf 73' lang='lat' dir='ltr'><strong>stecnlum</strong></span> <span class='ocrx_word' id='word_1_233' title='bbox 863 3427 1077 3484; x_wconf 88' lang='lat' dir='ltr'><strong>tandem</strong></span> <span class='ocrx_word' id='word_1_234' title='bbox 1121 3432 1434 3499; x_wconf 78' lang='lat' dir='ltr'><strong>apparuisse</strong></span> <span class='ocrx_word' id='word_1_235' title='bbox 1474 3433 1572 3488; x_wconf 86' lang='lat' dir='ltr'><strong>sibi</strong></span> <span class='ocrx_word' id='word_1_236' title='bbox 1629 3433 1795 3489; x_wconf 88' lang='lat' dir='ltr'><strong>videri</strong></span> <span class='ocrx_word' id='word_1_237' title='bbox 1828 3451 1843 3501; x_wconf 91' lang='lat'><strong>;</strong></span> 
     </span>
    </p>
   </div>
   <div class='ocr_carea' id='block_1_35' title="bbox 242 3509 1846 3596">
    <p class='ocr_par' dir='ltr' id='par_1_35' title="bbox 242 3509 1846 3596">
     <span class='ocr_line' id='line_1_35' title="bbox 242 3509 1846 3596; baseline 0.011 -33"><span class='ocrx_word' id='word_1_238' title='bbox 242 3509 464 3566; x_wconf 84' lang='lat' dir='ltr'><strong>insolito</strong></span> <span class='ocrx_word' id='word_1_239' title='bbox 492 3513 694 3570; x_wconf 86' lang='lat' dir='ltr'><strong>lumine</strong></span> <span class='ocrx_word' id='word_1_240' title='bbox 726 3526 845 3585; x_wconf 83' lang='lat' dir='ltr'><strong>post</strong></span> <span class='ocrx_word' id='word_1_241' title='bbox 869 3518 1151 3576; x_wconf 86' lang='lat' dir='ltr'><strong>diuturnas</strong></span> <span class='ocrx_word' id='word_1_242' title='bbox 1185 3522 1436 3577; x_wconf 88' lang='lat' dir='ltr'><strong>tenebras</strong></span> <span class='ocrx_word' id='word_1_243' title='bbox 1489 3523 1725 3579; x_wconf 89' lang='lat' dir='ltr'><strong>humano</strong></span> <span class='ocrx_word' id='word_1_244' title='bbox 1751 3541 1846 3596; x_wconf 85' lang='lat' dir='ltr'><strong>ge-</strong></span> 
     </span>
    </p>
   </div>
   <div class='ocr_carea' id='block_1_36' title="bbox 239 3606 1847 3688">
    <p class='ocr_par' dir='ltr' id='par_1_36' title="bbox 239 3606 1847 3688">
     <span class='ocr_line' id='line_1_36' title="bbox 239 3606 1847 3688; baseline 0.01 -30"><span class='ocrx_word' id='word_1_245' title='bbox 239 3606 358 3659; x_wconf 91' lang='lat' dir='ltr'><strong>neri</strong></span> <span class='ocrx_word' id='word_1_246' title='bbox 395 3618 622 3676; x_wconf 86' lang='lat' dir='ltr'><strong>repente</strong></span> <span class='ocrx_word' id='word_1_247' title='bbox 649 3609 958 3682; x_wconf 71' lang='lat' dir='ltr'><strong>aﬁ‘ulgcnte.</strong></span> <span class='ocrx_word' id='word_1_248' title='bbox 978 3613 1278 3686; x_wconf 79' lang='lat' dir='ltr'><strong>Totamque</strong></span> <span class='ocrx_word' id='word_1_249' title='bbox 1307 3615 1408 3670; x_wconf 92' lang='lat' dir='ltr'><strong>hoc</strong></span> <span class='ocrx_word' id='word_1_250' title='bbox 1440 3616 1528 3671; x_wconf 92' lang='lat' dir='ltr'><strong>Dei</strong></span> <span class='ocrx_word' id='word_1_251' title='bbox 1561 3632 1695 3688; x_wconf 89' lang='lat' dir='ltr'><strong>opus</strong></span> <span class='ocrx_word' id='word_1_252' title='bbox 1724 3633 1847 3674; x_wconf 88' lang='lat' dir='ltr'><strong>esse</strong></span> 
     </span>
    </p>
   </div>
   <div class='ocr_carea' id='block_1_37' title="bbox 242 3695 1844 3778">
    <p class='ocr_par' dir='ltr' id='par_1_37' title="bbox 242 3695 1844 3778">
     <span class='ocr_line' id='line_1_37' title="bbox 242 3695 1844 3778; baseline 0.009 -28"><span class='ocrx_word' id='word_1_253' title='bbox 242 3695 524 3764; x_wconf 79' lang='lat' dir='ltr'><strong>fatebitur,</strong></span> <span class='ocrx_word' id='word_1_254' title='bbox 554 3704 645 3771; x_wconf 87' lang='lat' dir='ltr'><strong>qui</strong></span> <span class='ocrx_word' id='word_1_255' title='bbox 671 3702 932 3759; x_wconf 85' lang='lat' dir='ltr'><strong>adversus</strong></span> <span class='ocrx_word' id='word_1_256' title='bbox 955 3706 1100 3760; x_wconf 89' lang='lat' dir='ltr'><strong>illam</strong></span> <span class='ocrx_word' id='word_1_257' title='bbox 1123 3708 1187 3760; x_wconf 92' lang='lat' dir='ltr'><strong>im</strong></span> <span class='ocrx_word' id='word_1_258' title='bbox 1197 3710 1405 3777; x_wconf 90' lang='lat' dir='ltr'><strong>piorum</strong></span> <span class='ocrx_word' id='word_1_259' title='bbox 1425 3709 1844 3778; x_wconf 87' lang='lat' dir='ltr'><strong>multitudinem,</strong></span> 
     </span>
    </p>
   </div>
   <div class='ocr_carea' id='block_1_38' title="bbox 237 3789 1842 3877">
    <p class='ocr_par' dir='ltr' id='par_1_38' title="bbox 237 3789 1842 3877">
     <span class='ocr_line' id='line_1_38' title="bbox 237 3789 1842 3877; baseline 0.011 -32"><span class='ocrx_word' id='word_1_260' title='bbox 237 3789 390 3848; x_wconf 85' lang='lat' dir='ltr'><strong>hunc</strong></span> <span class='ocrx_word' id='word_1_261' title='bbox 429 3793 738 3867; x_wconf 86' lang='lat' dir='ltr'><strong>religiosum</strong></span> <span class='ocrx_word' id='word_1_262' title='bbox 779 3799 1159 3870; x_wconf 85' lang='lat' dir='ltr'><strong>imperatorem</strong></span> <span class='ocrx_word' id='word_1_263' title='bbox 1205 3803 1350 3858; x_wconf 87' lang='lat' dir='ltr'><strong>velut</strong></span> <span class='ocrx_word' id='word_1_264' title='bbox 1391 3804 1642 3859; x_wconf 68' lang='lat' dir='ltr'><strong>tenmlum</strong></span> <span class='ocrx_word' id='word_1_265' title='bbox 1669 3820 1842 3877; x_wconf 78' lang='lat' dir='ltr'><strong>oppo-</strong></span> 
     </span>
    </p>
   </div>
   <div class='ocr_carea' id='block_1_39' title="bbox 232 3886 432 3941">
    <p class='ocr_par' dir='ltr' id='par_1_39' title="bbox 232 3886 432 3941">
     <span class='ocr_line' id='line_1_39' title="bbox 232 3886 432 3941; baseline 0.01 -3"><span class='ocrx_word' id='word_1_266' title='bbox 232 3886 432 3941; x_wconf 83' lang='lat' dir='ltr'><strong>suerit.</strong></span> 
     </span>
    </p>
   </div>
   <div class='ocr_carea' id='block_1_40' title="bbox 896 4047 1224 4107">
    <p class='ocr_par' dir='ltr' id='par_1_40' title="bbox 896 4047 1224 4107">
     <span class='ocr_line' id='line_1_40' title="bbox 896 4047 1224 4107; baseline -0.006 -1"><span class='ocrx_word' id='word_1_267' title='bbox 896 4047 1123 4107; x_wconf 81' lang='lat' dir='ltr'><strong>CAPUT</strong></span> <span class='ocrx_word' id='word_1_268' title='bbox 1162 4051 1224 4106; x_wconf 91' lang='lat' dir='ltr'><strong>ll.</strong></span> 
     </span>
    </p>
   </div>
   <div class='ocr_carea' id='block_1_41' title="bbox 300 4200 1780 4282">
    <p class='ocr_par' dir='ltr' id='par_1_41' title="bbox 300 4200 1780 4282">
     <span class='ocr_line' id='line_1_41' title="bbox 300 4200 1780 4282; baseline 0.007 -26"><span class='ocrx_word' id='word_1_269' title='bbox 300 4200 513 4257; x_wconf 82' lang='lat' dir='ltr'><strong>Rursus</strong></span> <span class='ocrx_word' id='word_1_270' title='bbox 542 4205 606 4259; x_wconf 84' lang='lat' dir='ltr'><strong>de</strong></span> <span class='ocrx_word' id='word_1_271' title='bbox 639 4207 826 4277; x_wconf 78' lang='lat' dir='ltr'><strong>pietate</strong></span> <span class='ocrx_word' id='word_1_272' title='bbox 862 4207 1180 4264; x_wconf 79' lang='lat' dir='ltr'><strong>Constantini</strong></span> <span class='ocrx_word' id='word_1_273' title='bbox 1209 4210 1409 4282; x_wconf 84' lang='lat' dir='ltr'><strong>signum</strong></span> <span class='ocrx_word' id='word_1_274' title='bbox 1431 4211 1598 4265; x_wconf 85' lang='lat' dir='ltr'><strong>crucis</strong></span> <span class='ocrx_word' id='word_1_275' title='bbox 1628 4211 1780 4266; x_wconf 84' lang='lat' dir='ltr'><strong>libere</strong></span> 
     </span>
    </p>
   </div>
   <div class='ocr_carea' id='block_1_42' title="bbox 895 4303 1200 4372">
    <p class='ocr_par' dir='ltr' id='par_1_42' title="bbox 895 4303 1200 4372">
     <span class='ocr_line' id='line_1_42' title="bbox 895 4303 1200 4372; baseline 0.01 -18"><span class='ocrx_word' id='word_1_276' title='bbox 895 4303 1200 4372; x_wconf 81' lang='lat' dir='ltr'><strong>proﬁtentis.</strong></span> 
     </span>
    </p>
   </div>
   <div class='ocr_carea' id='block_1_43' title="bbox 304 4457 1850 4536">
    <p class='ocr_par' dir='ltr' id='par_1_43' title="bbox 304 4457 1850 4536">
     <span class='ocr_line' id='line_1_43' title="bbox 304 4457 1850 4536; baseline 0.004 -22"><span class='ocrx_word' id='word_1_277' title='bbox 304 4457 450 4514; x_wconf 84' lang='lat' dir='ltr'><strong>Nam</strong></span> <span class='ocrx_word' id='word_1_278' title='bbox 506 4475 627 4514; x_wconf 87' lang='lat' dir='ltr'><strong>cum</strong></span> <span class='ocrx_word' id='word_1_279' title='bbox 679 4462 752 4517; x_wconf 91' lang='lat' dir='ltr'><strong>illi</strong></span> <span class='ocrx_word' id='word_1_280' title='bbox 774 4462 992 4534; x_wconf 86' lang='lat' dir='ltr'><strong>quidem</strong></span> <span class='ocrx_word' id='word_1_281' title='bbox 1049 4463 1184 4520; x_wconf 83' lang='lat' dir='ltr'><strong>tales</strong></span> <span class='ocrx_word' id='word_1_282' title='bbox 1226 4464 1607 4531; x_wconf 82' lang='lat' dir='ltr'><strong>exstitissent,</strong></span> <span class='ocrx_word' id='word_1_283' title='bbox 1665 4465 1850 4536; x_wconf 91' lang='lat' dir='ltr'><strong>quales</strong></span> 
     </span>
    </p>
   </div>
   <div class='ocr_carea' id='block_1_44' title="bbox 233 4551 1845 4628">
    <p class='ocr_par' dir='ltr' id='par_1_44' title="bbox 233 4551 1845 4628">
     <span class='ocr_line' id='line_1_44' title="bbox 233 4551 1845 4628; baseline 0.006 -23"><span class='ocrx_word' id='word_1_284' title='bbox 233 4551 371 4605; x_wconf 90' lang='lat' dir='ltr'><strong>nulli</strong></span> <span class='ocrx_word' id='word_1_285' title='bbox 403 4568 638 4623; x_wconf 85' lang='lat' dir='ltr'><strong>unquam</strong></span> <span class='ocrx_word' id='word_1_286' title='bbox 671 4555 768 4609; x_wconf 84' lang='lat' dir='ltr'><strong>visi</strong></span> <span class='ocrx_word' id='word_1_287' title='bbox 797 4557 1040 4621; x_wconf 78' lang='lat' dir='ltr'><strong>fuerant,</strong></span> <span class='ocrx_word' id='word_1_288' title='bbox 1073 4573 1242 4628; x_wconf 87' lang='lat' dir='ltr'><strong>eaque</strong></span> <span class='ocrx_word' id='word_1_289' title='bbox 1270 4557 1532 4614; x_wconf 84' lang='lat' dir='ltr'><strong>adversus</strong></span> <span class='ocrx_word' id='word_1_290' title='bbox 1551 4559 1845 4616; x_wconf 84' lang='lat' dir='ltr'><strong>Ecclesiam</strong></span> 
     </span>
    </p>
   </div>
   <div class='ocr_carea' id='block_1_45' title="bbox 231 4630 1926 4724">
    <p class='ocr_par' dir='ltr' id='par_1_45' title="bbox 231 4630 1926 4724">
     <span class='ocr_line' id='line_1_45' title="bbox 231 4630 1926 4724; baseline 0.008 -28"><span class='ocrx_word' id='word_1_291' title='bbox 231 4645 524 4700; x_wconf 87' lang='lat' dir='ltr'><strong>admittere</strong></span> <span class='ocrx_word' id='word_1_292' title='bbox 541 4648 657 4700; x_wconf 89' lang='lat' dir='ltr'><strong>ausi</strong></span> <span class='ocrx_word' id='word_1_293' title='bbox 690 4646 939 4716; x_wconf 80' lang='lat' dir='ltr'><strong>fuissent,</strong></span> <span class='ocrx_word' id='word_1_294' title='bbox 963 4665 1084 4720; x_wconf 71' lang='lat' dir='ltr'><strong>qua:</strong></span> <span class='ocrx_word' id='word_1_295' title='bbox 1111 4667 1271 4707; x_wconf 90' lang='lat' dir='ltr'><strong>nemo</strong></span> <span class='ocrx_word' id='word_1_296' title='bbox 1297 4668 1530 4724; x_wconf 88' lang='lat' dir='ltr'><strong>unquam</strong></span> <span class='ocrx_word' id='word_1_297' title='bbox 1552 4653 1618 4708; x_wconf 90' lang='lat' dir='ltr'><strong>ab</strong></span> <span class='ocrx_word' id='word_1_298' title='bbox 1651 4653 1836 4710; x_wconf 92' lang='lat' dir='ltr'><strong>ultima</strong></span> <span class='ocrx_word' id='word_1_299' title='bbox 1872 4630 1926 4691; x_wconf 80' lang='lat' dir='ltr'><strong>D</strong></span> 
     </span>
    </p>
   </div>
   <div class='ocr_carea' id='block_1_46' title="bbox 230 4737 1841 4815">
    <p class='ocr_par' dir='ltr' id='par_1_46' title="bbox 230 4737 1841 4815">
     <span class='ocr_line' id='line_1_46' title="bbox 230 4737 1841 4815; baseline 0.008 -25"><span class='ocrx_word' id='word_1_300' title='bbox 230 4752 408 4808; x_wconf 88' lang='lat' dir='ltr'><strong>usque</strong></span> <span class='ocrx_word' id='word_1_301' title='bbox 436 4737 719 4795; x_wconf 89' lang='lat' dir='ltr'><strong>hominum</strong></span> <span class='ocrx_word' id='word_1_302' title='bbox 753 4743 1014 4798; x_wconf 88' lang='lat' dir='ltr'><strong>memoria</strong></span> <span class='ocrx_word' id='word_1_303' title='bbox 1061 4743 1199 4799; x_wconf 78' lang='lat' dir='ltr'><strong>facta</strong></span> <span class='ocrx_word' id='word_1_304' title='bbox 1244 4759 1365 4801; x_wconf 89' lang='lat' dir='ltr'><strong>esse</strong></span> <span class='ocrx_word' id='word_1_305' title='bbox 1396 4745 1676 4815; x_wconf 90' lang='lat' dir='ltr'><strong>audierat,</strong></span> <span class='ocrx_word' id='word_1_306' title='bbox 1726 4763 1841 4803; x_wconf 90' lang='lat' dir='ltr'><strong>me-</strong></span> 
     </span>
    </p>
   </div>
   <div class='ocr_carea' id='block_1_47' title="bbox 232 4831 1839 4908">
    <p class='ocr_par' dir='ltr' id='par_1_47' title="bbox 232 4831 1839 4908">
     <span class='ocr_line' id='line_1_47' title="bbox 232 4831 1839 4908; baseline 0.007 -23"><span class='ocrx_word' id='word_1_307' title='bbox 232 4831 337 4886; x_wconf 86' lang='lat' dir='ltr'><strong>rito</strong></span> <span class='ocrx_word' id='word_1_308' title='bbox 369 4836 511 4888; x_wconf 85' lang='lat' dir='ltr'><strong>Deus</strong></span> <span class='ocrx_word' id='word_1_309' title='bbox 545 4835 854 4890; x_wconf 89' lang='lat' dir='ltr'><strong>inusitatum</strong></span> <span class='ocrx_word' id='word_1_310' title='bbox 883 4838 1150 4908; x_wconf 88' lang='lat' dir='ltr'><strong>quoddam</strong></span> <span class='ocrx_word' id='word_1_311' title='bbox 1178 4839 1498 4895; x_wconf 91' lang='lat' dir='ltr'><strong>miraculum</strong></span> <span class='ocrx_word' id='word_1_312' title='bbox 1519 4881 1534 4906; x_wconf 99' lang='lat'><strong>,</strong></span> <span class='ocrx_word' id='word_1_313' title='bbox 1569 4838 1839 4897; x_wconf 87' lang='lat' dir='ltr'><strong>Constan-</strong></span> 
     </span>
    </p>
   </div>
   <div class='ocr_carea' id='block_1_48' title="bbox 234 4924 1836 5004">
    <p class='ocr_par' dir='ltr' id='par_1_48' title="bbox 234 4924 1836 5004">
     <span class='ocr_line' id='line_1_48' title="bbox 234 4924 1836 5004; baseline 0.009 -27"><span class='ocrx_word' id='word_1_314' title='bbox 234 4924 406 4978; x_wconf 92' lang='lat' dir='ltr'><strong>tinum</strong></span> <span class='ocrx_word' id='word_1_315' title='bbox 437 4925 665 4993; x_wconf 84' lang='lat' dir='ltr'><strong>scilicet,</strong></span> <span class='ocrx_word' id='word_1_316' title='bbox 709 4927 762 4984; x_wconf 92' lang='lat' dir='ltr'><strong>in</strong></span> <span class='ocrx_word' id='word_1_317' title='bbox 808 4931 1041 4987; x_wconf 87' lang='lat' dir='ltr'><strong>medium</strong></span> <span class='ocrx_word' id='word_1_318' title='bbox 1075 4932 1399 5002; x_wconf 87' lang='lat' dir='ltr'><strong>producens,</strong></span> <span class='ocrx_word' id='word_1_319' title='bbox 1445 4949 1506 4989; x_wconf 89' lang='lat' dir='ltr'><strong>ea</strong></span> <span class='ocrx_word' id='word_1_320' title='bbox 1547 4948 1641 5004; x_wconf 90' lang='lat' dir='ltr'><strong>per</strong></span> <span class='ocrx_word' id='word_1_321' title='bbox 1687 4935 1836 4991; x_wconf 90' lang='lat' dir='ltr'><strong>illum</strong></span> 
     </span>
    </p>
   </div>
   <div class='ocr_carea' id='block_1_49' title="bbox 235 5017 1838 5094">
    <p class='ocr_par' dir='ltr' id='par_1_49' title="bbox 235 5017 1838 5094">
     <span class='ocr_line' id='line_1_49' title="bbox 235 5017 1838 5094; baseline 0.007 -24"><span class='ocrx_word' id='word_1_322' title='bbox 235 5017 409 5086; x_wconf 88' lang='lat' dir='ltr'><strong>gessit</strong></span> <span class='ocrx_word' id='word_1_323' title='bbox 439 5033 560 5087; x_wconf 72' lang='lat' dir='ltr'><strong>qua-</strong></span> <span class='ocrx_word' id='word_1_324' title='bbox 589 5033 688 5076; x_wconf 88' lang='lat' dir='ltr'><strong>nec</strong></span> <span class='ocrx_word' id='word_1_325' title='bbox 712 5021 894 5076; x_wconf 87' lang='lat' dir='ltr'><strong>auditu</strong></span> <span class='ocrx_word' id='word_1_326' title='bbox 912 5033 1397 5094; x_wconf 88' lang='lat' dir='ltr'><strong>unquamaccepta,</strong></span> <span class='ocrx_word' id='word_1_327' title='bbox 1417 5039 1518 5080; x_wconf 91' lang='lat' dir='ltr'><strong>nec</strong></span> <span class='ocrx_word' id='word_1_328' title='bbox 1533 5026 1702 5082; x_wconf 90' lang='lat' dir='ltr'><strong>oculis</strong></span> <span class='ocrx_word' id='word_1_329' title='bbox 1722 5027 1838 5083; x_wconf 87' lang='lat' dir='ltr'><strong>visa</strong></span> 
     </span>
    </p>
   </div>
   <div class='ocr_carea' id='block_1_50' title="bbox 235 5109 1833 5189">
    <p class='ocr_par' dir='ltr' id='par_1_50' title="bbox 235 5109 1833 5189">
     <span class='ocr_line' id='line_1_50' title="bbox 235 5109 1833 5189; baseline 0.008 -26"><span class='ocrx_word' id='word_1_330' title='bbox 235 5109 468 5166; x_wconf 82' lang='lat' dir='ltr'><strong>inerant.</strong></span> <span class='ocrx_word' id='word_1_331' title='bbox 499 5112 652 5180; x_wconf 87' lang='lat' dir='ltr'><strong>Quod</strong></span> <span class='ocrx_word' id='word_1_332' title='bbox 681 5115 823 5169; x_wconf 92' lang='lat' dir='ltr'><strong>enim</strong></span> <span class='ocrx_word' id='word_1_333' title='bbox 855 5117 1174 5172; x_wconf 90' lang='lat' dir='ltr'><strong>miraculum</strong></span> <span class='ocrx_word' id='word_1_334' title='bbox 1207 5121 1378 5189; x_wconf 86' lang='lat' dir='ltr'><strong>magis</strong></span> <span class='ocrx_word' id='word_1_335' title='bbox 1406 5135 1604 5175; x_wconf 90' lang='lat' dir='ltr'><strong>novum</strong></span> <span class='ocrx_word' id='word_1_336' title='bbox 1627 5129 1682 5176; x_wconf 88' lang='lat' dir='ltr'><strong>et</strong></span> <span class='ocrx_word' id='word_1_337' title='bbox 1708 5122 1833 5176; x_wconf 81' lang='lat' dir='ltr'><strong>inu-</strong></span> 
     </span>
    </p>
   </div>
   <div class='ocr_carea' id='block_1_51' title="bbox 235 5203 1833 5284">
    <p class='ocr_par' dir='ltr' id='par_1_51' title="bbox 235 5203 1833 5284">
     <span class='ocr_line' id='line_1_51' title="bbox 235 5203 1833 5284; baseline 0.009 -29"><span class='ocrx_word' id='word_1_338' title='bbox 235 5203 452 5259; x_wconf 82' lang='lat' dir='ltr'><strong>sitatum</strong></span> <span class='ocrx_word' id='word_1_339' title='bbox 490 5205 589 5261; x_wconf 82' lang='lat' dir='ltr'><strong>fuit</strong></span> <span class='ocrx_word' id='word_1_340' title='bbox 613 5248 628 5271; x_wconf 94' lang='lat'><strong>,</strong></span> <span class='ocrx_word' id='word_1_341' title='bbox 658 5223 818 5278; x_wconf 89' lang='lat' dir='ltr'><strong>quam</strong></span> <span class='ocrx_word' id='word_1_342' title='bbox 850 5209 1187 5278; x_wconf 90' lang='lat' dir='ltr'><strong>imperatoris</strong></span> <span class='ocrx_word' id='word_1_343' title='bbox 1215 5212 1384 5266; x_wconf 89' lang='lat' dir='ltr'><strong>nostri</strong></span> <span class='ocrx_word' id='word_1_344' title='bbox 1433 5212 1632 5276; x_wconf 89' lang='lat' dir='ltr'><strong>virtus,</strong></span> <span class='ocrx_word' id='word_1_345' title='bbox 1670 5229 1833 5284; x_wconf 89' lang='lat' dir='ltr'><strong>quem</strong></span> 
     </span>
    </p>
   </div>
   <div class='ocr_carea' id='block_1_52' title="bbox 240 5294 1837 5374">
    <p class='ocr_par' dir='ltr' id='par_1_52' title="bbox 240 5294 1837 5374">
     <span class='ocr_line' id='line_1_52' title="bbox 240 5294 1837 5374; baseline 0.008 -23"><span class='ocrx_word' id='word_1_346' title='bbox 240 5294 330 5351; x_wconf 91' lang='lat' dir='ltr'><strong>Dei</strong></span> <span class='ocrx_word' id='word_1_347' title='bbox 372 5300 636 5369; x_wconf 80' lang='lat' dir='ltr'><strong>sapientia</strong></span> <span class='ocrx_word' id='word_1_348' title='bbox 682 5301 916 5357; x_wconf 90' lang='lat' dir='ltr'><strong>humano</strong></span> <span class='ocrx_word' id='word_1_349' title='bbox 960 5302 1143 5374; x_wconf 85' lang='lat' dir='ltr'><strong>generi</strong></span> <span class='ocrx_word' id='word_1_350' title='bbox 1192 5302 1430 5358; x_wconf 88' lang='lat' dir='ltr'><strong>donavit.</strong></span> <span class='ocrx_word' id='word_1_351' title='bbox 1489 5305 1699 5374; x_wconf 85' lang='lat' dir='ltr'><strong>Quippe</strong></span> <span class='ocrx_word' id='word_1_352' title='bbox 1746 5307 1837 5363; x_wconf 90' lang='lat' dir='ltr'><strong>ille</strong></span> 
     </span>
    </p>
   </div>
   <div class='ocr_carea' id='block_1_53' title="bbox 236 5394 1836 5458">
    <p class='ocr_par' dir='ltr' id='par_1_53' title="bbox 236 5394 1836 5458">
     <span class='ocr_line' id='line_1_53' title="bbox 236 5394 1836 5458; baseline 0.009 -16"><span class='ocrx_word' id='word_1_353' title='bbox 236 5404 354 5444; x_wconf 89' lang='lat' dir='ltr'><strong>cum</strong></span> <span class='ocrx_word' id='word_1_354' title='bbox 383 5396 529 5448; x_wconf 88' lang='lat' dir='ltr'><strong>omni</strong></span> <span class='ocrx_word' id='word_1_355' title='bbox 561 5394 754 5450; x_wconf 86' lang='lat' dir='ltr'><strong>ﬁducia</strong></span> <span class='ocrx_word' id='word_1_356' title='bbox 788 5411 850 5450; x_wconf 88' lang='lat' dir='ltr'><strong>ac</strong></span> <span class='ocrx_word' id='word_1_357' title='bbox 877 5397 1125 5452; x_wconf 87' lang='lat' dir='ltr'><strong>libertate</strong></span> <span class='ocrx_word' id='word_1_358' title='bbox 1155 5396 1429 5453; x_wconf 88' lang='lat' dir='ltr'><strong>Christum</strong></span> <span class='ocrx_word' id='word_1_359' title='bbox 1477 5399 1577 5455; x_wconf 90' lang='lat' dir='ltr'><strong>Dei</strong></span> <span class='ocrx_word' id='word_1_360' title='bbox 1624 5403 1836 5458; x_wconf 89' lang='lat' dir='ltr'><strong>cunctis</strong></span> 
     </span>
    </p>
   </div>
   <div class='ocr_carea' id='block_1_54' title="bbox 242 5489 1835 5558">
    <p class='ocr_par' dir='ltr' id='par_1_54' title="bbox 242 5489 1835 5558">
     <span class='ocr_line' id='line_1_54' title="bbox 242 5489 1835 5558; baseline 0.009 -21"><span class='ocrx_word' id='word_1_361' title='bbox 242 5498 494 5558; x_wconf 85' lang='lat' dir='ltr'><strong>perpetuo</strong></span> <span class='ocrx_word' id='word_1_362' title='bbox 543 5489 884 5557; x_wconf 68' lang='lat' dir='ltr'><strong>praedicavit,</strong></span> <span class='ocrx_word' id='word_1_363' title='bbox 919 5506 1018 5547; x_wconf 91' lang='lat' dir='ltr'><strong>nec</strong></span> <span class='ocrx_word' id='word_1_364' title='bbox 1056 5492 1274 5547; x_wconf 87' lang='lat' dir='ltr'><strong>salutari</strong></span> <span class='ocrx_word' id='word_1_365' title='bbox 1325 5493 1588 5549; x_wconf 88' lang='lat' dir='ltr'><strong>vocabulo</strong></span> <span class='ocrx_word' id='word_1_366' title='bbox 1623 5495 1835 5552; x_wconf 90' lang='lat' dir='ltr'><strong>censeri</strong></span> 
     </span>
    </p>
   </div>
   <div class='ocr_carea' id='block_1_55' title="bbox 240 5582 1836 5659">
    <p class='ocr_par' dir='ltr' id='par_1_55' title="bbox 240 5582 1836 5659">
     <span class='ocr_line' id='line_1_55' title="bbox 240 5582 1836 5659; baseline 0.007 -25"><span class='ocrx_word' id='word_1_367' title='bbox 240 5582 468 5640; x_wconf 89' lang='lat' dir='ltr'><strong>erubuit.</strong></span> <span class='ocrx_word' id='word_1_368' title='bbox 499 5583 695 5640; x_wconf 88' lang='lat' dir='ltr'><strong>Verum</strong></span> <span class='ocrx_word' id='word_1_369' title='bbox 741 5585 813 5641; x_wconf 89' lang='lat' dir='ltr'><strong>ob</strong></span> <span class='ocrx_word' id='word_1_370' title='bbox 859 5600 976 5641; x_wconf 88' lang='lat' dir='ltr'><strong>eam</strong></span> <span class='ocrx_word' id='word_1_371' title='bbox 1027 5603 1141 5642; x_wconf 90' lang='lat' dir='ltr'><strong>rem</strong></span> <span class='ocrx_word' id='word_1_372' title='bbox 1185 5601 1307 5642; x_wconf 87' lang='lat' dir='ltr'><strong>sese</strong></span> <span class='ocrx_word' id='word_1_373' title='bbox 1351 5603 1680 5659; x_wconf 85' lang='lat' dir='ltr'><strong>magnopere</strong></span> <span class='ocrx_word' id='word_1_374' title='bbox 1704 5587 1836 5645; x_wconf 77' lang='lat' dir='ltr'><strong>eﬂ‘e-</strong></span> 
     </span>
    </p>
   </div>
   <div class='ocr_carea' id='block_1_56' title="bbox 244 5677 1838 5742">
    <p class='ocr_par' dir='ltr' id='par_1_56' title="bbox 244 5677 1838 5742">
     <span class='ocr_line' id='line_1_56' title="bbox 244 5677 1838 5742; baseline 0.008 -14"><span class='ocrx_word' id='word_1_375' title='bbox 244 5688 394 5742; x_wconf 87' lang='lat' dir='ltr'><strong>rens,</strong></span> <span class='ocrx_word' id='word_1_376' title='bbox 423 5677 679 5732; x_wconf 88' lang='lat' dir='ltr'><strong>omnibus</strong></span> <span class='ocrx_word' id='word_1_377' title='bbox 712 5692 771 5734; x_wconf 87' lang='lat' dir='ltr'><strong>sc</strong></span> <span class='ocrx_word' id='word_1_378' title='bbox 817 5680 1150 5735; x_wconf 85' lang='lat' dir='ltr'><strong>noscendum</strong></span> <span class='ocrx_word' id='word_1_379' title='bbox 1202 5681 1486 5737; x_wconf 82' lang='lat' dir='ltr'><strong>exhibuit:</strong></span> <span class='ocrx_word' id='word_1_380' title='bbox 1518 5681 1646 5738; x_wconf 92' lang='lat' dir='ltr'><strong>dum</strong></span> <span class='ocrx_word' id='word_1_381' title='bbox 1694 5699 1838 5741; x_wconf 82' lang='lat' dir='ltr'><strong>nutic</strong></span> 
     </span>
    </p>
   </div>
   <div class='ocr_carea' id='block_1_57' title="bbox 249 5767 1840 5847">
    <p class='ocr_par' dir='ltr' id='par_1_57' title="bbox 249 5767 1840 5847">
     <span class='ocr_line' id='line_1_57' title="bbox 249 5767 1840 5847; baseline 0.011 -29"><span class='ocrx_word' id='word_1_382' title='bbox 249 5767 456 5835; x_wconf 89' lang='lat' dir='ltr'><strong>quidem</strong></span> <span class='ocrx_word' id='word_1_383' title='bbox 491 5769 714 5826; x_wconf 87' lang='lat' dir='ltr'><strong>salutari</strong></span> <span class='ocrx_word' id='word_1_384' title='bbox 744 5773 898 5842; x_wconf 87' lang='lat' dir='ltr'><strong>signo</strong></span> <span class='ocrx_word' id='word_1_385' title='bbox 922 5774 1126 5830; x_wconf 83' lang='lat' dir='ltr'><strong>vultum</strong></span> <span class='ocrx_word' id='word_1_386' title='bbox 1157 5775 1466 5847; x_wconf 87' lang='lat' dir='ltr'><strong>consignat,</strong></span> <span class='ocrx_word' id='word_1_387' title='bbox 1493 5790 1634 5834; x_wconf 91' lang='lat' dir='ltr'><strong>nunc</strong></span> <span class='ocrx_word' id='word_1_388' title='bbox 1651 5777 1840 5836; x_wconf 83' lang='lat' dir='ltr'><strong>trium-</strong></span> 
     </span>
    </p>
   </div>
   <div class='ocr_carea' id='block_1_58' title="bbox 251 5857 934 5934">
    <p class='ocr_par' dir='ltr' id='par_1_58' title="bbox 251 5857 934 5934">
     <span class='ocr_line' id='line_1_58' title="bbox 251 5857 934 5934; baseline 0.006 -22"><span class='ocrx_word' id='word_1_389' title='bbox 251 5857 386 5926; x_wconf 76' lang='lat' dir='ltr'><strong>phali</strong></span> <span class='ocrx_word' id='word_1_390' title='bbox 415 5862 682 5932; x_wconf 72' lang='lat' dir='ltr'><strong>gloriatur</strong></span> <span class='ocrx_word' id='word_1_391' title='bbox 712 5873 934 5934; x_wconf 81' lang='lat' dir='ltr'><strong>tropaeo.</strong></span> 
     </span>
    </p>
   </div>
   <div class='ocr_carea' id='block_1_59' title="bbox 2630 457 2968 520">
    <p class='ocr_par' dir='ltr' id='par_1_59' title="bbox 2630 457 2968 520">
     <span class='ocr_line' id='line_1_59' title="bbox 2630 457 2968 520; baseline 0.015 -6"><span class='ocrx_word' id='word_1_392' title='bbox 2630 457 2860 518; x_wconf 83' lang='lat' dir='ltr'><strong>CAPUT</strong></span> <span class='ocrx_word' id='word_1_393' title='bbox 2883 463 2968 520; x_wconf 91' lang='lat' dir='ltr'><strong>lll.</strong></span> 
     </span>
    </p>
   </div>
   <div class='ocr_carea' id='block_1_60' title="bbox 1991 560 3587 663">
    <p class='ocr_par' dir='ltr' id='par_1_60' title="bbox 1991 560 3587 663">
     <span class='ocr_line' id='line_1_60' title="bbox 1991 560 3587 663; baseline 0.019 -46"><span class='ocrx_word' id='word_1_394' title='bbox 1991 560 2070 618; x_wconf 86' lang='lat' dir='ltr'><strong>De</strong></span> <span class='ocrx_word' id='word_1_395' title='bbox 2107 567 2328 640; x_wconf 86' lang='lat' dir='ltr'><strong>imagine</strong></span> <span class='ocrx_word' id='word_1_396' title='bbox 2355 569 2694 642; x_wconf 86' lang='lat' dir='ltr'><strong>Constantini,</strong></span> <span class='ocrx_word' id='word_1_397' title='bbox 2737 582 2822 635; x_wconf 84' lang='lat' dir='ltr'><strong>cui</strong></span> <span class='ocrx_word' id='word_1_398' title='bbox 2852 599 2979 638; x_wconf 77' lang='lat' dir='ltr'><strong>crux</strong></span> <span class='ocrx_word' id='word_1_399' title='bbox 3019 587 3223 656; x_wconf 84' lang='lat' dir='ltr'><strong>quidem</strong></span> <span class='ocrx_word' id='word_1_400' title='bbox 3267 593 3587 663; x_wconf 67' lang='lat' dir='ltr'><strong>superposita</strong></span> 
     </span>
    </p>
   </div>
   <div class='ocr_carea' id='block_1_61' title="bbox 2423 672 3134 742">
    <p class='ocr_par' dir='ltr' id='par_1_61' title="bbox 2423 672 3134 742">
     <span class='ocr_line' id='line_1_61' title="bbox 2423 672 3134 742; baseline 0.02 -20"><span class='ocrx_word' id='word_1_401' title='bbox 2423 677 2556 735; x_wconf 88' lang='lat' dir='ltr'><strong>erat,</strong></span> <span class='ocrx_word' id='word_1_402' title='bbox 2588 672 2726 742; x_wconf 80' lang='lat' dir='ltr'><strong>infra</strong></span> <span class='ocrx_word' id='word_1_403' title='bbox 2755 683 2926 729; x_wconf 88' lang='lat' dir='ltr'><strong>autem</strong></span> <span class='ocrx_word' id='word_1_404' title='bbox 2954 677 3134 736; x_wconf 84' lang='lat' dir='ltr'><strong>draco.</strong></span> 
     </span>
    </p>
   </div>
   <div class='ocr_carea' id='block_1_62' title="bbox 2058 774 3584 860">
    <p class='ocr_par' dir='ltr' id='par_1_62' title="bbox 2058 774 3584 860">
     <span class='ocr_line' id='line_1_62' title="bbox 2058 774 3584 860; baseline 0.02 -33"><span class='ocrx_word' id='word_1_405' title='bbox 2058 774 2364 841; x_wconf 87' lang='lat' dir='ltr'><strong>Quinetiam</strong></span> <span class='ocrx_word' id='word_1_406' title='bbox 2391 782 2441 836; x_wconf 93' lang='lat' dir='ltr'><strong>in</strong></span> <span class='ocrx_word' id='word_1_407' title='bbox 2475 784 2689 841; x_wconf 87' lang='lat' dir='ltr'><strong>sublimi</strong></span> <span class='ocrx_word' id='word_1_408' title='bbox 2713 791 2942 860; x_wconf 86' lang='lat' dir='ltr'><strong>quadam</strong></span> <span class='ocrx_word' id='word_1_409' title='bbox 2978 795 3153 852; x_wconf 90' lang='lat' dir='ltr'><strong>tabula</strong></span> <span class='ocrx_word' id='word_1_410' title='bbox 3192 809 3314 855; x_wconf 89' lang='lat' dir='ltr'><strong>ante</strong></span> <span class='ocrx_word' id='word_1_411' title='bbox 3345 801 3584 857; x_wconf 90' lang='lat' dir='ltr'><strong>vestibu-</strong></span> 
     </span>
    </p>
   </div>
   <div class='ocr_carea' id='block_1_63' title="bbox 1985 864 3582 965">
    <p class='ocr_par' dir='ltr' id='par_1_63' title="bbox 1985 864 3582 965">
     <span class='ocr_line' id='line_1_63' title="bbox 1985 864 3582 965; baseline 0.019 -45"><span class='ocrx_word' id='word_1_412' title='bbox 1985 864 2094 922; x_wconf 89' lang='lat' dir='ltr'><strong>lum</strong></span> <span class='ocrx_word' id='word_1_413' title='bbox 2159 872 2339 939; x_wconf 82' lang='lat' dir='ltr'><strong>palatii</strong></span> <span class='ocrx_word' id='word_1_414' title='bbox 2393 877 2596 945; x_wconf 85' lang='lat' dir='ltr'><strong>posita,</strong></span> <span class='ocrx_word' id='word_1_415' title='bbox 2643 885 2851 940; x_wconf 91' lang='lat' dir='ltr'><strong>cunctis</strong></span> <span class='ocrx_word' id='word_1_416' title='bbox 2895 891 3249 956; x_wconf 79' lang='lat' dir='ltr'><strong>Spectandum</strong></span> <span class='ocrx_word' id='word_1_417' title='bbox 3299 899 3582 965; x_wconf 78' lang='lat' dir='ltr'><strong>prepositit</strong></span> 
     </span>
    </p>
   </div>
   <div class='ocr_carea' id='block_1_64' title="bbox 1982 959 3574 1054">
    <p class='ocr_par' dir='ltr' id='par_1_64' title="bbox 1982 959 3574 1054">
     <span class='ocr_line' id='line_1_64' title="bbox 1982 959 3574 1054; baseline 0.02 -42"><span class='ocrx_word' id='word_1_418' title='bbox 1982 959 2220 1018; x_wconf 82' lang='lat' dir='ltr'><strong>snlutare</strong></span> <span class='ocrx_word' id='word_1_419' title='bbox 2271 967 2489 1035; x_wconf 90' lang='lat' dir='ltr'><strong>quidem</strong></span> <span class='ocrx_word' id='word_1_420' title='bbox 2541 972 2750 1042; x_wconf 82' lang='lat' dir='ltr'><strong>signum</strong></span> <span class='ocrx_word' id='word_1_421' title='bbox 2790 980 2948 1048; x_wconf 88' lang='lat' dir='ltr'><strong>capiti</strong></span> <span class='ocrx_word' id='word_1_422' title='bbox 2997 998 3095 1035; x_wconf 73' lang='lat' dir='ltr'><strong>suo</strong></span> <span class='ocrx_word' id='word_1_423' title='bbox 3126 959 3574 1054; x_wconf 80' lang='lat' dir='ltr'><strong>superpositum:</strong></span> 
     </span>
    </p>
   </div>
   <div class='ocr_carea' id='block_1_65' title="bbox 1983 1051 3574 1149">
    <p class='ocr_par' dir='ltr' id='par_1_65' title="bbox 1983 1051 3574 1149">
     <span class='ocr_line' id='line_1_65' title="bbox 1983 1051 3574 1149; baseline 0.018 -41"><span class='ocrx_word' id='word_1_424' title='bbox 1983 1051 2118 1109; x_wconf 85' lang='lat' dir='ltr'><strong>infra</strong></span> <span class='ocrx_word' id='word_1_425' title='bbox 2149 1072 2281 1111; x_wconf 86' lang='lat' dir='ltr'><strong>vero</strong></span> <span class='ocrx_word' id='word_1_426' title='bbox 2310 1061 2519 1117; x_wconf 88' lang='lat' dir='ltr'><strong>hostem</strong></span> <span class='ocrx_word' id='word_1_427' title='bbox 2544 1064 2691 1119; x_wconf 92' lang='lat' dir='ltr'><strong>illum</strong></span> <span class='ocrx_word' id='word_1_428' title='bbox 2721 1078 2774 1123; x_wconf 88' lang='lat' dir='ltr'><strong>et</strong></span> <span class='ocrx_word' id='word_1_429' title='bbox 2798 1069 3070 1127; x_wconf 89' lang='lat' dir='ltr'><strong>inimicum</strong></span> <span class='ocrx_word' id='word_1_430' title='bbox 3098 1078 3309 1146; x_wconf 83' lang='lat' dir='ltr'><strong>generis</strong></span> <span class='ocrx_word' id='word_1_431' title='bbox 3333 1079 3574 1149; x_wconf 89' lang='lat' dir='ltr'><strong>humani,</strong></span> 
     </span>
    </p>
   </div>
   <div class='ocr_carea' id='block_1_66' title="bbox 1981 1149 3577 1244">
    <p class='ocr_par' dir='ltr' id='par_1_66' title="bbox 1981 1149 3577 1244">
     <span class='ocr_line' id='line_1_66' title="bbox 1981 1149 3577 1244; baseline 0.019 -43"><span class='ocrx_word' id='word_1_432' title='bbox 1981 1151 2072 1218; x_wconf 90' lang='lat' dir='ltr'><strong>qui</strong></span> <span class='ocrx_word' id='word_1_433' title='bbox 2105 1149 2386 1220; x_wconf 89' lang='lat' dir='ltr'><strong>impiorum</strong></span> <span class='ocrx_word' id='word_1_434' title='bbox 2413 1164 2761 1226; x_wconf 83' lang='lat' dir='ltr'><strong>tyrannorum</strong></span> <span class='ocrx_word' id='word_1_435' title='bbox 2793 1178 2957 1233; x_wconf 85' lang='lat' dir='ltr'><strong>opera</strong></span> <span class='ocrx_word' id='word_1_436' title='bbox 2994 1167 3288 1224; x_wconf 83' lang='lat' dir='ltr'><strong>Ecclesiam</strong></span> <span class='ocrx_word' id='word_1_437' title='bbox 3343 1173 3432 1228; x_wconf 87' lang='lat' dir='ltr'><strong>Dei</strong></span> <span class='ocrx_word' id='word_1_438' title='bbox 3478 1188 3577 1244; x_wconf 91' lang='lat' dir='ltr'><strong>op-</strong></span> 
     </span>
    </p>
   </div>
   <div class='ocr_carea' id='block_1_67' title="bbox 1979 1248 3573 1332">
    <p class='ocr_par' dir='ltr' id='par_1_67' title="bbox 1979 1248 3573 1332">
     <span class='ocr_line' id='line_1_67' title="bbox 1979 1248 3573 1332; baseline 0.019 -40"><span class='ocrx_word' id='word_1_439' title='bbox 1979 1254 2328 1312; x_wconf 85' lang='lat' dir='ltr'><strong>pugnaverat,</strong></span> <span class='ocrx_word' id='word_1_440' title='bbox 2358 1248 2460 1302; x_wconf 86' lang='lat' dir='ltr'><strong>sub</strong></span> <span class='ocrx_word' id='word_1_441' title='bbox 2487 1249 2736 1308; x_wconf 84' lang='lat' dir='ltr'><strong>draconis</strong></span> <span class='ocrx_word' id='word_1_442' title='bbox 2769 1255 2936 1312; x_wconf 78' lang='lat' dir='ltr'><strong>forma</strong></span> <span class='ocrx_word' id='word_1_443' title='bbox 2958 1259 3009 1312; x_wconf 91' lang='lat' dir='ltr'><strong>in</strong></span> <span class='ocrx_word' id='word_1_444' title='bbox 3031 1275 3273 1332; x_wconf 66' lang='lat' dir='ltr'><strong>princeps</strong></span> <span class='ocrx_word' id='word_1_445' title='bbox 3303 1277 3573 1322; x_wconf 89' lang='lat' dir='ltr'><strong>ruentem.</strong></span> 
     </span>
    </p>
   </div>
   <div class='ocr_carea' id='block_1_68' title="bbox 1979 1329 3572 1423">
    <p class='ocr_par' dir='ltr' id='par_1_68' title="bbox 1979 1329 3572 1423">
     <span class='ocr_line' id='line_1_68' title="bbox 1979 1329 3572 1423; baseline 0.018 -40"><span class='ocrx_word' id='word_1_446' title='bbox 1979 1329 2188 1403; x_wconf 87' lang='lat' dir='ltr'><strong>Quippe</strong></span> <span class='ocrx_word' id='word_1_447' title='bbox 2218 1336 2395 1392; x_wconf 90' lang='lat' dir='ltr'><strong>divina</strong></span> <span class='ocrx_word' id='word_1_448' title='bbox 2441 1343 2654 1396; x_wconf 87' lang='lat' dir='ltr'><strong>oracula</strong></span> <span class='ocrx_word' id='word_1_449' title='bbox 2702 1344 2754 1398; x_wconf 92' lang='lat' dir='ltr'><strong>in</strong></span> <span class='ocrx_word' id='word_1_450' title='bbox 2800 1348 3182 1417; x_wconf 85' lang='lat' dir='ltr'><strong>prophetarum</strong></span> <span class='ocrx_word' id='word_1_451' title='bbox 3241 1353 3410 1423; x_wconf 84' lang='lat' dir='ltr'><strong>libris,</strong></span> <span class='ocrx_word' id='word_1_452' title='bbox 3445 1357 3572 1412; x_wconf 90' lang='lat' dir='ltr'><strong>dra-</strong></span> 
     </span>
    </p>
   </div>
   <div class='ocr_carea' id='block_1_69' title="bbox 1976 1429 3569 1517">
    <p class='ocr_par' dir='ltr' id='par_1_69' title="bbox 1976 1429 3569 1517">
     <span class='ocr_line' id='line_1_69' title="bbox 1976 1429 3569 1517; baseline 0.016 -38"><span class='ocrx_word' id='word_1_453' title='bbox 1976 1440 2165 1482; x_wconf 90' lang='lat' dir='ltr'><strong>conem</strong></span> <span class='ocrx_word' id='word_1_454' title='bbox 2220 1429 2369 1485; x_wconf 92' lang='lat' dir='ltr'><strong>illum</strong></span> <span class='ocrx_word' id='word_1_455' title='bbox 2413 1441 2470 1487; x_wconf 88' lang='lat' dir='ltr'><strong>et</strong></span> <span class='ocrx_word' id='word_1_456' title='bbox 2524 1435 2801 1492; x_wconf 84' lang='lat' dir='ltr'><strong>sinuosum</strong></span> <span class='ocrx_word' id='word_1_457' title='bbox 2857 1455 3164 1511; x_wconf 86' lang='lat' dir='ltr'><strong>serpentem</strong></span> <span class='ocrx_word' id='word_1_458' title='bbox 3209 1448 3569 1517; x_wconf 87' lang='lat' dir='ltr'><strong>appellarunt.</strong></span> 
     </span>
    </p>
   </div>
   <div class='ocr_carea' id='block_1_70' title="bbox 1974 1516 3572 1605">
    <p class='ocr_par' dir='ltr' id='par_1_70' title="bbox 1974 1516 3572 1605">
     <span class='ocr_line' id='line_1_70' title="bbox 1974 1516 3572 1605; baseline 0.016 -33"><span class='ocrx_word' id='word_1_459' title='bbox 1974 1516 2181 1575; x_wconf 91' lang='lat' dir='ltr'><strong>Idcirco</strong></span> <span class='ocrx_word' id='word_1_460' title='bbox 2213 1523 2508 1592; x_wconf 89' lang='lat' dir='ltr'><strong>imperator</strong></span> <span class='ocrx_word' id='word_1_461' title='bbox 2535 1528 2822 1586; x_wconf 87' lang='lat' dir='ltr'><strong>draconem</strong></span> <span class='ocrx_word' id='word_1_462' title='bbox 2862 1534 2981 1590; x_wconf 88' lang='lat' dir='ltr'><strong>telis</strong></span> <span class='ocrx_word' id='word_1_463' title='bbox 3012 1551 3106 1605; x_wconf 90' lang='lat' dir='ltr'><strong>per</strong></span> <span class='ocrx_word' id='word_1_464' title='bbox 3151 1516 3386 1595; x_wconf 87' lang='lat' dir='ltr'><strong>medium</strong></span> <span class='ocrx_word' id='word_1_465' title='bbox 3440 1557 3572 1598; x_wconf 83' lang='lat' dir='ltr'><strong>ven-</strong></span> 
     </span>
    </p>
   </div>
   <div class='ocr_carea' id='block_1_71' title="bbox 1975 1615 3573 1702">
    <p class='ocr_par' dir='ltr' id='par_1_71' title="bbox 1975 1615 3573 1702">
     <span class='ocr_line' id='line_1_71' title="bbox 1975 1615 3573 1702; baseline 0.015 -37"><span class='ocrx_word' id='word_1_466' title='bbox 1975 1620 2109 1666; x_wconf 89' lang='lat' dir='ltr'><strong>trem</strong></span> <span class='ocrx_word' id='word_1_467' title='bbox 2142 1615 2433 1682; x_wconf 77' lang='lat' dir='ltr'><strong>conﬁxum,</strong></span> <span class='ocrx_word' id='word_1_468' title='bbox 2466 1628 2520 1675; x_wconf 87' lang='lat' dir='ltr'><strong>ct</strong></span> <span class='ocrx_word' id='word_1_469' title='bbox 2559 1622 2609 1675; x_wconf 88' lang='lat' dir='ltr'><strong>in</strong></span> <span class='ocrx_word' id='word_1_470' title='bbox 2657 1626 2949 1692; x_wconf 82' lang='lat' dir='ltr'><strong>profundos</strong></span> <span class='ocrx_word' id='word_1_471' title='bbox 2986 1630 3153 1684; x_wconf 85' lang='lat' dir='ltr'><strong>maris</strong></span> <span class='ocrx_word' id='word_1_472' title='bbox 3177 1634 3415 1702; x_wconf 82' lang='lat' dir='ltr'><strong>gurgites</strong></span> <span class='ocrx_word' id='word_1_473' title='bbox 3447 1649 3573 1702; x_wconf 91' lang='lat' dir='ltr'><strong>pro-</strong></span> 
     </span>
    </p>
   </div>
   <div class='ocr_carea' id='block_1_72' title="bbox 1966 1702 3569 1794">
    <p class='ocr_par' dir='ltr' id='par_1_72' title="bbox 1966 1702 3569 1794">
     <span class='ocr_line' id='line_1_72' title="bbox 1966 1702 3569 1794; baseline 0.014 -36"><span class='ocrx_word' id='word_1_474' title='bbox 1966 1702 2209 1771; x_wconf 86' lang='lat' dir='ltr'><strong>jectum,</strong></span> <span class='ocrx_word' id='word_1_475' title='bbox 2275 1709 2375 1763; x_wconf 91' lang='lat' dir='ltr'><strong>sub</strong></span> <span class='ocrx_word' id='word_1_476' title='bbox 2403 1713 2514 1767; x_wconf 88' lang='lat' dir='ltr'><strong>suis</strong></span> <span class='ocrx_word' id='word_1_477' title='bbox 2577 1729 2904 1788; x_wconf 90' lang='lat' dir='ltr'><strong>suorumque</strong></span> <span class='ocrx_word' id='word_1_478' title='bbox 2980 1719 3269 1776; x_wconf 86' lang='lat' dir='ltr'><strong>liberorum</strong></span> <span class='ocrx_word' id='word_1_479' title='bbox 3341 1724 3569 1794; x_wconf 87' lang='lat' dir='ltr'><strong>pedibus</strong></span> 
     </span>
    </p>
   </div>
   <div class='ocr_carea' id='block_1_73' title="bbox 1972 1799 3566 1882">
    <p class='ocr_par' dir='ltr' id='par_1_73' title="bbox 1972 1799 3566 1882">
     <span class='ocr_line' id='line_1_73' title="bbox 1972 1799 3566 1882; baseline 0.014 -32"><span class='ocrx_word' id='word_1_480' title='bbox 1972 1809 2095 1852; x_wconf 88' lang='lat' dir='ltr'><strong>cera</strong></span> <span class='ocrx_word' id='word_1_481' title='bbox 2143 1799 2263 1868; x_wconf 83' lang='lat' dir='ltr'><strong>igne</strong></span> <span class='ocrx_word' id='word_1_482' title='bbox 2301 1802 2534 1858; x_wconf 67' lang='lat' dir='ltr'><strong>respluta</strong></span> <span class='ocrx_word' id='word_1_483' title='bbox 2563 1804 2773 1877; x_wconf 85' lang='lat' dir='ltr'><strong>depingi</strong></span> <span class='ocrx_word' id='word_1_484' title='bbox 2805 1811 3142 1882; x_wconf 88' lang='lat' dir='ltr'><strong>proponique</strong></span> <span class='ocrx_word' id='word_1_485' title='bbox 3173 1814 3423 1869; x_wconf 90' lang='lat' dir='ltr'><strong>omnibus</strong></span> <span class='ocrx_word' id='word_1_486' title='bbox 3465 1830 3566 1871; x_wconf 88' lang='lat' dir='ltr'><strong>vo-</strong></span> 
     </span>
    </p>
   </div>
   <div class='ocr_carea' id='block_1_74' title="bbox 1969 1887 3565 1975">
    <p class='ocr_par' dir='ltr' id='par_1_74' title="bbox 1969 1887 3565 1975">
     <span class='ocr_line' id='line_1_74' title="bbox 1969 1887 3565 1975; baseline 0.015 -34"><span class='ocrx_word' id='word_1_487' title='bbox 1969 1887 2105 1955; x_wconf 92' lang='lat' dir='ltr'><strong>luit;</strong></span> <span class='ocrx_word' id='word_1_488' title='bbox 2137 1892 2238 1947; x_wconf 80' lang='lat' dir='ltr'><strong>lioc</strong></span> <span class='ocrx_word' id='word_1_489' title='bbox 2287 1894 2538 1952; x_wconf 79' lang='lat' dir='ltr'><strong>videlicet</strong></span> <span class='ocrx_word' id='word_1_490' title='bbox 2585 1901 2746 1954; x_wconf 88' lang='lat' dir='ltr'><strong>modo</strong></span> <span class='ocrx_word' id='word_1_491' title='bbox 2795 1903 3090 1975; x_wconf 82' lang='lat' dir='ltr'><strong>designans</strong></span> <span class='ocrx_word' id='word_1_492' title='bbox 3139 1908 3414 1964; x_wconf 90' lang='lat' dir='ltr'><strong>occultum</strong></span> <span class='ocrx_word' id='word_1_493' title='bbox 3465 1909 3565 1964; x_wconf 82' lang='lat' dir='ltr'><strong>hu—</strong></span> 
     </span>
    </p>
   </div>
   <div class='ocr_carea' id='block_1_75' title="bbox 1971 1992 3566 2078">
    <p class='ocr_par' dir='ltr' id='par_1_75' title="bbox 1971 1992 3566 2078">
     <span class='ocr_line' id='line_1_75' title="bbox 1971 1992 3566 2078; baseline 0.014 -36"><span class='ocrx_word' id='word_1_494' title='bbox 1971 1992 2112 2045; x_wconf 88' lang='lat' dir='ltr'><strong>mani</strong></span> <span class='ocrx_word' id='word_1_495' title='bbox 2163 1994 2376 2063; x_wconf 83' lang='lat' dir='ltr'><strong>generis</strong></span> <span class='ocrx_word' id='word_1_496' title='bbox 2428 1997 2673 2066; x_wconf 84' lang='lat' dir='ltr'><strong>bostcm,</strong></span> <span class='ocrx_word' id='word_1_497' title='bbox 2713 2016 2872 2072; x_wconf 88' lang='lat' dir='ltr'><strong>quem</strong></span> <span class='ocrx_word' id='word_1_498' title='bbox 2915 2004 3172 2060; x_wconf 85' lang='lat' dir='ltr'><strong>salutaris</strong></span> <span class='ocrx_word' id='word_1_499' title='bbox 3203 2007 3348 2062; x_wconf 92' lang='lat' dir='ltr'><strong>illius</strong></span> <span class='ocrx_word' id='word_1_500' title='bbox 3379 2008 3566 2078; x_wconf 71' lang='lat' dir='ltr'><strong>trOpmi</strong></span> 
     </span>
    </p>
   </div>
   <div class='ocr_carea' id='block_1_76' title="bbox 1968 2085 3564 2172">
    <p class='ocr_par' dir='ltr' id='par_1_76' title="bbox 1968 2085 3564 2172">
     <span class='ocr_line' id='line_1_76' title="bbox 1968 2085 3564 2172; baseline 0.013 -36"><span class='ocrx_word' id='word_1_501' title='bbox 1968 2085 2110 2152; x_wconf 90' lang='lat' dir='ltr'><strong>quod</strong></span> <span class='ocrx_word' id='word_1_502' title='bbox 2140 2089 2298 2158; x_wconf 88' lang='lat' dir='ltr'><strong>capiti</strong></span> <span class='ocrx_word' id='word_1_503' title='bbox 2342 2091 2508 2158; x_wconf 91' lang='lat' dir='ltr'><strong>ipsius</strong></span> <span class='ocrx_word' id='word_1_504' title='bbox 2540 2097 2938 2164; x_wconf 79' lang='lat' dir='ltr'><strong>superpositum</strong></span> <span class='ocrx_word' id='word_1_505' title='bbox 2969 2106 3109 2165; x_wconf 87' lang='lat' dir='ltr'><strong>erat,</strong></span> <span class='ocrx_word' id='word_1_506' title='bbox 3142 2100 3192 2154; x_wconf 92' lang='lat' dir='ltr'><strong>vi</strong></span> <span class='ocrx_word' id='word_1_507' title='bbox 3231 2116 3295 2156; x_wconf 87' lang='lat' dir='ltr'><strong>ac</strong></span> <span class='ocrx_word' id='word_1_508' title='bbox 3328 2103 3564 2172; x_wconf 89' lang='lat' dir='ltr'><strong>potentia</strong></span> 
     </span>
    </p>
   </div>
   <div class='ocr_carea' id='block_1_77' title="bbox 1967 2176 3565 2263">
    <p class='ocr_par' dir='ltr' id='par_1_77' title="bbox 1967 2176 3565 2263">
     <span class='ocr_line' id='line_1_77' title="bbox 1967 2176 3565 2263; baseline 0.012 -32"><span class='ocrx_word' id='word_1_509' title='bbox 1967 2176 2020 2231; x_wconf 88' lang='lat' dir='ltr'><strong>in</strong></span> <span class='ocrx_word' id='word_1_510' title='bbox 2053 2179 2200 2234; x_wconf 76' lang='lat' dir='ltr'><strong>exitii</strong></span> <span class='ocrx_word' id='word_1_511' title='bbox 2227 2181 2542 2238; x_wconf 90' lang='lat' dir='ltr'><strong>barathrum</strong></span> <span class='ocrx_word' id='word_1_512' title='bbox 2589 2186 2869 2244; x_wconf 88' lang='lat' dir='ltr'><strong>detrusum</strong></span> <span class='ocrx_word' id='word_1_513' title='bbox 2913 2205 3035 2246; x_wconf 88' lang='lat' dir='ltr'><strong>esse</strong></span> <span class='ocrx_word' id='word_1_514' title='bbox 3064 2192 3421 2263; x_wconf 86' lang='lat' dir='ltr'><strong>signiﬁcabat.</strong></span> <span class='ocrx_word' id='word_1_515' title='bbox 3468 2195 3565 2250; x_wconf 81' lang='lat' dir='ltr'><strong>At-</strong></span> 
     </span>
    </p>
   </div>
   <div class='ocr_carea' id='block_1_78' title="bbox 1964 2271 3564 2356">
    <p class='ocr_par' dir='ltr' id='par_1_78' title="bbox 1964 2271 3564 2356">
     <span class='ocr_line' id='line_1_78' title="bbox 1964 2271 3564 2356; baseline 0.011 -32"><span class='ocrx_word' id='word_1_516' title='bbox 1964 2286 2070 2340; x_wconf 87' lang='lat' dir='ltr'><strong>que</strong></span> <span class='ocrx_word' id='word_1_517' title='bbox 2123 2271 2224 2328; x_wconf 93' lang='lat' dir='ltr'><strong>hoc</strong></span> <span class='ocrx_word' id='word_1_518' title='bbox 2253 2275 2469 2344; x_wconf 88' lang='lat' dir='ltr'><strong>quidem</strong></span> <span class='ocrx_word' id='word_1_519' title='bbox 2503 2279 2676 2349; x_wconf 87' lang='lat' dir='ltr'><strong>imago</strong></span> <span class='ocrx_word' id='word_1_520' title='bbox 2704 2283 2867 2336; x_wconf 90' lang='lat' dir='ltr'><strong>variis</strong></span> <span class='ocrx_word' id='word_1_521' title='bbox 2913 2283 3185 2338; x_wconf 89' lang='lat' dir='ltr'><strong>coloribus</strong></span> <span class='ocrx_word' id='word_1_522' title='bbox 3228 2284 3438 2356; x_wconf 88' lang='lat' dir='ltr'><strong>depicta</strong></span> <span class='ocrx_word' id='word_1_523' title='bbox 3482 2296 3564 2342; x_wconf 86' lang='lat' dir='ltr'><strong>ta-</strong></span> 
     </span>
    </p>
   </div>
   <div class='ocr_carea' id='block_1_79' title="bbox 1963 2364 3562 2446">
    <p class='ocr_par' dir='ltr' id='par_1_79' title="bbox 1963 2364 3562 2446">
     <span class='ocr_line' id='line_1_79' title="bbox 1963 2364 3562 2446; baseline 0.011 -29"><span class='ocrx_word' id='word_1_524' title='bbox 1963 2364 2068 2420; x_wconf 90' lang='lat' dir='ltr'><strong>cite</strong></span> <span class='ocrx_word' id='word_1_525' title='bbox 2101 2365 2389 2422; x_wconf 86' lang='lat' dir='ltr'><strong>iudicabat.</strong></span> <span class='ocrx_word' id='word_1_526' title='bbox 2425 2369 2552 2425; x_wconf 86' lang='lat' dir='ltr'><strong>Mihi</strong></span> <span class='ocrx_word' id='word_1_527' title='bbox 2581 2388 2708 2427; x_wconf 90' lang='lat' dir='ltr'><strong>vero</strong></span> <span class='ocrx_word' id='word_1_528' title='bbox 2740 2375 2990 2430; x_wconf 83' lang='lat' dir='ltr'><strong>eximiam</strong></span> <span class='ocrx_word' id='word_1_529' title='bbox 3023 2377 3365 2446; x_wconf 89' lang='lat' dir='ltr'><strong>imperatoris</strong></span> <span class='ocrx_word' id='word_1_530' title='bbox 3401 2379 3562 2435; x_wconf 89' lang='lat' dir='ltr'><strong>intel-</strong></span> 
     </span>
    </p>
   </div>
   <div class='ocr_carea' id='block_1_80' title="bbox 1963 2457 3560 2540">
    <p class='ocr_par' dir='ltr' id='par_1_80' title="bbox 1963 2457 3560 2540">
     <span class='ocr_line' id='line_1_80' title="bbox 1963 2457 3560 2540; baseline 0.011 -28"><span class='ocrx_word' id='word_1_531' title='bbox 1963 2457 2234 2530; x_wconf 90' lang='lat' dir='ltr'><strong>ligentiam</strong></span> <span class='ocrx_word' id='word_1_532' title='bbox 2285 2464 2467 2520; x_wconf 90' lang='lat' dir='ltr'><strong>mirari</strong></span> <span class='ocrx_word' id='word_1_533' title='bbox 2513 2466 2676 2533; x_wconf 89' lang='lat' dir='ltr'><strong>subit,</strong></span> <span class='ocrx_word' id='word_1_534' title='bbox 2732 2469 2824 2540; x_wconf 91' lang='lat' dir='ltr'><strong>qui</strong></span> <span class='ocrx_word' id='word_1_535' title='bbox 2857 2469 3046 2526; x_wconf 85' lang='lat' dir='ltr'><strong>divino</strong></span> <span class='ocrx_word' id='word_1_536' title='bbox 3092 2472 3322 2540; x_wconf 89' lang='lat' dir='ltr'><strong>quodam</strong></span> <span class='ocrx_word' id='word_1_537' title='bbox 3377 2472 3560 2529; x_wconf 87' lang='lat' dir='ltr'><strong>al‘ﬁatu</strong></span> 
     </span>
    </p>
   </div>
   <div class='ocr_carea' id='block_1_81' title="bbox 1963 2553 3654 2637">
    <p class='ocr_par' dir='ltr' id='par_1_81' title="bbox 1963 2553 3654 2637">
     <span class='ocr_line' id='line_1_81' title="bbox 1963 2553 3654 2637; baseline 0.009 -30"><span class='ocrx_word' id='word_1_538' title='bbox 1963 2553 2245 2623; x_wconf 90' lang='lat' dir='ltr'><strong>impulsus,</strong></span> <span class='ocrx_word' id='word_1_539' title='bbox 2278 2571 2339 2611; x_wconf 88' lang='lat' dir='ltr'><strong>ea</strong></span> <span class='ocrx_word' id='word_1_540' title='bbox 2373 2558 2642 2628; x_wconf 87' lang='lat' dir='ltr'><strong>pingendo</strong></span> <span class='ocrx_word' id='word_1_541' title='bbox 2690 2562 2976 2630; x_wconf 76' lang='lat' dir='ltr'><strong>eXpressit,</strong></span> <span class='ocrx_word' id='word_1_542' title='bbox 3010 2581 3130 2635; x_wconf 68' lang='lat' dir='ltr'><strong>quae</strong></span> <span class='ocrx_word' id='word_1_543' title='bbox 3172 2567 3556 2635; x_wconf 88' lang='lat' dir='ltr'><strong>pr0phetarum</strong></span> <span class='ocrx_word' id='word_1_544' title='bbox 3651 2635 3654 2637; x_wconf 11' lang='grc' dir='ltr'><strong>Α</strong></span> 
     </span>
    </p>
   </div>
   <div class='ocr_carea' id='block_1_82' title="bbox 1965 2647 3551 2726">
    <p class='ocr_par' dir='ltr' id='par_1_82' title="bbox 1965 2647 3551 2726">
     <span class='ocr_line' id='line_1_82' title="bbox 1965 2647 3551 2726; baseline 0.009 -26"><span class='ocrx_word' id='word_1_545' title='bbox 1965 2647 2188 2704; x_wconf 88' lang='lat' dir='ltr'><strong>vocibus</strong></span> <span class='ocrx_word' id='word_1_546' title='bbox 2213 2648 2280 2704; x_wconf 86' lang='lat' dir='ltr'><strong>de</strong></span> <span class='ocrx_word' id='word_1_547' title='bbox 2311 2648 2484 2706; x_wconf 87' lang='lat' dir='ltr'><strong>bestia</strong></span> <span class='ocrx_word' id='word_1_548' title='bbox 2513 2651 2602 2706; x_wconf 89' lang='lat' dir='ltr'><strong>illa</strong></span> <span class='ocrx_word' id='word_1_549' title='bbox 2642 2654 2811 2708; x_wconf 89' lang='lat' dir='ltr'><strong>nmlto</strong></span> <span class='ocrx_word' id='word_1_550' title='bbox 2839 2666 2966 2711; x_wconf 87' lang='lat' dir='ltr'><strong>ante</strong></span> <span class='ocrx_word' id='word_1_551' title='bbox 2995 2656 3252 2726; x_wconf 69' lang='lat' dir='ltr'><strong>praedicta</strong></span> <span class='ocrx_word' id='word_1_552' title='bbox 3292 2660 3504 2714; x_wconf 79' lang='lat' dir='ltr'><strong>fuerant</strong></span> <span class='ocrx_word' id='word_1_553' title='bbox 3536 2675 3551 2715; x_wconf 87' lang='lat'><strong>:</strong></span> 
     </span>
    </p>
   </div>
   <div class='ocr_carea' id='block_1_83' title="bbox 1963 2740 3553 2822">
    <p class='ocr_par' dir='ltr' id='par_1_83' title="bbox 1963 2740 3553 2822">
     <span class='ocr_line' id='line_1_83' title="bbox 1963 2740 3553 2822; baseline 0.009 -28"><span class='ocrx_word' id='word_1_554' title='bbox 1963 2740 2129 2796; x_wconf 90' lang='lat' dir='ltr'><strong>Deum</strong></span> <span class='ocrx_word' id='word_1_555' title='bbox 2191 2743 2398 2799; x_wconf 84' lang='lat' dir='ltr'><strong>scilicet</strong></span> <span class='ocrx_word' id='word_1_556' title='bbox 2450 2746 2770 2802; x_wconf 61' lang='lat' dir='ltr'><strong>machanam</strong></span> <span class='ocrx_word' id='word_1_557' title='bbox 2827 2750 3096 2822; x_wconf 85' lang='lat' dir='ltr'><strong>ingentem</strong></span> <span class='ocrx_word' id='word_1_558' title='bbox 3161 2763 3216 2807; x_wconf 91' lang='lat' dir='ltr'><strong>et</strong></span> <span class='ocrx_word' id='word_1_559' title='bbox 3261 2753 3553 2810; x_wconf 79' lang='lat' dir='ltr'><strong>terribilem</strong></span> 
     </span>
    </p>
   </div>
   <div class='ocr_carea' id='block_1_84' title="bbox 1957 2833 3558 2920">
    <p class='ocr_par' dir='ltr' id='par_1_84' title="bbox 1957 2833 3558 2920">
     <span class='ocr_line' id='line_1_84' title="bbox 1957 2833 3558 2920; baseline 0.011 -33"><span class='ocrx_word' id='word_1_560' title='bbox 1957 2833 2276 2892; x_wconf 89' lang='lat' dir='ltr'><strong>adacturum</strong></span> <span class='ocrx_word' id='word_1_561' title='bbox 2319 2853 2442 2894; x_wconf 71' lang='lat' dir='ltr'><strong>esse</strong></span> <span class='ocrx_word' id='word_1_562' title='bbox 2474 2840 2526 2895; x_wconf 92' lang='lat' dir='ltr'><strong>in</strong></span> <span class='ocrx_word' id='word_1_563' title='bbox 2559 2841 2848 2899; x_wconf 88' lang='lat' dir='ltr'><strong>draconem</strong></span> <span class='ocrx_word' id='word_1_564' title='bbox 2897 2858 3312 2917; x_wconf 90' lang='lat' dir='ltr'><strong>serpentemque</strong></span> <span class='ocrx_word' id='word_1_565' title='bbox 3348 2847 3558 2920; x_wconf 80' lang='lat' dir='ltr'><strong>fugien-</strong></span> 
     </span>
    </p>
   </div>
   <div class='ocr_carea' id='block_1_85' title="bbox 1960 2932 3549 3010">
    <p class='ocr_par' dir='ltr' id='par_1_85' title="bbox 1960 2932 3549 3010">
     <span class='ocr_line' id='line_1_85' title="bbox 1960 2932 3549 3010; baseline 0.009 -28"><span class='ocrx_word' id='word_1_566' title='bbox 1960 2938 2088 2993; x_wconf 91' lang='lat' dir='ltr'><strong>tem,</strong></span> <span class='ocrx_word' id='word_1_567' title='bbox 2120 2938 2174 2984; x_wconf 90' lang='lat' dir='ltr'><strong>et</strong></span> <span class='ocrx_word' id='word_1_568' title='bbox 2216 2932 2522 2988; x_wconf 88' lang='lat' dir='ltr'><strong>occisurum</strong></span> <span class='ocrx_word' id='word_1_569' title='bbox 2569 2950 2690 2991; x_wconf 89' lang='lat' dir='ltr'><strong>esse</strong></span> <span class='ocrx_word' id='word_1_570' title='bbox 2717 2936 3004 2994; x_wconf 89' lang='lat' dir='ltr'><strong>draconem</strong></span> <span class='ocrx_word' id='word_1_571' title='bbox 3049 2939 3142 3010; x_wconf 90' lang='lat' dir='ltr'><strong>qui</strong></span> <span class='ocrx_word' id='word_1_572' title='bbox 3189 2951 3270 2994; x_wconf 88' lang='lat' dir='ltr'><strong>est</strong></span> <span class='ocrx_word' id='word_1_573' title='bbox 3298 2939 3351 2995; x_wconf 92' lang='lat' dir='ltr'><strong>in</strong></span> <span class='ocrx_word' id='word_1_574' title='bbox 3392 2941 3549 2996; x_wconf 90' lang='lat' dir='ltr'><strong>mari.</strong></span> 
     </span>
    </p>
   </div>
   <div class='ocr_carea' id='block_1_86' title="bbox 1959 3021 3552 3103">
    <p class='ocr_par' dir='ltr' id='par_1_86' title="bbox 1959 3021 3552 3103">
     <span class='ocr_line' id='line_1_86' title="bbox 1959 3021 3552 3103; baseline 0.009 -27"><span class='ocrx_word' id='word_1_575' title='bbox 1959 3021 2159 3077; x_wconf 86' lang='lat' dir='ltr'><strong>Horum</strong></span> <span class='ocrx_word' id='word_1_576' title='bbox 2211 3023 2374 3095; x_wconf 86' lang='lat' dir='ltr'><strong>igitur</strong></span> <span class='ocrx_word' id='word_1_577' title='bbox 2425 3027 2648 3097; x_wconf 89' lang='lat' dir='ltr'><strong>ﬁguram</strong></span> <span class='ocrx_word' id='word_1_578' title='bbox 2718 3034 2989 3100; x_wconf 73' lang='lat' dir='ltr'><strong>eXpressit</strong></span> <span class='ocrx_word' id='word_1_579' title='bbox 3041 3033 3335 3103; x_wconf 87' lang='lat' dir='ltr'><strong>imperator</strong></span> <span class='ocrx_word' id='word_1_580' title='bbox 3366 3077 3381 3102; x_wconf 91' lang='lat'><strong>,</strong></span> <span class='ocrx_word' id='word_1_581' title='bbox 3438 3051 3552 3091; x_wconf 90' lang='lat' dir='ltr'><strong>rem</strong></span> 
     </span>
    </p>
   </div>
   <div class='ocr_carea' id='block_1_87' title="bbox 1957 3113 2900 3188">
    <p class='ocr_par' dir='ltr' id='par_1_87' title="bbox 1957 3113 2900 3188">
     <span class='ocr_line' id='line_1_87' title="bbox 1957 3113 2900 3188; baseline 0.01 -21"><span class='ocrx_word' id='word_1_582' title='bbox 1957 3113 2125 3184; x_wconf 86' lang='lat' dir='ltr'><strong>ipsam</strong></span> <span class='ocrx_word' id='word_1_583' title='bbox 2158 3115 2361 3186; x_wconf 86' lang='lat' dir='ltr'><strong>pictura</strong></span> <span class='ocrx_word' id='word_1_584' title='bbox 2392 3133 2613 3188; x_wconf 89' lang='lat' dir='ltr'><strong>prorsus</strong></span> <span class='ocrx_word' id='word_1_585' title='bbox 2642 3120 2900 3178; x_wconf 85' lang='lat' dir='ltr'><strong>imitatus.</strong></span> 
     </span>
    </p>
   </div>
   <div class='ocr_carea' id='block_1_88' title="bbox 2567 3259 2924 3316">
    <p class='ocr_par' dir='ltr' id='par_1_88' title="bbox 2567 3259 2924 3316">
     <span class='ocr_line' id='line_1_88' title="bbox 2567 3259 2924 3316; baseline 0.011 -4"><span class='ocrx_word' id='word_1_586' title='bbox 2567 3259 2796 3315; x_wconf 74' lang='lat' dir='ltr'><strong>CAPUT</strong></span> <span class='ocrx_word' id='word_1_587' title='bbox 2837 3260 2924 3316; x_wconf 90' lang='lat' dir='ltr'><strong>IV.</strong></span> 
     </span>
    </p>
   </div>
   <div class='ocr_carea' id='block_1_89' title="bbox 1958 3365 3545 3444">
    <p class='ocr_par' dir='ltr' id='par_1_89' title="bbox 1958 3365 3545 3444">
     <span class='ocr_line' id='line_1_89' title="bbox 1958 3365 3545 3444; baseline 0.003 -22"><span class='ocrx_word' id='word_1_588' title='bbox 1958 3365 2159 3422; x_wconf 76' lang='lat' dir='ltr'><strong>Rursus</strong></span> <span class='ocrx_word' id='word_1_589' title='bbox 2199 3367 2262 3420; x_wconf 87' lang='lat' dir='ltr'><strong>de</strong></span> <span class='ocrx_word' id='word_1_590' title='bbox 2301 3373 2660 3426; x_wconf 80' lang='lat' dir='ltr'><strong>controversiis</strong></span> <span class='ocrx_word' id='word_1_591' title='bbox 2690 3371 2744 3426; x_wconf 88' lang='lat' dir='ltr'><strong>in</strong></span> <span class='ocrx_word' id='word_1_592' title='bbox 2774 3370 3008 3444; x_wconf 63' lang='lat' dir='ltr'><strong>zEgypto</strong></span> <span class='ocrx_word' id='word_1_593' title='bbox 3049 3373 3280 3428; x_wconf 70' lang='lat' dir='ltr'><strong>excitatis</strong></span> <span class='ocrx_word' id='word_1_594' title='bbox 3309 3374 3372 3428; x_wconf 88' lang='lat' dir='ltr'><strong>ab</strong></span> <span class='ocrx_word' id='word_1_595' title='bbox 3399 3373 3545 3427; x_wconf 80' lang='lat' dir='ltr'><strong>Aria.</strong></span> 
     </span>
    </p>
   </div>
   <div class='ocr_carea' id='block_1_90' title="bbox 2026 3479 3551 3556">
    <p class='ocr_par' dir='ltr' id='par_1_90' title="bbox 2026 3479 3551 3556">
     <span class='ocr_line' id='line_1_90' title="bbox 2026 3479 3551 3556; baseline 0.006 -22"><span class='ocrx_word' id='word_1_596' title='bbox 2026 3479 2093 3534; x_wconf 85' lang='lat' dir='ltr'><strong>Et</strong></span> <span class='ocrx_word' id='word_1_597' title='bbox 2135 3480 2248 3535; x_wconf 70' lang='lat' dir='ltr'><strong>haec</strong></span> <span class='ocrx_word' id='word_1_598' title='bbox 2275 3482 2493 3551; x_wconf 78' lang='lat' dir='ltr'><strong>quidem</strong></span> <span class='ocrx_word' id='word_1_599' title='bbox 2535 3484 2624 3538; x_wconf 90' lang='lat' dir='ltr'><strong>ille</strong></span> <span class='ocrx_word' id='word_1_600' title='bbox 2655 3486 2837 3540; x_wconf 88' lang='lat' dir='ltr'><strong>libenti</strong></span> <span class='ocrx_word' id='word_1_601' title='bbox 2869 3487 3050 3541; x_wconf 90' lang='lat' dir='ltr'><strong>animo</strong></span> <span class='ocrx_word' id='word_1_602' title='bbox 3084 3488 3409 3556; x_wconf 75' lang='lat' dir='ltr'><strong>perﬁciebat.</strong></span> <span class='ocrx_word' id='word_1_603' title='bbox 3446 3487 3551 3543; x_wconf 83' lang='lat' dir='ltr'><strong>Ve-</strong></span> 
     </span>
    </p>
   </div>
   <div class='ocr_carea' id='block_1_91' title="bbox 1953 3575 3547 3648">
    <p class='ocr_par' dir='ltr' id='par_1_91' title="bbox 1953 3575 3547 3648">
     <span class='ocr_line' id='line_1_91' title="bbox 1953 3575 3547 3648; baseline 0.005 -20"><span class='ocrx_word' id='word_1_604' title='bbox 1953 3590 2069 3628; x_wconf 91' lang='lat' dir='ltr'><strong>rqu</strong></span> <span class='ocrx_word' id='word_1_605' title='bbox 2095 3575 2230 3630; x_wconf 86' lang='lat' dir='ltr'><strong>livor</strong></span> <span class='ocrx_word' id='word_1_606' title='bbox 2251 3575 2464 3630; x_wconf 62' lang='lat' dir='ltr'><strong>invidia.-</strong></span> <span class='ocrx_word' id='word_1_607' title='bbox 2486 3579 2575 3648; x_wconf 91' lang='lat' dir='ltr'><strong>qui</strong></span> <span class='ocrx_word' id='word_1_608' title='bbox 2599 3579 2854 3633; x_wconf 84' lang='lat' dir='ltr'><strong>ecclesias</strong></span> <span class='ocrx_word' id='word_1_609' title='bbox 2875 3579 2968 3634; x_wconf 86' lang='lat' dir='ltr'><strong>Dei</strong></span> <span class='ocrx_word' id='word_1_610' title='bbox 2995 3579 3046 3634; x_wconf 92' lang='lat' dir='ltr'><strong>in</strong></span> <span class='ocrx_word' id='word_1_611' title='bbox 3071 3579 3202 3635; x_wconf 89' lang='lat' dir='ltr'><strong>urbe</strong></span> <span class='ocrx_word' id='word_1_612' title='bbox 3221 3579 3547 3636; x_wconf 78' lang='lat' dir='ltr'><strong>Alexandria</strong></span> 
     </span>
    </p>
   </div>
   <div class='ocr_carea' id='block_1_92' title="bbox 1955 3667 3544 3746">
    <p class='ocr_par' dir='ltr' id='par_1_92' title="bbox 1955 3667 3544 3746">
     <span class='ocr_line' id='line_1_92' title="bbox 1955 3667 3544 3746; baseline 0.006 -24"><span class='ocrx_word' id='word_1_613' title='bbox 1955 3667 2238 3723; x_wconf 89' lang='lat' dir='ltr'><strong>etiamtum</strong></span> <span class='ocrx_word' id='word_1_614' title='bbox 2277 3670 2648 3737; x_wconf 85' lang='lat' dir='ltr'><strong>conturbabat,</strong></span> <span class='ocrx_word' id='word_1_615' title='bbox 2679 3683 2730 3727; x_wconf 88' lang='lat' dir='ltr'><strong>et</strong></span> <span class='ocrx_word' id='word_1_616' title='bbox 2761 3671 3114 3728; x_wconf 66' lang='lat' dir='ltr'><strong>Thebteorum</strong></span> <span class='ocrx_word' id='word_1_617' title='bbox 3145 3684 3307 3744; x_wconf 87' lang='lat' dir='ltr'><strong>atque</strong></span> <span class='ocrx_word' id='word_1_618' title='bbox 3336 3673 3544 3746; x_wconf 67' lang='lat' dir='ltr'><strong>Egyp-</strong></span> 
     </span>
    </p>
   </div>
   <div class='ocr_carea' id='block_1_93' title="bbox 1955 3761 3547 3832">
    <p class='ocr_par' dir='ltr' id='par_1_93' title="bbox 1955 3761 3547 3832">
     <span class='ocr_line' id='line_1_93' title="bbox 1955 3761 3547 3832; baseline 0.004 -16"><span class='ocrx_word' id='word_1_619' title='bbox 1955 3761 2146 3816; x_wconf 87' lang='lat' dir='ltr'><strong>tiorum</strong></span> <span class='ocrx_word' id='word_1_620' title='bbox 2198 3762 2456 3832; x_wconf 89' lang='lat' dir='ltr'><strong>pestilens</strong></span> <span class='ocrx_word' id='word_1_621' title='bbox 2489 3765 2742 3830; x_wconf 88' lang='lat' dir='ltr'><strong>schisma,</strong></span> <span class='ocrx_word' id='word_1_622' title='bbox 2793 3781 2898 3819; x_wconf 89' lang='lat' dir='ltr'><strong>non</strong></span> <span class='ocrx_word' id='word_1_623' title='bbox 2937 3766 3282 3822; x_wconf 90' lang='lat' dir='ltr'><strong>mediocriter</strong></span> <span class='ocrx_word' id='word_1_624' title='bbox 3305 3767 3547 3822; x_wconf 89' lang='lat' dir='ltr'><strong>animum</strong></span> 
     </span>
    </p>
   </div>
   <div class='ocr_carea' id='block_1_94' title="bbox 1953 3857 3546 3932">
    <p class='ocr_par' dir='ltr' id='par_1_94' title="bbox 1953 3857 3546 3932">
     <span class='ocr_line' id='line_1_94' title="bbox 1953 3857 3546 3932; baseline 0.004 -20"><span class='ocrx_word' id='word_1_625' title='bbox 1953 3857 2122 3925; x_wconf 85' lang='lat' dir='ltr'><strong>ipsius</strong></span> <span class='ocrx_word' id='word_1_626' title='bbox 2171 3857 2458 3928; x_wconf 88' lang='lat' dir='ltr'><strong>angebant.</strong></span> <span class='ocrx_word' id='word_1_627' title='bbox 2513 3859 2722 3929; x_wconf 81' lang='lat' dir='ltr'><strong>Quippe</strong></span> <span class='ocrx_word' id='word_1_628' title='bbox 2772 3876 2892 3915; x_wconf 90' lang='lat' dir='ltr'><strong>cum</strong></span> <span class='ocrx_word' id='word_1_629' title='bbox 2947 3875 3042 3930; x_wconf 85' lang='lat' dir='ltr'><strong>per</strong></span> <span class='ocrx_word' id='word_1_630' title='bbox 3097 3859 3335 3932; x_wconf 84' lang='lat' dir='ltr'><strong>singulas</strong></span> <span class='ocrx_word' id='word_1_631' title='bbox 3383 3862 3546 3918; x_wconf 88' lang='lat' dir='ltr'><strong>urbes</strong></span> 
     </span>
    </p>
   </div>
   <div class='ocr_carea' id='block_1_95' title="bbox 1951 3952 3546 4026">
    <p class='ocr_par' dir='ltr' id='par_1_95' title="bbox 1951 3952 3546 4026">
     <span class='ocr_line' id='line_1_95' title="bbox 1951 3952 3546 4026; baseline 0.003 -20"><span class='ocrx_word' id='word_1_632' title='bbox 1951 3953 2188 4022; x_wconf 90' lang='lat' dir='ltr'><strong>episcopi</strong></span> <span class='ocrx_word' id='word_1_633' title='bbox 2232 3952 2489 4008; x_wconf 88' lang='lat' dir='ltr'><strong>adversus</strong></span> <span class='ocrx_word' id='word_1_634' title='bbox 2531 3954 2810 4024; x_wconf 87' lang='lat' dir='ltr'><strong>episc0pos</strong></span> <span class='ocrx_word' id='word_1_635' title='bbox 2855 3955 3326 4023; x_wconf 86' lang='lat' dir='ltr'><strong>conﬂictarentur,</strong></span> <span class='ocrx_word' id='word_1_636' title='bbox 3368 3965 3420 4011; x_wconf 91' lang='lat' dir='ltr'><strong>et</strong></span> <span class='ocrx_word' id='word_1_637' title='bbox 3451 3971 3546 4026; x_wconf 86' lang='lat' dir='ltr'><strong>po-</strong></span> 
     </span>
    </p>
   </div>
   <div class='ocr_carea' id='block_1_96' title="bbox 1954 4041 3546 4116">
    <p class='ocr_par' dir='ltr' id='par_1_96' title="bbox 1954 4041 3546 4116">
     <span class='ocr_line' id='line_1_96' title="bbox 1954 4041 3546 4116; baseline 0.004 -21"><span class='ocrx_word' id='word_1_638' title='bbox 1954 4041 2062 4112; x_wconf 90' lang='lat' dir='ltr'><strong>puli</strong></span> <span class='ocrx_word' id='word_1_639' title='bbox 2109 4043 2367 4098; x_wconf 86' lang='lat' dir='ltr'><strong>adversus</strong></span> <span class='ocrx_word' id='word_1_640' title='bbox 2422 4044 2651 4114; x_wconf 92' lang='lat' dir='ltr'><strong>populos</strong></span> <span class='ocrx_word' id='word_1_641' title='bbox 2690 4046 3067 4116; x_wconf 90' lang='lat' dir='ltr'><strong>insurgerent,</strong></span> <span class='ocrx_word' id='word_1_642' title='bbox 3129 4061 3192 4101; x_wconf 89' lang='lat' dir='ltr'><strong>ac</strong></span> <span class='ocrx_word' id='word_1_643' title='bbox 3244 4045 3446 4100; x_wconf 85' lang='lat' dir='ltr'><strong>mutuis</strong></span> <span class='ocrx_word' id='word_1_644' title='bbox 3485 4061 3546 4102; x_wconf 87' lang='lat' dir='ltr'><strong>se</strong></span> 
     </span>
    </p>
   </div>
   <div class='ocr_carea' id='block_1_97' title="bbox 1952 4139 3542 4213">
    <p class='ocr_par' dir='ltr' id='par_1_97' title="bbox 1952 4139 3542 4213">
     <span class='ocr_line' id='line_1_97' title="bbox 1952 4139 3542 4213; baseline 0.004 -21"><span class='ocrx_word' id='word_1_645' title='bbox 1952 4139 2266 4194; x_wconf 87' lang='lat' dir='ltr'><strong>vulneribus</strong></span> <span class='ocrx_word' id='word_1_646' title='bbox 2307 4139 2476 4195; x_wconf 90' lang='lat' dir='ltr'><strong>instar</strong></span> <span class='ocrx_word' id='word_1_647' title='bbox 2515 4141 2930 4213; x_wconf 87' lang='lat' dir='ltr'><strong>Symplegadum</strong></span> <span class='ocrx_word' id='word_1_648' title='bbox 2960 4142 3131 4197; x_wconf 92' lang='lat' dir='ltr'><strong>collisi</strong></span> <span class='ocrx_word' id='word_1_649' title='bbox 3173 4143 3542 4199; x_wconf 86' lang='lat' dir='ltr'><strong>conciderent.</strong></span> 
     </span>
    </p>
   </div>
   <div class='ocr_carea' id='block_1_98' title="bbox 1953 4229 3545 4307">
    <p class='ocr_par' dir='ltr' id='par_1_98' title="bbox 1953 4229 3545 4307">
     <span class='ocr_line' id='line_1_98' title="bbox 1953 4229 3545 4307; baseline 0.004 -23"><span class='ocrx_word' id='word_1_650' title='bbox 1953 4229 2105 4286; x_wconf 83' lang='lat' dir='ltr'><strong>Adeo</strong></span> <span class='ocrx_word' id='word_1_651' title='bbox 2137 4241 2191 4286; x_wconf 93' lang='lat' dir='ltr'><strong>ut</strong></span> <span class='ocrx_word' id='word_1_652' title='bbox 2220 4229 2405 4288; x_wconf 78' lang='lat' dir='ltr'><strong>furore</strong></span> <span class='ocrx_word' id='word_1_653' title='bbox 2447 4233 2660 4288; x_wconf 91' lang='lat' dir='ltr'><strong>tandem</strong></span> <span class='ocrx_word' id='word_1_654' title='bbox 2707 4247 2769 4288; x_wconf 91' lang='lat' dir='ltr'><strong>ac</strong></span> <span class='ocrx_word' id='word_1_655' title='bbox 2807 4231 3182 4304; x_wconf 85' lang='lat' dir='ltr'><strong>desperatione</strong></span> <span class='ocrx_word' id='word_1_656' title='bbox 3211 4236 3348 4300; x_wconf 91' lang='lat' dir='ltr'><strong>acti,</strong></span> <span class='ocrx_word' id='word_1_657' title='bbox 3381 4235 3545 4307; x_wconf 91' lang='lat' dir='ltr'><strong>impia</strong></span> 
     </span>
    </p>
   </div>
   <div class='ocr_carea' id='block_1_99' title="bbox 1952 4325 3546 4402">
    <p class='ocr_par' dir='ltr' id='par_1_99' title="bbox 1952 4325 3546 4402">
     <span class='ocr_line' id='line_1_99' title="bbox 1952 4325 3546 4402; baseline 0.005 -23"><span class='ocrx_word' id='word_1_658' title='bbox 1952 4325 2196 4396; x_wconf 85' lang='lat' dir='ltr'><strong>quaedam</strong></span> <span class='ocrx_word' id='word_1_659' title='bbox 2239 4325 2558 4394; x_wconf 83' lang='lat' dir='ltr'><strong>admittere,</strong></span> <span class='ocrx_word' id='word_1_660' title='bbox 2599 4328 2851 4398; x_wconf 89' lang='lat' dir='ltr'><strong>ipsasque</strong></span> <span class='ocrx_word' id='word_1_661' title='bbox 2897 4327 3235 4400; x_wconf 89' lang='lat' dir='ltr'><strong>imperatoris</strong></span> <span class='ocrx_word' id='word_1_662' title='bbox 3284 4329 3546 4402; x_wconf 88' lang='lat' dir='ltr'><strong>imagines</strong></span> 
     </span>
    </p>
   </div>
   <div class='ocr_carea' id='block_1_100' title="bbox 1954 4416 3546 4480">
    <p class='ocr_par' dir='ltr' id='par_1_100' title="bbox 1954 4416 3546 4480">
     <span class='ocr_line' id='line_1_100' title="bbox 1954 4416 3546 4480; baseline 0.006 -8"><span class='ocrx_word' id='word_1_663' title='bbox 1954 4416 2159 4474; x_wconf 89' lang='lat' dir='ltr'><strong>violare</strong></span> <span class='ocrx_word' id='word_1_664' title='bbox 2197 4419 2312 4474; x_wconf 89' lang='lat' dir='ltr'><strong>ausi</strong></span> <span class='ocrx_word' id='word_1_665' title='bbox 2354 4419 2481 4474; x_wconf 90' lang='lat' dir='ltr'><strong>sint.</strong></span> <span class='ocrx_word' id='word_1_666' title='bbox 2527 4419 2727 4476; x_wconf 81' lang='lat' dir='ltr'><strong>Verum</strong></span> <span class='ocrx_word' id='word_1_667' title='bbox 2770 4422 2884 4478; x_wconf 73' lang='lat' dir='ltr'><strong>lure</strong></span> <span class='ocrx_word' id='word_1_668' title='bbox 2929 4439 3034 4477; x_wconf 91' lang='lat' dir='ltr'><strong>non</strong></span> <span class='ocrx_word' id='word_1_669' title='bbox 3086 4433 3191 4478; x_wconf 92' lang='lat' dir='ltr'><strong>tam</strong></span> <span class='ocrx_word' id='word_1_670' title='bbox 3223 4423 3290 4480; x_wconf 89' lang='lat' dir='ltr'><strong>ad</strong></span> <span class='ocrx_word' id='word_1_671' title='bbox 3329 4423 3546 4480; x_wconf 85' lang='lat' dir='ltr'><strong>iracun-</strong></span> 
     </span>
    </p>
   </div>
   <div class='ocr_carea' id='block_1_101' title="bbox 1952 4510 3546 4584">
    <p class='ocr_par' dir='ltr' id='par_1_101' title="bbox 1952 4510 3546 4584">
     <span class='ocr_line' id='line_1_101' title="bbox 1952 4510 3546 4584; baseline 0.006 -20"><span class='ocrx_word' id='word_1_672' title='bbox 1952 4510 2093 4565; x_wconf 90' lang='lat' dir='ltr'><strong>diam</strong></span> <span class='ocrx_word' id='word_1_673' title='bbox 2142 4510 2440 4582; x_wconf 88' lang='lat' dir='ltr'><strong>principem</strong></span> <span class='ocrx_word' id='word_1_674' title='bbox 2488 4513 2756 4581; x_wconf 84' lang='lat' dir='ltr'><strong>excitare,</strong></span> <span class='ocrx_word' id='word_1_675' title='bbox 2799 4530 2957 4584; x_wconf 90' lang='lat' dir='ltr'><strong>quam</strong></span> <span class='ocrx_word' id='word_1_676' title='bbox 3004 4515 3258 4570; x_wconf 66' lang='lat' dir='ltr'><strong>mcestitia</strong></span> <span class='ocrx_word' id='word_1_677' title='bbox 3305 4517 3546 4574; x_wconf 89' lang='lat' dir='ltr'><strong>animum</strong></span> 
     </span>
    </p>
   </div>
   <div class='ocr_carea' id='block_1_102' title="bbox 1953 4603 3544 4680">
    <p class='ocr_par' dir='ltr' id='par_1_102' title="bbox 1953 4603 3544 4680">
     <span class='ocr_line' id='line_1_102' title="bbox 1953 4603 3544 4680; baseline 0.006 -20"><span class='ocrx_word' id='word_1_678' title='bbox 1953 4603 2071 4674; x_wconf 89' lang='lat' dir='ltr'><strong>ejus</strong></span> <span class='ocrx_word' id='word_1_679' title='bbox 2100 4603 2316 4661; x_wconf 80' lang='lat' dir='ltr'><strong>afﬁcere</strong></span> <span class='ocrx_word' id='word_1_680' title='bbox 2359 4618 2685 4676; x_wconf 84' lang='lat' dir='ltr'><strong>potuerunt;</strong></span> <span class='ocrx_word' id='word_1_681' title='bbox 2715 4609 2913 4679; x_wconf 90' lang='lat' dir='ltr'><strong>quippe</strong></span> <span class='ocrx_word' id='word_1_682' title='bbox 2939 4608 3031 4680; x_wconf 92' lang='lat' dir='ltr'><strong>qui</strong></span> <span class='ocrx_word' id='word_1_683' title='bbox 3075 4611 3402 4680; x_wconf 90' lang='lat' dir='ltr'><strong>perditorum</strong></span> <span class='ocrx_word' id='word_1_684' title='bbox 3444 4613 3544 4670; x_wconf 87' lang='lat' dir='ltr'><strong>ho-</strong></span> 
     </span>
    </p>
   </div>
   <div class='ocr_carea' id='block_1_103' title="bbox 1953 4698 3194 4773">
    <p class='ocr_par' dir='ltr' id='par_1_103' title="bbox 1953 4698 3194 4773">
     <span class='ocr_line' id='line_1_103' title="bbox 1953 4698 3194 4773; baseline 0.005 -21"><span class='ocrx_word' id='word_1_685' title='bbox 1953 4698 2156 4753; x_wconf 87' lang='lat' dir='ltr'><strong>minum</strong></span> <span class='ocrx_word' id='word_1_686' title='bbox 2188 4701 2476 4755; x_wconf 87' lang='lat' dir='ltr'><strong>amentiam</strong></span> <span class='ocrx_word' id='word_1_687' title='bbox 2518 4717 2843 4772; x_wconf 80' lang='lat' dir='ltr'><strong>niagquere</strong></span> <span class='ocrx_word' id='word_1_688' title='bbox 2868 4703 3194 4773; x_wconf 89' lang='lat' dir='ltr'><strong>deploraret.</strong></span> 
     </span>
    </p>
   </div>
   <div class='ocr_carea' id='block_1_104' title="bbox 2584 4813 2915 4871">
    <p class='ocr_par' dir='ltr' id='par_1_104' title="bbox 2584 4813 2915 4871">
     <span class='ocr_line' id='line_1_104' title="bbox 2584 4813 2915 4871; baseline 0 -1"><span class='ocrx_word' id='word_1_689' title='bbox 2584 4813 2812 4871; x_wconf 75' lang='lat' dir='ltr'><strong>CAPUT</strong></span> <span class='ocrx_word' id='word_1_690' title='bbox 2855 4815 2915 4870; x_wconf 83' lang='lat' dir='ltr'><strong>V.</strong></span> 
     </span>
    </p>
   </div>
   <div class='ocr_carea' id='block_1_105' title="bbox 2227 4927 3260 5001">
    <p class='ocr_par' dir='ltr' id='par_1_105' title="bbox 2227 4927 3260 5001">
     <span class='ocr_line' id='line_1_105' title="bbox 2227 4927 3260 5001; baseline 0.005 -18"><span class='ocrx_word' id='word_1_691' title='bbox 2227 4927 2304 4983; x_wconf 89' lang='lat' dir='ltr'><strong>De</strong></span> <span class='ocrx_word' id='word_1_692' title='bbox 2342 4929 2655 4985; x_wconf 71' lang='lat' dir='ltr'><strong>dissensione</strong></span> <span class='ocrx_word' id='word_1_693' title='bbox 2694 4933 2756 4985; x_wconf 90' lang='lat' dir='ltr'><strong>ob</strong></span> <span class='ocrx_word' id='word_1_694' title='bbox 2795 4929 2983 5001; x_wconf 79' lang='lat' dir='ltr'><strong>festum</strong></span> <span class='ocrx_word' id='word_1_695' title='bbox 3024 4930 3260 4988; x_wconf 71' lang='lat' dir='ltr'><strong>Pass/tte.</strong></span> 
     </span>
    </p>
   </div>
   <div class='ocr_carea' id='block_1_106' title="bbox 2019 5041 3550 5121">
    <p class='ocr_par' dir='ltr' id='par_1_106' title="bbox 2019 5041 3550 5121">
     <span class='ocr_line' id='line_1_106' title="bbox 2019 5041 3550 5121; baseline 0.008 -27"><span class='ocrx_word' id='word_1_696' title='bbox 2019 5042 2169 5096; x_wconf 82' lang='lat' dir='ltr'><strong>Alius</strong></span> <span class='ocrx_word' id='word_1_697' title='bbox 2195 5056 2408 5112; x_wconf 89' lang='lat' dir='ltr'><strong>quoque</strong></span> <span class='ocrx_word' id='word_1_698' title='bbox 2437 5041 2520 5097; x_wconf 90' lang='lat' dir='ltr'><strong>his</strong></span> <span class='ocrx_word' id='word_1_699' title='bbox 2549 5044 2820 5112; x_wconf 87' lang='lat' dir='ltr'><strong>antiquior</strong></span> <span class='ocrx_word' id='word_1_700' title='bbox 2858 5044 3076 5100; x_wconf 86' lang='lat' dir='ltr'><strong>suberat</strong></span> <span class='ocrx_word' id='word_1_701' title='bbox 3121 5047 3340 5102; x_wconf 84' lang='lat' dir='ltr'><strong>morbus</strong></span> <span class='ocrx_word' id='word_1_702' title='bbox 3389 5047 3550 5121; x_wconf 82' lang='lat' dir='ltr'><strong>longe</strong></span> 
     </span>
    </p>
   </div>
   <div class='ocr_carea' id='block_1_107' title="bbox 1944 5133 3546 5209">
    <p class='ocr_par' dir='ltr' id='par_1_107' title="bbox 1944 5133 3546 5209">
     <span class='ocr_line' id='line_1_107' title="bbox 1944 5133 3546 5209; baseline 0.006 -22"><span class='ocrx_word' id='word_1_703' title='bbox 1944 5133 2334 5205; x_wconf 87' lang='lat' dir='ltr'><strong>gravissimus,</strong></span> <span class='ocrx_word' id='word_1_704' title='bbox 2385 5135 2476 5205; x_wconf 91' lang='lat' dir='ltr'><strong>qui</strong></span> <span class='ocrx_word' id='word_1_705' title='bbox 2534 5136 2793 5191; x_wconf 88' lang='lat' dir='ltr'><strong>ecclesias</strong></span> <span class='ocrx_word' id='word_1_706' title='bbox 2837 5135 3158 5207; x_wconf 88' lang='lat' dir='ltr'><strong>jampridem</strong></span> <span class='ocrx_word' id='word_1_707' title='bbox 3221 5140 3546 5209; x_wconf 72' lang='lat' dir='ltr'><strong>infestabat;</strong></span> 
     </span>
    </p>
   </div>
   <div class='ocr_carea' id='block_1_108' title="bbox 1943 5225 3548 5302">
    <p class='ocr_par' dir='ltr' id='par_1_108' title="bbox 1943 5225 3548 5302">
     <span class='ocr_line' id='line_1_108' title="bbox 1943 5225 3548 5302; baseline 0.004 -21"><span class='ocrx_word' id='word_1_708' title='bbox 1943 5225 2212 5281; x_wconf 89' lang='lat' dir='ltr'><strong>dissensio</strong></span> <span class='ocrx_word' id='word_1_709' title='bbox 2241 5225 2447 5281; x_wconf 89' lang='lat' dir='ltr'><strong>scilicet</strong></span> <span class='ocrx_word' id='word_1_710' title='bbox 2490 5227 2560 5283; x_wconf 92' lang='lat' dir='ltr'><strong>de</strong></span> <span class='ocrx_word' id='word_1_711' title='bbox 2589 5227 2810 5283; x_wconf 86' lang='lat' dir='ltr'><strong>salutari</strong></span> <span class='ocrx_word' id='word_1_712' title='bbox 2853 5227 3012 5283; x_wconf 81' lang='lat' dir='ltr'><strong>festo.</strong></span> <span class='ocrx_word' id='word_1_713' title='bbox 3043 5228 3253 5302; x_wconf 86' lang='lat' dir='ltr'><strong>Quippe</strong></span> <span class='ocrx_word' id='word_1_714' title='bbox 3291 5231 3381 5286; x_wconf 91' lang='lat' dir='ltr'><strong>alii</strong></span> <span class='ocrx_word' id='word_1_715' title='bbox 3411 5247 3548 5289; x_wconf 87' lang='lat' dir='ltr'><strong>con-</strong></span> 
     </span>
    </p>
   </div>
   <div class='ocr_carea' id='block_1_109' title="bbox 1943 5317 3544 5392">
    <p class='ocr_par' dir='ltr' id='par_1_109' title="bbox 1943 5317 3544 5392">
     <span class='ocr_line' id='line_1_109' title="bbox 1943 5317 3544 5392; baseline 0.005 -19"><span class='ocrx_word' id='word_1_716' title='bbox 1943 5318 2286 5374; x_wconf 89' lang='lat' dir='ltr'><strong>suetudinem</strong></span> <span class='ocrx_word' id='word_1_717' title='bbox 2327 5317 2638 5374; x_wconf 69' lang='lat' dir='ltr'><strong>Iudaeorum</strong></span> <span class='ocrx_word' id='word_1_718' title='bbox 2685 5320 2835 5390; x_wconf 90' lang='lat' dir='ltr'><strong>sequi</strong></span> <span class='ocrx_word' id='word_1_719' title='bbox 2884 5332 3137 5392; x_wconf 90' lang='lat' dir='ltr'><strong>oportere</strong></span> <span class='ocrx_word' id='word_1_720' title='bbox 3180 5325 3544 5382; x_wconf 85' lang='lat' dir='ltr'><strong>asserebant:</strong></span> 
     </span>
    </p>
   </div>
   <div class='ocr_carea' id='block_1_110' title="bbox 1941 5409 3544 5480">
    <p class='ocr_par' dir='ltr' id='par_1_110' title="bbox 1941 5409 3544 5480">
     <span class='ocr_line' id='line_1_110' title="bbox 1941 5409 3544 5480; baseline 0.005 -17"><span class='ocrx_word' id='word_1_721' title='bbox 1941 5409 2028 5465; x_wconf 90' lang='lat' dir='ltr'><strong>alii</strong></span> <span class='ocrx_word' id='word_1_722' title='bbox 2076 5419 2290 5480; x_wconf 89' lang='lat' dir='ltr'><strong>tempus</strong></span> <span class='ocrx_word' id='word_1_723' title='bbox 2326 5410 2503 5479; x_wconf 90' lang='lat' dir='ltr'><strong>ipsum</strong></span> <span class='ocrx_word' id='word_1_724' title='bbox 2550 5419 2799 5466; x_wconf 86' lang='lat' dir='ltr'><strong>accurate</strong></span> <span class='ocrx_word' id='word_1_725' title='bbox 2841 5410 3236 5469; x_wconf 88' lang='lat' dir='ltr'><strong>observandum</strong></span> <span class='ocrx_word' id='word_1_726' title='bbox 3285 5428 3406 5470; x_wconf 90' lang='lat' dir='ltr'><strong>esse</strong></span> <span class='ocrx_word' id='word_1_727' title='bbox 3432 5416 3544 5472; x_wconf 88' lang='lat' dir='ltr'><strong>aie-</strong></span> 
     </span>
    </p>
   </div>
   <div class='ocr_carea' id='block_1_111' title="bbox 1941 5501 3542 5576">
    <p class='ocr_par' dir='ltr' id='par_1_111' title="bbox 1941 5501 3542 5576">
     <span class='ocr_line' id='line_1_111' title="bbox 1941 5501 3542 5576; baseline 0.004 -18"><span class='ocrx_word' id='word_1_728' title='bbox 1941 5501 2071 5558; x_wconf 90' lang='lat' dir='ltr'><strong>bant</strong></span> <span class='ocrx_word' id='word_1_729' title='bbox 2095 5544 2111 5569; x_wconf 94' lang='lat'><strong>,</strong></span> <span class='ocrx_word' id='word_1_730' title='bbox 2157 5517 2260 5559; x_wconf 90' lang='lat' dir='ltr'><strong>nec</strong></span> <span class='ocrx_word' id='word_1_731' title='bbox 2283 5501 2591 5558; x_wconf 87' lang='lat' dir='ltr'><strong>errantibus</strong></span> <span class='ocrx_word' id='word_1_732' title='bbox 2638 5503 3074 5573; x_wconf 86' lang='lat' dir='ltr'><strong>assentiendum,</strong></span> <span class='ocrx_word' id='word_1_733' title='bbox 3133 5506 3224 5576; x_wconf 88' lang='lat' dir='ltr'><strong>qui</strong></span> <span class='ocrx_word' id='word_1_734' title='bbox 3262 5505 3330 5560; x_wconf 89' lang='lat' dir='ltr'><strong>ab</strong></span> <span class='ocrx_word' id='word_1_735' title='bbox 3360 5506 3542 5564; x_wconf 88' lang='lat' dir='ltr'><strong>Evan-</strong></span> 
     </span>
    </p>
   </div>
   <div class='ocr_carea' id='block_1_112' title="bbox 1939 5595 3542 5668">
    <p class='ocr_par' dir='ltr' id='par_1_112' title="bbox 1939 5595 3542 5668">
     <span class='ocr_line' id='line_1_112' title="bbox 1939 5595 3542 5668; baseline 0.002 -16"><span class='ocrx_word' id='word_1_736' title='bbox 1939 5596 2111 5668; x_wconf 84' lang='lat' dir='ltr'><strong>gelica</strong></span> <span class='ocrx_word' id='word_1_737' title='bbox 2153 5596 2324 5666; x_wconf 87' lang='lat' dir='ltr'><strong>gratia</strong></span> <span class='ocrx_word' id='word_1_738' title='bbox 2365 5595 2467 5652; x_wconf 89' lang='lat' dir='ltr'><strong>hac</strong></span> <span class='ocrx_word' id='word_1_739' title='bbox 2504 5595 2749 5652; x_wconf 88' lang='lat' dir='ltr'><strong>etiamin</strong></span> <span class='ocrx_word' id='word_1_740' title='bbox 2797 5607 2948 5668; x_wconf 88' lang='lat' dir='ltr'><strong>parte</strong></span> <span class='ocrx_word' id='word_1_741' title='bbox 2986 5597 3145 5652; x_wconf 88' lang='lat' dir='ltr'><strong>alieni</strong></span> <span class='ocrx_word' id='word_1_742' title='bbox 3185 5607 3388 5654; x_wconf 90' lang='lat' dir='ltr'><strong>essent.</strong></span> <span class='ocrx_word' id='word_1_743' title='bbox 3433 5601 3542 5656; x_wconf 69' lang='lat' dir='ltr'><strong>Ita-</strong></span> 
     </span>
    </p>
   </div>
   <div class='ocr_carea' id='block_1_113' title="bbox 1941 5687 3544 5760">
    <p class='ocr_par' dir='ltr' id='par_1_113' title="bbox 1941 5687 3544 5760">
     <span class='ocr_line' id='line_1_113' title="bbox 1941 5687 3544 5760; baseline 0.006 -18"><span class='ocrx_word' id='word_1_744' title='bbox 1941 5702 2046 5758; x_wconf 88' lang='lat' dir='ltr'><strong>que</strong></span> <span class='ocrx_word' id='word_1_745' title='bbox 2076 5701 2198 5743; x_wconf 91' lang='lat' dir='ltr'><strong>cum</strong></span> <span class='ocrx_word' id='word_1_746' title='bbox 2233 5701 2419 5744; x_wconf 90' lang='lat' dir='ltr'><strong>omnes</strong></span> <span class='ocrx_word' id='word_1_747' title='bbox 2461 5687 2658 5760; x_wconf 90' lang='lat' dir='ltr'><strong>ubique</strong></span> <span class='ocrx_word' id='word_1_748' title='bbox 2699 5689 2881 5759; x_wconf 79' lang='lat' dir='ltr'><strong>papuli</strong></span> <span class='ocrx_word' id='word_1_749' title='bbox 2920 5687 3234 5756; x_wconf 89' lang='lat' dir='ltr'><strong>jamdudum</strong></span> <span class='ocrx_word' id='word_1_750' title='bbox 3297 5690 3440 5747; x_wconf 88' lang='lat' dir='ltr'><strong>inter</strong></span> <span class='ocrx_word' id='word_1_751' title='bbox 3481 5709 3544 5754; x_wconf 83' lang='lat' dir='ltr'><strong>se</strong></span> 
     </span>
    </p>
   </div>
   <div class='ocr_carea' id='block_1_114' title="bbox 1945 5780 3547 5854">
    <p class='ocr_par' dir='ltr' id='par_1_114' title="bbox 1945 5780 3547 5854">
     <span class='ocr_line' id='line_1_114' title="bbox 1945 5780 3547 5854; baseline 0.005 -17"><span class='ocrx_word' id='word_1_752' title='bbox 1945 5780 2298 5848; x_wconf 88' lang='lat' dir='ltr'><strong>dissiderent,</strong></span> <span class='ocrx_word' id='word_1_753' title='bbox 2341 5791 2396 5838; x_wconf 91' lang='lat' dir='ltr'><strong>et</strong></span> <span class='ocrx_word' id='word_1_754' title='bbox 2434 5783 2572 5838; x_wconf 89' lang='lat' dir='ltr'><strong>sacri</strong></span> <span class='ocrx_word' id='word_1_755' title='bbox 2601 5782 2872 5854; x_wconf 87' lang='lat' dir='ltr'><strong>religionis</strong></span> <span class='ocrx_word' id='word_1_756' title='bbox 2912 5796 3112 5839; x_wconf 82' lang='lat' dir='ltr'><strong>nostra:</strong></span> <span class='ocrx_word' id='word_1_757' title='bbox 3151 5784 3288 5840; x_wconf 87' lang='lat' dir='ltr'><strong>ritus</strong></span> <span class='ocrx_word' id='word_1_758' title='bbox 3324 5797 3547 5846; x_wconf 83' lang='lat' dir='ltr'><strong>contur-</strong></span> 
     </span>
    </p>
   </div>
   <div class='ocr_carea' id='block_1_115' title="bbox 1950 5872 3546 5950">
    <p class='ocr_par' dir='ltr' id='par_1_115' title="bbox 1950 5872 3546 5950">
     <span class='ocr_line' id='line_1_115' title="bbox 1950 5872 3546 5950; baseline 0.007 -22"><span class='ocrx_word' id='word_1_759' title='bbox 1950 5873 2206 5930; x_wconf 80' lang='lat' dir='ltr'><strong>barentur</strong></span> <span class='ocrx_word' id='word_1_760' title='bbox 2247 5872 2468 5944; x_wconf 87' lang='lat' dir='ltr'><strong>(quippe</strong></span> <span class='ocrx_word' id='word_1_761' title='bbox 2517 5874 2568 5930; x_wconf 89' lang='lat' dir='ltr'><strong>in</strong></span> <span class='ocrx_word' id='word_1_762' title='bbox 2609 5890 2717 5931; x_wconf 92' lang='lat' dir='ltr'><strong>uno</strong></span> <span class='ocrx_word' id='word_1_763' title='bbox 2764 5874 3063 5945; x_wconf 87' lang='lat' dir='ltr'><strong>eodemque</strong></span> <span class='ocrx_word' id='word_1_764' title='bbox 3110 5875 3248 5936; x_wconf 74' lang='lat' dir='ltr'><strong>festo</strong></span> <span class='ocrx_word' id='word_1_765' title='bbox 3286 5882 3546 5950; x_wconf 73' lang='lat' dir='ltr'><strong>temporis</strong></span> 
     </span>
    </p>
   </div>
  </div>
