3982 6302
436 322 498 385 51
1766 303 2033 363 ΕυΞΕΒΙΙ
2064 301 2387 359 PAMPHILI
3667 289 3687 343 Ι
3704 287 3737 345 Ξ

437 441 727 499 diversitas
766 439 1065 495 maximum
1091 432 1374 490 discidium
1414 430 1552 486 inter
1593 425 1846 482 feriantes
1887 421 2036 477 exci—
2063 417 2264 484 Adam
2296 416 2456 488 regite
2487 413 2637 471 urbis
2682 412 2910 469 antistes
2949 410 3020 466 ob
3067 407 3294 465 senilem
3346 413 3609 463 nitatem:
3654 405 3745 461 sed

437 541 628 605 tabat.
681 550 806 597 cum
859 533 915 591 hi
963 530 1185 604 jejuuiis
1232 538 1288 587 et
1338 523 1594 583 arumnis
1641 519 1851 591 seipsos
1896 523 2037 577 ειη·-

439 641 663 697 rerent,
716 627 792 683 illi
860 627 971 687 otio
1024 638 1087 685 ac
1133 621 1333 683 Malitia:
1381 611 1784 685 induigcrcnt),
1839 618 2039 663 morta—

438 729 569 787 lium
599 724 813 799 quidem
856 737 1015 781 nemo
1055 727 1205 785 erat,
1245 716 1334 793 qui
1383 712 1507 768 huic
1555 708 1696 765 malo
1745 703 2040 763 remedium

441 797 629 891 posset
688 815 985 880 adhibere;
1049 827 1169 867 cum
1228 808 1477 877 utrinque
1534 803 1675 858 inter
1725 797 2045 856 dissentiens-

442 887 527 967 ies
582 909 725 964 velut
768 917 975 980 mquata
1021 904 1172 959 lance
1204 896 1574 958 controversia
1620 893 1900 969 penderet.
1932 887 2044 946 Soli

446 1003 807 1073 omnipotenti
878 1001 985 1053 Deo
1048 995 1302 1069 perfacile
1350 1001 1468 1048 erat
1534 989 1652 1045 istis
1712 985 1867 1043 malis
1934 1000 2046 1043 me-

449 1097 585 1159 deri.
620 1095 767 1153 Unus
805 1109 966 1164 porro
1008 1093 1059 1145 in
1090 1087 1247 1145 terris
1288 1087 1504 1142 extabat
1527 1080 1883 1138 Contantinus
1905 1121 1920 1148 ,
1955 1075 2048 1151 qui

450 1191 518 1247 ad
561 1191 677 1246 haec
712 1190 851 1244 bona
894 1182 1218 1259 perficienda
1263 1180 1490 1235 idoneus
1524 1175 1617 1232 Dei
1655 1174 1902 1230 minister
1927 1187 2049 1231 esse

451 1283 746 1338 videretur.
776 1280 875 1347 Qui
924 1288 1271 1351 posteaquam
1304 1272 1422 1328 lucc
1448 1287 1565 1341 qua:
1606 1267 1766 1325 modo
1806 1266 1914 1323 dixi
1954 1282 2052 1327 au.

452 1377 659 1432 ditione
684 1372 906 1442 accepit,
938 1381 991 1426 et
1032 1368 1222 1424 litteris
1248 1381 1381 1439 quas
1419 1364 1487 1419 ad
1519 1360 1913 1418 Alexandrinos
1948 1357 2048 1415 mi-

454 1479 601 1526 serat
644 1468 778 1524 nihil
819 1483 879 1525 se
917 1461 1519 1544 profecissc‘cognovit,
1572 1459 1770 1515 mentis
1813 1472 1927 1514 suae
1965 1471 2054 1513 so.

451 1565 663 1625 tertiam
711 1562 828 1632 ipse
867 1559 1129 1633 excitans,
1184 1570 1380 1613 novum
1421 1553 1522 1610 sibi
1566 1552 1766 1609 bellum
1794 1550 2054 1607 adversus

455 1659 777 1717 invisibiletn
831 1655 1043 1713 hostem
1108 1651 1367 1711 Ecclesia:
1405 1657 1605 1707 statuat
1653 1646 2053 1718 perturbantem

456 1750 850 1815 conﬁciendum
881 1761 1003 1804 esse
1032 1745 1185 1801 dixit.

1076 1857 1307 1919 CAPUT
1350 1856 1437 1913 Vl.

693 1956 963 2025 Quomodo
998 1952 1255 2027 synodum
1294 1950 1491 2013 Nicnvs
1530 1949 1641 2021 ﬁeri
1678 1948 1849 2015 iussit.

534 2073 653 2127 Mox
684 2072 833 2127 velut
858 2070 1096 2125 divinam
1136 2065 1423 2138 quamdam
1452 2064 1772 2136 phalangem
1800 2062 2060 2119 adversus

464 2182 587 2221 rum
623 2166 916 2229 instruens,
943 2162 1254 2232 generalem
1278 2158 1545 2231 synodum
1573 2155 1888 2211 convocavit
1912 2172 1926 2219 ;
1958 2154 2060 2209 ho-

465 2259 705 2315 noriﬁcis
726 2258 922 2311 litteris
947 2254 1231 2325 episcoivos
1259 2251 1499 2321 undique
1529 2251 1785 2316 invitans,
1816 2259 2065 2319 utquan-

469 2354 642 2409 tocius
689 2350 961 2406 adessent.
1008 2347 1121 2404 Nec
1175 2361 1307 2402 vero
1360 2344 1589 2415 simplex
1637 2358 1701 2399 ac
1756 2343 1897 2397 nuda
1947 2351 2066 2397 erat

464 2446 673 2516 jussio:
708 2442 803 2499 sed
846 2450 1108 2513 praeterea
1151 2440 1377 2495 multum
1415 2438 1482 2492 ad
1527 2439 1627 2492 hoc
1663 2452 1801 2504 otius
1839 2434 2068 2492 contulit

468 2537 813 2606 imperatoris
855 2534 1175 2605 benignitas.
1205 2532 1306 2600 Qui
1339 2530 1462 2586 aliis
1496 2528 1710 2595 quidem
1749 2541 1940 2584 cursus
1967 2542 2067 2597 puv

472 2631 595 2686 lilici
636 2630 846 2700 copiam
888 2627 1158 2699 prsebnit:
1201 2626 1323 2680 aliis
1359 2637 1494 2680 vero
1517 2623 1885 2694 jumentorum
1909 2634 2068 2675 usum

472 2723 687 2780 abunde
717 2719 1165 2776 subministravit.
1194 2717 1503 2786 Quinetiam
1527 2714 1686 2770 sedes
1712 2714 1836 2768 huic
1863 2713 2071 2784 synodo

473 2815 986 2873 convenientissima
1026 2812 1293 2881 assignato
1323 2821 1428 2874 est,
1475 2809 1606 2863 urbs
1628 2825 1750 2879 qua:
1788 2823 1819 2862 a
1848 2806 2073 2862 victoria

476 2925 676 2966 nomen
717 2907 881 2963 habet
907 2906 1084 2961 Nicias
1104 2945 1121 2973 ,
1156 2907 1209 2960 in
1232 2904 1481 2975 Bithynia
1521 2904 1644 2957 sita.
1671 2901 1887 2956 Periato
1914 2902 2074 2970 igitur

476 3004 532 3058 in
579 3014 772 3055 (mines
819 2998 1124 3071 provincias
1157 2997 1497 3065 imperatoris
1552 3002 1840 3066 praecepto,
1892 2995 2072 3051 statim

475 3098 656 3151 cuncti
685 3095 829 3149 velut
866 3110 930 3148 ex
975 3102 1264 3147 transenna
1306 3090 1527 3155 emissi,
1566 3102 1775 3144 summa
1814 3103 1936 3144 cum
1963 3089 2075 3147 aia-

475 3193 668 3248 crilate
696 3189 1041 3245 advolarunt.
1072 3184 1358 3241 Aliicicbat
1395 3184 1601 3239 scilicet
1626 3197 1720 3237 eos
1749 3197 1874 3253 spes
1915 3182 2075 3236 bono-

476 3301 636 3350 rum,
685 3292 740 3338 et
783 3280 1066 3357 pra-sentis
1097 3279 1242 3349 pacis
1285 3277 1698 3347 Opportunitas;
1760 3276 1884 3331 novi
1922 3275 2073 3332 deui-

476 3378 580 3448 que
623 3373 907 3437 miraculi,
951 3371 1084 3427 tanti
1119 3370 1370 3425 nimirum
1414 3369 1757 3438 imperatoris
1795 3378 2076 3439 spectacu-

475 3473 612 3527 lum.
643 3468 998 3536 Posteaquam
1033 3466 1082 3518 in
1113 3478 1281 3517 unum
1309 3476 1633 3528 convenere,
1673 3461 1765 3515 Dei
1788 3475 1924 3531 opus
1951 3475 2077 3517 esse

473 3564 527 3620 id
559 3559 701 3632 quod
728 3560 1015 3631 gerebatur
1048 3557 1318 3626 apparuit.
1350 3555 1480 3610 Nam
1506 3556 1597 3625 qui
1627 3570 1732 3610 non
1761 3557 1921 3610 modo
1960 3557 2078 3610 ani-

476 3658 602 3721 mis,
633 3669 817 3708 verum
840 3654 1002 3706 etiam
1033 3650 1352 3719 corporibus
1382 3658 1435 3703 et
1466 3648 1779 3717 regionibus
1839 3663 1902 3704 ac
1942 3649 2078 3704 locis

477 3760 532 3807 et
573 3747 863 3820 provinciis
895 3744 1209 3815 longissime
1251 3741 1397 3797 inter
1431 3756 1490 3797 se
1520 3741 1694 3797 dissiti
1725 3751 1916 3808 erant,
1949 3751 2080 3798 tunc

474 3845 533 3898 in
560 3857 727 3898 unum
756 3838 1063 3909 congregati
1102 3836 1491 3901 cernebantur;
1532 3846 1587 3891 et
1618 3834 1766 3892 velut
1787 3837 2075 3892 maximam

477 3932 763 4006 quamdam
786 3930 1128 3986 sacerdotum
1168 3942 1425 3984 coronam
1456 3942 1523 3982 ex
1572 3928 1948 3997 pulcherrimis
1979 3928 2079 3985 ilo-

476 4028 627 4085 ribus
656 4034 965 4083 contextam
982 4065 998 4092 ,
1026 4037 1134 4078 una
1161 4029 1390 4078 cunctos
1410 4020 1601 4079 civitas
1627 4022 1896 4094 capiebat.

1083 4136 1313 4196 CAPUT
1350 4134 1463 4193 VII.

481 4239 560 4295 De
590 4236 864 4294 uniuersali
906 4235 1174 4301 Concilio,
1217 4233 1286 4288 ad
1323 4232 1461 4304 quod
1498 4247 1562 4287 ex
1591 4230 1825 4287 omnibus
1865 4231 2078 4303 provin-

883 4333 976 4387 ciis
1015 4341 1355 4385 convenerunt
1396 4329 1665 4401 Episcopi.

550 4448 763 4517 Etenim
786 4461 851 4502 ex
872 4442 1122 4501 omnibus
1147 4442 1406 4501 Ecclesiis
1435 4457 1555 4527 quae
1584 4443 1886 4503 universam
1912 4442 2079 4507 Euro-

478 4557 645 4615 pam,
691 4537 927 4603 Africam
980 4546 1143 4611 atque
1199 4533 1384 4595 Asiam
1438 4534 1836 4613 impleverant,
1891 4536 1925 4590 ii
1984 4535 2078 4608 qui

2145 520 2343 582 praesto
2389 518 2544 564 erant
2585 506 2882 580 presbyteri
2939 504 3028 576 qui
3082 504 3228 558 vices
3257 500 3374 572 ejus
3434 500 3741 571 implerent.

2144 602 2461 675 Hujusmodi
2519 615 2775 657 coronam
2848 597 2998 670 pacis
3061 594 3279 653 vinculo
3332 602 3648 651 consertam
3693 602 3745 657 et

2144 715 2444 759 connexam
2466 742 2482 766 ,
2509 698 2658 753 solus
2703 696 2772 752 ab
2808 693 2954 751 omni
2995 708 3114 749 inve
3158 693 3455 762 imperator
3479 688 3748 745 Constan-

2146 794 2291 850 tinus
2331 792 2479 848 velut
2515 790 2755 846 divinum
2796 788 2933 859 grati
2981 785 3144 843 animi
3195 791 3604 839 monumentum
3650 797 3748 853 pro

2147 888 2389 945 victoriis
2407 902 2540 960 quas
2561 885 2626 941 de
2644 883 2890 940 hostibus
2906 891 2961 938 et
2976 880 3206 936 inimicis
3235 878 3517 943 retulerat,
3530 874 3748 934 Christo

2148 981 2421 1040 Servatori
2448 995 2548 1036 suo
2574 978 2881 1035 dedicavit:
2914 976 3016 1031 hoc
3054 973 3389 1044 amplissimo
3412 981 3594 1039 centu,
3630 981 3749 1028 tan.

2150 1091 2309 1147 quam
2333 1073 2566 1143 imagine
2587 1070 2818 1143 quadam
2869 1066 3150 1140 apostolici
3171 1065 3344 1133 chori,
3382 1064 3589 1122 nostris
3618 1072 3751 1121 tem-

2150 1170 2371 1242 poribus
2390 1164 2708 1224 convocato.

2754 1258 2984 1316 CAPUT
3030 1257 3163 1313 Vill.

2156 1357 2311 1425 Quod
2348 1357 2478 1413 sicut
2528 1356 2583 1411 in
2630 1354 2768 1410 Actis
2812 1347 3189 1425 Apostolorum’
3226 1349 3443 1417 dicitur,
3493 1363 3557 1403 ea
3601 1347 3754 1405 rariis

2639 1446 2870 1520 gentibus
2911 1450 3272 1503 commorunt.

2228 1544 2505 1618 Siquidem
2552 1551 2609 1599 et
2654 1540 3036 1613 Apostolorum
3090 1536 3424 1610 temporibus
3471 1535 3573 1592 viri
3630 1534 3755 1592 pelio

2156 1640 2294 1712 g'losi
2318 1654 2384 1694 ex
2410 1637 2556 1693 omni
2602 1635 2821 1691 natione
2856 1648 2978 1705 qua:
3025 1633 3126 1688 sub
3164 1631 3303 1687 certe
3346 1638 3471 1697 est,
3514 1628 3567 1685 in
3597 1644 3757 1685 unum

2159 1731 2477 1791 convenisse
2501 1730 2772 1786 dicuntur.
2818 1728 2967 1784 Inter
2992 1742 3129 1800 quos
3173 1733 3329 1783 erant
3354 1723 3569 1792 Parthi,
3599 1723 3757 1789 Medi,

2086 1837 2134 1899 Β
2164 1827 2408 1883 Elamitze
2462 1833 2516 1881 et
2545 1823 2639 1895 qui
2669 1822 2914 1877 habitant
2937 1819 3376 1892 Mesopotamiam
3395 1859 3411 1885 ,
3442 1816 3681 1874 Judaeum
3710 1825 3762 1873 et

2163 1918 2580 1992 Cappadociam,
2608 1917 2864 1983 Pontum,
2894 1914 3076 1970 Asiam
3112 1924 3167 1969 et
3207 1913 3500 1985 Phrygiam
3527 1926 3592 1967 ac
3610 1911 3763 1969 Pam-

2164 2012 2401 2084 phyliam
2423 2053 2439 2078 ,
2480 2009 2772 2082 Egyptnm
2819 2018 2874 2063 et
2914 2017 3095 2079 partes
3122 2006 3304 2078 Libya:
3333 2019 3459 2076 qua
3494 2011 3579 2060 est
3616 2004 3764 2074 juxta

2164 2105 2467 2178 Cyl-client;
2504 2103 2726 2158 adventa
2751 2115 2966 2173 quoque
2996 2141 3011 2166 ,
3043 2100 3271 2155 Romani
3297 2139 3312 2163 ,
3341 2096 3521 2154 Jndtoi
3560 2106 3611 2155 et
3642 2097 3767 2153 Pro-

2165 2200 2324 2271 salyti
2346 2241 2363 2268 ,
2403 2196 2695 2254 Cretenses
2732 2205 2788 2252 et
2815 2194 3044 2251 Arabes.
3073 2193 3274 2250 Verum
3318 2191 3464 2263 apud
3500 2191 3630 2248 istos
3658 2190 3769 2262 qui-

2165 2294 2291 2351 dem
2337 2293 2442 2350 hoc
2488 2293 2671 2349 minus
2716 2290 2850 2357 fuit,
2896 2288 3043 2360 quod
3089 2303 3195 2343 non
3240 2301 3435 2343 omnes
3479 2294 3634 2342 erant
3679 2283 3768 2341 Dei

2168 2388 2400 2443 ministri
2446 2387 2536 2457 qui
2580 2392 2969 2441 convenerant.
3003 2383 3058 2437 in
3100 2381 3350 2453 praesenti
3386 2389 3569 2436 autem
3609 2380 3771 2435 choro

2172 2479 2413 2552 episcopi
2440 2478 2658 2550 quidem
2687 2491 2847 2546 supra
2881 2475 3143 2532 ducentos
3171 2481 3228 2529 et
3266 2472 3653 2544 quinquaginta
3682 2470 3772 2525 ad-

2172 2575 2410 2629 fuerunt.
2454 2571 2902 2643 Presbyterorum
2934 2584 3064 2626 vero
3093 2567 3185 2640 qui
3210 2582 3306 2624 eos
3331 2566 3577 2623 comitati
3630 2574 3767 2627 sunt,

2171 2668 2520 2725 diaeonorum
2548 2707 2564 2732 ,
2610 2663 2986 2720 acoluthorum
3025 2661 3369 2732 aliorumque
3419 2656 3770 2729 complurium

2176 2775 2435 2819 numerus
2461 2759 2584 2814 iniri
2608 2757 2695 2813 vix
2720 2764 2918 2827 potest.

2800 2867 3028 2926 CAPUT
3067 2866 3134 2923 IX
3146 2909 3159 2922 .

2175 2963 2256 3021 De
2270 2965 2451 3020 virtute
2461 2974 2506 3020 et
2521 2973 2670 3019 celate
2681 2962 3009 3017 ducentorum
3023 2959 3397 3035 quinquaginta
3412 2958 3767 3031 episcoporum.

2247 3058 2417 3115 Porro
2455 3074 2519 3113 ex
2552 3056 2637 3111 his
2676 3055 2765 3111 Dei
2815 3054 3109 3115 ministris.
3152 3053 3241 3108 alii
3281 3067 3539 3107 sermone
3565 3050 3770 3120 sapien-

2181 3151 2294 3217 tiae,
2327 3150 2418 3205 alii
2450 3150 2714 3221 gravitate
2742 3147 2863 3203 vita:
2904 3158 2958 3202 et
2986 3146 3226 3202 laborum
3260 3144 3547 3200 tolerantia
3573 3141 3771 3198 emine-

2180 3241 2346 3298 bant:
2380 3242 2467 3296 alii
2496 3241 2759 3296 modestia
2789 3250 2844 3295 et
2867 3239 3118 3293 comitate
3149 3252 3356 3292 morum
3406 3244 3559 3292 erant
3587 3233 3770 3289 ornati.

2179 3336 2258 3391 Ac
2304 3332 2549 3389 nonnulli
2597 3333 2815 3403 quidem
2869 3346 3055 3387 eorum
3100 3330 3171 3385 ob
3220 3339 3532 3398 provectam
3575 3334 3773 3381 nitatem

2179 3432 2415 3488 maximo
2461 3432 2512 3486 in
2565 3430 2771 3486 honore
2822 3436 3017 3485 erant:
3067 3425 3309 3482 nonnulli
3350 3437 3411 3482 et
3452 3422 3686 3494 corporis
3723 3427 3773 3474 et

2178 3526 2345 3583 animi
2370 3525 2588 3597 juvenili
2640 3525 2820 3597 vigore
2867 3520 3164 3578 enitebant.
3212 3518 3445 3589 Quidam
3484 3532 3651 3587 nuper
3682 3518 3769 3568 ait—

2180 3619 2397 3675 modum
2430 3617 2709 3672 ministerii
2741 3615 2822 3671 sui
2850 3614 3077 3669 stadium
3096 3621 3252 3668 erant
3292 3609 3541 3684 ingressi.
3573 3608 3766 3676 Quibus

2178 3711 2429 3767 omnibus
2457 3707 2695 3780 quotidie
2721 3722 2966 3763 annonas
2991 3707 3212 3777 copiose
3236 3704 3468 3776 praeberi
3490 3703 3768 3772 imperatur

2180 3803 2550 3860 mandaverat.

2792 3871 3022 3929 CAPUT
3063 3870 3134 3926 Χ.

2180 3968 2425 4042 Synodus
2455 3968 2630 4023 habita
2658 3968 2712 4022 in
2742 3967 2960 4040 palatio,
2989 3981 3088 4039 quo
3115 3964 3384 4036 ingressus
3417 3962 3767 4022 Constantinus

2643 4061 2776 4116 'cum
2805 4059 3055 4130 episcopis
3085 4058 3290 4114 resedit.

2250 4153 2520 4213 Caeterum
2568 4152 2657 4209 die
2702 4151 2937 4211 concilio
2967 4150 3281 4215 constituta,
3313 4166 3419 4225 qua
3459 4156 3764 4207 controver-

2181 4247 2293 4302 sias
2333 4245 2511 4302 dirimi
2557 4254 2872 4317 oporteret,
2921 4258 3043 4301 cum
3107 4243 3301 4315 singuli
3364 4252 3559 4315 prasto
3596 4244 3768 4296 essent

2181 4356 2253 4396 ex
2295 4340 2489 4412 quibus
2528 4338 2780 4411 Synodus
2827 4338 3144 4408 constabat,
3193 4341 3244 4393 in
3289 4339 3404 4410 ipsa
3445 4337 3616 4395 media
3659 4332 3767 4388 mde

2181 4435 2401 4506 palatii,
2448 4450 2569 4506 quae
2609 4433 2849 4505 reliquas
2891 4449 3083 4489 omnes
3124 4432 3477 4503 amplitudine
3521 4440 3767 4502 superare

2180 4528 2485 4593 videbatur,
2512 4527 2755 4598 plurimis
2784 4527 3045 4584 sedilibus
3068 4526 3137 4583 ad
3166 4537 3454 4599 utrumque
3479 4525 3607 4581 tedis
3637 4521 3766 4576 latus

476 4636 620 4691 inter
650 4634 742 4689 Dei
771 4631 1045 4688 ministros
1086 4628 1383 4705 principem
1416 4628 1594 4683 locum
1635 4628 1980 4699 obtinebant,
2007 4629 2080 4683 si-
2103 4621 2160 4683 D
2182 4628 2374 4684 ordine
2402 4626 2679 4697 dispositis
2699 4665 2714 4691 ,
2743 4639 2933 4680 omnes
2957 4624 3049 4695 qui
3079 4623 3328 4680 accersiti
3371 4625 3582 4679 inerant
3604 4619 3766 4673 intro-

474 4729 588 4785 mui
617 4740 957 4789 convenere;
990 4738 1204 4796 unaque
1243 4719 1387 4776 ardes
1426 4735 1600 4789 sacra,
1629 4721 1774 4776 velut
1820 4722 1914 4777 Dei
1943 4732 2075 4778 nutu

474 4826 715 4903 dilatata,
761 4819 927 4892 Syros
952 4819 1112 4874 simul
1141 4826 1195 4873 et
1218 4815 1436 4881 Cilicas,
1466 4816 1752 4873 Phoenices
1793 4816 2076 4874 etArabcs

474 4929 531 4976 et
558 4915 895 4980 Palaestinos,
927 4910 1212 4984 Egyptios
1258 4920 1538 4983 praeterea,
1573 4908 1841 4965 Thebmos
1888 4918 1942 4966 et
1980 4909 2075 4966 Li-

473 5010 632 5082 byas,
659 5007 902 5076 aliosque
940 5019 1010 5060 ex
1046 5002 1438 5072 Mesopotamia
1460 5000 1829 5068 adt'ctticntes.
1872 5002 2074 5063 ambitu

473 5118 577 5159 suo
600 5098 883 5170 complexa
921 5105 1023 5153 est.
1065 5096 1298 5164 Quidam
1325 5096 1487 5155 etiam
1518 5111 1584 5155 ea
1613 5094 1835 5161 Perside
1864 5096 2077 5168 episco-

477 5210 583 5267 pus
610 5191 819 5266 synodo
862 5189 1143 5257 interfuit:
1177 5202 1279 5248 nec
1317 5187 1407 5245 vel
1445 5186 1643 5261 Scytha
1670 5186 1840 5250 abfuit
1863 5186 1932 5245 ab
1971 5189 2077 5247 huc

466 5287 665 5342 .chnro.
692 5282 899 5341 Pontus
929 5281 1081 5355 item,
1118 5278 1327 5340 Galatia
1351 5323 1368 5347 ,
1399 5278 1718 5352 Pamphylia
1769 5289 1825 5342 et
1863 5280 2075 5352 Cappa-

462 5377 655 5446 docia,
687 5374 817 5433 Asia
841 5388 1057 5445 quoque
1099 5382 1158 5431 et
1180 5374 1413 5445 Phrygia
1438 5371 1789 5441 lectissimum
1808 5387 2077 5444 quemque

475 5486 546 5527 es
582 5468 696 5526 suis
740 5467 1041 5540 praibucre.
1086 5466 1321 5524 Taraees
1349 5465 1679 5536 quinetiam,
1732 5465 2070 5534 Macedones,

476 5560 668 5618 Achivi
696 5569 750 5618 et
778 5559 1039 5631 Epirotis,
1062 5569 1117 5616 et
1147 5559 1238 5631 qui
1263 5558 1580 5630 longissima
1617 5559 1906 5623 intervallo
1933 5559 2073 5625 ultra

474 5654 577 5711 hos
603 5652 762 5723 positi
792 5658 949 5719 sunt,
991 5651 1342 5715 nihilominus
1387 5648 1627 5709 adiuero.
1676 5650 1764 5708 Ab
1799 5652 1917 5723 ipsa
1940 5667 2078 5723 quo-

473 5759 580 5815 que
608 5742 865 5815 Hispania
890 5746 973 5805 vir
1011 5743 1101 5802 ille
1140 5744 1312 5809 multo
1350 5744 1591 5801 omnium
1638 5758 1896 5803 sermone
1931 5746 2073 5803 esten

461 5838 679 5911 bratus,
709 5852 816 5896 una
850 5853 974 5896 cum
1013 5840 1238 5911 reliquis
1261 5837 1383 5896 aliis
1418 5838 1687 5905 consedit.
1717 5838 1923 5899 Aberat
1955 5839 2075 5912 qui-

2181 4720 2350 4794 gressi
2371 4761 2387 4789 ,
2421 4733 2521 4774 suo
2552 4718 2781 4789 quisque
2823 4719 2943 4772 loco
2978 4717 3293 4774 consedere.
3339 4717 3622 4785 Postquam
3655 4707 3766 4767 uni-

2181 4829 2340 4871 versa
2373 4812 2613 4885 synodus
2640 4826 2763 4866 curn
2801 4809 3012 4865 decenti
3041 4808 3304 4866 modestia
3331 4807 3553 4870 resedit,
3584 4812 3764 4859 omnes

2182 4908 2417 4978 primum
2445 4906 2791 4968 conticuere,
2818 4904 3160 4973 imperatoris
3208 4918 3519 4974 processum
3548 4908 3761 4967 exspec-

2181 5007 2375 5055 tantes.
2408 4996 2528 5052 Mox
2570 5010 2710 5057 unus
2756 5011 2823 5050 ex
2873 4995 3128 5065 proximis
3168 4993 3540 5066 imperatoris,
3572 4984 3755 5043 deinde

2177 5092 2315 5147 alter
2337 5105 2404 5146 ac
2432 5089 2622 5145 tertius
2654 5087 2971 5161 ingreditur.
3002 5087 3386 5145 Prascedebant
3412 5097 3621 5157 quoque
3645 5076 3752 5141 alii.

2177 5200 2289 5242 nos
2332 5192 2391 5240 ut
2418 5185 2588 5239 moris
2631 5190 2716 5238 est
2759 5196 2826 5238 ex
2876 5182 3106 5238 militum
3148 5197 3214 5238 ac
3260 5186 3618 5253 promotorum
3665 5184 3758 5225 nu-

2178 5293 2355 5347 mero,
2398 5266 2496 5339 sed
2526 5292 2593 5333 ex
2633 5277 2821 5332 amicis
2865 5275 2903 5332 ii
2932 5277 3035 5333 soli
3060 5276 3154 5348 qui
3193 5275 3357 5332 ﬁdem
3387 5267 3585 5329 Christi
3610 5259 3761 5336 proﬂ-

2179 5373 2449 5431 tebantur.
2476 5368 2719 5441 Cumque
2743 5368 2897 5441 signo
2921 5368 3049 5424 dato
3073 5384 3182 5441 quo
3220 5363 3559 5440 imperatoris
3585 5350 3762 5414 introi-

2176 5476 2263 5524 tus
2290 5462 2658 5529 nuntiabatur,
2690 5475 2881 5517 omnea
2908 5460 3372 5526 assurrexissent,
3412 5450 3624 5512 tandem
3649 5447 3759 5516 ipse

2176 5557 2387 5615 modius
2411 5555 2668 5619 incedens
2696 5552 2952 5621 advenit,
2997 5552 3144 5610 velut
3168 5550 3385 5623 quidam
3411 5541 3641 5605 calcatis
3669 5532 3756 5592 Bai

2174 5650 2420 5721 angslus,
2444 5659 2730 5719 purpureai
2771 5644 2991 5716 quidem
3012 5643 3180 5701 vestis
3207 5642 3412 5715 fulgore
3439 5634 3620 5693 oculos
3647 5641 3754 5721 οφ·

2175 5718 2326 5804 nium
2369 5745 2793 5816 prastingueus,
2834 5748 2890 5797 et
2925 5738 3193 5799 ﬁammais
3245 5731 3566 5810 quibusdam
3602 5718 3754 5816 radiis

2183 5812 2479 5903 collucens,
2522 5812 2729 5890 advhrcc
2757 5832 2873 5888 auri
2910 5840 2966 5888 et
3005 5829 3308 5902 lapillorum
3346 5820 3541 5886 existis
3584 5812 3750 5885 spien—
