3982 6302
313 251 382 312 53
1334 245 1419 301 DE
1460 242 1622 301 VITA
1650 242 2110 302 CONS'I‘AN'I‘INI
2148 242 2353 303 LIBER
2390 242 2479 300 III.
3552 252 3566 302 Ξ
3586 249 3618 303 ι

309 362 447 419 dore
475 368 789 418 exornatus.
834 360 904 415 Et
934 357 1241 431 bujusmodi
1269 358 1488 429 quidem
1526 357 1768 429 corporis
1797 357 1913 413 cnl-
1942 357 1996 423 Α
2020 371 2123 429 pus
2152 357 2208 413 in
2234 357 2487 415 salutaris
2518 356 2645 415 festi
2684 357 3047 421 celebratione
3071 359 3139 417 ab
3167 360 3418 421 omnibus
3444 360 3624 418 ﬁrma-

309 464 398 512 tus
425 462 564 513 erat.
590 452 747 522 Quod
787 467 919 508 vero
945 452 1012 509 ad
1042 451 1281 508 animant
1310 458 1521 522 spectat
1541 491 1557 516 ,
1584 451 1720 507 satis
1747 464 1917 521 appa-

308 550 469 606 rebat
506 563 631 605 eum
663 546 856 601 timore
884 545 982 603 Dei
1018 560 1085 601 ac
1128 544 1388 615 religione
1417 543 1732 600 decoratum
1773 557 1914 599 esse.

318 642 502 714 Atque
542 640 596 697 id
629 639 936 697 indicabant
960 637 1105 693 oculi
1148 636 1402 703 demissi,
1432 635 1600 691 rubor
1646 635 1697 691 in
1745 634 1918 703 vultu,

307 746 367 794 et
409 744 592 792 motus
638 733 886 801 corporis
932 739 1098 801 atque
1144 729 1410 786 incessus.
1451 728 1560 785 Sed
1611 738 1668 785 et
1715 728 1918 799 reliqua

305 829 562 902 corporis
600 828 843 900 species,
873 826 1172 898 proceritas
1202 823 1407 882 scilicet
1439 838 1542 894 qua
1573 833 1800 880 cunctos
1829 822 1921 894 qui

303 923 457 979 circa
483 922 659 992 ipsum
704 927 860 977 erant
900 919 1059 989 longe
1101 917 1416 988 superabat.
1460 916 1569 972 Nec
1600 923 1804 971 statura
1830 930 1920 971 so-

301 1013 446 1080 lum,
478 1012 573 1069 sed
595 1012 758 1068 etiam
789 1009 977 1067 formae
1006 1009 1235 1075 decore,
1266 1018 1322 1063 et
1351 1008 1513 1064 totius
1550 1008 1796 1080 corporis
1826 1022 1918 1063 ve-

300 1118 474 1165 nusta
532 1107 766 1179 quadam
816 1108 1142 1176 majestate.
1190 1104 1389 1158 invicto
1432 1102 1666 1173 denique
1724 1103 1918 1158 virium

304 1203 512 1259 robore
549 1209 779 1258 cancros
818 1198 1078 1255 anteibat.
1106 1196 1237 1266 Qus
1267 1196 1483 1267 quidem
1527 1196 1707 1252 omnia
1748 1195 1921 1251 admi-

311 1294 476 1350 rabili
522 1292 786 1349 modestia
836 1302 893 1349 et
935 1291 1281 1363 imperatoria
1325 1289 1551 1346 lenitate
1602 1300 1916 1361 temperata,

303 1388 568 1443 eximiam
601 1395 657 1441 et
684 1385 830 1441 omni
870 1384 1027 1441 laude
1070 1384 1328 1453 majorem
1376 1383 1572 1438 mentis
1606 1384 1749 1438 illius
1780 1400 1917 1453 prte-

305 1478 566 1534 stantiam
609 1477 977 1533 declarabant.
1021 1475 1310 1547 Postquam
1342 1478 1635 1546 imperator
1658 1475 1725 1529 ad
1758 1485 1920 1546 caput

308 1569 698 1626 subselliorum
730 1569 896 1636 venit,
927 1568 1157 1639 primum
1186 1566 1395 1621 medius
1423 1567 1593 1621 stetit.
1630 1565 1919 1636 Pasitaque

309 1668 443 1716 ante
469 1677 594 1716 eum
626 1660 814 1716 humili
853 1660 986 1716 sella
1016 1676 1079 1714 ex
1113 1674 1246 1714 auro
1274 1657 1563 1714 fabrefacta
1587 1699 1603 1724 ,
1632 1675 1737 1713 non
1772 1660 1919 1727 prius

309 1752 520 1809 assedit
580 1768 742 1826 quam
789 1752 1048 1825 EpiSCOpi
1087 1750 1136 1807 ei
1158 1752 1479 1807 innuissent.
1537 1749 1681 1807 Idem
1732 1767 1921 1807 omnes
1952 1764 1998 1825 Β

310 1857 434 1918 post
479 1847 864 1919 imperatorem
906 1845 1106 1903 fecere.

930 1959 1160 2019 CAPUT
1213 1959 1306 2016 XI.

321 2080 598 2139 Silentium
623 2080 863 2152 Consilii,
888 2091 1159 2153 postquam
1190 2079 1444 2137 Eusebius
1464 2079 1733 2151 episcopus
1756 2093 1921 2149 pauca

877 2173 1114 2246 quadarn
1142 2174 1370 2233 dixisset.

387 2284 526 2341 Tum
562 2299 634 2341 ex
663 2285 935 2355 episcopis
982 2286 1028 2339 is
1056 2285 1147 2355 qui
1177 2284 1234 2340 in
1262 2283 1450 2340 dextra
1492 2293 1644 2354 parte
1687 2284 1919 2353 primum

319 2379 494 2434 locum
525 2378 830 2441 obtinebat,
854 2392 1207 2449 consurgens,
1241 2378 1450 2435 modica
1477 2376 1724 2437 oratione
1751 2379 1920 2448 impe-

317 2484 557 2530 ratorem
589 2473 853 2528 allocutus
874 2481 959 2531 est
974 2516 990 2541 ,
1026 2482 1248 2545 propter
1264 2473 1414 2529 illum
1437 2473 1637 2542 gratias
1659 2483 1714 2528 et
1736 2474 1919 2529 laudes

318 2566 611 2638 perhibens
639 2566 996 2638 omnipotenti
1027 2567 1157 2623 Deo.
1185 2566 1476 2638 Postquam
1510 2567 1598 2623 ille
1635 2567 1799 2623 etiam
1828 2582 1919 2624 as-

317 2663 474 2728 sedit,
509 2678 639 2720 mox
672 2663 855 2723 cuncti
895 2662 1089 2720 delixis
1118 2665 1172 2720 in
1210 2663 1595 2734 imperatorem
1641 2666 1811 2719 oculis
1843 2666 1919 2720 si-

318 2756 542 2813 lentium
574 2757 771 2813 fecere.
806 2757 903 2812 Ille
932 2757 1068 2813 laetis
1091 2757 1261 2813 oculis
1285 2766 1339 2813 et
1370 2757 1582 2828 placido
1623 2757 1772 2813 vultu
1796 2758 1917 2813 uni—

320 2864 505 2905 versos
536 2848 788 2915 intuitus,
816 2864 879 2904 ac
906 2848 1100 2903 deinde
1131 2858 1369 2903 mentem
1401 2863 1554 2903 suam
1587 2848 1638 2902 in
1670 2863 1729 2903 sc
1755 2848 1912 2903 colli-

318 2957 483 3014 gens,
518 2943 623 2999 leni
650 2952 705 2999 et
726 2941 1005 2998 moderata
1036 2955 1166 2997 voce
1195 2939 1499 3012 ltujusmodi
1523 2940 1683 2996 verba
1712 2939 1859 2997 fecit.

921 3056 1150 3116 CAPUT
1190 3056 1305 3113 XII.

527 3172 846 3231 Constantini
874 3173 944 3227 ad
972 3174 1224 3245 synodum
1262 3174 1428 3229 oratio
1454 3174 1518 3228 de
1542 3190 1688 3245 pace.

386 3285 551 3351 (Hane
570 3287 845 3338 orationem
869 3286 1052 3338 videsis
1076 3287 1244 3351 infra.)

907 3414 1137 3473 CAPUT
1178 3413 1316 3471 XIII.

319 3514 587 3587 Quomodo
630 3514 895 3586 episcopos
923 3511 1053 3566 inter
1080 3526 1132 3565 se
1161 3518 1408 3565 certantes
1460 3508 1527 3562 ad
1588 3508 1917 3564 concordiam

976 3604 1246 3663 revocarit.

383 3724 517 3782 Rrec
546 3722 638 3779 ille
684 3736 810 3779 cum
856 3720 1026 3777 latino
1050 3733 1304 3776 sermone
1343 3719 1590 3785 dixisset,
1625 3734 1745 3790 quae
1775 3718 1915 3775 alius

313 3816 583 3889 quispiam
605 3828 784 3887 greco
811 3815 1198 3884 interpretatus
1237 3821 1324 3870 est
1349 3854 1364 3879 ,
1407 3812 1667 3885 deinceps
1695 3813 1915 3869 concilii

310 3911 639 3983 prasidibus
661 3923 969 3966 sermonem
990 3907 1281 3965 concessit.
1306 3907 1442 3963 Tum
1466 3922 1599 3964 vero
1620 3908 1708 3963 alii
1731 3908 1914 3978 proxi-

310 4020 432 4061 mos
460 4003 780 4061 insimulare
803 4011 1107 4072 coeperunt,
1135 4000 1224 4055 alii
1271 3999 1652 4056 accusantibus
1680 4014 1912 4070 respou-

310 4096 445 4153 dere
485 4103 547 4152 et
586 4093 822 4152 vicissim
843 4092 1019 4164 queri.
1055 4092 1233 4149 Multis
1264 4092 1424 4162 igitur
1445 4091 1588 4149 hunc
1611 4093 1664 4148 in
1692 4092 1913 4149 modum

310 4204 376 4247 ex
425 4196 658 4258 utraque
688 4194 839 4257 parte
867 4185 1191 4256 pr0positis,
1219 4200 1519 4256 magnaque
1546 4187 1914 4243 controversia

308 4283 365 4341 in
390 4283 515 4355 ipso
541 4282 807 4355 principio
827 4283 1083 4348 excitata,
1110 4282 1404 4353 imperator
1423 4293 1615 4338 cuncta
1638 4283 1915 4355 patientis-

308 4380 451 4435 sime
475 4378 811 4445 auscultans,
835 4378 1045 4433 intento
1067 4376 1248 4433 animo
1266 4378 1567 4448 pr0positas
1585 4378 1914 4449 quaestiones

308 4473 557 4544 excepit;
578 4482 635 4529 et
657 4487 778 4544 qua:
798 4473 866 4529 ab
888 4482 1116 4544 utraque
1140 4480 1294 4544 parte
1313 4472 1649 4541 dicebantur,
1675 4475 1911 4532 vicissim

2022 458 2190 506 retur.
2221 450 2389 507 Porro
2415 466 2479 507 ea
2509 466 2628 522 qua:
2652 451 2705 507 in
2730 466 3020 509 commune
3044 452 3384 527 placuerapt,
3411 454 3623 527 scriptis

2020 543 2297 607 mandata,
2330 554 2383 599 et
2414 545 2751 615 singulorum
2775 544 3172 619 subscriptione
3198 545 3452 607 roborata
3473 557 3621 609 sunt.

2020 635 2226 704 Quibus
2254 638 2322 691 ita
2350 637 2533 709 gestis,
2567 638 2860 709 imperator
2898 638 3124 697 alteram
3157 638 3300 696 banc
3332 640 3621 698 victoriam

2022 728 2090 783 de
2120 728 2275 785 hoste
2303 728 2562 787 Ecclesiae
2590 746 2649 785 se
2681 730 2933 787 retulisse
2962 741 3209 801 testatus,
3240 732 3620 807 triumphalem

2020 820 2368 879 festivitatem
2400 822 2451 878 iu
2481 821 2744 880 honorem
2775 823 2869 881 Dei
2900 824 3214 883 celebravit.

2628 935 2859 995 CAPUT
2898 938 3017 996 XV.

2024 1026 2294 1095 Quomodo
2314 1026 2679 1087 Constantinus
2702 1032 3048 1089 uicsnnalibtts
3072 1030 3181 1091 suis
3198 1035 3467 1107 episcopos
3492 1052 3621 1093 cou-

2611 1124 2744 1179 riaio
2769 1126 3040 1196 exceperit.

2096 1236 2301 1292 Eodem
2324 1245 2569 1307 tempore
2593 1238 2880 1294 vicesimus
2900 1240 3112 1311 imperii
3130 1240 3249 1310 ejus
3269 1252 3446 1297 annos
3468 1255 3619 1298 eom-

2023 1330 2293 1402 plebatur.
2324 1330 2489 1401 Cujus
2521 1332 2597 1387 rei
2629 1347 2790 1387 causa
2820 1349 2942 1388 cum
2975 1336 3026 1388 in
3054 1336 3305 1390 omnibus
3334 1337 3623 1405 provinciis

2023 1424 2254 1495 publica:
2286 1422 2609 1480 festivitates
2638 1435 2947 1495 agerentur,
2982 1426 3277 1496 imperator
3308 1429 3400 1482 Dei
3430 1429 3620 1484 minis-

2024 1526 2138 1572 tros
2168 1518 2233 1571 atl
2264 1518 2571 1572 convivium
2600 1518 2845 1584 vocavit;
2877 1527 2933 1574 et
2962 1532 3083 1573 cum
3118 1519 3310 1574 iisdem
3337 1520 3449 1590 jam
3480 1521 3621 1575 inter

2024 1624 2087 1665 se
2115 1610 2417 1665 conciliatis
2445 1608 2730 1680 epulatus,
2765 1609 2869 1665 hoc
2898 1611 3047 1665 velut
3089 1611 3421 1667 conveniens
3450 1614 3621 1667 sacri-

2027 1701 2204 1757 ﬁcium
2238 1717 2336 1773 per
2361 1703 2481 1757 illos
2501 1703 2697 1756 obtulit
2722 1702 2850 1758 Deo.
2877 1701 3061 1773 Neque
3079 1703 3220 1760 ullus
3241 1706 3617 1776 episcoporum

2027 1796 2095 1851 ab
2125 1795 2226 1852 hoc
2258 1796 2520 1866 imperiali
2550 1797 2801 1852 convivio
2827 1796 3019 1852 abfuit.
3051 1797 3159 1853 Res
3181 1811 3345 1868 porro
3369 1799 3481 1869 ipsa
3505 1812 3622 1853 om-

2025 1903 2149 1944 nem
2191 1888 2404 1945 dicendi
2452 1889 2665 1961 copia’m
2712 1888 2872 1960 longe
2920 1890 3228 1959 superabat.
3282 1889 3623 1947 Protectores

2026 1986 2170 2041 enim
2211 1994 2263 2040 et
2311 1985 2511 2039 milites
2543 1984 2595 2038 in
2638 1984 2824 2040 orbem
2852 1983 3143 2054 dispositi,
3175 1984 3379 2039 strictis
3429 1983 3623 2055 gladiis

2026 2078 2206 2150 palatii
2241 2077 2570 2134 vestibulum
2600 2077 2996 2134 custodiebant.
3036 2078 3293 2135 llomines
3319 2085 3503 2135 autem
3527 2080 3619 2135 Dei

2029 2184 2127 2241 per
2154 2170 2392 2226 medium
2422 2170 2637 2225 illorum
2668 2171 2872 2241 absque
2902 2168 3016 2224 ullo
3041 2182 3186 2226 metu
3216 2172 3537 2237 transibant,
3568 2182 3625 2226 et

2024 2263 2090 2318 ad
2122 2263 2309 2318 intima
2354 2278 2525 2332 usque
2572 2262 2755 2334 palatii
2801 2263 3100 2334 penetralia
3152 2264 3616 2334 ingrediebantur.

2025 2358 2102 2413 Ex
2135 2358 2218 2412 his
2238 2357 2435 2413 deinde
2459 2357 2548 2412 alii
2579 2372 2683 2412 una
2710 2372 2831 2412 cum
2857 2349 3183 2429 imperatore
3212 2358 3618 2414 accubuerunt:

2022 2451 2111 2505 alii
2144 2452 2195 2504 in
2225 2450 2472 2505 stibadiis
2499 2450 2772 2520 utrimque
2797 2450 3074 2519 dispositis
3092 2449 3437 2508 discubuere.
3462 2452 3621 2509 Pror-

2023 2557 2117 2597 sus
2149 2542 2328 2612 imago
2356 2541 2602 2611 quaedam
2642 2543 2794 2613 regni
2837 2541 3037 2597 Christi
3063 2542 3393 2608 adumbrari,
3426 2558 3622 2616 resque

2022 2635 2136 2705 ipsa
2165 2633 2381 2689 somnio
2406 2649 2567 2705 quam
2597 2635 2808 2690 veritati
2838 2636 3057 2706 pmpior
3085 2632 3387 2691 videbatur.

2612 2746 2840 2806 CAPUT
2878 2747 3019 2806 XVI.

2023 2866 2241 2922 Munera
2272 2867 2546 2942 Episcopis
2572 2868 2761 2925 donata
2810 2880 2855 2923 et
2887 2870 3070 2926 titlerw
3094 2871 3162 2925 ad
3191 2886 3363 2926 omnes
3393 2871 3618 2944 scriptor.

2090 2983 2389 3039 Celebratis
2415 2984 2850 3053 splendidissimo
2889 2997 3148 3057 apparatu
3177 2988 3475 3053 conviviis,
3517 2988 3619 3045 im-

2019 3084 2236 3145 perator
2259 3084 2483 3132 cunctos
2508 3076 2803 3133 liberaliter
2827 3077 3123 3149 excipiens,
3148 3078 3199 3134 id
3216 3080 3377 3135 etiam
3404 3094 3503 3150 pro
3522 3095 3620 3139 sua

1938 3177 1985 3238 α
2023 3169 2419 3240 magnilicentia
2448 3170 2674 3240 adjecit,
2706 3181 2766 3226 ut
2794 3185 3237 3244 unumquemque
3275 3189 3371 3243 pro
3413 3174 3620 3233 meritis

2023 3278 2086 3317 ac
2112 3262 2374 3333 dignitate
2420 3264 2735 3319 muneribus
2775 3266 3086 3323 lionuraret.
3121 3266 3230 3321 Eos
3251 3270 3489 3337 'quoque
3526 3269 3620 3338 qui

2022 3352 2149 3408 huic
2176 3352 2385 3426 synodo
2405 3354 2626 3410 minime
2651 3353 3039 3423 interfuissent,
3066 3356 3132 3411 de
3159 3356 3320 3412 rebus
3344 3358 3395 3411 in
3421 3373 3482 3413 ea
3498 3373 3619 3431 ges-

2021 3446 2089 3500 tis
2119 3446 2380 3501 certiores
2422 3446 2547 3504 Iecit
2592 3462 2688 3517 per
2729 3447 2934 3503 litteras
2965 3469 2976 3501 :
3010 3464 3143 3520 quas
3186 3449 3237 3505 in
3279 3448 3383 3505 boc
3413 3464 3615 3521 opere,

2022 3548 2271 3609 tanquam
2317 3538 2367 3592 in
2403 3537 2577 3594 tabula
2625 3538 2855 3611 quadam
2887 3538 3087 3596 incisas
3125 3556 3443 3612 proponam.
3478 3542 3619 3599 Sunt

2018 3641 2197 3690 autem
2229 3631 2556 3703 bujusmodi.

2592 3748 2823 3807 CAPUT
2877 3748 3043 3806 XVII.

2020 3841 2259 3913 Epistola
2286 3841 2609 3898 Constantini
2648 3843 2719 3897 ad
2759 3842 3018 3898 Ecclesias
3050 3843 3113 3897 de
3141 3842 3338 3915 synodo
3371 3836 3611 3897 Nicwna.

2012 3956 2368 4083 deﬁgis}???
2386 3958 2512 4009 hanc
2544 3958 2638 4009 hoc
2658 3966 2711 4009 et
2733 3960 2826 4008 tria
2848 3973 2957 4022 seq.
2984 3971 3092 4023 cap.
3116 3955 3526 4021 complectentem
3550 3958 3616 4006 vi-

2607 4144 2837 4202 CAPUT
2880 4144 3023 4202 XXI.

2089 4261 2361 4334 Episcopis
2381 4262 2686 4319 discesseris
2724 4262 2996 4318 consilium
3019 4261 3107 4317 dat
3139 4269 3195 4316 ut
3217 4259 3543 4317 concordiam

2735 4373 2952 4420 servent.

2087 4481 2257 4537 Porro
2294 4495 2413 4536 cum
2445 4478 2695 4553 Synodus
2720 4479 2833 4550 jam
2875 4476 3217 4534 dissolvcnda
3248 4481 3413 4543 esset,
3445 4472 3615 4544 impe-

308 4580 565 4625 astruens
591 4576 754 4639 atque
798 4567 1058 4638 adiuvans
1078 4608 1092 4634 ,
1130 4568 1456 4637 pertinacius
1479 4577 1748 4625 certantes
1776 4582 1904 4639 pau-

2026 4587 2163 4633 rator
2192 4589 2501 4632 sermonem
2522 4591 2645 4631 cum
2673 4574 2957 4647 Episcopis
2984 4573 3290 4641 liabuitquo
3312 4569 3443 4641 ipsis
3469 4568 3614 4624 vale-

308 4661 463 4718 latim
488 4661 821 4718 conciliavit.
849 4661 1095 4733 Cumque
1120 4677 1308 4717 omnes
1353 4662 1563 4733 placide
1607 4663 1913 4735 alloqnerc—

314 4765 422 4824 tur,
460 4767 518 4813 et
556 4771 732 4829 εγω
764 4763 1010 4812 uteretur
1034 4755 1214 4828 lingua
1238 4798 1252 4825 ,
1286 4757 1488 4828 quippe
1526 4758 1615 4827 qui
1659 4772 1730 4813 ne
1756 4758 1916 4828 hujus

308 4849 530 4921 quidem
553 4849 758 4921 linguae
785 4850 1006 4921 ignarus
1033 4858 1199 4914 esset,
1245 4850 1602 4905 suavissimus
1636 4865 1702 4907 ac
1722 4849 1917 4921 jucun-

309 4944 573 4999 dissimus
617 4943 716 4999 fuit
756 4961 771 4999 :
816 4942 941 4998 dum
973 4942 1113 4998 alios
1144 4943 1198 4997 vi
1246 4942 1516 4998 rationum
1558 4942 1821 4998 adductos
1859 4943 1911 4997 in

311 5052 468 5093 suam
490 5038 817 5093 sententiam
847 5036 1032 5103 trahit,
1061 5036 1197 5093 alios
1241 5045 1364 5093 orat
1388 5045 1441 5093 et
1471 5036 1673 5104 ﬂectit;
1709 5052 1913 5109 eosque

313 5135 403 5205 qui
443 5142 596 5188 recte
619 5133 913 5201 dixissent,
946 5131 1195 5188 laudibus
1225 5130 1422 5196 siticit,
1452 5138 1511 5187 et
1538 5134 1818 5191 universos
1847 5135 1914 5187 ad

312 5225 659 5282 concordiam
688 5226 895 5281 incitat.
930 5226 1114 5280 Donec
1155 5224 1373 5282 tandem
1396 5239 1496 5281 eos
1534 5226 1836 5283 concordes
1861 5227 1913 5282 in

314 5319 570 5375 omnibus
593 5319 662 5375 de
680 5319 877 5392 quibus
901 5329 1057 5375 antea
1081 5317 1414 5386 certabatur,
1437 5326 1491 5374 et
1516 5319 1915 5376 consentientes

313 5412 516 5471 elecit.
576 5418 587 5432 ‘

912 5491 1141 5550 CAPUT
1180 5491 1320 5549 XIV.

445 5590 677 5649 Coacon
704 5589 889 5661 synodi
915 5590 1165 5646 sententia
1192 5589 1256 5642 de
1283 5589 1386 5658 ﬁde
1411 5598 1460 5644 et
1485 5588 1549 5644 de
1573 5590 1784 5659 pascha.

392 5708 547 5766 Adeo
592 5717 653 5764 ut
686 5723 792 5764 non
839 5707 1002 5763 modo
1045 5706 1203 5763 unius
1234 5706 1355 5763 lidei
1382 5707 1732 5762 consonantia
1775 5707 1919 5778 apud

333 5815 523 5858 omnes
545 5799 853 5872 obtineret,
881 5814 1071 5858 verum
1113 5799 1273 5856 etiam
1305 5815 1470 5857 unum
1496 5799 1747 5871 idemque
1787 5809 1922 5859 tem-

2016 4670 2244 4726 diceret.
2286 4669 2495 4741 Quippe
2540 4684 2730 4725 omnes
2767 4677 2919 4724 certo
2947 4667 3037 4723 die
3064 4666 3118 4720 in
3146 4681 3310 4721 unum
3343 4677 3613 4721 convoca-

2017 4766 2112 4819 vit.
2141 4763 2385 4835 Cumque
2414 4763 2698 4829 adesseut,
2729 4777 2824 4818 eos
2868 4761 3147 4816 admonuit
3189 4768 3249 4815 ttt
3286 4759 3438 4829 pacis
3476 4758 3616 4812 inter

2019 4875 2079 4916 se
2117 4859 2400 4916 servandae
2442 4857 2666 4914 studiosi
2699 4867 2878 4913 essent
2900 4898 2915 4925 ,
2944 4864 2999 4912 et
3039 4855 3349 4926 pervicaces
3388 4860 3615 4909 conten-

2021 4954 2195 5009 tiones
2234 4952 2515 5026 lugerent,
2566 4966 2667 5009 nec
2708 4950 3014 5007 inviderent
3053 4949 3099 5005 si
3141 4949 3261 5021 quis
3292 4949 3432 5005 inter
3469 4947 3615 5018 ipsos

2021 5046 2351 5118 Episcopus,
2400 5045 2680 5118 sapientiae
2724 5052 2779 5099 et
2828 5041 3088 5099 facundia
3142 5041 3300 5098 laude
3351 5039 3615 5096 ﬂoreret:

2022 5139 2116 5195 sed
2142 5139 2561 5209 uniuscujusque
2577 5137 2827 5192 virtutem
2849 5148 3137 5191 commune
3152 5133 3395 5189 omuium
3415 5131 3615 5188 bonum

2022 5247 2146 5289 esse
2173 5231 2577 5296 existimarent;
2632 5244 2769 5285 neve
2798 5229 2831 5284 ii
2873 5228 2961 5300 qui
3012 5226 3415 5299 praestantiora
3455 5232 3613 5291 sunt,

2022 5340 2183 5397 supra
2229 5324 2513 5381 interiores
2553 5339 2675 5381 sese
2722 5321 3013 5390 eﬁ‘errent;
3061 5322 3150 5378 Dei
3196 5321 3341 5378 enim
3367 5332 3521 5385 esse,
3549 5316 3618 5374 de

2021 5432 2151 5476 vera
2199 5419 2459 5491 cujusque
2490 5419 2689 5474 virtute
2710 5432 2777 5472 ac
2804 5416 3108 5487 prestantia
3131 5415 3395 5487 judicare.
3415 5412 3616 5468 Docere

2020 5513 2201 5586 potius
2242 5521 2298 5569 ut
2342 5513 2747 5585 priestautiores
2796 5510 3189 5566 inﬁrmioribus
3222 5521 3344 5563 sese
3397 5518 3616 5563 accom-

2020 5610 2242 5665 modent
2287 5622 2407 5663 cum
2458 5607 2787 5680 indulgentia
2832 5604 3065 5678 quadam
3095 5617 3157 5658 ac
3184 5601 3436 5666 lenitate;
3477 5614 3615 5670 μω-

2021 5703 2206 5759 sertim
2250 5717 2373 5758 cum
2422 5702 2729 5760 absolutum
2769 5700 3021 5757 omtn'bus
3056 5694 3300 5753 numeris
3340 5692 3613 5766 quidpiam

2022 5801 2263 5874 reperire
2308 5814 2551 5876 prorsus
2573 5798 2952 5856 difﬁcillimum
2976 5796 3067 5855 sit.
3096 5793 3284 5868 Itaque
3312 5793 3462 5865 ipsos
3485 5791 3616 5849 levis
