3982 6302
421 279 495 331 εςδ
1731 271 1998 330 EUSEBII
2045 273 2370 329 I’AMPIIIIJ
3653 283 3720 338 56

419 391 648 447 aliorum
677 389 858 446 delicti
889 400 1074 445 mutuo
1099 389 1307 444 veniam
1338 388 1653 461 indulgere;
1687 399 1740 444 et
1763 388 2021 460 quidquid
2048 393 2104 454 Α

420 485 735 540 humanitus
757 495 1036 556 peccatum
1060 485 1129 538 sit
1144 483 1453 540 condonare
1471 494 1743 554 oportere.
1769 498 2014 554 magnam

419 595 639 648 semper
688 579 948 635 rationem
1000 578 1262 635 habentcs
1309 588 1508 632 mutua:
1556 577 1893 641 concordize;
1953 591 2020 632 ne

421 673 560 731 forte
605 674 732 730 dum
788 676 886 745 ipsi
939 675 1078 730 inter
1119 691 1178 730 se
1224 675 1518 731 seditiones
1568 677 1802 745 agitant,
1835 674 1899 728 iis
1930 675 2022 744 qui

421 764 660 821 divinam
696 767 866 836 legem
915 765 1211 821 maledictis
1260 768 1527 822 incessere
1560 767 1727 835 parati
1755 775 1908 832 sunt,
1944 765 2019 819 ri-

421 857 586 914 dendi
636 859 938 928 praebeatur
979 859 1212 915 occasio.
1239 860 1477 925 Quorum
1522 866 1700 913 tamen
1731 859 2018 912 maximam

422 950 684 1005 rationem
712 950 780 1004 ab
808 950 940 1019 ipsis
971 950 1270 1005 habendam
1301 964 1422 1004 esse
1445 991 1460 1015 ,
1492 950 1690 1020 quippe
1712 963 1833 1004 cum
1866 949 2022 1006 facile

423 1043 628 1098 servari
675 1043 914 1114 possint,
949 1045 993 1098 si
1025 1059 1086 1099 ea
1118 1059 1238 1114 quae
1281 1043 1421 1114 apud
1467 1059 1567 1097 nos
1603 1054 1862 1113 geruntur
1915 1043 2020 1098 illis

425 1137 621 1190 eximia
671 1145 727 1191 et
771 1136 1085 1191 admiranda
1138 1135 1440 1191 videantur.
1498 1135 1679 1207 Neque
1724 1152 1853 1190 vero
1893 1137 2021 1207 ipsis

423 1232 714 1288 obscurum
771 1245 892 1286 esse
951 1245 1264 1286 sermonum
1341 1231 1552 1300 copiam
1608 1229 2020 1300 haudquaquam

423 1325 675 1379 omnibus
707 1323 1012 1378 hominibus
1038 1322 1321 1377 utilitatem
1351 1321 1566 1378 afferre.
1593 1322 1697 1378 Alii
1723 1324 1868 1378 enim
1899 1330 2021 1378 tan-

421 1435 580 1490 quam
617 1417 683 1472 ad
720 1419 880 1471 vitam
920 1416 1328 1472 sustentandam
1363 1417 1646 1471 commoda
1686 1417 1789 1470 sibi
1819 1431 2020 1488 suppe-

423 1511 580 1566 ditari
609 1510 873 1581 gaudent;
911 1508 1006 1564 alii
1036 1510 1102 1564 ad
1133 1508 1486 1580 patrocinium
1511 1509 1687 1564 solent
1706 1507 2018 1580 confugere.

425 1601 650 1670 Quidam
698 1617 793 1658 eos
818 1617 848 1656 a
879 1602 1073 1669 quibus
1119 1603 1349 1672 benigne
1377 1601 1718 1671 excipiuntur
1745 1600 1973 1672 diligunt
2003 1617 2016 1666 ;

425 1695 668 1750 nonnulli
725 1696 1055 1751 munusculis
1101 1695 1382 1760 honorati,
1409 1696 1474 1748 ad
1510 1695 1798 1750 amicitiam
1826 1696 2020 1750 ineun-

423 1787 547 1844 dam
578 1789 945 1858 impelluntur.
981 1789 1144 1844 Pauci
1190 1790 1478 1844 admodum
1510 1800 1635 1844 sunt
1673 1789 1783 1844 veri
1813 1803 2021 1843 sermo-
2052 1793 2098 1852 Β

427 1897 554 1935 ιιυιη
604 1891 875 1937 amatores
904 1900 920 1940 :
950 1897 1049 1938 nec
1106 1881 1262 1938 facile
1315 1883 1613 1950 invenitur,
1649 1884 1736 1952 qui
1785 1881 2024 1937 veritatis

425 1973 701 2029 studiosus
729 1976 818 2029 sit.
852 1974 1022 2044 Quam
1054 1975 1124 2030 ob
1153 1990 1368 2030 causam
1396 1975 1644 2030 omnibus
1667 1990 1787 2031 sese
1811 1991 2025 2030 accom-

429 2065 652 2120 modare
692 2078 936 2136 oportet,
975 2077 1029 2121 et
1069 2068 1240 2122 instar
1269 2068 1465 2123 medici
1505 2069 1780 2139 cujusdam
1813 2083 1874 2122 ca
1904 2083 2024 2138 quae

425 2158 492 2214 ad
522 2160 944 2231 uniuscujusque
978 2162 1206 2216 salutem
1238 2160 1387 2216 utilia
1419 2171 1544 2216 sunt
1587 2161 2021 2228 subministrare,

428 2265 486 2308 ιιι
531 2255 780 2310 salutaris
809 2255 1048 2310 doctrina
1089 2254 1237 2310 omni
1276 2269 1342 2309 ex
1373 2265 1524 2324 parte
1553 2254 1620 2310 ab
1644 2253 1894 2309 omnibus
1922 2253 2023 2308 ho-

429 2360 671 2407 noretur.
717 2350 786 2406 Et
817 2349 932 2405 haec
961 2349 1177 2420 quidem
1231 2351 1404 2420 primo
1447 2349 1567 2405 loco
1615 2351 1909 2421 imperator
1945 2351 2024 2407 eis

428 2445 703 2518 praacepit.
741 2444 820 2500 Ad
848 2454 1146 2500 extremum
1182 2459 1314 2500 vero
1343 2444 1567 2514 adjecit,
1599 2456 1653 2498 ut
1685 2460 1781 2515 pro
1808 2459 1866 2500 se
1890 2461 2025 2516 quo-

426 2557 531 2612 que
569 2554 758 2612 preces
789 2539 855 2594 ad
900 2539 1065 2594 Deum
1093 2539 1283 2594 sedqu
1331 2539 1586 2594 lacerent.
1617 2537 1750 2594 Cum
1800 2539 1851 2594 in
1883 2538 2026 2594 hunc

426 2635 645 2690 modum
671 2633 750 2688 eis
778 2631 1143 2697 valedixisset,
1174 2633 1384 2687 cunctis
1423 2631 1661 2703 posthaec
1702 2634 1754 2686 in
1797 2633 2022 2701 patriam

427 2727 688 2785 redeundi
739 2736 1059 2798 potestatem
1106 2727 1250 2782 fecit.
1303 2726 1381 2781 Illi
1441 2727 1598 2797 igitur
1643 2741 1852 2782 smnma
1901 2743 2024 2784 cum

429 2822 698 2876 hilaritate
747 2822 967 2875 domum
1040 2821 1242 2876 reversi
1293 2827 1452 2886 sunt;
1501 2835 1564 2874 ac
1614 2819 1868 2889 deinceps
1917 2836 2022 2876 una

426 2913 568 2984 apud
611 2928 802 2968 omnes
855 2913 1019 2967 valuit
1065 2913 1279 2982 Opinio,
1313 2912 1414 2966 sub
1467 2911 1633 2980 ipsius
1684 2914 2025 2982 imperatoris

426 3007 753 3077 prtesentia,
802 3006 1077 3060 communi
1149 3007 1387 3059 omnium
1439 3019 1708 3058 consensu
1761 3003 2019 3070 ﬁrmata;

425 3114 547 3155 cum
588 3100 623 3154 ii
655 3101 742 3169 qui
784 3097 1100 3170 jamdudum
1132 3113 1162 3152 a
1193 3112 1252 3152 se
1283 3107 1466 3152 muttto
1512 3095 1708 3151 divulsi
1751 3107 1938 3166 erant,
1969 3098 2022 3152 in

425 3209 591 3248 unum
620 3193 777 3249 veluti
808 3207 1003 3262 corpus
1031 3190 1378 3245 coaluissent.

999 3305 1226 3362 CAPUT
1263 3303 1428 3360 XXII.

501 3403 768 3472 Quomodo
793 3403 923 3457 alios
947 3402 1151 3473 quidem
1174 3403 1404 3455 hortatus
1425 3403 1517 3466 sit,
1544 3399 1612 3452 ad
1635 3397 1766 3453 alios
1787 3409 1954 3453 autem

643 3497 933 3568 scripserit,
965 3507 1011 3550 et
1060 3499 1122 3550 de
1163 3495 1492 3566 pecuniarum
1539 3493 1805 3548 divisione.

498 3612 672 3668 Tanto
712 3611 871 3682 igitur
911 3623 1166 3665 successu
1213 3609 1505 3677 imperator
1553 3604 1925 3671 exhilaratus,
1961 3605 2026 3660 iis

423 3707 515 3778 qui
544 3703 751 3776 synodo
790 3701 1009 3757 miliime
1051 3699 1444 3763 interfuissent,
1472 3698 1834 3769 gratiSsimum
1879 3697 2022 3753 fruc-

426 3809 536 3854 tum
586 3812 680 3868 pcr
727 3798 930 3851 litteras
969 3795 1213 3866 praebuit.
1246 3793 1352 3850 Sed
1378 3803 1433 3848 et
1459 3792 1725 3846 universis
1773 3792 2019 3862 populis,

428 3900 535 3946 tam
560 3890 625 3943 iis
648 3890 736 3960 qui
767 3904 862 3959 per
883 3902 1039 3958 agros
1062 3902 1218 3956 quam
1241 3884 1331 3956 qui
1357 3887 1407 3938 in
1432 3884 1652 3939 urbibus
1682 3883 2020 3948 habitabant,

424 3999 671 4056 magnam
733 3983 973 4052 pecunite
1031 3983 1135 4034 vim
1204 3978 1452 4033 distribui
1499 3977 1694 4048 jussit,
1753 3977 2020 4047 publicam

423 4081 764 4134 festivitatem
809 4077 878 4132 ob
917 4077 1232 4132 vicesimum
1287 4073 1496 4144 imperii
1542 4071 1626 4127 sui
1673 4086 1872 4127 annum
1920 4070 2021 4127 hac

424 4175 632 4229 ratione
659 4171 1068 4227 cuncelebrans.

997 4284 1225 4342 CAPUT
1273 4283 1462 4339 XXIII.

464 4379 730 4449 Quomodo
751 4378 820 4434 ad
842 4376 915 4433 1E
920 4378 1124 4450 gyptios
1155 4377 1443 4446 scripserit,
1474 4390 1656 4445 eosque
1683 4374 1751 4428 ad
1781 4390 1955 4445 pacem

1017 4471 1248 4524 hortatus
1278 4470 1363 4522 sit.

2703 393 2932 452 CAPUT
2973 396 3165 454 XXIV.

2221 483 2489 552 Quomodo
2517 487 2765 560 episcopis
2793 497 2838 542 et
2874 490 3099 558 plebibus
3125 491 3387 564 religiosas
3425 492 3617 548 litteras

2697 582 2889 651 saepius
2922 583 3146 650 scripsit.

2196 668 2301 726 Sed
2341 679 2394 725 et
2438 670 2537 726 alia
2572 670 2796 741 plurima
2844 673 3107 744 ejusmodi
3161 675 3406 745 scripsit,
3459 691 3521 732 ac
3585 694 3721 747 pene

2122 763 2540 821 innumerabiles
2613 769 2852 823 exaravit
2913 770 3203 839 epistolas;
3263 785 3405 825 nunc
3455 773 3724 844 episcopis

2123 857 2476 926 praescribens
2505 873 2597 925 ea,
2643 875 2763 930 quze
2793 861 2856 914 ad
2902 865 3250 918 ecclesiarum
3304 863 3398 918 Dei
3431 863 3718 920 utilitatem

2122 949 2438 1016 Spectabant
2471 969 2482 1004 :
2518 967 2658 1006 nunc
2704 953 2847 1024 ipsas
2901 955 3085 1025 plebes
3115 972 3210 1027 per
3239 957 3445 1012 litteras
3474 959 3725 1029 compel-

2123 1042 2260 1109 lans,
2287 1043 2586 1116 fratresque
2609 1055 2662 1100 et
2688 1063 2980 1103 conservos
3006 1064 3135 1104 suos
3158 1050 3442 1105 nominans
3470 1052 3727 1107 Ecclesiae

2123 1137 2372 1207 pupnlos,
2405 1139 2486 1192 vir
2534 1139 2895 1196 beatissimus.
2935 1142 3128 1198 Verum
3183 1144 3297 1199 haec
3346 1156 3597 1216 separato
3631 1162 3730 1201 vo-

2126 1229 2327 1286 lumine
2348 1233 2625 1303 colligere,
2651 1234 2784 1290 alias
2807 1232 3038 1292 fortasse
3060 1238 3230 1292 otium
3263 1237 3454 1305 fuerit,
3480 1254 3546 1294 ne
3568 1239 3728 1310 hujus

2125 1323 2365 1380 historia:
2394 1337 2592 1382 nostra:
2624 1329 2792 1383 series
2819 1329 3264 1401 interrumpatur.

2699 1443 2924 1501 CAPUT
2977 1445 3147 1501 XXV.

2190 1533 2456 1600 Quomodo
2497 1534 2865 1609 Hierosolymis
2895 1539 2948 1592 in
2977 1549 3152 1593 sancto
3187 1538 3467 1594 Dominicae
3491 1555 3666 1594 resur-

2345 1630 2585 1684 rectionis
2609 1632 2718 1685 loco
2745 1633 2986 1702 templum
3010 1633 3206 1688 exstrui
3236 1633 3498 1704 praecpit.

2201 1743 2293 1798 llis
2323 1747 2389 1798 ita
2418 1745 2617 1814 gestis,
2647 1747 2939 1817 imperator
2972 1748 3080 1804 Deo
3107 1763 3267 1802 carus
3295 1747 3435 1802 aliud
3471 1747 3732 1818 quiddam

2135 1839 2406 1910 imprimis
2455 1841 2807 1896 memorabile
2859 1856 3143 1913 aggressus
3170 1851 3257 1898 est
3317 1842 3367 1897 in
3417 1841 3726 1898 Palatsdna.

2127 1931 2392 2001 Quidnam
2417 1948 2543 1988 vero
2563 1932 2690 1988 illud
2713 1937 2832 1990 est?
2861 1934 3235 1990 Beatissimum
3261 1934 3411 1989 illum
3434 1933 3732 1989 Dominica:

2128 2027 2542 2080 resurrectionis
2573 2027 2746 2082 locum
2780 2029 2866 2097 qui
2901 2037 2983 2082 est
3012 2027 3419 2099 IlierOSonmis,
3455 2027 3729 2083 illustrem

2127 2132 2192 2172 ac
2234 2119 2598 2174 venerabilem
2646 2122 2852 2176 cunctis
2903 2120 3216 2175 mortalibus
3267 2119 3519 2186 efﬁcere,
3564 2121 3730 2175 oflicii

2127 2213 2212 2267 sui
2241 2227 2361 2268 esse
2389 2214 2737 2268 existimavit.
2781 2213 3078 2269 Confestim
3112 2215 3273 2286 igitur
3303 2215 3597 2269 oratorium
3628 2213 3739 2268 ibi-

2129 2306 2250 2361 dem
2280 2308 2482 2361 exstrui
2531 2307 2803 2362 mandavit
2833 2324 2846 2360 :
2881 2323 2988 2362 non
3020 2306 3224 2377 absque
3256 2304 3348 2362 Dei
3392 2316 3521 2360 nutu
3546 2321 3612 2360 eo
3640 2306 3737 2360 in-

2127 2399 2321 2456 ductus
2343 2441 2358 2465 ,
2387 2399 2480 2456 sed
2513 2400 2630 2472 ipso
2667 2401 2958 2457 Servatore
3004 2400 3122 2470 ejus
3165 2400 3404 2455 animum
3449 2399 3730 2456 incitante.

2681 2511 2908 2570 CAPUT
2962 2513 3154 2569 XXVI.

2249 2606 2517 2676 Quomodo
2547 2609 2691 2679 impii
2719 2609 3012 2678 sepulcrum
3040 2607 3248 2662 Domini
3273 2608 3540 2663 ruderibus
3568 2618 3616 2663 et

2410 2700 2702 2756 simulacris
2741 2702 3074 2773 superpositis
3114 2701 3428 2756 obtexeraut.

2199 2813 2408 2886 Quippe
2453 2815 2600 2886 impii
2651 2816 2922 2888 quondam
2975 2817 3241 2884 homines,
3274 2833 3370 2873 seu
3401 2817 3576 2889 potius
3603 2817 3736 2873 uni-

2128 2924 2342 2964 versum
2367 2909 2673 2963 daemonum
2701 2925 2890 2980 genus,
2918 2910 3202 2980 impiorum
3234 2909 3508 2965 hominum
3537 2925 3733 2980 opera,

2127 2999 2494 3055 venerandum
2525 3000 2654 3054 illud
2686 3000 3108 3056 immortalitatis
3137 3011 3541 3056 monumentum
3571 3012 3732 3058 tene-

2128 3093 2239 3149 bris
2269 3104 2429 3166 atque
2476 3094 2746 3148 oblivione
2796 3097 3007 3164 penitus
3059 3096 3334 3150 involvere
3383 3096 3733 3152 studuerant.

2052 3194 2096 3255 ρ
2129 3185 2263 3240 Illud
2285 3227 2299 3250 ,
2331 3187 2578 3256 inquam,
2613 3197 3048 3255 monumentum,
3082 3188 3148 3242 ad
3171 3187 3312 3258 quod
3344 3187 3566 3257 angelus
3595 3187 3732 3244 olim

2130 3295 2161 3336 e
2185 3282 2325 3336 coelo
2369 3281 2619 3351 delapsus
2658 3281 2958 3336 admirabili
2992 3282 3110 3336 luce
3138 3281 3382 3347 radians,
3415 3296 3602 3335 saxum
3635 3295 3736 3336 re-

2128 3373 2370 3428 volverat
2414 3388 2479 3427 ex
2528 3373 2723 3428 animis
2768 3389 2954 3429 eorum
2987 3375 3078 3445 qui
3109 3391 3234 3430 vere
3279 3374 3426 3429 saxei
3455 3382 3641 3440 erant,
3673 3382 3735 3430 et

2128 3467 2220 3536 qui
2250 3467 2522 3522 viventem
2575 3469 2847 3523 Christum
2898 3469 3038 3524 inter
3068 3479 3308 3525 mortuos
3343 3469 3520 3524 adhuc
3541 3469 3734 3540 jacere

2129 3558 2527 3614 arbitrabantur
2559 3577 2571 3613 :
2603 3559 2810 3616 felicem
2849 3563 3090 3617 nuntium
3122 3562 3354 3618 offerens
3385 3562 3728 3631 mulieribus,

2129 3662 2183 3707 et
2231 3652 2622 3709 incredulitatis
2673 3655 2903 3725 lapidem
2937 3674 2963 3709 a
3007 3657 3275 3712 mentibus
3316 3672 3500 3712 earum
3545 3673 3732 3714 remo-

2128 3759 2289 3812 vens,
2321 3755 2380 3800 ut
2406 3748 2713 3816 Opinionem
2747 3748 2814 3803 de
2844 3749 2948 3803 vita
2981 3749 3097 3818 ejus
3139 3750 3227 3819 qui
3276 3749 3344 3803 ab
3376 3749 3481 3804 illis
3505 3765 3730 3821 quaere-

2128 3839 2284 3894 batur
2317 3839 2641 3896 adstrueret.
2688 3841 2832 3896 llanc
2860 3843 3019 3912 igitur
3047 3842 3337 3897 salutarem
3371 3842 3690 3912 speluncam
3709 3885 3726 3910 ,

2126 3933 2274 4002 impii
2299 3933 2513 4002 quidam
2537 3947 2600 3988 ac
2624 3934 2826 4004 profani
2869 3935 3114 3989 homines
3157 3933 3392 3988 funditus
3417 3934 3636 3990 abolere
3669 3936 3728 3991 in

2125 4025 2362 4080 animmu
2423 4025 2779 4093 induxerant,
2826 4028 2992 4082 stulte
3060 4027 3348 4082 admodum
3399 4027 3601 4098 opinati
3661 4044 3728 4084 se

2126 4120 2228 4174 hoc
2271 4121 2431 4175 modo
2472 4123 2752 4177 veritatem
2805 4137 2925 4178 esse
2969 4123 3354 4179 occultaturos.
3387 4123 3572 4194 Itaque
3613 4139 3726 4180 non

2124 4214 2241 4269 sine
2285 4230 2497 4270 summo
2535 4215 2739 4284 labore,
2788 4216 3020 4286 plurima
3051 4216 3216 4273 humo
3243 4216 3458 4274 aliunde
3497 4216 3725 4274 advecta

2123 4315 2443 4377 aggestaque
2491 4316 2658 4361 totum
2707 4308 2880 4362 locum
2913 4308 3220 4378 opplevere.
3253 4311 3423 4377 Quem
3452 4325 3574 4364 cum
3606 4325 3728 4366 me-

2123 4397 2290 4453 diocri
2322 4397 2604 4453 altitudine
2633 4399 2948 4454 extulissent
2974 4410 3028 4455 et
3059 4400 3233 4470 lapide
3261 4402 3719 4469 constravissent,

2123 4493 2223 4547 sub
2245 4493 2344 4547 hac
2365 4500 2511 4546 tanta
2533 4493 2784 4563 congerie
2805 4507 3012 4548 sacram
3035 4493 3346 4563 speluncam
3372 4494 3721 4550 obtexerunt.

497 4593 692 4650 Verum
739 4590 946 4648 cunctis
992 4589 1131 4644 inter
1171 4602 1229 4643 se
1271 4601 1453 4658 pacem
1499 4586 1831 4654 colentibus,
1876 4585 2017 4656 apud
2048 4592 2094 4651 Β
2126 4583 2330 4639 Dehinc
2357 4583 2581 4655 perinde
2610 4599 2674 4640 ac
2696 4585 2739 4640 si
2769 4585 2900 4641 nihil
2944 4587 3177 4658 amplius
3221 4587 3349 4658 ipsis
3375 4599 3720 4660 superesset,

418 4689 566 4745 solos
607 4685 890 4756 IEgyplios
939 4679 1292 4754 implacabilis
1336 4679 1700 4736 contentionis
1748 4677 1896 4734 furor
1928 4697 2016 4734 ar-

415 4784 598 4848 debat,
653 4780 789 4835 adeo
836 4791 893 4834 ut
917 4777 1216 4832 molestiam
1249 4774 1463 4833 quidem
1495 4774 1812 4828 exhiberem
1843 4776 2013 4844 impe-

414 4875 616 4940 ratori;
646 4888 752 4929 non
785 4871 907 4928 ideo
952 4880 1127 4926 tamen
1171 4884 1294 4925 eum
1339 4867 1404 4923 ad
1448 4866 1776 4922 iracundiam
1806 4869 2015 4924 excita-

415 4974 555 5022 rent.
594 4966 717 5020 lllos
763 4964 907 5019 enim
959 4972 1016 5017 ut
1059 4972 1256 5034 patres,
1299 4969 1389 5014 aut
1421 4959 1596 5028 potius
1623 4967 1678 5013 ut
1721 4959 2012 5029 prpphctas

418 5059 550 5123 Dei,
576 5056 721 5111 omni
769 5056 974 5110 honore
1005 5055 1296 5124 imperator
1319 5049 1595 5115 afficiens,
1625 5049 1819 5105 iterum
1852 5052 1918 5105 ad
1951 5067 2010 5108 se

412 5149 659 5217 vocavit;
692 5151 880 5202 iterum
913 5146 1118 5200 arbiter
1163 5143 1476 5199 eorumdcm
1526 5142 1654 5210 fuit;
1693 5143 1885 5197 iterum
1917 5158 2012 5200 eos

412 5240 728 5297 muneribus
772 5253 836 5294 ac
871 5237 1026 5293 donis
1079 5235 1381 5291 honoravit.
1429 5233 1764 5290 Sententiam
1795 5250 2011 5306 quoque

409 5349 570 5406 quam
627 5330 831 5385 arbiter
887 5329 1131 5394 dixerat,
1183 5343 1280 5398 per
1334 5326 1617 5397 epistolam
1649 5329 2004 5398 significavit,

409 5425 737 5483 confirmans
781 5433 837 5479 et
880 5422 1128 5477 sanciens
1172 5435 1233 5477 ea
1286 5435 1406 5490 qua:
1456 5435 1484 5473 a
1533 5420 1754 5492 Synodo
1787 5422 2006 5478 decreta

408 5517 660 5583 fuerant,
692 5529 892 5586 eosque
939 5513 1231 5569 adhortans
1274 5522 1332 5568 ut
1359 5513 1665 5568 concordia:
1693 5512 2003 5583 studerent,

409 5628 510 5669 nec
541 5612 794 5666 Ecclesiae
823 5625 1019 5680 corpus
1039 5609 1342 5665 distrahere
1362 5624 1424 5663 ac
1444 5608 1752 5680 discerpere
1782 5611 2002 5678 vellent,

406 5703 501 5761 sed
533 5704 766 5758 futurum
794 5702 888 5758 Dei
924 5702 1183 5774 judicium
1215 5701 1397 5756 animo
1428 5711 1756 5772 reputarent.
1789 5703 1856 5759 Et
1885 5705 2002 5762 hac

405 5795 620 5868 quidem
650 5797 945 5869 imperator
972 5795 1189 5869 speciali
1217 5793 1442 5866 epistola
1473 5795 1552 5854 eis
1576 5795 1862 5869 suggessit.

2121 4691 2283 4746 supra
2326 4677 2455 4732 illud
2485 4677 2690 4745 solum,
2725 4678 3013 4734 infaustum
3049 4694 3269 4749 prorsus
3299 4680 3598 4736 animarum
3630 4697 3722 4739 sc-

2120 4770 2364 4840 pulcrum
2392 4781 2810 4836 exstruxerunt,
2843 4773 3124 4828 obscuram
3164 4783 3498 4830 mortuorum
3548 4776 3722 4831 simu-

2117 4861 2386 4917 Iacrorum
2405 4878 2687 4919 cavernam
2714 4864 2766 4919 in
2787 4864 3043 4919 honorem
3071 4866 3252 4921 lascivi
3275 4866 3535 4922 dtemonis
3554 4883 3718 4938 quem

2116 4954 2384 5012 Venerem
2425 4967 2620 5012 vocant
2661 4959 2990 5014 aediﬁcantes
3021 4977 3032 5012 :
3064 4961 3152 5014 ubi
3211 4961 3510 5015 execranda
3550 4963 3718 5018 sacri-

2117 5046 2236 5102 licia
2278 5063 2442 5118 super
2474 5048 2710 5119 profanis
2741 5059 2796 5105 et
2826 5051 3049 5118 impuris
3098 5052 3359 5108 altaribus
3389 5052 3712 5110 offerebant.

2116 5139 2171 5195 Id
2198 5141 2340 5195 enim
2370 5141 2512 5212 quod
2541 5143 2902 5208 instituerant,
2930 5144 3002 5198 ita
3039 5143 3257 5200 demum
3290 5160 3348 5201 se
3379 5144 3714 5215 perfecturos

2112 5247 2234 5288 esse
2264 5233 2642 5303 opinabantur,
2674 5237 2717 5289 si
2753 5236 2974 5305 impuris
3015 5236 3322 5307 hujusmodi
3351 5237 3600 5295 sordibus
3627 5254 3715 5295 sa-

2112 5325 2340 5382 lutarem
2369 5327 2678 5398 Speluncam
2707 5327 3032 5384 obruisseut.
3073 5331 3248 5386 Miseri
3289 5333 3432 5386 enim
3459 5332 3590 5388 illud
3629 5333 3713 5388 in-

2111 5419 2349 5490 telligere
2377 5435 2480 5474 non
2513 5420 2910 5489 poterant,ficri
2940 5424 3159 5478 omnino
3185 5440 3290 5480 non
3323 5440 3504 5496 posse,
3537 5437 3595 5482 ut
3619 5431 3709 5497 qui

2109 5514 2176 5569 de
2207 5523 2378 5569 morte
2413 5516 2689 5570 victoriam
2739 5517 3039 5584 retulisset,
3078 5519 3180 5573 hoc
3220 5520 3457 5589 ipsorum
3503 5519 3709 5578 facinus

2107 5609 2374 5666 occultum
2402 5608 2736 5680 relinqueret
2764 5628 2778 5665 :
2811 5611 3260 5681 quemadmodum
3304 5627 3404 5668 nec
3450 5613 3567 5670 ﬁeri
3613 5631 3708 5687 po-

2107 5713 2244 5772 test,
2287 5713 2344 5758 ut
2373 5703 2453 5759 sol
2497 5719 2660 5775 supra
2708 5714 2875 5760 terras
2921 5706 3166 5771 radians,
3207 5715 3262 5762 et
3303 5721 3621 5765 consuetum
3651 5711 3702 5766 in

2101 5797 2241 5855 coelo
2278 5811 2496 5855 cursum
2537 5811 2830 5870 peragens,
2872 5797 3037 5856 totius
3063 5798 3278 5870 generis
3307 5797 3531 5858 humani
3560 5803 3699 5859 noti-
