3982 6302
467 244 538 303 59
1714 251 1987 310 EUSEBII
2033 251 2356 311 PAMPHILI
3707 255 3773 309 (.0

463 376 592 419 vero
616 369 675 423 et
695 374 940 423 cerneres
960 361 1104 433 quod
1125 364 1349 431 attinet,
1374 365 1644 423 exteriora
1672 365 1891 436 quidem
1927 375 2067 423 tecta
2094 370 2144 431 Α
2172 367 2435 435 exhibuit,
2464 376 2521 423 et
2551 367 2602 423 in
2631 382 2795 424 carne
2821 370 2967 425 nasci
2998 370 3283 438 sustinuit,
3315 371 3613 442 imperator
3642 386 3775 426 con-

460 453 685 526 plumbo
735 464 1010 527 tamquam
1037 455 1348 517 ﬁrmissimo
1373 456 1606 529 quodam
1637 458 1972 519 munimento
1998 460 2065 517 ad

462 547 726 607 hibernos
753 549 954 609 imbres
982 551 1250 609 arcendos
1275 552 1586 609 obvallavit.
1629 552 1857 617 Interius
1885 563 2063 615 autem

465 651 669 703 tectum
719 645 948 715 sculptis
986 644 1333 705 lacunaribus
1377 655 1728 716 consertum,
1794 656 1844 703 et
1897 649 2067 705 instar

464 740 601 797 vasti
630 738 913 811 cujusdam
952 739 1119 799 maris
1169 739 1463 809 compactis
1492 739 1634 795 inter
1657 755 1718 796 se
1747 739 1941 797 tabulis
1972 755 2066 810 per

472 838 641 889 totam
670 831 947 891 basilicam
970 831 1278 899 dilatatum,
1299 835 1593 903 totumque
1616 848 1750 889 auro
1776 834 2066 905 purissimo

463 936 803 997 coopertum,
851 926 1166 985 universam
1220 926 1502 985 basilicam
1548 927 1696 986 velut
1744 927 2064 1000 quibusdam

465 1018 632 1075 radiis
660 1019 948 1091 splendere
976 1018 1224 1075 iaciebat.

998 1132 1228 1193 CAPUT
1258 1130 1530 1193 XXXVII.

503 1226 790 1301 Descriptio
822 1229 1140 1301 geminorum
1178 1228 1417 1298 utrinque
1470 1229 1761 1298 porticuum
1799 1240 1847 1287 et
1877 1230 2029 1287 trium

933 1330 1203 1393 portarunt
1237 1322 1584 1379 orientalium.

539 1437 711 1495 Porro
756 1437 823 1494 ad
881 1446 1173 1509 utrumque
1212 1438 1353 1495 latus
1393 1437 1621 1508 geminat
1664 1436 1926 1507 porticus,
1955 1444 2060 1491 tam

464 1530 833 1587 subterraneae
859 1546 1020 1602 quam
1065 1546 1223 1601 supra
1277 1542 1474 1585 terram
1524 1530 1844 1595 eminentes,
1901 1528 2064 1584 totius

464 1624 703 1680 basilica:
732 1624 1122 1695 longitudinem
1150 1624 1468 1694 aequabant,
1525 1638 1752 1694 quarum
1779 1637 2064 1678 concame-

464 1716 705 1773 rationes
730 1731 865 1771 auro
892 1716 1116 1787 perinde
1146 1716 1365 1771 variata:
1390 1724 1535 1771 sunt.
1591 1716 1669 1771 Ex
1700 1715 1785 1771 his
1830 1731 1950 1787 quae
2005 1716 2057 1770 in

463 1812 646 1870 fronte
667 1815 907 1871 basilicae
932 1825 1105 1883 erant,
1129 1815 1439 1887 ingentibus
1464 1816 1730 1871 columnis
1759 1815 2056 1872 fulcieban-

463 1916 585 1965 tur:
613 1922 733 1978 quae
760 1922 893 1967 vero
919 1908 1227 1976 interiores,
1254 1908 1425 1979 pessis
1449 1922 1642 1979 magno
1670 1908 1817 1965 cuitu
1856 1910 2060 1967 extrin-

462 2014 622 2057 secus
647 2001 853 2059 ornatis
882 2001 1309 2060 sustinebantur.
1360 2000 1536 2059 Portte
1564 2009 1672 2059 tres
1700 2000 1766 2059 ad
1794 2000 2057 2061 orientem

459 2092 633 2152 autem
677 2101 802 2164 apte
826 2092 1105 2165 dispositas
1139 2092 1524 2153 introeuntium
1575 2092 1784 2151 turbam
1835 2108 2061 2163 acupe-

466 2193 610 2243 runt.

973 2279 1205 2339 CAPUT
1244 2278 1534 2337 XXXVIII.

460 2367 754 2443 Descriptio
807 2370 1155 2443 hcmispharii
1183 2382 1232 2429 et
1268 2372 1538 2433 duodecim
1565 2374 1918 2437 columnarum
1945 2389 2061 2433 cum

1109 2464 1412 2523 oratoribus.

525 2577 569 2635 E
610 2582 833 2651 regione
875 2580 1063 2637 harum
1105 2589 1382 2651 portarum
1429 2589 1548 2637 erat
1591 2580 2055 2652 hemisphaerium,

451 2670 595 2743 quod
628 2672 790 2727 totius
812 2673 995 2743 operis
1014 2682 1177 2742 caput
1207 2680 1314 2739 est,
1368 2686 1542 2744 usque
1566 2673 1634 2728 ad
1656 2674 1869 2729 culmen
1893 2674 2061 2744 ipsius

453 2766 693 2823 basilicae
720 2774 1052 2835 protectum.
1095 2763 1426 2837 Cingebatur
1451 2766 1503 2821 id
1530 2765 1818 2822 duodecim
1850 2765 2058 2822 colum-

455 2857 562 2926 nis,
593 2872 690 2929 pro
719 2873 948 2914 numero
972 2866 1283 2915 sanctorum
1312 2857 1620 2915 Senatorio
1647 2860 1818 2915 nostri
1842 2869 2062 2931 aposto-

454 2950 652 3007 lorum.
690 2953 926 3018 Quarnm
958 2953 1132 3024 capita
1164 2955 1411 3010 maximis
1451 2953 1753 3011 craterlbua
1789 2955 2060 3026 argenteis

453 3053 611 3102 erant
633 3053 846 3111 ornata,
870 3059 1008 3117 quos
1028 3048 1322 3116 imperator
1341 3056 1613 3119 tamquam
1636 3047 2057 3119 pulcherrimum

454 3137 741 3195 donarium
770 3139 882 3197 Deo
912 3156 1011 3196 suo
1039 3140 1332 3197 dicaverat.

993 3253 1224 3311 CAPUT
1271 3253 1519 3311 XXXIX.

599 3344 889 3417 Descriptio
912 3347 1051 3416 atrii,
1085 3347 1427 3403 exhedrarum
1455 3355 1506 3403 et
1527 3346 1910 3404 vestibulorum.

528 3460 667 3517 Hinc
692 3461 760 3516 ad
786 3476 882 3517 eos
902 3461 1079 3517 aditus
1106 3463 1194 3539 qui
1226 3472 1352 3519 ante
1394 3462 1651 3535 templum
1689 3476 1813 3520 sunt
1838 3480 2059 3536 progre-

454 3552 747 3623 dientibus,
775 3571 959 3611 aream
990 3556 1331 3628 interposuit.
1361 3557 1527 3612 Erant
1555 3567 1733 3613 autem
1760 3559 1814 3613 in
1841 3574 1907 3614 eo
1934 3559 2057 3614 loco

457 3648 693 3719 primum
717 3650 938 3719 atrium,
974 3650 1170 3708 deinde
1202 3653 1437 3723 porticus
1472 3652 1537 3709 ad
1571 3663 1853 3726 utrumque
1893 3654 2054 3723 latus,

455 3754 519 3795 ac
550 3748 825 3812 postremo
854 3753 1024 3814 portae
1044 3745 1189 3800 atrii.
1217 3745 1346 3800 Post
1373 3745 1471 3801 has
1498 3746 1660 3801 tutius
1687 3748 1869 3817 aperis
1893 3749 2057 3804 vesti-

456 3831 579 3889 bula
623 3837 677 3890 in
722 3835 837 3907 ipsa
884 3838 1063 3894 media
1107 3839 1280 3910 platea
1313 3840 1366 3896 in
1406 3855 1511 3911 qua
1552 3841 1723 3896 forum
1761 3850 1843 3897 eat
1874 3857 2055 3899 rerum

458 3931 750 4000 venalium,
784 3932 1073 3989 ambitioso
1116 3934 1265 3989 cultu
1305 3943 1586 3998 exornata,
1618 3934 1723 3991 iter
1756 3934 2057 3993 forinsecus

454 4025 758 4095 agentibus,
801 4035 1077 4097 aspectmu
1105 4043 1291 4085 earum
1318 4044 1498 4085 rerum
1537 4044 1658 4100 quae
1689 4030 1833 4086 intus
1870 4044 2057 4090 cerne-

455 4118 653 4176 bantur
680 4136 788 4177 non
812 4121 929 4179 sine
959 4122 1191 4194 quodam
1218 4133 1444 4195 stupore
1475 4124 1824 4182 exhibebant.

1073 4239 1303 4298 CAPUT
1341 4242 1455 4298 XL.

902 4332 986 4392 De
1003 4350 1218 4391 numero
1245 4336 1602 4395 denariorum.

526 4446 641 4502 Hoc
658 4445 821 4518 igitur
837 4445 1097 4518 templum
1115 4457 1388 4519 tamquam
1401 4449 1697 4505 salutiferae
1708 4451 2055 4506 resurrectio-

452 4540 544 4648 ¹²Ϊ⁸
597 4540 963 4647 mummium
1013 4540 1307 4648 imperati”
1344 4546 1632 4648 θχθίῗυδδξζ
1674 4543 2055 4648 θίυπξθεηίηθθ
2080 4567 2132 4628 D
2161 4586 2273 4632 tum
2296 4619 2310 4645 ,
2343 4540 2559 4632 arcanis
2587 4540 2860 4648 mysieriis
2902 4575 3194 4646 discipulos
3231 4589 3359 4630 suos

452 4635 719 4706 planeque
755 4636 906 4705 regio
945 4643 1203 4706 apparatu
1231 4635 1527 4691 decoravit.
1584 4636 1695 4693 Nec
1726 4636 1831 4692 dici
1876 4647 2050 4709 potest

450 4737 583 4800 quot
609 4727 931 4800 quantisque
964 4728 1299 4784 ornamentis
1335 4743 1398 4785 ac
1438 4728 1676 4785 donariis
1698 4772 1712 4795 ,
1748 4732 1939 4801 partim
1982 4749 2047 4789 ex

449 4835 587 4876 auro
610 4830 667 4877 et
707 4831 954 4893 argento,
1000 4823 1193 4892 partim
1238 4838 1306 4879 ex
1345 4824 1597 4895 gemmis,
1640 4820 1771 4879 illud
1817 4823 2048 4884 diversi.

451 4914 613 4971 mode
640 4916 967 4971 venustavit.
998 4916 1244 4984 Quorum
1274 4927 1590 4988 apparatum
1632 4932 1845 4973 summo
1884 4918 2050 4974 artiﬁ-

445 5006 535 5065 cio
553 5008 909 5073 elaboratum,
928 5020 980 5066 et
1001 5010 1388 5081 magnitudine,
1400 5021 1455 5068 et
1468 5025 1714 5081 numero,
1729 5012 2053 5073 etvarietate

450 5101 741 5174 insignem,
774 5104 862 5165 hic
886 5104 1199 5177 singillatim
1223 5121 1501 5177 exponere
1524 5107 1666 5167 haud
1693 5117 1865 5169 vacat.

1053 5222 1284 5279 CAPUT
1321 5221 1459 5277 XLI.

452 5312 537 5370 De
572 5313 916 5385 adiﬁcatione
938 5313 1185 5371 Ecclesia
1211 5317 1355 5387 apud
1394 5314 1689 5373 Bethleltem
1724 5326 1770 5372 et
1796 5318 1851 5374 in
1877 5327 2050 5373 monte

1111 5407 1399 5465 Oliuarum.

520 5512 642 5570 Alia
684 5527 899 5585 quoque
929 5512 1173 5583 ejusdem
1205 5512 1444 5582 regionis
1473 5514 1590 5570 loca
1632 5513 1840 5570 duabus
1881 5513 2050 5571 sacris

449 5605 725 5676 speluncis
774 5605 1053 5663 nobilitata
1098 5605 1386 5660 ambitioso
1435 5606 1581 5663 cultu
1646 5621 1916 5664 exornare
1960 5622 2053 5679 ag-

456 5713 674 5771 gressus
701 5706 806 5756 est.
838 5697 909 5753 Et
935 5697 1248 5768 speluncam
1280 5698 1496 5769 quidem
1525 5700 1669 5756 illam
1695 5701 1748 5756 in
1786 5716 1888 5771 qua
1920 5699 2051 5757 Ser-

459 5801 617 5848 vator
668 5800 854 5848 noster
910 5788 1143 5865 divinam
1209 5793 1552 5867 prmaentiam
1609 5809 1761 5850 suam
1820 5795 2052 5867 primum

2167 459 2401 515 venienti
2435 459 2641 519 honore
2678 460 2879 517 nll‘ecit.
2907 461 2967 522 In
2998 464 3167 519 altera
3195 480 3324 520 vero
3362 466 3647 535 spelunca,
3684 480 3775 519 as-

2164 551 2441 609 censionis
2467 552 2755 610 dominicae
2782 571 2903 625 quae
2933 556 2986 610 in
3017 558 3219 612 montis
3249 560 3452 614 vertice
3478 559 3609 615 olim
3634 573 3773 615 con-

2167 644 2380 717 tigerat,
2416 646 2729 701 memoriam
2774 646 3078 703 honoravit.
3110 649 3288 721 Atque
3337 651 3452 705 haec
3491 652 3610 706 loca
3657 664 3777 705 ma-

2164 736 2363 807 gniﬁco
2411 738 2559 793 cultu
2614 753 2907 805 exornans,
2955 740 3112 795 simul
3158 756 3354 797 nomen
3401 742 3590 798 matris
3635 758 3772 808 sum,

2163 832 2320 901 cujus
2363 846 2526 904 opera
2575 848 2640 889 ac
2680 834 2981 890 ministerio
3030 844 3235 891 tantum
3280 835 3481 891 bonum
3530 835 3777 890 humano

2163 924 2353 996 generi
2402 926 2808 995 procurabatur,
2840 926 2908 982 ad
2957 935 3216 985 aeternam
3262 936 3607 1000 posterorum
3650 943 3774 982 me—

2168 1016 2395 1073 moriam
2422 1019 2781 1075 consecravit.

2748 1134 2978 1196 CAPUT
3017 1135 3177 1193 XLII.

2171 1224 2440 1293 Quomodo
2457 1226 2654 1283 Helena
2669 1229 2898 1301 Augusta
2919 1230 3235 1287 Constantini
3268 1241 3448 1297 mater,
3476 1231 3779 1288 Bethlcltcm

2267 1321 2453 1376 orandi
2483 1338 2641 1377 causa
2670 1328 2922 1397 profecta,
2956 1325 3050 1380 has
3080 1324 3343 1380 Ecclesias
3372 1327 3669 1396 wdiﬁcavit.

2238 1433 2403 1505 Nam,
2435 1451 2557 1491 cum
2588 1437 2675 1491 illa
2700 1437 2941 1495 debitum
2976 1439 3075 1508 piae
3103 1438 3407 1496 all'ectiouis
3435 1456 3630 1497 munus
3663 1442 3781 1499 lico

2164 1525 2403 1581 omnium
2432 1526 2563 1599 Regi
2597 1530 2905 1599 persolvere
2934 1530 3286 1597 decrevisset,
3312 1541 3366 1587 et
3398 1547 3494 1603 pro
3524 1531 3635 1587 lilio
3666 1549 3775 1589 suo

2166 1624 2317 1675 tanto
2340 1619 2547 1674 scilicet
2573 1620 2922 1692 imperatore,
2950 1639 3013 1679 ac
3039 1640 3134 1694 pro
3165 1624 3290 1678 ﬁliis
3316 1623 3433 1694 ejus
3459 1623 3777 1682 Cmsaribus

2170 1711 2278 1768 Deo
2318 1714 2635 1785 carissimis,
2664 1716 2950 1785 nepotibus
2989 1718 3122 1779 suis.
3154 1718 3354 1791 gratias
3398 1734 3523 1774 cum
3562 1720 3775 1790 suppli’

2163 1805 2470 1863 sationibus
2519 1807 2758 1878 agendas
2812 1808 2913 1865 sibi
2977 1825 3098 1866 esse
3155 1810 3463 1877 statuisset,
3522 1813 3781 1887 quamvis

2162 1898 2351 1956 ail'ecta
2379 1901 2489 1972 jam
2531 1912 2714 1971 mtate,
2747 1913 2922 1959 tamen
2948 1905 3177 1976 juvenili
3216 1906 3398 1960 animo
3424 1907 3779 1976 properavit.

2162 1994 2359 2049 mulier
2400 1995 2659 2065 singulari
2707 1996 3023 2070 prudentia,
3069 2008 3129 2052 ut
3176 2009 3374 2053 terram
3422 1999 3782 2056 veneratione

2162 2085 2376 2159 dignam
2410 2089 2785 2161 perlustraret,
2806 2103 2857 2145 et
2879 2090 3117 2146 Orientis
3143 2091 3472 2161 provincias,
3502 2091 3781 2162 urchquc

2162 2195 2227 2239 ac
2255 2182 2482 2256 populos
2513 2198 2636 2240 cum
2675 2187 2838 2258 regali
2871 2185 3100 2259 quadam
3141 2185 3509 2242 sollicitudine
3545 2201 3608 2241 ac
3639 2202 3778 2256 pro-

2163 2272 2401 2329 videntia
2433 2275 2710 2332 inviseret.
2745 2277 3041 2349 Postquam
3076 2292 3208 2333 vero
3247 2277 3566 2333 Servatoris
3595 2278 3780 2333 nostri

2166 2367 2387 2437 vestigia
2433 2368 2614 2425 debito
2649 2370 2793 2425 cultu
2831 2382 3087 2426 venerata
3131 2378 3234 2437 est,
3276 2376 3437 2441 prout
3474 2370 3605 2427 olim
3640 2386 3775 2442 pro-

2164 2459 2411 2529 pheticus
2456 2476 2639 2516 sermo
2690 2462 3055 2532 praedixerat:
3092 2463 3414 2527 Adoremus,
3468 2463 3665 2533 inquit,
3719 2463 3778 2517 in

2163 2551 2285 2607 loco
2313 2552 2399 2607 ubi
2444 2564 2707 2609 steterunt
2739 2555 2904 2626 pedes
2934 2555 3070 2630 ejus,
3123 2555 3382 2611 continuo
3413 2554 3626 2627 pietatis
3657 2569 3778 2609 sua}

2162 2642 2397 2701 fructum
2430 2649 2662 2717 posteris
2687 2649 2850 2703 etiam
2874 2648 3186 2719 dereliquit.

2736 2764 2965 2822 CAPUT
3004 2765 3188 2821 XLIII.

2452 2874 2652 2930 Rursus
2681 2877 2744 2931 de
2775 2877 3009 2933 Ecclesia
3035 2876 3478 2937 Bethlcltemitica.

2236 2988 2450 3047 Etenim
2482 2989 2592 3045 Deo
2620 3006 2779 3061 quem
2822 2991 3145 3051 adoraverat
3188 2992 3297 3051 duo
3340 2994 3522 3053 statim
3566 2997 3777 3068 templa

2163 3082 2475 3139 dedicavit:
2514 3084 2745 3140 alterum
2785 3085 2852 3142 ad
2895 3086 3205 3156 speluncam
3248 3087 3302 3141 in
3342 3103 3446 3158 qua
3489 3099 3648 3145 natus
3687 3101 3783 3147 est

2083 3170 2128 3235 C
2163 3175 2459 3245 Dominus;
2510 3178 2738 3235 alterum
2784 3180 2838 3235 in
2874 3194 2941 3237 eo
2979 3189 3157 3239 monte
3198 3197 3264 3237 ex
3306 3197 3414 3252 quo
3473 3180 3529 3237 in
3559 3183 3774 3241 coelum

2160 3271 2498 3329 ascenderat.
2532 3272 2664 3330 Nam
2689 3275 3107 3339 etEmmanuel,
3153 3276 3298 3347 quod
3344 3285 3427 3331 est
3473 3276 3777 3335 nobiscum

2161 3363 2327 3433 Deus,
2372 3365 2472 3421 sub
2507 3374 2646 3425 terra
2682 3382 2781 3438 pro
2825 3368 2980 3424 nobis
3019 3368 3165 3424 nasci
3198 3367 3483 3435 sustinuit,
3525 3377 3579 3425 et
3614 3369 3781 3426 locus

2162 3455 2456 3515 nativitatis
2485 3455 2658 3533 ipsius
2696 3458 3012 3516 Betblchem
3043 3461 3111 3516 ab
3140 3460 3381 3516 Hebraeis
3410 3469 3495 3517 est
3521 3462 3777 3534 appella-

2160 3559 2266 3605 tus.
2296 3550 2528 3622 Ideoque
2554 3552 2646 3607 Dei
2674 3554 3043 3611 amantissima
3071 3553 3331 3624 Augusta,
3360 3552 3599 3624 deiparze
3637 3554 3773 3611 Vir-

2159 3644 2298 3712 ginis
2345 3653 2555 3714 partum
2601 3644 2815 3703 eximiis
2862 3646 3228 3701 monumentis
3277 3644 3521 3710 ornavit,
3552 3660 3775 3701 sacram

2162 3736 2305 3790 illam
2338 3735 2647 3805 Speluncam
2678 3737 2824 3790 omni
2868 3735 3043 3795 cultus
3079 3751 3278 3808 genere
3320 3735 3618 3791 illustraus.
3651 3737 3772 3794 Nec

2158 3830 2329 3884 multo
2369 3838 2490 3900 post
2537 3831 2830 3899 imperator
2868 3829 3111 3885 eamdem
3160 3829 3368 3884 Domini
3420 3829 3771 3887 nativitatem

2157 3920 2430 3993 regalibus
2472 3922 2712 3977 donariis
2754 3921 3070 3987 honoravit,
3110 3922 3271 3976 variis
3316 3938 3380 3976 cx
3422 3937 3554 3975 auro
3581 3930 3636 3978 et
3678 3939 3780 3979 ar-

2156 4024 2322 4087 gento
2354 4015 2737 4079 monumentis,
2776 4014 3016 4085 velisque
3056 4029 3155 4069 acu
3198 4013 3373 4084 pictis,
3419 4014 3608 4069 matris
3651 4030 3775 4071 sum

2157 4108 2439 4164 cumulatis
2471 4106 2944 4179 magniﬁcentiam.
2979 4106 3250 4162 Praeterea
3283 4106 3632 4176 imperatoris
3653 4109 3776 4178 qui-

2158 4199 2280 4257 dem
2304 4209 2476 4256 mater
2500 4200 2553 4256 in
2581 4200 2897 4257 memoriam
2925 4198 3260 4255 ascensimds
3281 4198 3485 4256 Christi
3514 4202 3770 4259 omnium

2158 4293 2483 4361 Servatoris,
2534 4293 2585 4348 In
2631 4302 2816 4349 monte
2863 4294 3136 4349 Ulivarum
3185 4292 3437 4349 sublimia
3491 4298 3776 4352 exstruxit

2157 4387 2385 4445 aedilicia
2401 4429 2417 4456 ,
2444 4388 2497 4443 in
2522 4388 2641 4458 ipso
2663 4388 2859 4442 montis
2884 4388 3090 4444 vertice
3113 4402 3322 4443 sacram
3353 4388 3569 4457 erigens
3589 4387 3772 4445 aedem

2156 4499 2277 4540 cum
2329 4483 2551 4554 templo.
2586 4482 2683 4538 Hic
2713 4498 2877 4556 porro
2921 4482 3264 4538 Servatorem
3297 4482 3540 4537 omnium
3574 4481 3771 4539 Chris-

3403 4575 3455 4629 in
3488 4575 3600 4645 ipsa
3636 4590 3771 4645 spc-

2157 4671 2313 4726 lunca
2373 4669 2617 4725 initiasse
2668 4684 2829 4725 verax
2886 4677 3113 4724 testatur
3179 4667 3423 4723 historia.
3467 4668 3772 4740 Imperator

2159 4777 2286 4817 vero
2322 4760 2424 4817 hoc
2453 4762 2614 4818 etiam
2645 4762 2697 4817 in
2731 4762 2872 4828 loco,
2905 4760 3068 4816 variis
3110 4762 3442 4818 ornamentis
3486 4777 3550 4817 ac
3590 4762 3768 4818 dona-

2157 4855 2255 4910 riis
2294 4870 2564 4911 summum
2610 4856 2849 4910 omnium
2885 4854 3084 4927 Regem
3114 4863 3403 4911 veneratus
3446 4864 3550 4911 est.
3583 4856 3770 4931 Atque

2159 4948 2274 5005 haec
2321 4948 2430 5004 duo
2472 4958 2693 5020 angusta
2740 4964 2803 5003 ac
2830 4949 3191 5020 pulcherrima
3238 4958 3607 5015 monumenta,
3660 4951 3767 5005 im-

2158 5043 2372 5098 mortali
2411 5044 2675 5097 memoria
2703 5041 2861 5114 digna
2908 5042 2960 5097 in
3004 5041 3214 5097 duabus
3254 5043 3425 5096 sacris
3462 5042 3765 5113 speluncis,

2158 5133 2360 5189 Helena
2391 5131 2654 5204 Augusta,
2688 5132 2925 5203 religiosi
2968 5133 3310 5204 imperatoris
3336 5143 3511 5189 mater
3548 5133 3769 5205 religio-

2156 5228 2395 5295 sissima,
2421 5227 2523 5297 pia:
2544 5226 2850 5282 devotionis
2875 5234 3189 5298 argumenta
3214 5226 3327 5281 Deo
3355 5225 3636 5282 Servatori
3663 5242 3767 5284 suo

2158 5320 2450 5385 dedicavit,
2480 5334 2603 5375 cum
2647 5318 2787 5375 filius
2827 5318 3121 5390 imperiaiis
3163 5320 3421 5388 potentias
3458 5318 3762 5376 subsidium

2156 5416 2206 5474 ei
2230 5413 2521 5475 conferret.
2549 5413 2660 5469 Nec
2680 5414 2854 5469 multo
2870 5423 2993 5485 post
3011 5412 3299 5483 grandaeva
3323 5413 3520 5469 mulier
3539 5413 3764 5485 dignum

2157 5507 2560 5565 laboribussuis
2585 5506 2865 5577 praemium
2888 5505 3089 5561 retulit.
3115 5505 3272 5573 Nam,
3295 5520 3418 5561 cum
3436 5515 3608 5562 totum
3636 5509 3763 5564 vita:

2157 5619 2271 5662 alite
2325 5612 2538 5675 tempus
2601 5616 2773 5673 usque
2820 5601 2885 5656 ad
2921 5601 3093 5673 prima
3135 5602 3430 5658 senectutis
3474 5602 3661 5658 limina
3710 5604 3762 5658 in

2160 5713 2368 5755 summa
2399 5697 2656 5753 felicitate
2679 5696 3025 5762 traduxisset,
3058 5705 3113 5753 et
3141 5696 3446 5752 divinorum
3482 5697 3765 5753 mandato-

2159 5807 2284 5851 rum
2318 5789 2511 5846 uberes
2550 5789 2753 5845 lructus
2781 5794 2893 5844 tum
2922 5787 3106 5845 verbis
3138 5797 3250 5845 tum
3289 5788 3545 5861 operibus
3576 5797 3763 5871 proin;
