3982 6302
271 311 339 366 ϐΙ
1343 298 1432 354 DE
1475 295 1639 352 VITA
1678 291 2131 352 CONS'I‘AN'I‘INI
2173 290 2378 348 LIBER
2420 291 2504 346 III.
3517 279 3584 334 6‘2

266 428 462 495 lisset,
523 441 589 482 ac
640 431 920 496 propterea
973 421 1132 477 vitam
1182 415 1386 474 doloris
1430 421 1705 484 expertem
1755 424 1877 466 cum
1906 409 1955 472 A
1984 416 2093 465 tum
2117 407 2186 463 ob
2213 405 2712 480 pracStantissimum
2744 403 2890 459 illum
2920 414 2970 458 ct
2998 398 3364 458 admirabilem
3397 396 3580 451 fm'um

265 534 488 576 summa
518 519 718 574 mentis
751 527 807 574 et
837 513 1080 584 corporis
1122 511 1353 568 sanitate
1398 505 1710 577 peregisset,
1755 511 1871 559 tau-

263 613 399 670 dem
429 613 638 668 exitum
669 609 854 682 pietati
885 624 996 664 sure
1021 603 1436 663 convenientem
1484 609 1539 660 et
1569 597 1873 660 mercedem

261 706 542 762 honorum
569 717 794 775 operum
824 703 876 757 in
907 699 1008 756 hac
1032 699 1198 755 etiam
1231 697 1333 754 vita
1372 711 1402 750 a
1443 695 1552 755 Deo
1583 699 1874 748 consecuta

257 811 375 860 αι.

842 885 1072 944 CAPUT
1112 882 1302 940 XLIV.

406 987 490 1044 De
516 983 868 1057 magnitudine
887 981 1050 1039 animi
1075 989 1122 1036 et
1149 975 1478 1048 beneﬁcentia
1509 973 1738 1030 Helenus.

338 1104 558 1176 Quippe
586 1103 713 1158 dum
744 1108 916 1155 totum
945 1097 1224 1153 Orientem
1265 1108 1386 1149 eum
1430 1091 1595 1162 regali
1628 1089 1876 1160 magnifi-

261 1201 453 1257 centia
507 1206 778 1270 peragrat,
825 1205 934 1250 tum
990 1191 1317 1256 civitatibus,
1366 1200 1476 1245 tum
1523 1187 1738 1258 privatis
1785 1186 1877 1258 qui

262 1294 446 1365 ipsam
484 1293 726 1359 adibant,
762 1291 1040 1345 innumera
1085 1287 1342 1343 beneficia
1371 1283 1660 1340 acervatim
1687 1293 1877 1338 contu-

261 1386 369 1452 lit,
415 1388 702 1442 innumera
745 1397 960 1455 quoque
1027 1382 1346 1437 militaribus
1387 1381 1626 1435 numeris
1667 1378 1875 1434 liberali

259 1495 435 1535 manu
465 1478 760 1535 distribuit.
794 1475 1129 1546 Pauperibus
1161 1484 1339 1529 autem
1369 1488 1432 1529 ac
1465 1473 1620 1528 nudis
1649 1480 1704 1528 ct
1728 1470 1875 1527 omni

258 1590 372 1648 Ope
414 1590 480 1630 ac
520 1575 717 1630 solatio
746 1572 1017 1629 destitutis
1045 1571 1438 1643 quamplurima
1474 1571 1722 1636 donavit,
1769 1568 1874 1622 illis

259 1665 580 1737 pecuniam,
612 1666 694 1720 his
723 1675 953 1730 vestem,
980 1667 1045 1718 ad
1079 1664 1361 1735 tegendam
1386 1663 1629 1733 corporis
1657 1661 1869 1716 nudita-

255 1767 373 1816 tem
431 1758 644 1828 prolixe
699 1758 1066 1827 suppeditans.
1119 1756 1270 1811 Alios
1317 1757 1442 1810 item
1488 1753 1735 1819 vinculis,
1781 1761 1872 1806 aut

255 1851 611 1908 metallorum
643 1851 899 1906 aerumnis
923 1848 1155 1904 afﬂictos
1176 1848 1440 1912 exsolvit;
1473 1847 1730 1917 quosdam
1759 1846 1806 1900 vi

257 1945 428 2001 lentia
482 1946 847 2015 potentiorum
919 1956 1208 2013 Oppressus
1257 1941 1536 2005 liberavit;
1586 1939 1871 1994 nonnullos

259 2039 425 2094 etiam
458 2039 529 2094 ab
556 2037 720 2093 exilio
747 2039 1040 2092 revocavit.

860 2152 1090 2210 CAPUT
1127 2151 1288 2208 XLV.

339 2250 614 2320 Quomodo
651 2247 850 2304 Helena
877 2249 933 2302 in
958 2247 1182 2303 ecclesiis
1215 2245 1448 2317 religiose
1477 2253 1673 2300 versata
1703 2246 1787 2299 sit.

333 2361 658 2436 Huiusmodi
715 2361 968 2433 operibus
1022 2375 1142 2414 cum
1195 2372 1441 2428 magnam
1489 2356 1588 2413 sibi
1644 2356 1866 2428 gloriam

260 2466 660 2528 comparasset,
691 2457 944 2530 pietatem
977 2469 1101 2524 erga
1131 2453 1299 2510 Deum
1330 2451 1550 2506 minime
1582 2450 1818 2520 neglexit
1852 2468 1864 2503 :

265 2567 390 2614 nam
440 2563 497 2612 et
549 2550 789 2617 assidue,
853 2548 1059 2608 cunctis
1107 2546 1434 2618 videntibus,
1486 2547 1535 2600 in
1583 2545 1866 2600 ecclesiam

258 2649 586 2718 ventitabat,
617 2656 670 2702 et
703 2660 884 2706 sacras
912 2643 1057 2702 aedes
1085 2642 1298 2700 eximiis
1338 2640 1672 2702 ornamentis
1701 2640 1867 2700 deco-

257 2741 441 2808 rabat,
475 2755 543 2796 ne
571 2738 916 2798 minimarum
959 2734 1176 2810 quidem
1207 2733 1418 2789 urbium
1449 2733 1643 2788 sacella
1687 2731 1868 2806 despi-

256 2833 430 2896 ciens.
461 2831 648 2904 Itaque
686 2831 869 2888 viderc
902 2840 1018 2888 erat
1051 2829 1332 2884 mulierem
1379 2842 1600 2900 prorsus
1630 2825 1864 2882 admira-

256 2924 446 2991 bilem,
495 2923 743 2980 modcsto
779 2937 842 2980 ac
881 2920 1092 2978 decenti
1131 2920 1313 2974 habitu
1361 2934 1462 2975 una
1499 2935 1621 2974 cum
1661 2919 1864 2989 reliqua

257 3019 615 3085 multitudine
645 3029 978 3086 versantem,
1011 3032 1272 3088 suamque
1298 3031 1425 3087 erga
1457 3017 1624 3071 Deum
1655 3015 1868 3085 religio-

256 3130 386 3174 nem
419 3115 569 3172 omni
599 3115 807 3188 piorum
838 3128 1060 3186 Operam
1087 3127 1290 3184 genere
1318 3110 1708 3170 declarantem.

843 3229 1069 3286 CAPUT
1109 3227 1292 3286 XLVI.

261 3325 536 3393 Quomodo
559 3324 905 3396 octogenario,
935 3330 1232 3381 testamento
1261 3323 1418 3391 facta,
1441 3336 1468 3378 θ
1492 3320 1596 3378 vita
1625 3319 1860 3378 decessit.

329 3441 448 3496 iam
479 3456 610 3495 vero
638 3455 760 3494 cum
791 3438 920 3494 satis
963 3438 1125 3508 longo
1153 3436 1274 3490 vita:
1314 3435 1490 3506 Spatio
1527 3436 1756 3491 decurso
1797 3436 1863 3491 ad

257 3535 561 3590 feliciorem
614 3545 817 3589 sortem
863 3544 1172 3598 vocaretur,
1222 3545 1421 3585 annum
1480 3530 1652 3584 aetatis
1699 3543 1864 3598 agens

258 3633 478 3690 circiter
506 3632 918 3704 octogesimum,
953 3630 1004 3684 in
1040 3631 1159 3699 ipso
1184 3629 1372 3684 mortis
1401 3627 1639 3682 confinio
1665 3628 1860 3697 posita,

260 3737 589 3782 testamento
645 3723 822 3790 facto,
863 3727 1106 3780 ultimam
1154 3723 1487 3778 voluntatem
1537 3722 1859 3790 declaravit,

255 3818 534 3876 bmredem
566 3820 875 3889 relinquens
905 3818 1121 3872 unicum
1169 3817 1332 3872 filium
1355 3859 1370 3885 ,
1413 3817 1585 3872 solum
1630 3817 1862 3888 impera-

259 3924 436 3970 torem
473 3929 539 3969 ac
565 3913 844 3968 dominum
888 3910 1037 3967 orbis
1069 3921 1359 3973 terrarum,
1391 3925 1512 3964 cum
1556 3910 1677 3965 filiis
1709 3909 1864 3964 nobi-

257 4007 479 4063 lissimis
505 4003 813 4061 Caesaribus
850 4003 1139 4074 nepotibus
1173 4003 1306 4058 suis.
1335 4003 1570 4070 Quorum
1612 4002 1859 4074 singulis,

258 4099 396 4154 bona
437 4114 557 4170 qua:
586 4112 684 4167 per
709 4097 1021 4152 universum
1055 4095 1242 4151 orbem
1290 4095 1624 4166 possidebat,
1657 4095 1857 4150 divisit.

259 4193 316 4249 In
364 4193 510 4248 hunc
561 4190 803 4258 modum,
837 4197 1157 4245 testamento
1212 4189 1370 4254 facto,
1421 4187 1564 4244 diem
1615 4188 1862 4244 ultimum

223 4355 228 4360 ῃ
261 4285 472 4348 clausit,
501 4292 771 4353 prtesente
799 4290 852 4337 et
890 4281 1138 4335 adstante
1169 4279 1273 4350 ipsi
1311 4279 1403 4334 tali
1432 4288 1686 4351 tantoque
1725 4279 1858 4348 lilio,

262 4388 312 4434 et
343 4378 494 4432 omni
536 4377 920 4447 obsequiorum
963 4390 1162 4448 genere
1205 4385 1431 4432 matrem
1476 4375 1707 4444 fovente,
1743 4391 1859 4431 ma-

263 4487 464 4543 nusque
503 4470 623 4542 ejus
663 4471 1044 4540 amplectente.
1075 4468 1226 4526 Adeo
1258 4477 1316 4524 ut
1355 4482 1690 4540 nequaquam
1723 4471 1860 4527 mori

262 4568 451 4622 mulier
495 4565 827 4630 beatissima,
874 4563 966 4620 sed
1012 4565 1187 4635 potius
1229 4565 1486 4621 caducam
1519 4565 1656 4621 hanc
1697 4567 1857 4622 vitam

1893 3227 1940 3291 C

1981 503 2067 574 qui
2096 517 2158 556 ex
2192 501 2277 555 illa
2321 508 2471 554 ortus
2513 507 2612 554 est.
2647 497 2814 565 Quem
2857 495 3070 569 quidem
3104 494 3172 550 ob
3211 501 3434 546 racteras
3472 501 3580 552 res,

1981 593 2213 650 maxime
2235 608 2365 647 vero
2398 591 2468 649 ob
2497 592 2748 664 pietatem
2779 590 2830 644 in
2864 596 3111 646 matrem,
3143 585 3355 641 beatum
3387 597 3582 637 convc-

1980 683 2060 738 nit
2099 683 2411 754 pra-dicare.
2460 684 2669 755 Quippe
2707 681 2873 745 illam,
2905 695 3026 736 cum
3058 687 3212 732 antea
3263 677 3352 732 Dei
3389 674 3580 730 cultrix

1980 791 2088 830 non
2135 785 2300 843 esset,
2349 786 2456 830 tam
2501 775 2644 848 piam
2687 788 2749 828 ac
2793 773 3098 848 religiosam
3145 769 3414 842 praestitit,
3456 776 3513 821 ut
3549 781 3581 822 a

1978 873 2249 927 communi
2295 872 2534 926 omnium
2569 848 2859 928 servatore
2886 869 3125 924 instituta
3173 866 3337 921 fuisse
3371 864 3582 920 videre-

1983 975 2086 1022 tur.
2118 965 2402 1037 Regalibus
2430 973 2606 1021 autem
2640 963 2933 1018 honoribus
2959 963 3029 1020 ita
3069 959 3313 1018 eamdem
3345 957 3575 1026 ornavit,

1979 1070 2039 1115 ut
2067 1059 2117 1114 in
2150 1059 2399 1116 omnibus
2425 1057 2736 1130 provinciis,
2769 1066 2878 1111 tum
2907 1071 2935 1110 a
2966 1054 3206 1126 paganis,
3243 1062 3352 1108 tum
3381 1067 3411 1108 a
3439 1051 3580 1110 mili-

1982 1152 2122 1210 tibus
2155 1154 2389 1224 Augusta
2419 1159 2474 1206 et
2519 1148 2828 1222 imperatrix
2874 1157 3300 1217 nuncuparetur,
3337 1151 3391 1200 et
3430 1145 3574 1197 aurei

1980 1245 2186 1304 nummi
2214 1247 2328 1314 ejus
2366 1244 2598 1317 imagine
2635 1243 2994 1316 signarentur.
3025 1238 3327 1310 Quinetiam
3356 1236 3575 1292 thesau-

1980 1355 2160 1396 rorum
2188 1337 2446 1411 regalium
2491 1344 2807 1410 potestatem
2848 1336 2895 1390 ei
2925 1333 3311 1388 Constantinus
3351 1343 3576 1385 conces-

1979 1440 2145 1499 serat,
2177 1431 2368 1502 quibus
2399 1445 2496 1504 pro
2525 1429 2747 1484 arbitrio
2791 1436 2844 1482 et
2874 1442 2940 1484 ex
2981 1426 3143 1482 animi
3172 1425 3253 1480 sui
3283 1422 3571 1489 sententia,

1980 1534 2136 1598 prout
2165 1523 2372 1579 libitum
2399 1531 2538 1579 esset
2564 1531 2823 1577 uteretur.
2852 1519 2983 1575 Nam
3011 1521 3137 1574 etin
3166 1518 3263 1573 hac
3285 1525 3434 1587 parte
3461 1529 3574 1569 ma-

1979 1625 2114 1674 trem
2161 1631 2311 1671 suam
2357 1615 2700 1686 conspicuam
2744 1623 2796 1669 et
2841 1613 3046 1667 beatam
3098 1609 3334 1664 omnium
3373 1607 3574 1678 judicio

1977 1707 2229 1764 reddidit.
2278 1707 2538 1782 Quocirca
2579 1723 2643 1762 ex
2689 1707 2753 1760 iis
2797 1720 2915 1778 qua:
2953 1703 3017 1757 ad
3063 1699 3375 1757 memoriam
3429 1700 3572 1754 illius

1811 1791 1872 1900 ξς
1901 1822 1948 1882 Β
1974 1801 2346 1857 illustrandam
2385 1800 2676 1874 pertinent,
2707 1814 2811 1853 non
2845 1795 3116 1852 immerito
3145 1796 3258 1848 tunc
3287 1791 3447 1848 etiam
3481 1806 3571 1845 as-

1973 1897 2320 1969 sumpsimus,
2355 1912 2473 1970 qua:
2503 1896 2792 1967 imperator
2824 1908 2921 1963 pro
2962 1891 3216 1962 singulari
3247 1904 3341 1944 sua
3373 1888 3571 1958 pietate

1973 1989 2027 2046 in
2057 1990 2317 2046 honorem
2365 1989 2552 2044 matris
2595 2003 2705 2042 sua:
2749 1985 2938 2058 gessit,
2971 1983 3096 2039 dum
3128 1982 3322 2037 divinis
3363 1981 3572 2036 obtem-

1973 2095 2124 2154 perat
2152 2084 2377 2154 legibus,
2407 2099 2526 2155 qum.
2559 2079 2681 2138 filiis
2713 2080 2889 2136 debita
2923 2081 2973 2133 in
3004 2087 3257 2150 parentes
3280 2074 3456 2132 oflicia
3488 2074 3568 2129 in-

1967 2175 2221 2247 jungunt.
2251 2175 2569 2246 Hujnsmodi
2604 2173 2958 2245 pulcherrima
2999 2185 3161 2242 Opera
3201 2170 3251 2225 in
3283 2169 3566 2225 Paizestina

1973 2270 2287 2341 imperator,
2321 2271 2398 2324 uti
2427 2269 2686 2332 diximus,
2719 2266 3003 2324 exstruxit.
3035 2265 3140 2322 Sed
3171 2277 3224 2322 et
3263 2265 3314 2319 in
3348 2263 3568 2334 reliquis

1971 2360 2260 2430 provinciis
2301 2375 2466 2417 novas
2501 2377 2529 2416 a
2568 2361 2931 2418 fundamentis
2986 2360 3256 2414 mdiiicans
3287 2356 3564 2422 ecclesias,

1971 2455 2143 2510 multo
2169 2455 2506 2525 angustiores
2535 2470 2693 2524 quam
2726 2469 2844 2524 quae
2872 2460 3212 2509 antea-erant
3236 2449 3432 2506 eilecit.

2518 2568 2746 2625 CAPUT
2783 2566 3015 2624 XLVIII.

1975 2683 2240 2756 Quomodo
2263 2682 2704 2752 (ἰοηδιαηιὶιιοροιὶ
2738 2683 2982 2758 martyr-ia
3009 2677 3315 2747 construxit,
3341 2694 3568 2734 omnem-

2330 2796 2427 2856 que
2456 2779 2711 2834 idolorum
2739 2779 2935 2836 cultum
2966 2776 3201 2832 abolevit.

2042 2895 2174 2951 Cum
2205 2909 2333 2952 vero
2358 2895 2629 2952 civitatem
2655 2895 2891 2952 nominis
2927 2895 3009 2950 sui
3047 2893 3113 2952 ad
3142 2907 3407 2952 summam
3446 2893 3564 2965 glo-

1969 2990 2107 3046 riam
2145 2990 2416 3047 extoiiere
2461 2990 2819 3056 instituisset,
2865 2988 3117 3060 plurimis
3156 3003 3275 3048 eam
3317 2987 3568 3050 oratoriis

1970 3087 2282 3150 exornavit.
2306 3082 2762 3154 amplissimisque
2795 3081 3068 3153 martyriis
3098 3088 3154 3140 et
3190 3078 3566 3151 splendidissi—

1970 3178 2076 3234 mis
2097 3175 2336 3242 aedibus,
2370 3176 2558 3242 t-artim
2590 3178 2642 3236 in
2669 3175 2962 3240 subnrbiis,
2999 3173 3188 3245 partim
3217 3175 3269 3232 in
3303 3173 3415 3243 ipsa
3438 3171 3569 3230 civi-

1971 3279 2079 3330 tate
2123 3269 2466 3330 constructis.
2518 3268 2694 3340 Atque
2732 3271 2833 3328 hoc
2869 3267 3030 3324 modo
3068 3267 3227 3324 simul
3271 3276 3565 3340 martyrum

1973 3362 2258 3421 honoravit
2313 3362 2665 3430 memmium,
2716 3360 2877 3417 simul
2935 3361 3205 3418 civitatem
3267 3374 3418 3416 suam
3467 3360 3564 3432 ipsi

1969 3468 2264 3530 martyrum
2301 3459 2411 3520 Deo
2451 3459 2804 3518 consecravit.
2833 3457 3001 3519 Totus
3038 3456 3270 3528 denique
3305 3456 3566 3530 sapientia

1970 3557 2064 3616 Dei
2091 3565 2417 3622 estestuans,
2439 3557 2627 3616 urbem
2657 3556 2802 3616 illam
2825 3572 2988 3627 quam
3018 3556 3379 3630 appellatione
3403 3556 3566 3616 nomi-

1969 3652 2053 3708 nis
2073 3652 2155 3708 ειιί
2194 3651 2451 3722 insignire
2497 3651 2845 3716 decreverat,
2897 3650 3042 3708 omni
3096 3649 3364 3706 idolorum
3420 3649 3563 3708 cultu

1969 3759 2140 3815 usque
2164 3744 2302 3806 adeo
2339 3759 2563 3804 vacuam
2605 3759 2727 3804 esse
2762 3742 2962 3809 voluit,
2988 3751 3044 3804 ut
3089 3758 3350 3813 nusquam
3389 3743 3440 3798 in
3476 3742 3564 3798 illa

1968 3838 2231 3894 falsorum
2262 3839 2538 3898 numinum
2569 3837 2856 3896 simulacra
2881 3837 2934 3896 in
2975 3835 3191 3906 templis
3219 3835 3561 3904 colerentur;

1967 3944 2030 3984 ac
2053 3945 2121 3985 ne
2156 3946 2262 3984 ara:
2303 3930 2517 4000 quidem
2551 3931 2890 3990 victimarum
2932 3944 3126 3986 cruore
3161 3928 3558 3992 contaminatae,

1969 4039 2069 4078 nec
2092 4022 2283 4077 hostia:
2316 4025 2803 4106 igneconsnmpta:
2829 4033 3199 4088 cernerentur,
3240 4036 3339 4076 nec
3361 4020 3563 4080 daemo-

1967 4135 2096 4174 num
2121 4119 2438 4174 festivitates
2458 4161 2473 4185 ,
2509 4135 2609 4175 nec
2633 4120 2921 4190 quidquam
2948 4135 3136 4174 eorum
3160 4135 3279 4189 qua:
3312 4118 3450 4190 apud
3475 4133 3563 4174 su—

1964 4211 2302 4284 perstitiosos
2327 4211 2540 4283 vulgata
2571 4220 2697 4268 sunt
2724 4211 2922 4268 ibidem
2955 4223 3226 4284 ageretur.

2537 4326 2762 4388 CAPUT
2802 4325 2991 4384 XLIX.

1966 4439 2188 4513 Signum
2211 4443 2379 4497 crucis
2404 4443 2459 4496 in
2483 4441 2696 4510 palatio,
2726 4452 2773 4497 et
2797 4442 2968 4513 imago
2991 4441 3227 4502 Daniells
3246 4443 3296 4495 in
3313 4443 3558 4513 fontibus.

2042 4553 2282 4611 Vidisses
2310 4555 2472 4628 igitur
2494 4556 2546 4612 in
2587 4555 2826 4612 fontibus
2857 4557 2947 4628 qui
2974 4567 3098 4611 sunt
3128 4557 3180 4611 in
3209 4556 3390 4612 medio
3420 4557 3558 4626 foro,

263 4675 376 4715 cum
430 4660 722 4714 immortali
759 4659 864 4714 vita
907 4667 1261 4722 commutare,
1314 4667 1458 4714 recte
1503 4659 1856 4717 sentientibus
1887 4627 1941 4688 D
1967 4651 2091 4708 boni
2117 4651 2344 4722 pastoris
2367 4654 2647 4723 imagines,
2668 4653 2971 4708 divinorum
3013 4653 3355 4708 oraculorum
3377 4655 3562 4724 peritis

263 4753 548 4809 videretur.
591 4753 782 4807 Anima
826 4752 987 4822 igitur
1031 4751 1172 4806 illius
1215 4751 1268 4805 in
1310 4751 1765 4823 incorruptibilem
1802 4765 1855 4809 et

264 4847 550 4918 angelicam
578 4843 932 4901 substantiam
956 4843 1273 4912 reformata,
1298 4843 1365 4899 ad
1396 4844 1562 4900 Deum
1602 4847 1856 4902 Servato-

264 4956 366 4997 rem
396 4955 552 4995 suum
582 4949 858 5012 assumpta
889 4948 991 4995 CSL

818 5053 1047 5112 CAPUT
1085 5054 1297 5110 XLVII.

267 5159 528 5229 Quomodo
567 5157 932 5220 Constantinus
979 5167 1190 5212 matrem
1233 5158 1468 5225 deposuit
1549 5167 1595 5214 et
1637 5159 1857 5230 qualiter

700 5254 845 5310 illam
873 5253 1029 5308 coluit
1061 5252 1182 5310 dum
1211 5253 1412 5308 viveret.

325 5368 567 5426 Cadaver
608 5378 789 5424 autem
835 5368 1003 5440 ipsius
1039 5367 1246 5424 honore
1284 5365 1694 5440 haudquaquam
1733 5369 1854 5426 vul-

263 5462 367 5535 gari
396 5461 645 5519 allectum
685 5461 803 5516 fuit.
833 5460 967 5516 Nam
1012 5477 1134 5516 cum
1176 5462 1380 5533 ingenti
1418 5463 1708 5520 satellitum
1751 5481 1852 5520 nu.

263 5571 405 5613 mero
436 5555 487 5610 in
515 5556 718 5626 regiam
761 5554 948 5610 urbem
992 5563 1324 5625 pervectum,
1364 5553 1565 5611 ibidem
1605 5555 1658 5612 in
1689 5556 1854 5628 regali

267 5656 608 5704 monumento
651 5645 954 5717 depositum
999 5655 1100 5707 est.
1150 5646 1267 5708 Hoc
1307 5645 1469 5705 modo
1515 5647 1854 5718 imperatoris

266 5752 429 5799 mater
460 5739 672 5798 vivendi
699 5739 862 5798 finem
889 5740 1050 5808 fecit;
1076 5741 1269 5801 mulier
1293 5741 1621 5814 sempiterna
1649 5758 1854 5802 memo-

253 5840 329 5896 ria
351 5836 691 5910 dignissima,
717 5847 828 5895 tum
855 5835 925 5894 ob
949 5838 1226 5912 religiosos
1247 5853 1399 5900 actus
1421 5840 1616 5914 quibus
1635 5841 1849 5914 enituit,

1967 4745 2306 4812 notissimas,
2358 4746 2588 4801 Daniclis
2625 4747 2750 4802 item
2777 4745 3008 4817 effigiem
3032 4763 3136 4801 una
3163 4761 3285 4802 cum
3315 4747 3560 4802 le0nibus

1965 4853 2072 4894 aere
2099 4855 2431 4909 expressam,
2465 4849 2516 4893 ct
2547 4839 2664 4894 auri
2694 4840 2926 4896 bracteis
2959 4840 3329 4911 refulgcnlem.
3356 4841 3559 4897 Tantus

1965 4945 2127 5001 porro
2151 4931 2313 4986 divini
2358 4933 2590 4986 numinis
2619 4947 2770 4987 amor
2808 4931 3150 5003 imperatoris
3195 4934 3432 4988 animum
3462 4948 3556 4989 oc-

1964 5033 2362 5093 cupaverat,ut
2411 5022 2464 5079 in
2515 5025 2677 5080 totius
2716 5024 2898 5095 palatii
2945 5025 3375 5082 eminentissimo
3410 5025 3560 5081 cubio

1963 5116 2121 5183 culo,
2171 5119 2224 5172 in
2269 5117 2498 5173 maxima
2544 5119 2760 5184 tabula,
2805 5135 2926 5190 qua:
2975 5119 3027 5174 itt
3063 5118 3242 5174 medio
3289 5121 3558 5176 lacunaris

1964 5210 2194 5265 inaurati
2219 5226 2455 5281 expansa
2478 5221 2561 5266 est
2581 5254 2594 5278 ,
2638 5212 2847 5284 signum
2879 5211 3164 5267 dominicae
3199 5213 3463 5282 passionis
3490 5229 3554 5268 ex

1962 5321 2095 5360 auro
2118 5306 2475 5377 pretiosisque
2497 5306 2762 5376 lapidibus
2791 5306 3127 5362 elaboratum
3169 5306 3425 5362 infixerit.
3463 5306 3558 5359 At-

1961 5414 2066 5470 que
2089 5400 2190 5454 lioc
2218 5406 2469 5472 tanquam
2491 5400 2799 5471 praesidium
2827 5416 2890 5457 ac
2913 5402 3133 5457 tutelam
3157 5400 3369 5472 imperii
3423 5397 3555 5470 piis-

1957 5493 2126 5551 simus
2149 5495 2399 5567 princeps
2421 5495 2674 5552 statuisse
2697 5496 2824 5553 mihi
2851 5497 3081 5554 videtur.

2587 5612 2816 5671 CAPUT
2855 5611 2916 5669 L.

2075 5737 2152 5802 Da
2179 5741 2404 5805 ccclesiis
2430 5758 2556 5814 quas
2585 5742 2902 5804 Nicomedia:
2929 5752 2975 5800 et
3004 5743 3128 5801 alibi
3153 5743 3416 5804 exstruxit.

2041 5856 2136 5914 His
2164 5858 2324 5931 igitur
2353 5859 2684 5917 ornamentis
2710 5859 2980 5917 civitatem
3020 5860 3252 5918 nominis
3289 5860 3371 5918 sui
3395 5859 3554 5918 deco-
