3982 6302
458 326 529 384 li?»
1769 330 2033 388 I‘IUSEBII
2077 330 2401 388 PAMPHILI
3689 327 3759 384 δι

455 447 612 503 ravit.
638 446 839 506 Urbem
862 463 993 507 vero
1015 450 1321 521 primariam
1353 448 1641 522 Bithynice,
1669 448 2047 521 pulcherrima:
2073 449 2128 509 Α
2151 448 2418 519 gnominis
2437 491 2453 519 ,
2488 456 2596 504 tota
2627 448 2826 519 passim
2857 447 3059 520 repleta
3084 455 3168 504 est
3208 446 3377 519 signis
3412 445 3611 515 :eneis,
3634 463 3761 520 quae

455 552 512 600 et
531 545 1082 617 magnificentissima:
1108 546 1354 603 ecclesia:
1378 552 1726 601 monumento
1746 544 2049 609 exornavit,

455 639 653 695 erectis
675 639 892 711 proprio
940 651 1156 708 sumptu
1201 639 1252 693 in
1294 639 1554 694 honorem
1597 638 1902 693 Servatoris
1940 637 2044 701 sui,

466 743 532 784 eo
554 730 718 785 etiam
745 729 797 785 in
828 730 945 786 loco
972 732 1189 801 tropaeis
1218 730 1457 787 victoria:
1496 745 1657 800 quam
1699 729 1768 785 de
1808 728 2052 784 hostibus

454 829 512 877 et
537 819 604 876 de
633 821 958 878 adversariis
988 824 1079 879 Dei
1105 825 1381 879 retulerat.
1410 823 1463 877 In
1491 823 1715 892 reliquis
1735 823 1897 879 etiam
1928 837 2053 891 pro-

456 913 686 981 vinciis,
738 918 1040 986 praacipuas
1083 931 1147 971 ac
1195 915 1560 971 nobilissimas
1605 929 1845 986 quasque
1891 914 2052 971 urbes

434 1008 816 1063 oratoriorum
863 1008 1261 1080 magnificentia
1300 1008 1593 1064 illustravit
1622 1026 1635 1062 :
1667 1006 1903 1075 exempli
1929 1021 2052 1076 gra-

454 1100 527 1156 tia
557 1100 745 1157 urbem
776 1103 936 1157 totius
960 1101 1192 1158 Orientis
1215 1102 1580 1173 metrOpolim,
1610 1117 1729 1171 qum
1763 1101 1831 1155 ab
1857 1099 2051 1155 Antio-

452 1196 559 1251 cho
583 1210 780 1252 nomen
807 1196 990 1251 traxit.
1006 1197 1061 1252 In
1076 1213 1178 1268 qua
1206 1206 1477 1267 tamquam
1504 1197 1557 1251 in
1579 1196 1781 1251 vertice
1807 1195 2051 1250 omnium

451 1287 569 1358 ejus
602 1290 837 1361 regionis
861 1289 1279 1359 provinciarum.
1306 1289 1577 1359 singulare
1597 1286 1866 1359 quoddam
1891 1301 2050 1356 opus,

454 1395 553 1437 seu
574 1382 1004 1451 amplitudinem,
1037 1396 1135 1436 seu
1160 1382 1412 1438 decorem
1442 1392 1677 1451 spectes,
1717 1378 1827 1435 Deo
1858 1393 2056 1434 conse-

451 1478 643 1532 cravit.
687 1477 896 1547 Quippe
939 1477 1250 1532 universum
1297 1476 1554 1546 templum
1602 1473 1918 1545 longissimo
1956 1487 2054 1527 ex—

454 1570 722 1627 trinsecus
749 1571 954 1627 ambitu
986 1571 1432 1641 circumscripsit.
1458 1568 1693 1625 Interius
1716 1581 1846 1622 vero
1866 1565 2052 1622 basili-

450 1675 569 1718 cam
603 1662 774 1732 ipsam
819 1662 885 1716 ad
933 1677 1200 1718 summam
1243 1662 1417 1717 erexit
1456 1659 1834 1726 altitudinem;
1886 1657 2049 1729 figura

450 1754 668 1826 quidem
700 1754 941 1810 octaedri
970 1762 1335 1810 constructam
1356 1795 1372 1821 ,
1404 1752 1648 1823 plurimis
1678 1766 1808 1806 vero
1828 1750 2051 1805 circum-

2157 540 2390 613 eleganti
2437 555 2602 611 opere
2646 540 2961 603 elaborata.
3017 555 3113 611 per
3164 539 3401 611 singulas
3454 540 3762 609 provincias

2155 631 2284 686 olim
2321 630 2564 687 dedicata
2607 630 2838 685 fuerant.
2882 631 3090 700 Quibus
3127 646 3251 686 cum
3293 630 3539 688 homines
3567 632 3761 689 morbo

2155 725 2357 780 erroris
2386 725 2650 796 oppressi,
2680 725 2840 793 longo
2866 724 3124 793 temporis
3153 724 3326 795 Spatio
3356 733 3613 780 centenas
3640 726 3760 781 vic-

2156 820 2316 873 timas
2344 829 2395 875 et
2429 819 2737 874 holocausta
2771 824 3038 874 incassum
3069 817 3295 890 perinde
3334 834 3401 875 ac
3427 818 3533 874 diis
3562 820 3763 875 immo-

2156 911 2414 967 lavisseut
2434 954 2448 978 ,
2477 927 2599 967 sero
2630 912 2844 968 tandem
2876 928 3066 983 sapere
3107 911 3444 976 didicerunt,
3471 922 3761 983 postquam

2156 1005 2449 1075 imperator
2493 1004 2682 1061 iisdem
2711 1006 2778 1061 ad
2809 1006 2975 1062 risum
3018 1014 3075 1062 et
3113 1006 3567 1062 oblectamentum
3595 1020 3761 1077 spec-

2157 1099 2380 1154 tantium
2402 1099 2480 1154 uti
2503 1101 2687 1170 ccepit.
2718 1100 3016 1157 Simulaora
3041 1115 3171 1156 vero
3190 1117 3260 1157 ex
3281 1117 3414 1156 auro
3435 1099 3760 1169 fabrefacta,

2156 1191 2264 1247 alio
2313 1192 2546 1262 quodam
2570 1193 2717 1248 ultus
2742 1202 2826 1248 est
2851 1192 3030 1248 modo.
3061 1192 3220 1260 Nam,
3253 1194 3507 1265 quoniam
3537 1194 3763 1265 imperi-

2158 1298 2262 1341 tam
2287 1284 2568 1341 hominum
2591 1288 3012 1355 multitudinem,
3042 1289 3321 1344 infantium
3354 1291 3543 1358 instar,
3572 1290 3766 1362 bujuso

2157 1376 2301 1431 modi
2328 1378 2531 1432 erroris
2573 1378 2751 1436 larvas
2792 1396 2856 1435 ex
2892 1395 3026 1435 auro
3064 1392 3392 1453 argentoque
3431 1381 3765 1440 fabrefactas

2155 1467 2352 1523 frustra
2396 1470 2816 1527 contremiscere
2862 1484 3205 1543 cognoverat,
3240 1489 3331 1529 eas
3375 1489 3406 1531 e
3445 1475 3624 1532 medio
3656 1477 3765 1533 tol-

2158 1559 2347 1616 lendas
2386 1576 2510 1617 esse
2548 1564 2791 1629 censuit;
2848 1566 3047 1634 quippe
3090 1580 3209 1635 qum
3257 1564 3405 1620 velut
3457 1564 3765 1639 fragmenta

2158 1653 2405 1725 quaedam
2455 1654 2694 1725 lapidum
2745 1666 2959 1723 essent,
2999 1668 3126 1714 ante
3171 1659 3335 1728 pedes
3380 1658 3658 1715 hominum
3705 1661 3763 1718 in

2156 1746 2349 1802 mediis
2396 1748 2632 1803 tenebris
2679 1748 3066 1806 ambulantium
3122 1752 3394 1822 projecta,
3429 1754 3768 1827 planumque

450 1862 662 1917 quaque
702 1846 966 1902 cubiculis
1022 1856 1078 1903 et
1116 1845 1372 1902 exhedris
1393 1889 1407 1912 ,
1443 1853 1499 1900 ct
1543 1856 1649 1898 tam
1688 1841 2055 1899 subterraneis
2087 1848 2134 1908 Β
2161 1837 2419 1911 deinceps
2440 1850 2496 1896 et
2521 1840 2789 1914 mquabile
2818 1845 2917 1901 iter
2946 1845 3045 1900 via:
3076 1848 3239 1916 regite
3261 1848 3472 1903 cunctis
3490 1862 3613 1905 esse
3634 1865 3768 1921 ape-

450 1937 586 1994 locis
631 1954 793 2010 quam
864 1938 1080 1993 solariis
1123 1939 1360 2008 undique
1413 1935 1823 1993 circumdatam.
1877 1933 2051 2002 Quam

449 2028 668 2102 quidem
690 2030 965 2085 basilicam
995 2046 1128 2085 auro
1152 2030 1384 2102 plurimo
1405 2040 1461 2085 et
1480 2044 1590 2084 tere
1606 2070 1622 2096 ,
1654 2027 1882 2099 aliisque
1925 2041 2051 2098 prc-

451 2123 602 2178 tiosis
623 2122 911 2194 speciebus
934 2123 1307 2195 copiosissime
1331 2121 1636 2178 exornavit.

1059 2234 1287 2293 CAPUT
1326 2235 1413 2291 LI.

525 2331 681 2400 Quod
708 2333 761 2387 in
793 2332 903 2388 loco
939 2333 1075 2389 dicto
1113 2331 1345 2388 Mambre
1365 2332 1630 2387 ecclesiam
1659 2331 1955 2403 aediﬁcavit.

522 2445 592 2501 Et
621 2446 737 2502 haec
771 2446 996 2517 quidem
1024 2455 1150 2501 sunt
1186 2445 1629 2517 praestantissima
1678 2454 2046 2511 monumenta,

460 2552 581 2610 quas
607 2537 903 2609 imperator
938 2537 1048 2593 Deo
1073 2538 1434 2594 consecravit.
1457 2538 1587 2593 Cum
1612 2546 1794 2593 autem
1834 2535 2054 2591 didicis-

449 2642 535 2688 set
564 2632 711 2686 illum
740 2633 913 2703 ipsum
940 2630 1307 2700 Servatorem,
1336 2633 1425 2704 qui
1458 2646 1631 2704 nuper
1658 2632 1710 2687 in
1744 2631 1903 2709 terris
1929 2647 2053 2687 ver-

452 2735 604 2781 satus
643 2725 860 2794 fuisset,
878 2726 1199 2798 jampridem
1230 2727 1358 2781 viris
1384 2727 1704 2796 quibusdam
1740 2727 1831 2781 Dei
1855 2742 2045 2781 aman-

453 2820 677 2875 tissimis
732 2823 1072 2889 prtesentiam
1136 2822 1435 2877 Divinitalis
1482 2838 1594 2877 sua:
1649 2822 1701 2876 in
1760 2821 2044 2876 Palaestina

449 2915 760 2970 exhibuisse
782 2917 931 2984 juxta
958 2915 1226 2983 Qucrcum
1253 2931 1375 2986 qum
1403 2915 1599 2970 dicitur
1621 2915 1857 2970 Mambre
1879 2957 1894 2981 ,
1940 2914 2050 2969 illic

450 3009 614 3064 etiam
638 3008 914 3065 basilicam
939 3009 1192 3065 azililieari
1219 3010 1494 3080 przecepit.
1528 3008 1764 3065 Proinde
1784 3008 1850 3064 ad
1875 3018 2050 3064 recto-

457 3114 545 3155 res
569 3100 785 3172 quidem
811 3103 1209 3173 provinciarnm
1259 3104 1420 3158 missa
1442 3112 1526 3158 est
1552 3102 1895 3173 imperatoris
1923 3116 2048 3156 auc-

450 3196 637 3251 toritas
656 3239 671 3264 ,
694 3198 832 3254 datis
863 3197 931 3252 ad
958 3197 1197 3269 singulos
1233 3197 1427 3253 litteris
1451 3197 1647 3269 quibus
1669 3198 1960 3269 jubebatur
1986 3205 2047 3252 ut

451 3295 749 3366 tnjunctum
795 3296 895 3350 sibi
927 3311 1064 3367 Opus
1106 3298 1173 3351 ad
1229 3297 1432 3351 exitum
1476 3295 1772 3367 perducere
1811 3305 2047 3351 matura-

448 3403 589 3448 rent.
617 3391 781 3448 Nobis
816 3406 944 3447 vero
978 3394 1063 3461 qui
1098 3391 1236 3446 banc
1261 3392 1542 3447 historiam
1582 3391 1907 3459 scribimus,
1935 3391 2050 3461 ple-

449 3502 572 3542 nam
616 3486 894 3556 sapientiae
935 3484 1135 3541 direxit
1165 3484 1817 3556 priedicationemﬁujus
1864 3499 2050 3539 exem-

448 3582 615 3653 plum,
644 3578 746 3634 hoc
765 3580 885 3634 loco
903 3576 1035 3633 mihi
1052 3576 1398 3633 inserendum
1415 3576 1646 3642 videtur,
1665 3590 1773 3646 quo
1791 3576 2051 3645 principis

450 3674 541 3729 Dei
583 3672 935 3727 amantissimi
982 3686 1108 3727 cura
1162 3685 1226 3727 ac
1282 3671 1563 3742 diligentia
1616 3672 1819 3726 certius
1880 3672 2051 3740 possit

446 3767 684 3838 agnosci.
710 3765 1054 3835 Exprobrans
1076 3765 1238 3836 igitur
1259 3764 1411 3821 nobis
1432 3780 1494 3819 ea
1516 3779 1636 3835 quae
1659 3765 1712 3819 in
1742 3772 2048 3820 memorato

448 3858 567 3914 loco
588 3859 699 3929 geri
726 3866 1030 3928 acceperat,
1059 3856 1176 3911 lucc
1197 3856 1264 3911 ad
1302 3858 1524 3913 verbum
1552 3857 1790 3929 scripsit.

1051 3972 1282 4030 CAPUT
1322 3973 1430 4030 LII.

568 4070 889 4128 Constantini
913 4070 1133 4139 epistola
1163 4069 1232 4124 ad
1256 4068 1634 4124 Maedi-ininde
1662 4067 1914 4123 Humbre.

442 4187 965 4316 deggapgfrgpistolam,
988 4186 1082 4237 hoc
1106 4194 1158 4237 et
1185 4186 1422 4250 sequenti
1461 4184 1626 4248 capite
1649 4186 1950 4243 contentam,
1978 4182 2055 4234 vi-

1038 4353 1267 4411 CAPUT
1304 4353 1437 4409 LIV.

773 4447 923 4503 Faua
946 4457 992 4502 et
1012 4447 1287 4502 simulacra
1314 4446 1497 4513 ubique
1527 4444 1721 4499 diruta.

518 4544 646 4599 Haec
669 4541 849 4598 omnia
877 4542 1172 4612 imperator
1190 4538 1257 4593 ad
1276 4538 1505 4609 gloriam
1527 4534 1816 4592 salutifera:
1847 4534 2048 4592 Christi

444 4636 658 4691 virtutis
695 4634 846 4689 omni
896 4632 1079 4688 studio
1124 4630 1448 4702 peragebat,
1499 4643 1563 4685 ac
1603 4628 1772 4684 Deum
1827 4628 2043 4699 quidem
2073 4639 2126 4699 ι)

444 4733 787 4787 Servatorem
819 4744 976 4784 suum
1017 4726 1119 4782 hac
1152 4728 1364 4782 ratione
1403 4723 1589 4780 colere
1623 4738 1732 4778 non
1772 4722 2042 4778 cessabat.

445 4822 737 4879 Gentilium
790 4836 920 4876 vero
992 4819 1425 4889 superstitiosum
1480 4831 1723 4873 errorem
1794 4813 2046 4871 omnibus

446 4913 621 4969 modis
647 4912 898 4970 studebat
918 4913 1261 4968 convincere.
1282 4909 1467 4982 Itaque
1494 4907 1849 4980 quorumdam
1881 4911 1933 4964 in
1956 4925 2046 4963 ur-

448 5006 603 5063 bibus
650 5005 897 5061 fanorum
940 5004 1207 5061 vestibula
1254 5003 1629 5069 nudabantur,
1679 5003 1851 5057 valvis
1890 5003 2044 5071 jussu

446 5101 788 5172 imperatoris
820 5101 1041 5164 orbata;
1071 5099 1297 5154 aliorum
1337 5108 1537 5153 tectum
1575 5097 2043 5167 corrumpebatur,

449 5194 640 5265 tegulis
667 5195 878 5271 am0tis.
910 5192 1297 5248 Nonnullorum
1325 5192 1627 5247 veneranda
1650 5207 1715 5249 ex
1742 5206 1849 5247 tere
1871 5191 2043 5246 simu-

449 5289 611 5358 lacra,
645 5304 764 5359 quae
795 5304 946 5343 error
980 5288 1245 5358 majorum
1286 5286 1469 5342 multis
1501 5286 1613 5359 jam
1651 5288 1805 5342 annis
1836 5285 2045 5357 magni-

450 5385 550 5441 fice
572 5383 831 5455 jactabat.
866 5399 962 5453 per
993 5381 1105 5438 fora
1137 5382 1286 5437 urbis
1314 5382 1383 5437 ab
1411 5382 1738 5452 imperatore
1772 5382 2047 5452 cognomi-

452 5484 590 5534 nata:
659 5477 901 5532 onmium
954 5475 1125 5529 oculis
1174 5475 1415 5545 subjecta
1461 5483 1605 5530 sunt.
1669 5472 1820 5529 Adeo
1865 5481 1925 5528 ut
1980 5473 2049 5529 ad

451 5572 742 5628 ludibrium
774 5580 828 5626 et
856 5568 1235 5625 contumeliam
1268 5569 1626 5639 spectantium
1676 5577 1921 5638 paterent
1960 5582 2056 5622 ex-

453 5667 632 5736 positi,
663 5664 749 5720 hic
771 5664 997 5733 Pythius
1025 5663 1238 5735 Apollo,
1268 5664 1373 5718 illic
1403 5661 1725 5730 Sminthius,
1766 5671 1822 5717 et
1862 5661 1913 5717 in
1939 5661 2056 5732 ipso

453 5757 668 5828 quidem
700 5760 847 5814 circo
877 5757 1115 5828 tripodes
1144 5755 1419 5827 Delphici;
1447 5754 1611 5811 Musa;
1632 5764 1812 5810 autem
1845 5753 2060 5810 Helico-

456 5848 608 5908 nides
635 5849 688 5905 in
718 5851 934 5921 palatio.
980 5850 1219 5922 Denique
1248 5850 1438 5906 civitas
1486 5848 1573 5905 illa
1614 5849 1924 5922 imperatori
1967 5863 2059 5903 co-

2158 1936 2428 1992 rieudum.
2453 1937 2584 2007 Quae
2610 1954 2731 1995 cum
2763 1940 2905 2010 apud
2929 1954 2991 1997 se
3019 1951 3355 2013 reputasset,
3389 1958 3496 1999 non
3539 1944 3768 2000 militari

2158 2044 2355 2096 manu,
2383 2045 2481 2086 nec
2525 2034 2767 2087 exercitu
2808 2032 2876 2087 ad
2926 2033 3042 2089 haec
3085 2034 3430 2105 reprimenda
3472 2036 3573 2091 sibi
3619 2050 3766 2107 opus

2156 2138 2279 2179 esse
2305 2123 2669 2190 existimavit;
2712 2125 2810 2183 sed
2836 2142 2978 2183 unus
2998 2139 3091 2183 aut
3115 2127 3254 2184 alter
3279 2143 3345 2184 ex
3377 2128 3763 2198 familiaribus,

2156 2216 2223 2271 ad
2256 2216 2358 2271 hoc
2386 2233 2583 2272 tuuuus
2629 2218 2678 2274 ei
2710 2217 3072 2289 suﬂecerunt,
3104 2235 3241 2291 quos
3282 2219 3376 2277 ille
3415 2220 3535 2276 solo
3563 2237 3767 2293 prope—

2157 2306 2374 2363 modum
2414 2319 2547 2363 nutu
2591 2309 2643 2364 in
2683 2325 2875 2366 omnes
2915 2310 3221 2381 provincias
3246 2310 3460 2367 direxit.
3491 2313 3561 2367 At
3600 2312 3679 2367 illi
3706 2321 3768 2369 et

2156 2400 2498 2472 imperatoris
2529 2403 2748 2473 pietate,
2780 2413 2831 2458 et
2861 2418 2955 2457 sua
2987 2403 3227 2474 ipsorum
3262 2417 3390 2474 erga
3428 2403 3596 2459 Deum
3628 2405 3767 2461 reti-

2154 2496 2314 2570 gione
2338 2496 2550 2564 confisi,
2586 2514 2680 2569 per
2702 2496 3156 2554 confertissimam
3191 2497 3403 2554 turbam
3428 2508 3482 2555 et
3511 2514 3609 2570 per
3651 2516 3764 2556 nu-

2155 2607 2423 2648 merosam
2481 2593 2691 2663 plebem
2735 2594 2836 2649 iter
2889 2592 3186 2660 facientes,
3224 2593 3427 2664 passim
3468 2609 3566 2665 per
3592 2594 3765 2653 urbes

2155 2695 2210 2742 et
2236 2701 2395 2759 agros
2423 2696 2695 2743 vetustum
2729 2701 2972 2742 errorem
3001 2687 3373 2743 abolevcrunt.
3407 2688 3487 2745 Ac
3515 2688 3763 2761 primum

2154 2782 2370 2852 quidem
2402 2783 2713 2837 sacerdotes
2741 2782 2909 2853 ipsos,
2943 2798 3049 2837 non
3086 2783 3203 2837 sine
3237 2782 3351 2837 risu
3387 2796 3450 2838 ac
3486 2783 3764 2841 dedecore

2153 2888 2220 2930 ex
2257 2874 2506 2929 obscuris
2550 2874 2868 2945 quibusdam
2916 2874 3220 2931 recessibus
3274 2876 3410 2931 deos
3449 2891 3578 2932 suos
3623 2892 3764 2947 pro-

2153 2966 2295 3024 ferre
2319 2968 2598 3037 iubebant.
2626 2969 2827 3024 Dehinc
2850 2969 3067 3025 eosdem
3096 2969 3228 3026 deos
3249 2970 3516 3026 exteriore
3546 2971 3766 3028 nudan-

2153 3069 2234 3117 tes
2289 3060 2458 3127 cultu,
2502 3062 2811 3117 interiorem
2852 3060 3252 3118 deformitatem
3302 3077 3424 3133 qua:
3469 3064 3571 3120 sub
3611 3066 3764 3136 picta

2150 3152 2351 3210 latebat
2372 3153 2571 3226 effigie,
2603 3155 2841 3211 omnium
2874 3158 3187 3226 conspectui
3216 3155 3594 3226 subjiciebaut.
3624 3157 3766 3214 Pos-

2072 3240 2117 3303 C
2152 3254 2324 3315 tremp
2346 3247 2537 3302 abrasa
2574 3247 2790 3303 utiliore
2832 3247 3058 3303 materia
3085 3260 3137 3303 et
3181 3249 3233 3303 in
3282 3249 3458 3320 ignem
3500 3249 3763 3319 conjecta

2151 3347 2312 3409 atque
2349 3338 2580 3395 conflata
2602 3381 2617 3405 ,
2648 3340 2749 3411 ipsi
2795 3340 3013 3411 quidem
3045 3339 3096 3395 id
3136 3340 3279 3411 quod
3316 3342 3663 3397 commodum
3693 3356 3767 3400 ac

2154 3434 2517 3488 necessarium
2543 3447 2665 3487 esse
2694 3431 2998 3497 videbatur,
3037 3433 3330 3503 sepositum
3371 3434 3760 3491 reservabant.

2152 3523 2421 3596 Quidquid
2450 3541 2576 3581 vero
2592 3525 2916 3595 superﬂuum
2949 3541 3013 3582 ac
3045 3540 3265 3595 prorsus
3294 3527 3482 3582 inutile
3506 3536 3652 3593 erat,
3689 3528 3763 3585 ad

2152 3627 2465 3688 perpetuam
2509 3618 2785 3689 opprobrii
2830 3618 3147 3674 memoriam
3190 3619 3580 3689 superstitiosis
3627 3621 3764 3676 reli-

2152 3718 2403 3780 querunt.
2437 3710 2592 3765 Aliud
2637 3712 2797 3765 etiam
2828 3712 3075 3781 praestitit
3113 3712 3362 3782 princeps
3401 3713 3549 3767 omni
3576 3712 3766 3769 admi-

2153 3802 2363 3858 ratione
2382 3801 2593 3874 dignus.
2623 3802 2822 3859 Eodem
2851 3804 2996 3859 enim
3020 3812 3261 3874 tempore
3286 3819 3393 3875 quo
3417 3815 3767 3864 mortuorum

2151 3895 2438 3951 simulacra
2489 3911 2553 3950 ex
2597 3897 2827 3966 pretiosa
2875 3896 3097 3951 materia
3149 3894 3435 3964 c0nfecta,
3487 3911 3555 3953 eo
3593 3912 3768 3966 quem

2151 3989 2386 4048 diximus
2403 3990 2564 4046 modo
2586 3990 2982 4059 Spoliabantur,
3031 4000 3336 4060 cmteraque
3355 4005 3423 4046 ex
3444 4005 3554 4046 tere
3581 3989 3771 4047 fabre-

2153 4084 2290 4141 facta
2318 4094 2492 4149 erant,
2522 4083 2873 4141 convehenda
2911 4083 3140 4142 curavit.
3188 4083 3373 4155 Itaque
3401 4082 3475 4139 dii
3501 4082 3579 4139 illi
3624 4084 3772 4140 deli-

2152 4178 2395 4234 rantibus
2415 4176 2725 4233 Graecorum
2747 4176 2941 4232 fabulis
2961 4176 3242 4245 celebrati,
3258 4175 3624 4248 circumiectis
3646 4191 3766 4234 res-

2153 4270 2294 4327 tibus
2318 4270 2482 4325 vincti
2508 4269 2877 4325 trahebantur.

2757 4404 2987 4465 CAPUT
3025 4406 3136 4465 LV.

2153 4522 2364 4579 Eversio
2392 4523 2504 4595 [oni
2537 4521 2681 4592 apud
2704 4522 2917 4594 Aphaca
2960 4523 3014 4578 in
3042 4522 3306 4591 Phaniae,
3346 4533 3394 4581 et
3422 4522 3774 4596 impudicitia

2838 4618 3067 4673 abolitio.

2226 4730 2473 4789 Postluec
2520 4730 2815 4802 imperator
2859 4732 3005 4789 velut
3050 4731 3433 4788 lucidissimam
3465 4731 3639 4789 facem
3696 4749 3771 4791 ex

2153 4824 2367 4898 specula
2414 4824 2643 4895 quadam
2693 4826 2966 4892 attollens,
3009 4826 3243 4889 undique
3282 4826 3554 4897 regalibus
3590 4827 3771 4885 oculis

2152 4917 2645 4988 circumSpiciebat,
2673 4901 2843 4972 sicubi
2873 4917 3011 4973 forte
3040 4917 3235 4989 aliquae
3257 4918 3429 4974 adhuc
3450 4918 3653 4974 erroris
3679 4935 3772 4975 re—

2152 5011 2332 5083 liquiae
2358 5012 2556 5067 abdita:
2585 5022 2953 5083 superessent.
2980 5014 3059 5069 Ac
3086 5014 3248 5068 veluti
3274 5014 3466 5084 Aquila
3490 5014 3683 5085 pennis
3712 5015 3767 5071 in

2152 5106 2349 5162 etelum
2405 5119 2576 5176 usque
2610 5105 2887 5173 subvecta,
2912 5122 3033 5161 cum
3056 5105 3370 5160 acutissimo
3396 5105 3514 5161 visu
3541 5105 3768 5175 praedita

2146 5201 2237 5264 sit,
2267 5213 2327 5254 ea
2367 5214 2488 5269 qua:
2543 5199 2594 5253 in
2645 5199 2804 5254 terris
2836 5200 3149 5269 longissime
3178 5200 3401 5266 distant,
3442 5215 3511 5255 ex
3543 5199 3768 5255 sublimi

2149 5290 2307 5346 facile
2326 5290 2580 5359 deSpicit;
2612 5290 2689 5346 sic
2712 5291 2821 5357 ille,
2841 5290 2965 5345 dum
2998 5292 3047 5345 in
3082 5290 3454 5362 pulcherrimae
3481 5290 3633 5347 urbis
3654 5306 3769 5346 suae

2153 5385 2350 5457 palatio
2374 5385 3015 5455 versatur,perniciosam
3040 5386 3328 5453 quamdam
3351 5385 3653 5442 animarum
3671 5388 3769 5443 de—

2156 5476 2384 5546 cipulam
2413 5476 2466 5530 in
2489 5475 2744 5532 thnice
2789 5477 2974 5540 latere.
3009 5488 3281 5549 tamquam
3321 5493 3353 5533 e
3395 5479 3611 5548 specula
3639 5494 3768 5550 pro-

2158 5571 2352 5639 spexit.
2369 5567 2572 5624 Lucum
2601 5569 2809 5625 scilicet
2831 5584 2894 5625 ac
2912 5569 3349 5641 templum,quod
3379 5585 3483 5625 non
3509 5571 3562 5626 in
3587 5571 3768 5627 media

2160 5661 2311 5728 urbe,
2343 5676 2440 5717 nec
2471 5661 2522 5716 in
2546 5659 2665 5716 foro
2692 5671 2785 5715 aut
2811 5660 2999 5731 plateis
3029 5663 3260 5732 positum
3289 5673 3426 5729 erat,
3458 5663 3768 5735 cujusmodi

2162 5755 2327 5811 multa
2364 5756 2611 5810 visuntur
2632 5757 2685 5810 in
2714 5755 3340 5813 civitatibusornamenti
3379 5771 3543 5814 causa
3598 5758 3770 5814 ambi-

2165 5848 2301 5905 tiose
2350 5846 2643 5914 aediﬁcata;
2694 5846 2786 5903 sed
2814 5845 3051 5916 devium,
3084 5849 3272 5919 procul
3301 5864 3331 5904 α
3362 5849 3537 5907 triviis
3575 5858 3629 5907 et
3668 5862 3765 5921 pu-
