3982 6302
50 4142 77 4353 ς

52 4372 95 4835 ἓ

46 5120 99 5395 3.

12 5386 89 5609 ε

26 5884 43 5923 l

298 245 377 307 65
1356 250 1444 306 DE
1490 249 1640 306 VITA
1685 246 2138 307 CONSTAN'IINI
2167 246 2375 304 LIBER
2414 245 2502 302 III.
3534 243 3609 307 66

288 367 435 422 Μίςο
464 366 604 423 calle
621 409 635 430 ,
655 366 954 425 foedissimo
978 367 1209 424 dzemoni
1236 382 1395 439 quem
1423 367 1686 424 Venerem
1711 368 1899 440 appel-
1926 368 1977 429 A

285 459 425 527 lant,
468 460 523 514 in
569 467 722 529 parte
765 461 983 516 verticis
1029 459 1212 515 Libani
1264 459 1465 515 montis
1508 460 1648 531 apud
1683 461 1896 530 Aphaca

280 561 692 610 consecratum.
723 553 851 609 Erat
868 555 977 611 illic
996 554 1181 611 schola
1209 551 1456 626 quaedam
1481 556 1756 625 nequitiae,
1781 570 1900 610 om~

276 644 450 700 nibus
474 644 705 718 impuris
744 646 1071 714 hominibus,
1100 654 1155 703 et
1181 646 1271 718 qui
1320 661 1520 718 corpus
1562 660 1719 702 suum
1751 645 1898 702 omni

278 737 509 795 licentia
560 751 936 814 corruperant,
992 749 1197 813 aperta.
1224 740 1434 813 Quippe
1459 740 1749 797 effeminati
1780 739 1899 813 qui-

279 830 437 901 dam,
459 839 528 889 Et
554 833 793 890 fceminte
824 834 1002 906 potius
1046 832 1259 890 dicendi
1310 849 1469 903 quam
1498 834 1620 903 viri,
1653 833 1897 890 abdicata

275 940 454 982 sexus
511 928 596 983 sui
644 932 928 1000 gravitate,
969 927 1251 984 muliebria
1286 929 1571 1000 patientes,
1594 927 1894 985 daemonem

275 1022 601 1094 placebant.
633 1025 835 1082 Adhazc
881 1023 1148 1096 illegitimi
1175 1023 1459 1081 mulierum
1501 1023 1817 1080 concubitus
1843 1031 1899 1080 et

273 1115 582 1180 adulteria,
622 1116 873 1192 fmdaque
900 1134 963 1175 ac
989 1117 1192 1175 nefaria
1239 1116 1437 1189 ﬂagitia
1481 1118 1535 1174 in
1584 1132 1651 1174 eo
1696 1117 1898 1190 templo

275 1218 569 1282 tamquam
628 1212 682 1268 in
727 1213 848 1269 loco
899 1211 969 1267 ab
1019 1212 1167 1268 omni
1212 1210 1331 1283 lege
1358 1226 1423 1267 ac
1461 1220 1672 1267 rectore
1699 1226 1892 1280 vacuo,

273 1304 707 1377 peragebantur.
738 1304 849 1362 Nec
875 1305 1154 1378 quisquam
1172 1312 1290 1362 erat
1312 1305 1401 1377 qui
1434 1320 1501 1361 ea
1529 1322 1648 1377 quzc
1673 1306 1780 1362 illic
1802 1323 1897 1378 ge-

272 1401 551 1457 rebantur
576 1402 915 1467 observaret,
945 1411 1229 1473 pr0pterea
1261 1400 1404 1473 quod
1434 1415 1593 1457 nemo
1617 1402 1700 1456 vir
1718 1402 1897 1473 gravis

272 1510 341 1550 ac
370 1495 659 1552 modestus
684 1513 749 1552 eo
772 1495 1033 1553 accedere
1058 1495 1311 1551 audebat.
1341 1495 1411 1551 At
1441 1509 1547 1550 non
1595 1496 1755 1551 etiam
1791 1498 1892 1551 im—

272 1596 596 1661 peratorem
628 1589 916 1645 maximum
947 1589 1115 1645 latere
1145 1600 1433 1659 potuerunt
1462 1606 1579 1657 qua:
1609 1588 1679 1644 ibi
1705 1603 1895 1659 perpe-

272 1682 571 1738 trabantur
598 1684 825 1739 scelera.
878 1681 982 1739 Sed
1026 1697 1147 1737 cum
1188 1696 1250 1737 ea
1282 1682 1508 1751 ipsemet
1535 1679 1895 1752 imperatoria:

274 1774 642 1845 providentirc
677 1774 836 1831 oculo
890 1774 1234 1844 inspexisset,
1286 1773 1592 1844 liujusmodi
1631 1774 1888 1844 templum
1922 1771 1969 1831 B
1998 1771 2012 1845 ξ

276 1866 569 1938 indignum
628 1868 839 1924 censuit
876 1866 1018 1938 quod
1089 1867 1218 1923 solis
1283 1866 1449 1922 radiis
1512 1867 1888 1923 illustraretur.

270 1961 516 2017 Proinde
538 1961 672 2017 illud
704 1977 808 2017 una
829 1976 952 2017 cum
983 1960 1289 2017 simulacris
1335 1976 1397 2016 ac
1428 1961 1669 2018 donariis
1717 1970 1887 2017 totum

273 2052 531 2110 funditus
559 2055 728 2110 everti
754 2053 934 2124 jussit.
962 2051 1259 2108 Confestim
1295 2053 1456 2124 igitur
1477 2052 1713 2123 protervi
1733 2067 1887 2107 erro-

263 2148 348 2203 ris
396 2126 835 2204 machinamenta
895 2145 1237 2217 imperatoris
1309 2153 1576 2216 praecepto
1629 2144 1887 2215 dissipata

262 2249 438 2306 sunt,
472 2240 740 2296 militibus
766 2239 833 2294 ad
880 2237 1214 2310 purgandum
1264 2236 1439 2293 locum
1483 2252 1700 2307 operam
1733 2252 1886 2291 suam

260 2334 677 2407 prastantibus.
706 2333 770 2388 Et
790 2334 880 2405 qui
924 2332 1158 2389 lascivia:
1210 2341 1367 2388 antea
1415 2330 1583 2388 dediti
1639 2331 1881 2397 fuerant,

257 2428 619 2498 imperatoris
649 2427 808 2484 minis
849 2428 1151 2495 conterriti,
1177 2426 1424 2483 modes1e
1447 2441 1507 2483 se
1533 2441 1722 2497 gerere
1748 2426 1887 2481 didi-

258 2530 481 2577 uerunt.
505 2521 630 2576 Pari
661 2520 822 2576 modo
846 2521 1208 2593 superstitiosi
1232 2520 1482 2577 Gentiles
1517 2520 1629 2585 illi,
1657 2520 1747 2591 qui
1784 2520 1885 2576 sibi

259 2616 501 2672 multum
578 2631 772 2687 sapere
832 2615 1105 2683 videntur,
1182 2614 1477 2671 modestius
1534 2629 1695 2686 agere
1760 2622 1885 2669 sunt

256 2710 468 2767 edocti.
486 2709 591 2780 Qui
618 2710 835 2782 quidem
866 2711 1026 2766 etiam
1051 2710 1150 2782 ipsi
1173 2724 1324 2765 suam
1340 2707 1622 2766 stultitiam
1645 2722 1710 2765 ac
1737 2707 1885 2764 vani-

258 2811 435 2859 tatem
467 2808 651 2875 reipsa
679 2801 1009 2860 didicerunt.

876 2981 1107 3041 CAPUT
1148 2982 1281 3039 LVI.

561 3138 855 3197 Destructio
877 3141 1052 3213 templi
1080 3139 1375 3213 ﬁstulopii
1405 3138 1480 3195 ΔΞ
1485 3140 1581 3214 gis.

340 3300 473 3359 Nam
502 3318 628 3358 cum
660 3304 924 3358 maximus
952 3317 1017 3357 ac
1042 3301 1438 3373 vulgatissimus
1475 3299 1875 3371 superstitionis

260 3412 421 3454 error
441 3400 582 3454 circa
607 3396 757 3452 illum
787 3394 993 3452 Cilicia:
1028 3395 1328 3452 daemonem
1359 3395 1676 3450 vanissimos
1696 3394 1875 3450 homi-

262 3503 368 3545 nes
390 3499 730 3559 occupasset,
750 3502 813 3542 ac
841 3502 1009 3558 prope
1035 3486 1228 3542 infiniti
1260 3502 1381 3543 eum
1403 3496 1672 3557 tamquam
1688 3501 1874 3543 serva-

260 3588 437 3636 torem
466 3596 533 3637 ae
560 3579 1275 3646 medicumadmirarentur;
1309 3580 1506 3652 quippe
1530 3579 1620 3650 qui
1649 3595 1792 3634 nunc
1820 3579 1873 3635 in

263 3675 471 3745 templo
490 3674 888 3731 dormientibus
913 3684 1221 3746 appareret,
1263 3688 1406 3729 nunc
1455 3674 1675 3729 morbos
1702 3689 1876 3746 aegro-

264 3770 493 3825 lantiunt
516 3778 735 3826 curaret
757 3769 911 3842 (erat
940 3779 1117 3825 tamen
1148 3769 1240 3826 ille
1267 3784 1456 3825 revera
1484 3769 1739 3826 seductor
1759 3770 1876 3825 ani-

271 3873 500 3929 tuarum,
531 3869 721 3934 utpote
768 3861 857 3932 qui
902 3860 1376 3933 homines~decipi
1424 3861 1633 3929 faciles,
1683 3878 1712 3918 a
1744 3879 1874 3920 vero

271 3949 562 4008 Servature
607 3952 871 4009 abductos
924 3953 992 4009 ad
1038 3953 1230 4010 falsum
1281 3954 1568 4027 impietatis
1628 3971 1871 4014 errorem

272 4046 604 4115 pertraheret
633 4047 653 4113 l
683 4047 976 4118 imperator
1000 4063 1095 4118 pro
1118 4062 1270 4104 more
1288 4055 1449 4120 atque
1468 4048 1716 4105 instituto
1736 4064 1868 4106 suo:

276 4137 464 4209 quippe
493 4137 587 4209 qui
608 4139 899 4196 zelatorem
930 4154 992 4196 ac
1017 4153 1142 4196 vere
1179 4141 1520 4198 Servatorem
1572 4142 1739 4198 Deum
1767 4142 1867 4199 sibi

278 4229 555 4286 colendum
609 4240 988 4303 proposuerat,
1043 4231 1146 4289 hoc
1201 4233 1363 4289 etiam
1419 4234 1679 4306 templum
1755 4234 1873 4291 solo

280 4315 467 4386 aquari
495 4317 777 4388 praecepit.
826 4317 936 4374 Nec
977 4333 1149 4386 mora,
1204 4319 1272 4387 ad
1317 4334 1482 4375 unum
1528 4319 1872 4389 imperatoris

283 4416 457 4464 nutum
499 4407 649 4464 humi
690 4409 863 4481 jacuit
904 4424 1067 4466 manu
1105 4410 1327 4467 militari
1370 4413 1689 4468 subversum
1735 4422 1873 4469 tem-

282 4500 437 4572 plum,
464 4501 609 4572 quod
634 4502 844 4559 nobiles
893 4502 1203 4576 philosophi
1269 4511 1552 4576 tantopere
1607 4521 1866 4577 suspexe-

2587 365 2813 423 CAI‘UT
2854 365 3008 422 LVII.

2703 482 2959 536 damnatis
3025 480 3311 537 simulacris
3364 479 3535 538 Deum
3600 530 3603 533 .

2631 586 2963 651 agnoverunt.

2078 482 2346 551 Quomodo
2413 482 2625 554 gentiles

2071 690 2259 763 Itaque
2286 701 2552 764 quotquot
2571 702 2731 749 antea
2756 695 3135 765 superstitioso
3153 694 3456 752 daemonum
3488 696 3608 751 cul-

2002 784 2077 838 tui
2104 783 2303 839 addicti
2323 783 2559 853 fuerant,
2591 801 2714 841 cum
2770 802 3009 844 errorem
3065 803 3220 843 suum
3276 788 3608 845 confutatum

2000 876 2171 933 oculis
2222 879 2335 932 suis
2364 878 2629 946 viderent,
2663 890 2717 936 et
2747 880 2988 936 omnium
3036 881 3234 953 ubique
3282 882 3608 953 templorum

1999 983 2064 1025 ac
2083 969 2498 1027 simulacrorum
2533 974 2838 1030 vastitatem
2869 975 3232 1042 intuerentur,
3264 974 3357 1030 alii
3404 974 3472 1031 ad
3523 988 3614 1030 sa-

1999 1059 2229 1117 lutarem
2256 1058 2455 1118 Christi
2481 1062 2783 1121 doctrinam
2813 1080 2874 1122 se
2899 1065 3248 1123 conferebant
3274 1083 3291 1134 ;
3335 1065 3447 1135 alii,
3481 1065 3610 1122 licet

1999 1151 2146 1210 idem
2176 1153 2353 1210 facere
2375 1155 2603 1223 nollent,
2628 1158 2888 1227 majorum
2919 1167 3095 1215 tamen
3124 1158 3477 1215 caeremonias
3526 1167 3611 1215 ut-

1999 1256 2126 1316 pote
2163 1262 2328 1304 vanas
2358 1257 2521 1320 atque
2560 1249 2746 1306 inanes
2766 1250 3231 1319 condemnabam;
3260 1263 3317 1309 et
3346 1267 3482 1324 quos
3506 1267 3609 1309 an-

2007 1349 2094 1396 tea
2147 1355 2244 1410 pro
2269 1341 2374 1398 diis
2404 1342 2717 1400 habuissent
2744 1343 3081 1401 deridebant.
3132 1345 3331 1414 Quidni
3382 1361 3511 1401 vero
3537 1347 3609 1402 ita

1999 1431 2283 1498 sentirent,
2307 1448 2431 1489 cum
2454 1435 2554 1491 sub
2580 1444 2803 1491 externa
2831 1437 3241 1493 simulacrorum
3265 1423 3446 1510 specie
3493 1447 3611 1495 tan-

1999 1530 2108 1579 tam
2149 1524 2295 1582 intus
2346 1526 2600 1584 latentem
2651 1530 2963 1601 spurcitiem
3018 1542 3323 1588 cernerent.
3356 1532 3489 1588 Nam
3516 1542 3611 1590 aut

1998 1618 2320 1675 cadaverum
2364 1635 2504 1689 ossa,
2536 1630 2629 1678 aut
2675 1623 2840 1679 aridae
2880 1624 3127 1680 calvariae
3182 1625 3460 1692 suberant,
3502 1626 3609 1681 im-

1999 1721 2278 1782 postorum
2303 1712 2493 1770 fraude
2519 1715 2814 1786 subrepta,
2870 1726 2963 1772 aut
3014 1716 3218 1772 sordidi
3261 1719 3422 1788 panni
3467 1720 3609 1789 turpi

1997 1808 2334 1863 immunditia
2359 1808 2563 1876 referti,
2590 1820 2680 1865 aut
2708 1810 2940 1882 denique
2971 1811 3100 1868 lanii
3123 1827 3186 1867 ac
3211 1812 3424 1882 stipula:
3452 1828 3607 1868 acer-

2000 1917 2116 1957 vus.
2145 1903 2278 1970 Qure
2304 1918 2425 1959 cum
2459 1904 2511 1960 in
2564 1905 2928 1975 penetralibus
2974 1905 3393 1962 simulacrorum
3428 1906 3609 1962 anima

1997 1998 2295 2051 carentium
2324 2008 2579 2069 congesta
2609 1999 2937 2068 aspicerent,
2972 2010 3029 2056 et
3054 2015 3204 2055 suam
3237 2008 3292 2056 et
3325 2011 3608 2072 parentum

1996 2104 2216 2143 suorum
2271 2106 2539 2145 summam
2593 2092 2919 2148 dementiam
2982 2092 3609 2153 incusabant:maxime

1994 2195 2115 2235 eum
2167 2181 2688 2253 animadverterent,
2742 2187 2799 2241 in
2842 2187 2955 2242 suis
3004 2188 3112 2244 illis
3139 2187 3341 2260 adytis,
3367 2200 3526 2262 atque
3553 2192 3607 2247 in

1994 2278 2126 2346 ipsis
2156 2278 2462 2336 simulacris
2493 2281 2698 2336 nullutn
2747 2297 2871 2339 esse
2920 2284 3065 2340 intus
3094 2282 3465 2353 habitantem,
3496 2302 3604 2343 non

1993 2370 2294 2427 daemonem
2327 2375 2544 2429 oracula
2576 2374 2883 2431 fundentem
2905 2417 2921 2443 ,
2955 2392 3062 2431 non
3111 2378 3274 2433 Deum
3304 2378 3607 2448 praedicen-

1993 2472 2099 2519 tem
2126 2465 2303 2522 futura
2323 2508 2338 2534 ,
2366 2470 2821 2539 quemadmodum
2864 2471 2965 2527 sibi
2991 2476 3145 2528 antea
3174 2485 3600 2543 persuaserant,

1991 2556 2157 2615 immo
2187 2574 2258 2616 ne
2284 2560 2574 2617 obscurum
2606 2563 2824 2634 quidem
2845 2581 2908 2621 ac
2931 2566 3276 2623 tenebrosum
3303 2576 3599 2638 Spectrutn.

1989 2650 2167 2724 Atque
2197 2654 2398 2712 idcirco
2424 2658 2650 2728 quodvis
2675 2661 2758 2716 vel
2801 2660 3249 2719 obscurissimum
3299 2674 3514 2721 antrum
3542 2675 3599 2724 et

1987 2746 2308 2805 abditissimi
2359 2751 2556 2823 quique
2602 2769 2875 2823 recessus,
2926 2756 2991 2812 iis
3019 2756 3111 2828 qui
3159 2756 3229 2814 ab
3272 2758 3602 2830 imperatore

1985 2843 2136 2896 missi
2163 2855 2319 2899 erant
2358 2846 2511 2902 facile
2538 2858 2855 2919 patuerunt,
2909 2850 3051 2906 adita
3082 2852 3376 2922 quinetiam
3425 2863 3484 2910 et
3516 2855 3600 2911 itt-

1983 2949 2199 2993 aceessa
2232 2940 2379 3010 prius
2430 2942 2568 3008 loca,
2619 2944 2843 3016 ipsaque
2901 2946 3223 3016 templorum
3275 2949 3597 3019 penetralia,

1982 3028 2212 3084 militum
2273 3034 2514 3104 vestigiis
2567 3037 2899 3103 terebantur,
2950 3053 3018 3093 ex
3095 3054 3203 3111 quo
3264 3040 3603 3111 deprehensa

1981 3128 2036 3176 et
2085 3135 2404 3180 cunctorum
2460 3128 2630 3184 oculis
2693 3129 2946 3199 exposita
2994 3141 3076 3187 est
3120 3135 3334 3189 caecitas
3379 3133 3598 3204 mentis,

1981 3229 2103 3286 quae
2142 3214 2387 3274 Gentiles
2415 3233 2604 3276 omnes
2626 3219 2950 3292 jampridem
2993 3222 3265 3279 involutos
3293 3224 3526 3281 tenebat.

2550 3334 2783 3394 CAPUT
2833 3337 3018 3394 LVIII.

2058 3422 2330 3493 Quomodo
2349 3431 2493 3503 apud
2515 3429 2829 3503 Heliopolim
2851 3433 3110 3490 destructo
3147 3434 3356 3493 Veneris
3376 3438 3521 3510 fauo,

2365 3525 2558 3595 primus
2602 3526 2867 3581 ecclesiam
2912 3529 3214 3583 construxit.

2050 3643 2229 3714 Atque
2257 3642 2374 3699 hinc
2401 3644 2540 3699 inter
2569 3642 2828 3715 praeclara
2851 3643 3193 3715 imperatoris
3215 3644 3453 3702 facinora
3483 3662 3601 3705 me-

1986 3736 2093 3792 rito
2121 3746 2540 3804 recenseantur,
2593 3738 2731 3793 sicut
2786 3746 2842 3793 et
2887 3738 2973 3793 illa
3026 3754 3147 3811 quae
3174 3739 3483 3812 singillatim
3536 3741 3590 3797 in

1979 3832 2145 3887 variis
2177 3832 2473 3903 provinciis
2502 3832 2805 3888 constituit.
2838 3829 3152 3906 Cujusmodi
3182 3832 3310 3889 illud
3342 3844 3423 3891 est
3450 3831 3598 3904 quod

1977 3923 2034 3980 in
2070 3924 2203 3980 urbe
2233 3923 2520 3981 Phoenices
2553 3924 2816 3996 Heliopoli
2865 3925 2934 3979 ab
2987 3940 3053 3981 eo
3100 3935 3309 3997 gestum
3341 3926 3593 3983 vidimus.

1975 4019 2092 4084 Qua
2118 4018 2171 4073 in
2202 4017 2333 4073 urbe
2351 4017 2590 4074 Gentiles
2620 4017 2838 4089 quidem
2862 4016 2952 4089 qui
2975 4018 3288 4076 obscmnam
3308 4018 3589 4076 libidinem

1973 4111 2091 4167 dea:
2117 4110 2341 4168 Veneris
2365 4111 2627 4168 voeabqu
2659 4111 2934 4178 afficiunt,
2965 4112 3225 4168 uxoribus
3263 4127 3326 4169 ac
3375 4112 3587 4170 filiabus

1971 4204 2085 4260 suis
2144 4205 2317 4275 stupri
2376 4204 2598 4276 impune
2654 4205 2976 4262 admittendi
3031 4205 3305 4263 licentiam
3362 4222 3589 4264 conces—

1979 4307 2185 4353 serant.
2216 4297 2369 4354 Nunc
2397 4314 2526 4354 vero
2565 4313 2704 4355 nova
2754 4299 2838 4355 lex
2889 4300 2957 4356 ab
3012 4300 3341 4372 imperatore
3388 4301 3592 4360 directa

1974 4401 2057 4446 est
2086 4390 2240 4461 plena
2264 4391 2575 4460 modestiae,
2599 4408 2701 4465 qua
2730 4402 2949 4450 cavetur
2980 4410 3047 4450 ne
3076 4396 3365 4468 quidquam
3400 4413 3590 4454 eorum

1974 4499 2094 4555 qua:
2123 4484 2270 4557 prius
2301 4486 2353 4541 in
2384 4501 2534 4543 more
2578 4488 2749 4557 posita
2797 4500 2971 4555 erant,
2998 4489 3051 4544 in
3078 4500 3352 4560 posterum
3382 4507 3588 4562 praesu-

285 4604 426 4650 ηηιε
455 4603 512 4650 ει
539 4609 644 4650 una
675 4611 798 4651 cum
828 4596 1032 4667 ιεηψιο
1056 4597 1149 4654 me
1177 4597 1291 4668 ipse
1311 4597 1403 4669 qui
1433 4598 1574 4655 ίηιυε
1603 4576 1867 4667 laniabat,
1897 4576 1952 4637 D
1976 4587 2171 4634 matur.
2202 4580 2378 4652 Atque
2404 4578 2489 4636 bis
2518 4597 2706 4639 rursus
2733 4583 2963 4654 scriptas
2993 4582 3139 4640 misit
3187 4584 3587 4657 institutiones,

284 4700 375 4743 non
396 4684 611 4741 daemon
631 4696 725 4742 aut
746 4686 909 4756 Deus,
925 4687 1020 4744 sed
1038 4687 1297 4758 deceptor
1312 4688 1528 4760 quidam
1543 4691 1866 4757 animarum,

287 4778 360 4851 qui
384 4779 684 4850 longissimi
715 4782 975 4854 temporis
1022 4782 1198 4855 spatio
1250 4782 1496 4840 homines
1530 4785 1583 4840 in
1629 4784 1870 4841 fraudem

288 4869 571 4928 induxerat.
603 4870 696 4928 Sic
739 4873 901 4944 igitur
939 4873 1033 4929 ille
1067 4873 1161 4946 qui
1188 4874 1345 4929 malis
1378 4885 1431 4931 et
1481 4875 1876 4933 calamitatibus

289 4962 403 5019 alios
430 4962 785 5021 liberaturum
811 4980 871 5021 se
898 4980 1021 5021 esse
1045 4965 1365 5034 spondebat,
1407 4965 1610 5022 nullum
1633 4968 1748 5038 ipse
1768 4967 1870 5022 sibi

290 5058 568 5117 remedium
596 5060 800 5130 reperit
820 5076 926 5132 quo
947 5075 1069 5117 sese
1097 5068 1366 5128 tueretur;
1385 5077 1494 5117 non
1522 5062 1690 5132 magis
1710 5077 1869 5133 quam

290 5169 391 5210 cum
419 5152 644 5210 fulmine
670 5169 981 5226 percussum
1015 5170 1139 5211 eum
1185 5154 1353 5211 fuisse
1390 5154 1587 5211 fabula:
1641 5156 1868 5228 fingunt.

290 5245 347 5305 At
367 5261 473 5302 non
502 5246 630 5303 item
658 5246 894 5303 fabulosa
917 5245 1134 5303 fuerunt
1162 5247 1504 5317 imperatoris
1536 5247 1707 5303 nostri
1737 5247 1870 5303 faci-

290 5355 400 5397 nora
427 5340 541 5398 Deo
565 5340 829 5413 imprimis
844 5349 1099 5412 accepta;
1129 5340 1225 5397 sed
1252 5356 1347 5412 per
1375 5339 1870 5397 manifestissimam

289 5433 438 5506 ipsius
478 5432 782 5490 Servatoris
828 5434 934 5489 vim
961 5444 1121 5506 atque
1172 5434 1448 5501 virtutem,
1481 5434 1582 5489 hoc
1613 5433 1868 5504 templum

289 5543 376 5584 una
400 5542 525 5584 cum
545 5528 762 5585 caeteris
785 5526 1042 5583 radicitus
1063 5542 1312 5584 eversum
1345 5536 1450 5595 est,
1482 5526 1617 5583 adeo
1647 5534 1706 5581 ut
1733 5527 1875 5596 pris-

287 5620 394 5677 tina:
414 5619 637 5677 insania:
662 5635 734 5677 ne
760 5619 1041 5694 vestigium
1081 5619 1301 5686 quidem
1355 5619 1523 5677 ullum
1556 5616 1757 5675 ibidem
1786 5634 1873 5675 re-

289 5713 548 5773 manserit.

1980 4679 2169 4742 utpote
2188 4671 2328 4729 hanc
2356 4674 2626 4747 praecipue
2655 4674 2726 4731 ob
2751 4690 2966 4731 causam
2993 4692 3023 4732 a
3053 4677 3163 4735 Deo
3194 4678 3515 4749 destinatus,
3535 4687 3593 4738 ut

1978 4767 2543 4825 universos'mortales
2575 4770 2943 4841 temperantia:
2989 4775 3273 4845 prteceptis
3301 4774 3588 4833 imbueret.

1981 4863 2245 4932 Quocirca
2272 4880 2341 4920 ne
2371 4864 2438 4920 ad
2484 4865 2583 4922 hos
2632 4866 2846 4938 quidem
2894 4867 3205 4926 concionari
3234 4887 3330 4943 per
3385 4870 3592 4929 litteras

1977 4955 2294 5026 dedignatus
2315 4966 2429 5025 est,
2460 4960 2752 5015 exhortans
2783 4969 2842 5015 ut
2865 4960 2930 5017 ad
2972 4964 3334 5034 cognitionem
3371 4965 3465 5022 Dei
3495 4981 3590 5023 ce-

1977 5050 2163 5106 leriter
2178 5051 2516 5108 accederent.
2549 5054 2851 5126 Statimque
2881 5060 3016 5113 facta
3043 5058 3201 5115 dictis
3221 5071 3591 5120 consentanea

1976 5143 2174 5200 ibidem
2197 5142 2415 5216 adjecit,
2440 5157 2746 5203 constructa
2768 5164 2835 5205 eo
2860 5150 3028 5206 etiam
3064 5151 3116 5206 in
3145 5152 3266 5209 loco
3296 5153 3591 5212 Christiani

1976 5237 2151 5293 cultus
2178 5239 2379 5310 ingenti
2409 5239 2652 5297 basilica.
2683 5240 2836 5299 Adeo
2863 5252 2923 5298 ut
2951 5244 3094 5316 quod
3117 5245 3186 5302 ab
3205 5246 3387 5303 ultima
3419 5263 3591 5321 usque

1983 5330 2260 5387 hominum
2291 5334 2549 5389 memoria
2598 5334 2785 5390 nullibi
2829 5337 3001 5392 fuerat
3035 5337 3298 5409 auditum,
3326 5348 3451 5396 tunc
3479 5340 3593 5411 pri-

1986 5439 2131 5479 mum
2163 5439 2325 5496 opere
2356 5426 2475 5498 ipso
2516 5430 2842 5499 completum
2889 5431 2979 5499 sit,
3009 5440 3063 5488 et
3089 5433 3278 5489 civitas
3307 5434 3587 5491 hominum

1984 5519 2360 5589 superstitioso
2385 5519 2690 5577 daemonum
2705 5523 2872 5579 cultui
2894 5525 3254 5595 addictorum,
3288 5528 3587 5585 Ecclesium

1986 5611 2081 5668 Dei
2111 5622 2168 5670 et
2204 5613 2548 5687 presbyteros
2581 5631 2646 5673 ac
2687 5616 2945 5675 diaconos
2997 5618 3197 5677 habere
3228 5622 3505 5688 meruerit,
3534 5630 3588 5679 et

1986 5705 2273 5778 episcopus
2292 5723 2503 5766 summo
2524 5712 2765 5767 omnium
2794 5711 2905 5769 Deo
2930 5723 3299 5780 consecratus,
3324 5715 3441 5785 ejus
3485 5714 3589 5775 loci

1988 5797 2296 5859 hominibus
2307 5802 2599 5875 praefuerit.
2616 5804 2697 5863 Ad
2716 5803 2832 5865 haec
2849 5805 3142 5879 imperator
3164 5809 3383 5882 provida
3403 5820 3591 5872 mente
