3982 6302
502 156 571 254 e7
1832 188 2107 251 susum
2142 186 2473 253 PAIIPlllLi
3730 190 3805 278 es

497 314 831 386 prospiciens
858 323 919 372 ut
942 311 1321 388 quamplurimi
1351 310 1419 369 ad
1452 311 1613 370 fidem
1644 310 1844 368 Christi
1874 309 2101 367 accedc-
2128 313 2176 376 Α
2208 309 2386 367 medio
2412 307 2873 376 dissensionibus,
2900 308 3202 369 Ecclesiam
3228 309 3324 367 Dei
3356 309 3425 367 ad
3448 310 3802 369 concordiam

496 416 635 474 rent,
666 405 896 478 plurima
914 406 1111 464 ibidem
1138 407 1204 463 ad
1233 404 1599 465 sublevandos
1647 418 1913 478 pauperes
1931 403 2094 475 largi-

495 508 581 554 tus
607 507 721 566 est;
747 498 849 555 hac
874 499 1037 556 etiam
1086 500 1297 559 ratione
1351 499 1419 556 ad
1460 498 1748 554 salutarem
1792 495 2091 552 doctrinam

493 590 741 649 homines
785 591 1033 651 alliciens
1077 603 1237 665 atque
1287 592 1543 658 invitans,
1601 605 1665 647 ac
1721 599 1926 644 tantum
1985 603 2093 645 non

491 684 652 741 verba
681 685 795 758 ipsa
843 686 1122 756 proferens
1168 684 1315 743 Pauli
1354 683 1604 753 dicentis,
1664 683 1777 740 sivc
1805 698 1899 754 per
1936 695 2093 737 occa-

488 776 720 849 sionem,
747 778 862 837 sive
889 794 985 851 per
1013 779 1294 836 veritatem
1323 776 1570 836 Christus
1607 776 1980 835 annuntietur.

1098 894 1323 954 CAPUT
1357 892 1497 953 LIX.

523 984 603 1041 De
626 986 852 1044 tumultu
888 987 1176 1045 Antiochia
1214 996 1421 1060 promer
1446 985 1781 1044 Emathium
1809 986 2050 1042 excitate.

559 1099 756 1155 Verum
785 1101 1063 1157 enimvero
1082 1112 1208 1156 eum
1238 1101 1310 1158 ob
1331 1100 1448 1156 hee
1476 1099 1737 1157 oninesin
1758 1112 1972 1154 suinma
2001 1098 2090 1154 hi-

484 1191 694 1250 laritate
723 1195 886 1250 vitam
930 1203 1171 1266 agerent,
1209 1204 1267 1252 et
1307 1195 1543 1252 Ecclesia
1576 1194 1670 1251 Dei
1698 1193 1841 1264 apud
1865 1203 2089 1252 cunctas

482 1287 685 1357 ubique
711 1299 900 1359 gentes
946 1290 1196 1345 omnibus
1249 1290 1426 1345 modis
1464 1287 1846 1352 estolieretur,
1901 1301 2089 1343 rursus

481 1377 742 1435 dzemonis
766 1380 903 1436 livor
922 1383 1012 1452 qui
1037 1381 1192 1437 bonis
1212 1396 1426 1451 semper
1445 1380 1670 1436 insidias
1694 1381 1873 1444 struit,
1891 1378 2085 1435 advers

479 1484 572 1529 stis
600 1482 800 1528 tantam
834 1488 1013 1530 rerum
1040 1485 1345 1529 nostrarum
1369 1473 1678 1529 felicitatem
1708 1474 1875 1544 carpit
1902 1473 2085 1526 uisur-

478 1579 641 1633 gere,
671 1574 819 1621 ratus
848 1566 1232 1637 imperatorem
1275 1566 1594 1621 tumultibus
1639 1564 1838 1620 nostris
1860 1573 1915 1619 et
1940 1564 2087 1618 inso-

478 1661 637 1715 lentia
665 1670 1063 1729 exasperatum,
1092 1661 1328 1717 alienato
1372 1660 1591 1717 tandem
1612 1674 1741 1730 erga
1766 1674 1866 1714 nos
1901 1659 2083 1713 animo

477 1754 719 1808 fortassis
748 1755 1003 1809 futurum.
1043 1755 1275 1809 Maximo
1314 1754 1475 1825 igitur
1524 1753 1771 1810 incendio
1817 1750 2073 1819 conflato,

477 1846 934 1902 Antioche-norum
964 1847 1260 1903 Ecclesieut
1301 1847 1519 1919 tragicis
1570 1846 1894 1917 quihusdam
1923 1846 2073 1901 cala-

475 1940 749 1996 mitatibus
769 1941 1044 2012 implevit,
1079 1942 1215 1996 adeo
1251 1949 1309 1997 ut
1337 1956 1528 2012 parum
1551 1940 1778 1997 abfuerit
1801 1942 1931 2013 quin
1961 1949 2073 1996 tota

474 2032 711 2088 funditus
758 2036 949 2089 civitas
999 2036 1436 2101 subverteretur;
1463 2033 1661 2104 quippe
1698 2048 1821 2089 cum
1846 2036 2073 2104 populus

470 2128 684 2198 quidem
714 2129 971 2184 Ecclesia:
992 2127 1127 2185 duas
1156 2130 1211 2183 in
1234 2137 1413 2199 partes
1439 2128 1642 2183 divisus
1675 2140 1838 2195 esset,
1867 2129 2071 2198 reliqua

468 2222 859 2277 autenieivitas
888 2221 1046 2277 simul
1079 2237 1204 2277 cuin
1246 2221 1647 2292 magistratibus
1671 2235 1739 2276 ae
1785 2220 2070 2287 militibus,

469 2315 647 2371 hostili
673 2316 836 2371 modo
854 2315 997 2372 inter
1023 2328 1086 2371 se
1127 2313 1438 2371 dissideret.
1471 2313 1808 2385 Ventumque
1833 2322 1981 2369 esset
2001 2313 2071 2369 ad

464 2409 695 2480 gladios,
721 2411 820 2465 nisi
846 2410 1027 2465 divina
1051 2407 1385 2491 providentia
1431 2416 1485 2464 et
1508 2409 1852 2479 inperatoris
1892 2417 2070 2465 metus

465 2501 638 2571 plebis
665 2501 925 2572 impetum
953 2502 1361 2572 repressissent.
1384 2501 1559 2571 Atque
1588 2500 1674 2556 hic
1703 2516 1890 2557 rursus
1914 2501 2065 2571 prin-

461 2595 597 2666 cipis
621 2595 942 2663 clementia,
973 2596 1145 2651 instar
1168 2594 1477 2651 Servatoris
1522 2603 1581 2651 et
1605 2596 1907 2651 animorum
1954 2610 2068 2653 tne-

460 2689 588 2756 dici,
616 2690 775 2762 agris
800 2690 1108 2746 [nominibus
1138 2690 1459 2746 medicinam
1506 2690 1771 2747 orationis
1798 2688 2064 2745 adhibuit.

458 2782 671 2852 Quippe
700 2796 863 2837 unum
881 2798 949 2837 es
982 2783 1047 2835 iis
1069 2798 1207 2853 quos
1234 2783 1379 2837 circa
1407 2797 1469 2837 se
1495 2791 1769 2851 spectatos
1807 2780 2066 2849 habebat,

458 2875 677 2930 comitis
701 2876 909 2930 honore
947 2876 1285 2943 decoratum,
1339 2875 1619 2931 hominem
1666 2874 2060 2940 ﬁdelissimum,

456 2982 527 3024 eo
552 2967 718 3034 misit,
753 2968 961 3038 plebem
984 2970 1138 3037 quasi
1167 2968 1437 3039 legatione
1469 2966 1665 3023 blanda
1701 2968 2058 3038 eornpellans.

2198 411 2254 460 et
2294 404 2602 461 unanimem
2645 403 2911 461 doctrinm
2951 417 3273 463 concentum
3308 405 3627 472 revocavit,
3677 405 3804 463 inde

2195 504 2593 569 transgressus,
2620 496 2765 553 aliud
2787 497 3073 568 impiorum
3095 512 3287 567 genus,
3315 507 3505 569 utpote
3532 497 3798 570 pestilens

2197 587 2417 645 humani
2447 590 2662 659 generis
2688 605 2958 647 venenum
2983 631 3000 656 ,
3041 590 3370 649 abolendum
3415 607 3537 649 esse
3562 591 3799 649 censuit.

2198 681 2367 741 Erant
2400 682 2455 740 lii
2494 683 2786 756 perniciosi
2830 682 3049 756 quidam
3102 684 3352 745 homines
3386 687 3481 758 qui
3520 685 3625 743 sub
3669 686 3805 743 falsa

2196 772 2475 831 modestia:
2504 785 2561 830 et
2586 774 2870 845 gravitatis
2909 776 3091 847 specie
3121 776 3283 835 urbes
3320 777 3633 841 vastabant;
3655 778 3806 850 Quos

2197 864 2695 935 pseudoprophetas
2739 875 2794 922 et
2858 881 3084 939 rapaces
3123 868 3283 940 lupos
3317 869 3511 927 alicubi
3543 868 3808 929 Servator

2192 957 2428 1028 appellat
2462 958 2546 1014 his
2589 958 2768 1016 verbis
2825 977 2841 1015 :
2888 959 3086 1017 Cavete
3123 975 3155 1016 a
3199 959 3347 1017 falsis
3377 961 3657 1034 prephetis
3710 962 3804 1033 qui

2195 1053 2411 1109 venient
2432 1052 2499 1109 ad
2522 1067 2618 1109 vos
2647 1053 2698 1107 in
2716 1053 3052 1110 vestimentis
3070 1056 3272 1123 ovium,
3301 1056 3448 1112 intus
3466 1065 3648 1113 autem
3674 1034 3807 1112 soni

2191 1143 2305 1215 lupi
2334 1159 2579 1216 rapaces.
2608 1145 2689 1201 Ex
2705 1145 2967 1203 fructibus
2990 1162 3175 1205 eorum
3198 1151 3538 1218 cognoscetis
3558 1165 3674 1207 eos.
3700 1149 3807 1222 igi-

2195 1246 2301 1301 tur,
2339 1237 2506 1293 misso
2526 1235 2595 1292 ad
2617 1238 3011 1309 provinciarum
3029 1239 3288 1308 praesides
3303 1252 3594 1312 praecepto,
3611 1238 3804 1312 hujus-

2191 1329 2340 1385 modi
2368 1329 2645 1385 hominum
2668 1345 2839 1402 genus
2865 1330 3043 1401 abegit
3064 1346 3127 1386 ac
3155 1330 3371 1403 fugavit.
3397 1331 3600 1389 Practer
3629 1334 3803 1405 ipsam

2190 1430 2371 1477 autem
2401 1421 2597 1493 legem,
2628 1421 2921 1493 imperator
2943 1423 3233 1479 salutarem
3258 1440 3471 1497 quoque
3504 1426 3806 1483 institutio-

2189 1527 2313 1569 nem
2347 1513 2412 1569 ad
2440 1529 2535 1568 eos
2564 1514 2881 1569 umninatim
2929 1512 3167 1581 direxit,
3199 1515 3493 1572 exhortans
3543 1517 3798 1575 homines

2189 1618 2249 1663 ut
2293 1610 2617 1680 quantocius
2643 1609 3014 1678 paenitentiam
3046 1621 3289 1681 agerent,
3323 1606 3620 1667 Ecclesium
3651 1613 3801 1670 enim

2113 1716 2160 1777 ι
2191 1700 2287 1756 Dei
2316 1702 2446 1771 ipsis
2476 1710 2690 1771 portum
2723 1702 2913 1756 salutis
2950 1700 3085 1758 fore.
3116 1700 3252 1759 Audi
3285 1720 3415 1778 ergo
3438 1704 3712 1779 quomodo
3745 1708 3802 1766 in

2176 1794 2288 1850 suis
2316 1792 2385 1849 ad
2407 1808 2502 1849 eos
2535 1792 2729 1850 litteris
2755 1794 3122 1852 concionatur.

2775 1930 2999 1989 CAPUT
3038 1929 3222 1989 LXIV.

2369 2039 2692 2099 Constantini
2717 2046 3011 2101 constitutio
3040 2046 3288 2102 adversus
3314 2050 3604 2106 haereticos.

2172 2152 2839 2283 sislillllgcfonstitutionem,
2861 2158 2958 2210 hoc
2980 2166 3033 2211 et
3053 2174 3161 2226 seq.
3186 2174 3294 2227 cap.
3316 2170 3615 2228 contentam,
3642 2165 3778 2217 vide-

2744 2348 2973 2407 CAPUT
3027 2346 3210 2408 LXVI.

2174 2466 2439 2532 Quomodo
2461 2468 2675 2539 nefariis
2702 2468 2845 2523 libris
2864 2470 3007 2539 apud
3032 2471 3297 2527 Irwreticos
3306 2475 3541 2544 repertis,
3571 2475 3788 2547 plurimi

2351 2576 2524 2616 eorum
2563 2562 2632 2616 ad
2659 2561 2981 2618 Catholicam
3014 2564 3255 2620 redierint
3284 2563 3594 2624 Ecclesium.

2243 2670 2357 2728 Hoc
2408 2673 2572 2743 igitur
2628 2675 2791 2731 modo
2840 2675 3218 2734 haereticorum
3254 2680 3451 2737 cubilia
3508 2682 3783 2755 imperiali

2168 2774 2442 2837 praecepto
2463 2766 2722 2839 dissipata
2768 2779 2931 2837 sunt,
2958 2781 3011 2827 et
3037 2770 3166 2827 ferte
3197 2772 3363 2843 ipsas,
3395 2775 3449 2831 id
3474 2785 3559 2833 est
3587 2779 3785 2849 impie-

2170 2861 2295 2913 tatis
2336 2860 2549 2915 illorum
2573 2872 2823 2918 auctores
2851 2864 2902 2918 in
2936 2863 3115 2935 fugam
3141 2866 3268 2922 acti.
3298 2868 3498 2925 Eorum
3526 2886 3661 2928 vero
3687 2872 3783 2944 qui

2166 2950 2235 3005 ab
2264 2951 2382 3007 istis
2411 2953 2629 3024 decepti
2659 2956 2891 3023 fuerant,
2923 2954 3009 3011 alii
3040 2954 3256 3028 quidem
3289 2960 3632 3031 imperatoris
3670 2966 3783 3020 mi-

457 3056 701 3130 Aliisque
723 3072 892 3129 super
917 3060 1053 3114 alias
1076 3061 1294 3130 scriptis
1345 3058 1538 3115 litteris
1566 3058 1812 3116 hortatus
1840 3069 1926 3117 est
1965 3075 2059 3117 eos

2168 3043 2249 3099 nis
2283 3046 2591 3115 perterriti,
2635 3048 2822 3118 spurio
2850 3050 3080 3120 quodam
3114 3060 3168 3107 et
3194 3052 3498 3110 adulterino
3524 3069 3691 3111 sensu
3721 3058 3779 3113 in

458 3160 513 3206 ut
542 3115 657 3221 paci
686 3115 983 3212 studerent.
1040 3115 1240 3208 docens
1288 3167 1395 3223 qua
1448 3152 1659 3209 ratione
1714 3115 2059 3211 divinmreli-

2167 3136 2465 3194 Ecclesiam
2494 3139 2865 3212 irrepserunt,
2898 3158 2995 3215 pro
3027 3155 3269 3216 tempore
3290 3147 3481 3204 callide
3508 3148 3777 3206 dissimu-

454 3244 596 3313 gioni
628 3244 979 3313 congruentia
1007 3253 1277 3316 gererent.
1309 3249 1387 3303 Ae
1425 3245 1641 3302 tandem
1672 3246 1738 3300 iis
1762 3250 2059 3318 persuasit,

454 3337 834 3409 excusavitque
860 3352 957 3395 eos
989 3339 1043 3394 in
1066 3341 1180 3393 suis
1222 3338 1440 3405 litteris,
1473 3354 1727 3396 asserens
1769 3355 1829 3397 se
1875 3355 2060 3398 coram

450 3428 687 3485 audiisse
716 3430 888 3500 ipsum
911 3432 1002 3502 qui
1029 3431 1193 3486 totius
1224 3430 1506 3489 seditionis
1522 3440 1710 3488 auctor
1731 3432 1941 3491 fuisset.
1961 3434 2059 3490 At-

450 3536 554 3593 que
586 3520 684 3576 bas
715 3522 831 3594 ejus
856 3524 1114 3593 epistolas
1164 3538 1270 3581 non
1303 3525 1507 3597 vulgari
1538 3524 1784 3581 doctrina
1816 3535 1871 3582 et
1904 3529 2055 3583 utili-

450 3625 558 3671 tate
586 3613 835 3685 refertas,
864 3615 965 3672 hoc
991 3617 1112 3674 loco
1153 3619 1551 3691 apposuissem,
1603 3618 1707 3675 nisi
1754 3622 1861 3677 reis
1908 3622 2057 3693 igno-

446 3709 627 3766 miniae
657 3719 836 3767 notam
887 3710 1193 3768 inurerent.
1245 3711 1507 3780 Quocirca
1554 3710 1654 3769 has
1699 3713 1915 3784 quidem
1968 3715 2053 3773 in-

445 3800 732 3871 praesentia
759 3802 1026 3870 omittam,
1055 3804 1252 3876 quippe
1278 3804 1370 3876 qui
1412 3805 1679 3861 malorum
1734 3808 2049 3865 memoriam

443 3890 855 3969 haudquaquam
883 3910 1146 3955 renovare
1174 3898 1507 3956 decreverim
1541 3915 1557 3967 ;
1615 3912 1709 3957 eas
1750 3916 1880 3958 vero
1906 3906 2050 3960 solas

440 3984 529 4043 hic
559 3987 790 4045 inseram
816 4005 952 4063 quas
1004 3988 1095 4047 ille
1143 3988 1213 4048 de
1266 3990 1492 4049 aliorum
1524 4006 1654 4065 pace
1680 4003 1731 4052 et
1759 3996 2046 4054 concordia

439 4083 678 4155 gaudens
709 4093 763 4140 et
790 4083 1070 4157 gratulans
1095 4084 1440 4157 conscripsit.
1469 4084 1674 4156 Quibus
1713 4090 1928 4160 quidem
1960 4089 2048 4145 lit-

439 4178 568 4236 teris
598 4178 843 4235 hortatur
865 4195 980 4247 eos,
1011 4186 1069 4237 ut
1105 4178 1332 4238 alterius
1370 4181 1477 4238 loci
1530 4180 1845 4252 antistitem,
1890 4185 2043 4255 cujus

436 4270 743 4329 interventu
770 4289 957 4345 pacem
987 4274 1128 4331 inter
1166 4290 1225 4331 se
1264 4274 1544 4343 fecissent,
1572 4292 1907 4348 nequaquam
1940 4273 2045 4337 sibi

434 4366 708 4424 vindicare
729 4366 930 4435 velint;
980 4367 1073 4424 sed
1126 4369 1305 4439 potius
1353 4367 1503 4442 juxta
1547 4366 1804 4426 Ecclesia:
1853 4372 2033 4441 ritum,

430 4480 554 4521 eum
578 4463 892 4536 episcopum
907 4460 1131 4534 eligant,
1158 4478 1316 4535 quem
1341 4463 1455 4535 ipse
1476 4466 1778 4521 communis
1794 4468 2036 4522 omnium

429 4551 684 4615 Servatur
712 4555 1096 4629 designaverit.
1130 4554 1329 4615 Scribit
1362 4566 1543 4615 autem
1591 4564 1702 4613 tum
1748 4560 1819 4614 ad
1859 4574 2034 4631 popu-

426 4646 560 4720 lum,
587 4661 698 4709 tum
720 4649 790 4708 ad
813 4651 1097 4725 episcopos
1124 4648 1241 4707 bsec
1264 4666 1385 4723 quae
1413 4662 1727 4724 sequuntur.

1050 4763 1258 4817 CAPUT
1305 4762 1408 4816 LX.

421 4876 437 4927 ἱ
481 4874 616 4947 fres
635 4871 853 4947 epistola
1189 4885 1207 4923 :
1414 4872 1482 4925 ad
1844 4876 2030 4947 uelu-

422 4935 605 4993 sebium
652 4932 878 4999 Ctesarea
928 4932 1308 4999 abstrahererit;
1353 4939 1571 4988 secunda
1616 4939 1681 4988 ad
1748 4934 2028 4989 Eusebium.

424 5000 563 5065 Quod
607 4996 924 5065 Antiochiam
951 4996 1247 5065 remark
1264 4996 1297 5059 ;‘
1319 4999 1463 5065 tertia
1498 4999 1563 5050 ad
1586 5000 1841 5065 Synode
1862 5001 2034 5055 Αιιὸο-

420 5060 647 5128 chenam,
666 5074 727 5114 ns
750 5060 1011 5115 Baebian
1051 5075 1086 5112 α
1106 5061 1337 5115 Casurae
1357 5060 1689 5116 abstrahatur.

441 5166 885 5299 έὲιῶῖμαοια,
909 5166 1005 5219 boe
1028 5173 1084 5218 et.
1101 5165 1248 5220 duab.
1272 5179 1385 5232 seq.
1408 5168 1558 5233 capit.
1594 5172 1878 5233 contentas,
1895 5168 2032 5223 vide~

414 5253 486 5297 ste
505 5253 677 5297 mare].

980 5333 1211 5393 CAPUT
1266 5334 1453 5393 LXIII.

633 5451 907 5520 Quomodo
933 5452 1157 5506 hereses
1182 5449 1480 5506 minias
1514 5449 1787 5507 studuerit.

481 5567 609 5625 Haec
630 5566 929 5638 iniperator
941 5562 1261 5636 praesulibus
1282 5561 1650 5621 Ecclesiarem
1665 5563 2015 5636 praeminens,

407 5658 722 5719 hortabatur
755 5675 851 5718 eos
888 5666 951 5716 ut
972 5657 1045 5715 ad
1063 5655 1283 5715 laudem
1298 5656 1497 5715 divitum
1522 5657 1805 5730 religioni
1821 5670 2015 5731 prop»

403 5754 637 5828 gantiam
682 5761 879 5813 cuncta
923 5758 1165 5824 agerem
1198 5750 1495 5823 Pessimum
1520 5764 1677 5821 vero,
1716 5751 1950 5809 sublatis
1975 5766 2010 5810 e

2167 3232 2368 3290 iantes.
2393 3233 2527 3291 Nam
2551 3238 2804 3306 quoniam
2836 3237 3003 3294 libros
3032 3255 3217 3295 eorum
3247 3242 3478 3313 perquiri
3505 3242 3590 3298 lex
3614 3243 3783 3314 jube-

2161 3327 2291 3392 bat,
2340 3329 2669 3401 quicumque
2700 3331 2880 3388 vetitis
2906 3332 3110 3390 artibus
3152 3349 3371 3405 operam
3402 3335 3638 3404 dabant,
3680 3336 3782 3396 de-

2175 3420 2674 3490 prehendebantur.
2730 3422 2900 3492 Quam
2940 3424 3012 3480 ob
3040 3440 3253 3481 causam
3283 3427 3627 3484 simulatione
3653 3439 3781 3486 ute-

2157 3514 2387 3583 bantur,
2416 3525 2609 3572 cuncta
2638 3528 2860 3586 agentes
2884 3526 2945 3572 ut
2977 3518 3204 3574 salutem
3233 3519 3332 3574 sibi
3358 3531 3773 3591 compararent.

2157 3608 2263 3663 Alii
2291 3623 2420 3664 vero
2450 3609 2666 3666 sincere
2691 3619 2855 3682 atque
2884 3626 2951 3665 ex
2975 3611 3159 3666 animo
3193 3611 3260 3667 ad
3296 3627 3447 3683 Spem
3480 3612 3776 3674 meliorum

2157 3700 2581 3773 transfugerunt.
2612 3702 2786 3759 Porro
2812 3703 3176 3760 Ecclesiarum
3207 3706 3479 3762 antistites
3505 3706 3559 3763 in
3589 3715 3775 3765 utros-

2154 3809 2259 3865 que
2277 3793 2510 3852 sollicita
2533 3795 2880 3866 inquisitione
2914 3794 3076 3865 faeta,
3103 3812 3197 3853 eos
3223 3797 3441 3868 quidem
3462 3799 3555 3872 qui
3580 3800 3773 3860 ovium

2152 3888 2387 3959 pellibus
2404 3888 2606 3946 obtecti
2625 3890 2941 3947 simulanter
2970 3890 3226 3948 accedere
3249 3902 3538 3961 tentarent,
3570 3893 3771 3965 procul

2150 3983 2460 4055 abigebant.
2486 3983 2594 4040 Eos
2616 3998 2745 4041 vero
2771 3984 2864 4056 qui
2884 3984 3098 4041 sincere
3124 3984 3179 4041 id
3198 3996 3443 4058 agerent,
3472 3987 3763 4059 aliquanto

2151 4084 2396 4148 tempore
2442 4078 2754 4150 exploratos
2782 4119 2799 4148 ,
2843 4090 2965 4150 post
3007 4079 3259 4137 idoneam
3299 4081 3671 4153 probationem
3706 4082 3766 4141 in

2147 4186 2433 4228 numerum
2476 4186 2666 4229 eorum
2714 4170 2809 4243 qui
2835 4171 2902 4228 ad
2943 4187 3130 4229 sacros
3177 4184 3478 4231 conventus
3504 4175 3766 4233 admitte-

2144 4263 2342 4320 bantur
2367 4262 2685 4320 retulerunt.
2719 4264 2786 4319 Et
2804 4263 2911 4320 hoc
2936 4265 3157 4336 quidem
3187 4265 3349 4323 modo
3369 4282 3494 4324 cum
3544 4268 3765 4325 abomi-

2143 4355 2334 4411 nandis
2382 4356 2658 4439 btet-etimit
2686 4340 2966 4429 agebatur.
2991 4357 3258 4415 Caeterum
3298 4361 3334 4416 ii
3360 4361 3450 4431 qui
3474 4361 3680 4419 nullam
3703 4362 3763 4421 in

2141 4447 2611 4520 dogmatibussuis
2628 4449 2960 4521 impietatem
2992 4451 3335 4522 prmfcrruit,
3364 4453 3462 4509 sed
3488 4469 3758 4525 quorum-

2139 4539 2264 4597 dam
2294 4539 2762 4598 schismaticorum
2802 4544 2961 4614 culpa
2988 4559 3021 4599 a
3058 4545 3331 4600 communi
3361 4545 3619 4603 societate
3668 4563 3759 4605 se-

2134 4632 2313 4704 juncti
2339 4642 2561 4700 essent,
2585 4635 2707 4692 sine
2730 4649 2883 4692 mora
2906 4636 2966 4691 in
3010 4635 3315 4692 Ecclesiam
3334 4649 3462 4693 sunt
3504 4638 3757 4698 admissi.

2138 4725 2203 4781 Hi
2224 4738 2359 4797 ergo
2377 4727 2640 4798 gregatim
2682 4735 2959 4799 tamquam
2991 4744 3063 4785 cx
3100 4730 3381 4800 peregrina
3405 4730 3630 4801 regione
3657 4748 3755 4789 re-

2136 4817 2407 4885 deuntes,
2454 4821 2683 4890 patriam
2727 4835 2880 4876 suam
2934 4820 3271 4893 postliminio
3319 4833 3755 4895 recuperarunt,

2138 4917 2476 4980 matremque
2496 4909 2799 4969 Eeclesiarn
2822 4922 3179 4983 agnoverunt.
3211 4916 3253 4969 Α
3282 4929 3387 4985 qua
3411 4930 3537 4973 cum
3552 4914 3756 4973 diutis-

2137 5003 2281 5061 sime
2324 5004 2693 5074 aberrassent,
2770 5005 2987 5063 tandem
3035 5007 3145 5064 laeti
3182 5016 3345 5079 atque
3380 5007 3584 5066 hilares
3628 5020 3754 5081 post

2138 5100 2360 5171 longum
2387 5100 2645 5171 temporis
2672 5101 2909 5171 spatium
2931 5101 3000 5158 ad
3030 5118 3151 5158 eam
3180 5102 3527 5160 remeabant.
3553 5103 3749 5162 Totius

2140 5204 2270 5266 ergo
2290 5194 2536 5264 corporis
2559 5194 2807 5251 membra
2830 5196 3105 5252 communi
3132 5194 3276 5253 inter
3304 5211 3363 5255 se
3387 5197 3607 5256 vinculo
3617 5197 3751 5271 jun-

2139 5287 2402 5359 δεδι-ιιι
2418 5326 2436 5355 ,
2458 5295 2517 5343 et
2546 5302 2649 5343 una
2677 5302 2965 5361 compages
2991 5290 3352 5348 coalescebat.
3378 5292 3617 5365 Solaque
3653 5308 3750 5351 ca-

2120 5378 2319 5436 tholica
2348 5378 2447 5435 Dei
2470 5377 2712 5436 Ecclesia
2733 5419 2747 5444 ,
2776 5392 2902 5450 apte
2924 5381 3030 5438 sibi
3070 5382 3355 5440 cobterens
3392 5384 3741 5456 relulgebat,

2119 5474 2271 5530 nullo
2316 5482 2412 5529 aut
2440 5473 2833 5531 haereticorum.
2860 5484 2955 5532 aut
2996 5477 3468 5536 sebismaticorum
3503 5481 3744 5555 collegio

2121 5580 2351 5638 ιιαιιιια
2363 5568 2611 5640 gentium
2633 5569 2844 5627 relicto.
2870 5571 3048 5643 Atque
3068 5572 3231 5644 hujus
3254 5574 3502 5645 praeclari
3532 5575 3744 5635 facino-

2118 5661 2224 5731 ris,
2252 5662 2397 5718 solus
2424 5663 2663 5718 omnium
2706 5665 2797 5735 qui
2830 5681 3066 5739 unquam
3096 5669 3395 5726 extiterunt
3442 5669 3743 5741 instituatur

2116 5761 2300 5812 noster
2326 5755 2436 5813 Deo
2459 5756 2889 5830 acceptissimus,
2916 5770 3105 5818 auctor
3129 5760 3247 5818 fuit.
