3982 6302
469 263 532 320 Ἠ
1700 255 1968 315 EUSEBll
2006 251 2328 310 PAMPHILI
3709 247 3778 306 79.

1092 377 1319 437 CAPUT
1357 377 1447 434 ΠΙ.

780 471 1103 546 Pera'qnatio
1137 490 1197 528 ac
1227 472 1466 528 relevatio
1492 484 1749 525 censuum.

536 589 653 645 Jam
696 604 826 645 vero
862 604 984 644 cum
1026 589 1270 644 nonnulli
1303 598 1459 644 terra:
1485 583 1870 654 descriptiones
1899 591 1950 638 et
1977 582 2064 651 ju-

466 683 709 755 gationes
749 698 776 754 ρ
819 683 1184 753 superioribus
1211 681 1544 753 principibus
1573 679 1740 734 factas
1771 676 2066 748 reprehen—

465 776 657 833 derent
678 818 693 842 ,
723 792 988 849 agrosque
1031 791 1158 832 suos
1211 777 1432 832 nimium
1461 787 1751 844 Oppressos
1776 785 1898 827 esse
1927 784 2062 841 que-

464 879 739 936 rerentur,
774 869 859 924 hic
884 870 1043 925 etiam
1077 866 1582 940 princeps,justiti:e
1613 864 1820 936 legibus
1857 863 2068 918 obtem-

465 975 680 1032 perans,
713 973 1112 1034 permquatores
1160 961 1404 1017 mittebat
1448 960 1597 1032 quia
1644 955 2068 1030 supplicantibus

467 1053 724 1111 damnum
752 1055 1110 1128 depellerent.

1091 1165 1320 1224 CAPUT
1359 1165 1448 1221 IV.

615 1265 883 1332 Quomodo
912 1263 965 1316 in
994 1262 1299 1334 pecuniariis
1327 1259 1496 1314 causis
1517 1301 1532 1326 ,
1566 1259 1628 1313 iis
1654 1258 1743 1328 qui
1771 1272 1930 1311 causa

750 1361 1069 1425 ceciderant,
1100 1361 1210 1431 ipse
1235 1357 1299 1413 de
1326 1373 1422 1412 suo
1452 1355 1781 1426 largiebatur.

540 1478 843 1547 Quinetiam
873 1477 1086 1548 quoties
1117 1477 1258 1531 inter
1287 1475 1422 1530 duos
1452 1473 1718 1544 litigantes
1747 1470 2072 1527 sententiam

467 1574 942 1644 pronuntiaverat,
979 1586 1046 1626 ue
1069 1569 1207 1625 forte
1234 1570 1278 1623 is
1302 1568 1390 1638 qui
1420 1581 1579 1623 causa
1631 1564 1906 1621 ceciderat
1947 1561 2074 1616 tris-

469 1667 573 1724 tior
601 1683 667 1723 eo
700 1666 995 1722 secundum
1035 1680 1194 1736 quem
1224 1663 1290 1717 lis
1315 1663 1456 1717 dicta
1486 1670 1600 1715 erat
1625 1657 1977 1723 abscederet,
2006 1670 2072 1710 ex

2092 363 2413 433 Alitaribus
2465 363 2635 434 copiis
2690 360 3017 434 adscripsit,
3075 361 3299 434 reliquis
3349 360 3418 418 ad
3471 363 3774 419 necessaria

2169 458 2291 511 vitae
2349 455 2585 510 subsidia
2643 470 2800 526 agros
2855 455 3108 511 colendos
3150 455 3461 527 assignavit.
3522 454 3673 511 Adeo
3722 463 3782 512 ut

2167 550 2393 605 feliciter
2422 550 2520 605 sibi
2554 550 2784 606 cessisse
2812 549 3169 605 calamitatem
3212 564 3362 604 suam
3406 549 3507 619 ipsi
3547 548 3782 603 fateren-

2171 649 2278 709 tur,
2325 641 2522 712 quippe
2550 640 2642 712 qui
2671 641 3006 697 barbaricam
3047 640 3311 696 feritatem
3343 640 3586 694 Romana
3617 639 3783 694 liber-

2171 741 2279 788 tate
2309 744 2625 790 mutassent.
2665 733 2779 790 llac
2814 733 3024 788 ratione
3067 733 3208 790 Deus
3236 733 3492 803 plurimas
3525 733 3784 788 barbaro-

2170 841 2354 882 rorum
2379 835 2568 899 gentes
2598 829 2716 899 ejus
2745 825 2992 895 adjunxit
3019 827 3267 897 imperio.

2787 917 3014 976 CAPUT
3057 920 3166 975 VII.

2280 1013 2551 1069 Variorum
2579 1013 2926 1070 Barbarorum
2956 1015 3232 1086 legationes
3276 1024 3322 1069 et
3351 1022 3558 1070 munera
3588 1015 3660 1071 eis

2653 1110 2716 1164 ab
2749 1109 3069 1182 lmperatore
3095 1110 3308 1166 donata.

2245 1202 2454 1273 Quippe
2492 1218 2559 1260 ex
2598 1203 2850 1259 omnibus
2890 1202 3025 1259 locis
3065 1203 3224 1274 legati
3263 1203 3518 1259 continue
3555 1202 3620 1257 ad
3652 1217 3779 1258 eum

2176 1296 2538 1362 accedebant,
2597 1311 2948 1368 quaecumque
2997 1296 3138 1368 apud
3193 1297 3336 1367 ipsos
3397 1297 3790 1367 pretiosissima

2177 1389 2442 1445 habentur
2493 1390 2634 1445 dona
2675 1389 2725 1445 ci
2764 1389 3074 1446 offerentes.
3118 1390 3268 1446 Adeo
3311 1401 3367 1445 ut
3411 1407 3507 1446 nos
3549 1390 3650 1460 ipsi
3690 1405 3793 1461 pro

2177 1481 2381 1540 foribus
2413 1483 2633 1555 palatii,
2675 1487 2853 1540 varias
2894 1485 3096 1540 formas
3135 1495 3296 1556 atque
3335 1483 3549 1540 habitus
3588 1484 3798 1540 Barba—

2178 1593 2362 1633 rorum
2417 1578 2608 1634 ordine
2656 1579 2910 1634 stantium
2962 1578 3252 1649 aliquando
3297 1577 3744 1649 conSpexerimus
3773 1618 3793 1647 ,

2179 1688 2405 1744 quorum
2457 1683 2512 1729 et
2561 1674 2785 1728 vestitus
2831 1682 2884 1730 et
2933 1683 3154 1728 ornatus
3199 1672 3384 1744 dispar
3431 1683 3584 1736 erat,
3637 1685 3797 1727 coma

472 1758 702 1831 propriis
727 1758 883 1814 bonis
909 1757 1142 1813 donabat
1166 1755 1321 1810 victis
1339 1796 1352 1819 ,
1380 1751 1644 1808 interdum
1676 1750 1870 1821 praedia
1890 1790 1905 1815 ,
1936 1762 2070 1802 non-

2199 1777 2304 1821 tem
2343 1777 2397 1822 et
2435 1767 2598 1821 barba
2641 1767 2798 1836 longe
2834 1767 3132 1821 dissimilis.
3181 1765 3388 1822 Torvus
3430 1774 3680 1836 aspectus
3729 1773 3791 1821 et

471 1868 761 1923 numquam
805 1850 1096 1921 pecunias;
1150 1849 1249 1904 hac
1279 1847 1486 1902 ratione
1513 1845 1755 1902 efﬁciens
1798 1851 1854 1896 ut
1895 1841 2068 1896 victus

471 1960 577 2000 non
627 1944 804 1999 minus
849 1960 1005 2014 quam
1050 1943 1096 1998 is
1156 1943 1244 2012 qui
1291 1953 1506 1996 causam
1555 1938 1862 1993 obtinuerat
1921 1933 2073 1987 hctus

470 2037 688 2094 domum
721 2037 958 2102 rediret,
989 2045 1174 2106 utpote
1206 2035 1296 2106 qui
1331 2035 1382 2087 in
1424 2041 1771 2101 conspectum
1815 2024 2073 2098 principis

468 2132 654 2188 venire
681 2129 1183 2200 meruisset.Neque
1212 2130 1354 2183 enim
1386 2127 1466 2182 fas
1496 2140 1614 2181 esse
1643 2120 1988 2179 existimabat
2016 2127 2077 2173 ut

470 2225 562 2296 qui
617 2239 796 2279 coram
841 2231 987 2277 tanto
1019 2221 1258 2292 principe
1289 2219 1547 2286 stetisset,
1570 2226 1797 2272 mmstus
1840 2226 2074 2284 unquam

472 2334 536 2375 ac
565 2318 732 2375 tristis
760 2317 1055 2373 recederet.
1088 2314 1322 2372 Proinde
1350 2325 1575 2383 uterque
1602 2308 1924 2382 litigantium
1949 2305 2076 2360 lmto

473 2428 538 2468 ac
566 2412 833 2468 renidenti
863 2411 1014 2465 vultu
1045 2425 1109 2466 ex
1137 2407 1341 2479 judicio
1373 2405 1620 2462 redibat:
1651 2411 1706 2458 et
1736 2396 2076 2472 imperatoris

475 2503 640 2561 animi
669 2502 980 2576 magnitudo
1004 2501 1212 2557 cunctis
1237 2495 1583 2554 admirationi
1613 2504 1751 2552 erat.

1108 2634 1336 2692 CAPUT
1377 2631 1444 2689 γ.

547 2749 857 2821 Scytharum
884 2760 974 2816 per
997 2744 1201 2816 signum
1225 2739 1391 2795 crucis
1417 2737 1730 2792 devictorum
1756 2731 2002 2787 subactio.

548 2862 686 2932 Quid
729 2849 820 2916 hic
865 2873 1087 2914 necesse
1125 2866 1206 2910 est
1235 2853 1387 2925 quasi
1417 2852 1593 2908 obiter
1617 2858 2073 2911 commemorare,

477 2956 750 3030 quomodo
779 2954 873 3010 ille
905 2951 1159 3007 barbaras
1187 2957 1376 3020 gentes
1407 2946 1507 3001 sub
1537 2941 1750 3014 imperii
1793 2941 1950 2994 Rom.
1995 2937 2080 2992 di-

476 3053 677 3108 tionem
718 3045 956 3117 redegit,
999 3041 1225 3114 qualiter
1270 3038 1627 3093 indominatas
1675 3031 1936 3096 antehac,
1981 3043 2082 3084 nec

479 3145 572 3202 ulli
620 3156 854 3214 unquam
897 3153 1087 3211 parere
1110 3144 1291 3192 suetas
1325 3132 1648 3205 Scytharum
1686 3129 2080 3185 Sarmatarum-

479 3255 584 3312 que
631 3237 878 3294 nationes
928 3233 1131 3305 primus
1162 3229 1471 3298 subiugum
1515 3225 1693 3292 misit,
1737 3239 1800 3278 ac
1838 3237 1935 3292 per
1975 3220 2079 3274 vim

479 3311 546 3388 eo
589 3329 802 3400 adegit,
834 3335 892 3381 ut
926 3325 1010 3380 vel
1040 3323 1194 3379 inviti
1225 3321 1475 3377 dominos
1505 3323 1863 3388 agnoscerent
1889 3311 2087 3366 Roma-

493 3423 640 3481 nos?
668 3422 885 3494 Scythis
915 3419 1128 3491 quidem
1161 3415 1471 3487 superiores
1520 3412 1680 3468 etiam
1735 3411 2087 3480 imperatores

482 3519 676 3576 tributa
722 3515 1056 3587 pendebant,
1105 3521 1160 3568 et
1203 3509 1446 3566 barbaris
1486 3506 1716 3562 Romani
1750 3504 1925 3574 reipsa
1967 3518 2086 3558 ser-

479 3613 730 3677 viebant,
761 3625 992 3664 annuam
1067 3607 1338 3663 solventes
1388 3603 1689 3673 pecuniam.
1736 3599 1936 3654 Verum
1985 3597 2086 3652 im-

484 3715 700 3778 perator
755 3703 895 3759 hanc
946 3700 1316 3772 indignitatem
1370 3694 1513 3751 ferre
1569 3709 1678 3778 non
1728 3692 1937 3762 potuit,
1987 3703 2090 3745 nec

485 3775 674 3856 victori
747 3795 974 3868 principi
1029 3793 1286 3850 decorum
1336 3804 1460 3845 esse
1525 3775 1851 3843 existimavit
1899 3781 2089 3838 eadem

484 3892 719 3967 pendere
739 3907 859 3963 quae
883 3889 1089 3959 priores
1118 3884 1390 3957 principes
1426 3879 1831 3952 pependissent.
1870 3876 2052 3948 Itaque
2071 3915 2088 3944 ,

482 3986 782 4046 Servatoris
811 3983 893 4040 sui
922 3982 1123 4039 auxilio
1153 3980 1320 4036 fretus
1341 4023 1355 4048 ,
1391 3974 1700 4048 triumphali
1723 3975 1876 4046 signo
1897 3987 1959 4029 ac
1983 3981 2092 4027 tro-

486 4096 603 4153 pmo
633 4081 685 4134 in
718 4093 813 4135 eos
853 4077 1015 4133 etiam
1058 4074 1242 4140 illato,
1287 4071 1434 4128 brevi
1474 4079 1697 4125 cunctos
1737 4066 1968 4138 subegit.
2014 4065 2092 4120 Ac

485 4174 798 4232 resistentes
827 4172 1042 4242 quidem
1071 4178 1125 4224 et
1155 4177 1501 4222 contumaces
1529 4163 1695 4219 armis
1725 4161 1968 4228 domuit,
2001 4175 2090 4215 re-

490 4269 667 4340 liquos
710 4265 1063 4340 prudentibus
1116 4260 1472 4332 legationibus
1521 4257 1805 4328 mitigans,
1837 4271 1867 4309 a
1923 4255 2089 4309 ferina

488 4364 774 4434 legumque
803 4368 1024 4429 experte
1058 4354 1163 4409 vita
1209 4354 1276 4409 ad
1321 4353 1606 4408 humanam
1635 4349 1956 4417 civilemque
1986 4354 2093 4401 tra-

486 4456 656 4514 duxit.
688 4453 801 4510 Hoc
825 4451 988 4508 modo
1015 4447 1229 4521 Scytha:
1260 4445 1518 4501 Romanis
1549 4442 1763 4499 tandem
1794 4456 1984 4512 parere
2013 4439 2094 4496 di-

489 4549 757 4606 dicerunt.

1119 4657 1349 4716 CAPUT
1391 4655 1478 4712 Vl.

636 4761 889 4818 Sarmata:
913 4755 1132 4822 subacti,
1158 4770 1273 4809 cum
1300 4754 1430 4808 servi
1457 4749 1701 4806 adversus
1726 4748 1957 4804 dominos

1121 4847 1470 4902 rebellassent.

561 4974 632 5029 At
671 4970 944 5029 Sarmatas
981 4966 1124 5021 Deus
1165 4965 1280 5035 ipse
1320 4959 1656 5017 Constantini
1697 4957 1923 5030 pedibus
1965 4955 2095 5012 sub-

491 5065 714 5130 stravit,
760 5073 813 5119 et
861 5057 1108 5114 homines
1156 5055 1437 5112 barbarico
1488 5054 1627 5107 fastu
1676 5052 2097 5106 intumescentes

492 5159 596 5214 hoc
625 5156 836 5226 subegit
864 5153 1044 5207 modo.
1080 5149 1212 5205 Nam
1244 5163 1365 5203 cum
1407 5145 1622 5217 Scythae
1662 5143 1863 5199 bellum
1902 5143 1982 5198 eis
2018 5141 2101 5197 in-

495 5251 768 5311 tulissent,
803 5247 1066 5302 Sarmatae
1094 5255 1280 5297 servos
1322 5256 1446 5295 suos
1492 5249 1549 5294 ut
1593 5237 1838 5293 hostibus
1882 5235 2103 5293 resiste-

491 5348 1010 5413 rent,armaverant.
1045 5336 1222 5400 Servi,
1268 5344 1417 5406 parta
1459 5332 1526 5389 de
1567 5332 1810 5388 hostibus
1841 5331 2060 5387 victoria
2083 5371 2100 5397 ,

491 5455 638 5496 arma
673 5439 723 5493 in
755 5435 1001 5491 dominos
1046 5439 1256 5486 vertere
1299 5435 1580 5498 coeperunt
1601 5469 1616 5493 ,
1650 5434 1980 5495 cunctosque
2011 5439 2104 5494 pa-

497 5532 615 5588 triis
635 5529 856 5586 sedibus
876 5523 1216 5596 expulerunt.
1243 5519 1306 5574 lli
1330 5534 1460 5574 vero
1480 5518 1685 5574 nullum
1715 5517 1880 5572 alium
1910 5515 2098 5572 salutis

495 5637 707 5696 portum
752 5637 912 5695 quam
953 5615 1366 5676 Constantinum
1412 5627 1685 5684 reperere.
1734 5612 1838 5681 Qui
1881 5625 2102 5668 servare

494 5717 740 5774 homines
791 5710 1361 5779 assuetus,universos
1402 5706 1542 5762 intra
1586 5707 1720 5762 lines
1748 5706 1959 5777 imperii
1990 5705 2099 5763 Ro-

495 5810 638 5868 mani
670 5809 890 5881 recepit.
925 5806 992 5863 Et
1021 5819 1114 5864 eos
1143 5801 1362 5875 quidem
1420 5798 1511 5873 qui
1549 5798 1732 5858 idonei
1773 5808 1955 5856 essent
1999 5799 2102 5857 mi-

2178 1859 2436 1914 barbarus
2476 1873 2540 1912 ac
2580 1869 2843 1914 terrorem
2887 1859 3186 1926 incutiens;
3231 1873 3524 1928 corporum
3554 1857 3802 1915 enormis

2179 1953 2494 2022 proceritas.
2524 1951 2592 2006 Et
2615 1952 2843 2007 aliorum
2869 1953 3084 2023 quidem
3116 1952 3395 2006 rubicundi
3423 1952 3598 2007 vultus
3618 1995 3632 2018 ,
3660 1951 3804 2007 alio-

2181 2061 2300 2100 rum
2353 2061 2482 2100 vero
2531 2045 2652 2102 nive
2701 2045 2816 2115 ipsa
2866 2045 3227 2100 candidiores.
3277 2044 3562 2101 Nonnullis
3614 2045 3802 2102 media

2178 2140 2423 2210 quaedam
2465 2140 2663 2195 coloris
2709 2139 2880 2196 inerat
2926 2149 3310 2211 temperatura.
3358 2141 3568 2211 Quippe
3612 2139 3800 2196 Blem-

2181 2248 2332 2305 myes
2371 2242 2427 2288 et
2465 2231 2579 2287 Indi
2622 2242 2782 2303 atque
2821 2231 3134 2303 Ethiopes,
3165 2233 3278 2304 qui,
3313 2243 3372 2288 ut
3398 2235 3474 2288 ait
3505 2233 3800 2300 Homerus,

2182 2325 2426 2382 bifariam
2457 2326 2616 2382 divisi
2647 2328 2697 2381 in
2727 2326 2928 2382 extimo
2961 2337 3224 2382 terrarum
3246 2326 3445 2398 degunt
3467 2369 3481 2393 ,
3507 2327 3648 2382 inter
3672 2328 3801 2383 illos

2181 2435 2317 2492 quos
2354 2421 2464 2475 dixi
2505 2421 2762 2476 barbaros
2805 2420 3291 2489 conspiciebantur.
3340 2419 3540 2476 Horum
3589 2419 3802 2491 singuli

2180 2513 2633 2585 quemadmodum
2707 2513 2762 2569 in
2836 2513 3033 2570 tabulis
3091 2513 3250 2583 vulgo
3301 2513 3444 2585 pingi
3504 2513 3801 2581 videmus,

2183 2623 2426 2666 seorsum
2483 2609 2712 2680 quisque
2774 2623 2839 2664 ea
2913 2607 2979 2662 ad
3051 2607 3429 2678 imperatorem
3471 2607 3802 2676 at't‘erebant,

2183 2719 2304 2773 quae
2344 2701 2485 2773 apud
2529 2703 2673 2772 ipsos
2704 2701 2757 2756 in
2791 2699 2963 2770 pretio
2991 2710 3132 2756 sunt.
3167 2701 3272 2756 Alii
3303 2717 3532 2759 coronas
3559 2717 3760 2758 aureas
3783 2744 3801 2768 ,

2185 2796 2274 2850 alii
2321 2795 2626 2852 diademata
2673 2796 2902 2866 gemmis
2950 2803 3237 2860 conserta,
3284 2793 3375 2849 alii
3417 2809 3610 2865 pueros
3657 2794 3806 2851 ﬂava

2187 2891 2410 2946 caesarie
2440 2890 2800 2961 conspicuos,
2833 2888 3048 2960 quidam
3081 2888 3391 2944 barbaricas
3431 2899 3611 2945 vestes
3653 2904 3798 2946 auro

2187 2991 2241 3039 et
2271 2983 2495 3039 ﬂoribus
2525 2985 2795 3047 intextas;
2829 2981 2882 3036 iii
2914 2996 3102 3053 equos,
3124 2981 3200 3036 illi
3239 2982 3481 3054 clypeos,
3513 2991 3568 3038 et
3607 2982 3805 3040 hastas

2189 3077 2472 3149 longas,et
2502 3079 2742 3148 sagittas,
2771 3087 2825 3131 et
2855 3091 3034 3133 arcus.
3067 3077 3244 3146 Atque
3274 3076 3357 3132 his
3386 3075 3542 3132 donis
3574 3077 3793 3148 signiﬁ-

2107 3179 2154 3243 ο
2185 3171 2380 3226 cabant
2434 3171 2750 3242 obsequium
2795 3185 2859 3225 ac
2912 3171 3224 3225 societatem
3285 3186 3558 3225 armorum
3597 3170 3806 3229 oﬂ'crre

2190 3277 2250 3318 se
2295 3263 2605 3332 imperatori
2651 3264 2694 3316 si
2739 3263 2924 3318 vellet.
2969 3262 3064 3317 llle
3106 3277 3236 3317 vero
3278 3277 3306 3315 a
3351 3262 3577 3333 singulis
3616 3262 3809 3320 oblata

2190 3354 2461 3423 accipiens
2501 3368 2564 3409 ac
2591 3369 2890 3423 seponens,
2923 3361 3000 3408 tot
3033 3363 3283 3424 tantaque
3314 3354 3392 3409 eis
3425 3355 3664 3410 vicissim
3696 3355 3805 3410 do-

2192 3449 2388 3512 nabat,
2425 3459 2482 3502 ut
2513 3456 2788 3502 momento
2818 3447 3076 3515 temporis
3105 3446 3400 3502 ditissimos
3424 3448 3675 3503 redderet
3705 3463 3809 3505 eos

2195 3541 2286 3611 qui
2318 3540 2455 3596 dona
2488 3540 2813 3595 attulissent.
2861 3539 2969 3596 Sed
2998 3549 3051 3596 et
3076 3533 3141 3596 ex
3173 3557 3359 3596 eorum
3391 3557 3614 3597 numero
3641 3541 3808 3598 nobi-

2191 3633 2428 3689 lissimos
2452 3650 2695 3705 quosque
2717 3633 2976 3689 Romanis
3002 3634 3354 3705 dignitatibus
3383 3634 3638 3699 ornabat;
3663 3635 3812 3693 adeo

2193 3735 2252 3781 ut
2289 3726 2530 3797 plerique
2571 3726 2819 3793 illorum,
2858 3726 3008 3780 obliti
3052 3725 3256 3782 reditus
3303 3727 3355 3782 in
3402 3727 3665 3798 patriam,
3713 3727 3814 3787 hic

2192 3820 2333 3890 apud
2363 3835 2463 3875 nos
2495 3835 2714 3875 manere
2745 3819 3054 3874 maluerint.

2796 3931 3025 3990 CAPUT
3063 3933 3201 3990 Vlll.

2259 4029 2410 4098 Quod
2438 4028 2720 4085 Persarum
2752 4027 2882 4101 Regi
2909 4029 2998 4098 qui
3029 4029 3222 4099 legatos
3250 4029 3320 4083 ad
3347 4029 3516 4102 ipsum
3546 4029 3763 4088 miserat

2285 4124 2487 4194 scripsit
2518 4124 2572 4177 in
2600 4125 2820 4195 gratiora
2850 4121 3262 4177 Christianorum
3289 4121 3398 4177 illic
3426 4125 3713 4196 agentium.

2266 4214 2382 4270 Jam
2411 4228 2540 4269 vero
2567 4229 2690 4269 cum
2720 4229 2816 4269 rex
2843 4215 3004 4270 etiam
3038 4213 3320 4270 Persarum
3353 4231 3448 4286 per
3475 4217 3685 4287 legatos
3713 4234 3813 4275 no-

2198 4307 2366 4362 titiam
2401 4306 2629 4362 ambiret
2657 4303 3031 4370 Constantini,
3063 4307 3312 4378 donaque
3353 4308 3419 4363 ad
3463 4325 3586 4364 eum
3628 4312 3816 4369 misis-

2196 4408 2312 4464 set,
2348 4400 2496 4469 paeis
2523 4407 2578 4454 et
2604 4398 2854 4454 amicitia:
2879 4400 3064 4470 signa;
3094 4399 3148 4455 id
3172 4415 3337 4472 agens
3364 4401 3575 4458 scilicet
3601 4412 3659 4458 ut
3683 4419 3814 4461 eum

2196 4495 2290 4550 illo
2318 4494 2492 4550 fmdus
2539 4493 2736 4560 iniret;
2789 4493 2877 4549 hic
2927 4495 3089 4550 etiam
3140 4496 3458 4567 imperator,
3517 4499 3814 4556 excellenti

2119 4587 2174 4647 D
2199 4587 2429 4657 quadam
2459 4586 2623 4640 animi
2654 4594 2811 4641 utens
2839 4586 3238 4658 magnitudine,
3271 4604 3395 4644 eum
3421 4591 3512 4660 qui
3545 4591 3698 4660 prior
3725 4591 3816 4649 ho-

2201 4695 2334 4735 nore
2374 4682 2548 4750 ipsum
2590 4678 2877 4748 all'ecerat,
2925 4696 3206 4735 munerum
3230 4682 3626 4752 magniﬁcentia
3651 4682 3818 4757 longe

2202 4773 2496 4843 superavit.
2531 4773 2770 4844 Cumque
2797 4773 2939 4843 apud
2971 4773 3165 4829 Persas
3194 4774 3416 4830 crebras
3455 4790 3576 4831 esse
3618 4775 3816 4835 Eccle-

2203 4867 2310 4924 sias
2343 4867 2436 4922 Dei
2468 4865 2798 4935 accepisset,
2833 4875 2887 4920 et
2925 4881 3268 4922 numerosam
3311 4867 3634 4938 populorum
3675 4868 3820 4926 mul-

2205 4960 2484 5016 titudinem
2516 4960 2654 5015 intra
2685 4959 2880 5016 Christi
2913 4959 3071 5015 ovilia
3102 4962 3456 5032 congregari;
3485 4961 3590 5018 hoc
3623 4964 3818 5021 nuntio

2203 5071 2531 5127 magnopere
2555 5055 2876 5123 delectatus,
2905 5063 3088 5123 utpote
3115 5058 3418 5110 communis
3449 5057 3665 5126 quidam
3693 5073 3817 5113 om-

2205 5150 2352 5204 nium
2383 5149 2578 5220 ubique
2608 5149 2882 5219 agentium
2914 5147 3192 5205 hominum
3224 5160 3368 5205 tutor
3392 5160 3446 5205 et
3475 5163 3716 5218 curator,
3749 5151 3820 5210 ad

2207 5242 2299 5298 illa
2342 5242 2504 5297 etiam
2555 5241 2673 5296 loca
2715 5240 3100 5310 providentiam
3149 5257 3301 5298 suam
3351 5257 3452 5314 pro
3497 5252 3820 5302 cunctorum

2207 5334 2509 5391 commodis
2537 5333 2875 5390 laborantem
2905 5334 3166 5390 extendit.

2832 5445 3062 5502 CAPUT
3103 5446 3193 5502 IX.

2247 5540 2486 5612 Epistola
2514 5538 2836 5596 Constantini
2863 5540 2930 5593 ad
2961 5539 3215 5612 Saporem
3243 5539 3528 5596 Persarum
3555 5542 3785 5616 Regem,

2291 5649 2492 5688 summa
2517 5649 2633 5687 cum
2660 5632 2847 5702 pietate
2875 5631 3038 5688 Deum
3065 5642 3113 5688 et
3144 5631 3404 5688 Christum
3427 5636 3742 5705 conﬁtentis.

2272 5743 2734 5814 (Haneepistolam,
2773 5755 2920 5806 quam
2946 5744 3037 5797 hoc
3075 5752 3128 5797 et
3145 5754 3357 5809 quatuor
3374 5760 3484 5812 seq.
3527 5762 3634 5814 cap.
3659 5747 3819 5801 coutla

2212 5805 2333 5860 neut
2349 5847 2362 5870 ,
2382 5805 2565 5863 videbis
2585 5805 2750 5872 intra).
