3982 6302
236 287 304 344 75
1320 290 1409 345 DE
1452 289 1610 351 VITA
1652 291 2098 351 CONS'I'ANTINI
2141 296 2342 354 LIBER
2382 299 2468 354 IV.
3472 308 3543 362 τι

828 403 1055 460 CAPUT
1099 403 1237 460 XIV.

235 493 506 562 Quomodo
550 493 776 550 assiduis
822 493 1142 552 Constantini
1191 498 1420 570 precibus
1457 517 1561 570 pan:
1602 501 1724 555 data
1760 509 1833 555 est

875 588 1199 646 Christianis.

299 703 356 758 In
385 702 535 759 hunc
565 703 788 760 modum
813 719 936 760 cum
967 720 1158 762 omnes
1188 705 1386 778 ubique
1430 716 1618 778 gentes
1664 708 1835 762 instar

227 797 382 852 navis
425 797 746 868 cujusdam,
795 799 954 855 unius
1004 799 1380 870 gubernatoris
1412 811 1726 870 regerentur
1753 801 1836 856 in-

225 890 451 958 dustria,
483 900 542 948 et
569 893 853 964 imperium
885 909 949 950 ac
975 893 1292 965 religionem
1326 892 1509 950 famuli
1539 894 1632 949 Dei
1663 894 1836 950 liben-

225 985 438 1042 tissime
465 986 956 1056 amplecterentur;
986 1001 1090 1042 nec
1114 987 1255 1043 ullus
1279 987 1512 1057 amplius
1531 986 1834 1042 Romanum

225 1077 522 1148 imperium
547 1080 909 1150 perturbaret,
939 1080 1121 1136 cuncti
1166 1079 1390 1151 posthac
1415 1079 1753 1151 tranquillam
1782 1087 1837 1136 et

227 1174 470 1242 quietam
497 1174 660 1228 vitam
689 1173 940 1244 agebant.
972 1173 1273 1244 Imperator
1299 1189 1428 1227 vero
1459 1189 1581 1228 cum
1626 1175 1833 1242 piorum

227 1266 514 1322 hominum
564 1282 753 1335 preces
797 1266 864 1322 ad
911 1267 1141 1322 Salutem
1191 1267 1502 1338 reipublicxe
1547 1266 1834 1336 plurimum

225 1362 482 1416 conferre
535 1359 893 1425 exisﬁmaret,
925 1375 1018 1415 eas
1043 1373 1257 1430 quoque
1305 1359 1615 1414 necessario
1654 1359 1840 1418 conci-

227 1454 439 1510 liandas
467 1455 568 1510 sibi
597 1455 821 1526 putavit.
852 1454 1038 1523 Itaque
1069 1462 1124 1508 et
1149 1453 1264 1524 ipse
1293 1452 1517 1523 supplex
1554 1451 1646 1508 Dei
1677 1467 1834 1522 Opem

229 1547 578 1616 imploravit,
607 1555 663 1602 et
710 1545 1032 1617 prmsidibus
1075 1545 1440 1601 Ecclesiarum
1487 1545 1744 1618 prmcepit
1783 1553 1840 1600 ut

231 1653 326 1710 pro
351 1654 414 1694 se
449 1653 638 1710 preces
669 1638 736 1695 ad
767 1640 935 1695 Deum
959 1638 1268 1694 funderent.

847 1751 1073 1811 CAPUT
1112 1753 1231 1810 XV.

237 1845 387 1913 Quod
415 1846 470 1902 in
491 1847 716 1903 nummis
741 1857 788 1903 et
811 1848 1120 1919 imaginibus
1147 1848 1411 1920 precantis
1454 1848 1631 1903 habitu
1672 1847 1837 1920 eﬁingi

916 1956 970 1995 se
987 1941 1160 2008 iussit.

305 2053 520 2123 Quanta
547 2069 706 2124 porro
749 2053 944 2109 divina:
998 2054 1121 2109 ﬁdei
1170 2054 1252 2109 vis
1300 2070 1363 2111 ac
1408 2055 1577 2111 virtus
1626 2055 1677 2110 in
1723 2054 1841 2126 ejus

240 2147 418 2203 animo
451 2148 736 2215 insederit,
769 2147 851 2202 vel
877 2163 943 2204 ex
967 2147 1072 2202 hoc
1101 2163 1210 2205 uno
1237 2149 1431 2218 conjici
1462 2148 1618 2204 facile
1643 2156 1839 2219 petest,

243 2239 378 2310 quod
403 2241 460 2296 in
489 2242 671 2296 aureis
693 2241 926 2296 nummis
951 2241 1178 2313 exprimi
1206 2256 1266 2298 se
1290 2240 1450 2312 jussit
1479 2242 1625 2296 vultu
1654 2242 1706 2296 in
1733 2256 1842 2298 ca:-

243 2335 344 2390 Iunt
370 2335 607 2405 sublato,
635 2346 689 2392 et
709 2336 954 2391 manibus
977 2337 1230 2409 expansis
1258 2337 1432 2392 instar
1461 2337 1750 2408 precantis.
1772 2335 1844 2392 Et

243 2428 398 2499 hujus
425 2429 644 2501 quidem
672 2431 857 2486 formae
898 2431 1101 2485 nummi
1147 2445 1243 2501 per
1293 2431 1602 2486 universum
1655 2431 1844 2486 orbem

244 2538 523 2579 romanum
564 2525 1014 2584 eucurrerunt.1n
1039 2525 1152 2594 ipsa
1173 2540 1306 2580 vero
1334 2526 1478 2596 regia
1508 2525 1656 2594 juxta
1685 2539 1844 2596 quas-

243 2616 360 2670 dam
388 2615 584 2685 januas
628 2617 680 2671 in
705 2616 1026 2688 imaginibus
1075 2615 1144 2670 ad
1189 2617 1362 2687 ipsum
1395 2617 1649 2673 vestibuli
1693 2616 1847 2670 fasti-

243 2710 379 2780 gium
406 2708 595 2779 positis
621 2708 865 2780 depictus
882 2717 966 2765 est
987 2717 1137 2764 stans
1157 2751 1173 2778 ,
1205 2708 1397 2764 deﬁxis
1421 2709 1638 2780 quidem
1667 2708 1719 2763 in
1743 2721 1846 2764 cce-

244 2800 347 2856 Ium
397 2802 609 2873 oculis,
663 2801 912 2858 manibus
961 2812 1142 2858 autem
1190 2803 1445 2873 expansis
1485 2802 1758 2874 precantis
1790 2802 1843 2858 in

247 2896 482 2952 modum.

834 2987 1065 3046 CAPUT
1107 2988 1248 3046 XVI.

252 3102 394 3170 Quod
417 3103 668 3175 imagines
713 3118 836 3157 suas
859 3101 913 3157 in
944 3103 1142 3176 templis
1171 3102 1434 3158 idolorum
1454 3103 1577 3177 poni
1607 3103 1715 3176 lege
1739 3105 1848 3161 lata

897 3195 1180 3266 prohibuit.

310 3309 398 3366 Sic
417 3309 581 3381 igitur
613 3309 705 3366 ille
734 3324 793 3366 se
817 3309 929 3366 Deo
957 3311 1348 3382 supplicantem
1371 3310 1534 3367 etiam
1563 3311 1614 3366 in
1649 3314 1843 3370 tabulis

243 3401 397 3471 pictis
421 3401 693 3458 exhibuit.
746 3401 883 3471 Quin
913 3403 1074 3458 etiam
1105 3403 1222 3474 lege
1250 3403 1354 3458 lata
1384 3405 1555 3460 vetuit
1581 3405 1842 3478 imagines

236 3507 364 3550 suas
389 3496 443 3550 in
477 3494 744 3551 idolorum
798 3495 1012 3566 templis
1060 3495 1337 3562 dedicari,
1382 3513 1448 3553 ne
1493 3497 1629 3554 forte
1654 3514 1842 3555 errore

227 3589 415 3644 vetitae
441 3588 843 3662 superstitionis
874 3591 959 3647 vel
999 3591 1145 3647 inani
1175 3593 1362 3663 specie
1409 3601 1564 3650 tenus
1593 3595 1837 3667 inquina-

227 3691 404 3739 ηιαῐ.

829 3775 1058 3834 CAPUT
1098 3776 1262 3833 XVII.

401 3891 732 3949 Precationes
751 3892 805 3948 in
835 3892 1051 3964 palatio,
1077 3902 1124 3948 et
1152 3895 1382 3950 recitatio
1409 3912 1675 3952 sacrarum

831 3986 1241 4058 Scripturarum.

303 4102 508 4158 Verum
538 4102 623 4158 his
649 4101 808 4174 longe
848 4103 1155 4174 augustiora
1197 4103 1485 4174 perspiciet
1515 4104 1839 4176 quicumque

229 4195 515 4253 attendere
551 4197 784 4252 voluerit
844 4192 1077 4267 qualiter
1099 4195 1191 4251 ille
1218 4196 1271 4251 in
1323 4197 1522 4266 palatio
1549 4197 1837 4269 quamdam

229 4291 379 4346 velut
404 4291 692 4347 ecclesiam
720 4289 814 4345 Dei
835 4289 1134 4344 constituit.
1188 4287 1266 4345 Ac
1295 4290 1569 4362 diligentia
1620 4290 1837 4362 quidem

231 4394 280 4439 et
306 4385 592 4439 alacritate
644 4383 874 4454 praeibat
913 4383 1121 4438 cunctis
1171 4383 1342 4454 quiin
1375 4385 1658 4441 ecclesiam
1689 4385 1836 4442 illam

233 4485 392 4532 erant
439 4476 699 4546 adscripti
731 4495 744 4530 :
775 4486 829 4531 et
867 4491 1054 4532 sacros
1091 4476 1307 4534 codices
1329 4478 1380 4533 itt
1407 4494 1598 4534 manus
1619 4495 1838 4537 sumens

233 4572 450 4626 oracula
474 4587 501 4624 a
535 4572 645 4626 Deo
661 4570 807 4627 edita
835 4580 1043 4628 attento
1071 4573 1254 4628 animo
1281 4573 1839 4646 meditabatur.jl’ost—

233 4662 332 4718 hac
363 4664 640 4720 solemnes
682 4679 873 4736 preces
903 4679 1026 4720 cum
1080 4667 1334 4723 universo
1363 4668 1663 4725 aulicorum
1693 4679 1839 4726 emtu

231 4759 515 4815 recitabat.

807 4852 1034 4912 CAPUT
1073 4852 1260 4911 XVIII.

238 4959 383 5017 Diem
406 4962 738 5019 Dominicum
773 4975 820 5020 et
863 4976 1056 5022 sextam
1080 4969 1268 5040 feriam
1295 4966 1542 5022 honorari
1581 4969 1840 5041 prtecipit.

304 5079 459 5134 Diem
489 5095 618 5136 vero
651 5081 1052 5150 precationibus
1097 5098 1395 5155 congruum
1425 5083 1611 5141 haberi
1641 5086 1843 5142 consti-

244 5172 340 5225 tuit
388 5187 510 5227 eum
556 5174 646 5244 qui
681 5174 888 5244 primus
915 5185 998 5230 est
1024 5185 1080 5231 et
1108 5186 1268 5247 caput
1291 5189 1610 5234 caeterorum
1633 5219 1647 5245 ,
1671 5189 1724 5234 et
1749 5179 1841 5250 qui

236 5277 420 5320 revera
448 5264 755 5323 dominicus
776 5277 860 5323 est
885 5283 948 5324 ac
977 5269 1251 5324 salutaris.
1287 5270 1555 5326 Prteterea
1583 5271 1840 5327 diaconos

237 5367 290 5412 et
327 5359 436 5415 Deo
489 5373 837 5419 consecratos
883 5363 1192 5429 ministros,
1225 5365 1315 5434 qui
1347 5366 1470 5419 vitae
1499 5367 1760 5437 gravitate
1781 5375 1836 5422 et

238 5453 455 5526 reliquis
486 5457 775 5514 virtutibus
799 5460 974 5514 ornati
1004 5467 1208 5526 essent,
1243 5459 1408 5514 totius
1431 5459 1624 5515 domus
1653 5469 1836 5515 custo-

241 5547 334 5604 des
359 5551 646 5611 ordinavit.
677 5554 919 5625 Denique
951 5562 1286 5625 protectores
1314 5564 1370 5608 et
1394 5554 1682 5625 stipatores
1719 5553 1834 5621 ﬁdi,

241 5638 624 5700 benevolentia:
649 5658 704 5700 et
735 5645 859 5702 ﬁdei
903 5646 1069 5702 armis
1109 5647 1394 5715 instructi,
1451 5649 1832 5717 imperatorem

243 5730 413 5803 ipsum
445 5738 654 5807 pietatis
685 5741 996 5812 magistrum
1033 5740 1335 5806 habebant;
1364 5750 1420 5797 et
1454 5741 1746 5798 salutarem
1772 5756 1838 5797 ac

243 5826 574 5887 dominicum
629 5831 772 5888 diem
831 5833 1057 5904 perinde
1107 5835 1475 5904 honorabant;
1522 5850 1696 5907 eoque
1749 5834 1840 5893 die

528 5930 806 5991 Pnaoe.
839 5928 1011 5990 VIII.

1857 411 1904 472 Α
1937 413 2272 481 precationes
2321 413 2628 484 imperatori
2669 421 2851 485 gratas
2891 415 2956 471 ad
2989 416 3156 474 Deum
3215 419 3532 480 fundebant.

1942 506 2196 580 Ileliquos
2224 509 2383 563 etiam
2411 509 2666 563 mortales
2695 509 2761 563 ad
2793 509 2931 564 idem
2963 511 3262 569 iaciendum
3296 515 3539 574 incitavit

1938 600 2188 670 princeps
2225 600 2596 666 beatissimus;
2652 610 2839 671 utpote
2858 604 2946 675 qui
2975 604 3027 660 id
3057 607 3287 662 maxime
3321 610 3374 664 in
3402 612 3542 667 votis

1903 758 1908 764 ἤ
1937 693 2182 760 haberet,
2213 703 2271 750 ut
2299 696 2587 751 universos
2617 697 2864 753 homines
2892 701 3146 769 paulatim
3182 703 3273 758 Dei
3301 705 3541 764 cultores

1937 785 2197 842 efﬁceret.
2249 789 2422 858 Atque
2449 787 2520 843 ob
2543 787 2681 843 hanc
2704 803 2921 844 causam
2951 794 3161 848 cunctis
3187 794 3288 850 sub
3314 795 3543 865 imperio

1936 893 2162 935 romano
2207 879 2526 951 degentibus
2557 882 2814 951 praecepit
2835 925 2850 950 ,
2881 891 2940 938 ut
2969 885 3242 944 dominico
3272 889 3359 945 die
3381 889 3543 946 feria-

1939 982 2125 1029 rentur
2149 1017 2162 1038 ,
2214 984 2381 1046 utque
2409 975 2552 1031 diem
2584 976 2672 1046 qui
2705 986 2788 1032 est
2837 981 3008 1048 pridie
3052 982 3258 1038 sabbati
3298 987 3546 1043 similiter

1940 1065 2271 1123 honorarent
2293 1108 2309 1135 ,
2343 1069 2394 1123 in
2421 1070 2758 1138 memoriam,
2781 1079 2837 1124 ut
2857 1073 3089 1142 videtur,
3122 1093 3307 1133 earum
3361 1097 3542 1138 rerum

1939 1173 2058 1229 quae
2084 1175 2112 1213 a
2141 1161 2414 1216 communi
2445 1161 2682 1216 omnium
2711 1161 2999 1220 Servatore
3032 1167 3139 1224 illis
3166 1169 3353 1226 diebus
3378 1183 3544 1243 gestae

1939 1265 2060 1307 esse
2090 1252 2460 1322 perhibentur.
2511 1254 2680 1308 Porro
2733 1269 2856 1310 cum
2905 1260 3198 1316 exercitum
3228 1279 3444 1320 omnem
3476 1267 3543 1322 ad

1939 1346 2189 1401 salutaris
2217 1347 2345 1414 diei,
2369 1348 2457 1420 qui
2473 1349 2681 1405 Iucisac
2701 1356 2831 1410 solis
2847 1353 3150 1424 appellatur
3163 1358 3400 1423 nomine,
3417 1359 3545 1414 reli-

1938 1438 2146 1508 giosum
2178 1442 2380 1496 cultum
2413 1443 2749 1513 institueret,
2799 1447 2864 1502 iis
2900 1448 3118 1520 quidem
3145 1449 3236 1520 qui
3271 1451 3434 1507 ﬁdem
3463 1451 3546 1508 di-

1939 1532 2138 1587 vinitus
2168 1533 2479 1604 inspiratam
2509 1539 2746 1608 amplexi
2785 1552 2984 1609 erant,
3039 1545 3327 1600 exercendi
3369 1561 3430 1602 se
3478 1562 3547 1602 ex

1941 1641 2093 1682 more
2144 1628 2496 1701 institutoque
2537 1633 2796 1690 Ecclesiae
2828 1636 2920 1691 Dei
2950 1646 3162 1707 tempus
3187 1647 3348 1710 atque
3377 1641 3548 1696 otium

1942 1719 2198 1789 indulsit,
2236 1739 2341 1796 quo
2381 1724 2585 1797 absque
2622 1728 2731 1783 ullo
2772 1730 3158 1802 impedimento
3214 1733 3550 1790 orationibus

1825 1847 1836 1871 ε
1869 1810 1916 1870 Β
1945 1823 2218 1871 vacarent.

2537 1904 2780 1998 'CAPUT
2807 1941 2952 2000 XIX.

2020 2047 2288 2116 Quomodo
2337 2055 2489 2108 etiam
2524 2057 2736 2127 gentiles
2782 2060 2967 2115 milites
3006 2062 3180 2120 diebus
3212 2065 3480 2123 dominicis

2525 2163 2672 2203 orare
2709 2151 2960 2209 docuerit.

2017 2257 2260 2331 Reliquis
2291 2277 2419 2318 vero
2445 2263 2536 2335 qui
2567 2263 2764 2322 divina:
2806 2266 2928 2325 ﬁdei
2961 2269 3258 2330 doctrinam
3308 2276 3545 2333 nondum

1947 2364 2318 2424 susceperant,
2349 2357 2516 2412 altera
2572 2359 2686 2432 lege
2732 2367 2993 2435 prtecepit
3021 2377 3077 2422 ttt
3119 2369 3404 2428 dominicis
3434 2374 3550 2430 die-

1946 2444 2046 2501 bus
2073 2445 2125 2500 in
2149 2463 2397 2520 campum
2431 2466 2622 2522 purum
2674 2457 3052 2526 procederent,
3085 2471 3140 2518 et
3184 2467 3551 2533 precationem

1946 2555 2108 2608 quam
2153 2551 2311 2597 antea
2340 2542 2676 2616 didicissent,
2709 2549 2870 2604 simul
2900 2566 3091 2608 omnes
3127 2555 3280 2626 signo
3325 2558 3450 2613 dato
3479 2559 3552 2614 ad

1951 2629 2116 2686 Deum
2151 2632 2456 2690 funderent.
2501 2637 2685 2710 Neque
2734 2642 2876 2695 enim
2928 2643 3096 2700 hastis
3151 2656 3204 2702 et
3249 2661 3550 2716 armatura,

1949 2739 2050 2780 nec
2097 2727 2340 2796 corporis
2379 2728 2584 2786 viribus
2643 2733 2917 2790 conﬁdere
2969 2752 3062 2791 eos
3110 2749 3399 2808 eportere.
3455 2743 3553 2799 sed

1950 2830 2216 2873 summum
2240 2820 2480 2875 omnium
2509 2813 2698 2889 Deum,
2724 2838 2999 2884 auctorem
3028 2830 3290 2888 bonorum
3309 2837 3551 2892 omnium

1947 2909 2224 2982 ipsiusque
2269 2912 2404 2968 adeo
2452 2913 2692 2971 victoria:
2737 2922 3138 2990 agnoscendum
3191 2940 3346 2992 esse,
3391 2928 3551 3000 eique

1951 3002 2222 3060 solemnes
2251 3021 2437 3075 preces
2462 3011 2694 3078 persolvi
2719 3010 2940 3082 debere,
2970 3017 3218 3073 manibus
3243 3020 3460 3090 quidem
3495 3023 3549 3077 in

1950 3093 2145 3150 caelum
2180 3097 2440 3162 sublatis,
2473 3102 2668 3156 mentis
2685 3113 2863 3159 autem
2885 3106 3056 3162 oculis
3081 3108 3238 3164 altius
3267 3110 3334 3166 ad
3372 3113 3548 3184 ipsum

1869 3208 1915 3271 ρ
1952 3202 2121 3258 usque
2145 3190 2269 3245 ρωιί
2316 3206 2495 3262 regem
2541 3197 2734 3252 erectis
2762 3213 2778 3263 ;
2812 3198 2955 3255 hunc
2984 3201 3221 3258 victoria:
3247 3215 3548 3274 auctorem,

1948 3278 2092 3335 hunc
2111 3293 2438 3340 servatorem
2461 3287 2848 3362 custodemque
2868 3304 2922 3348 et
2949 3294 3250 3364 adjutorem
3295 3300 3553 3358 invocare

1948 3371 2000 3426 in
2031 3374 2428 3442 precationibus
2461 3394 2556 3433 eos
2582 3379 2802 3437 debere.
2857 3383 2976 3455 Ipse
3026 3403 3188 3458 porro
3219 3395 3548 3462 precationis

1947 3463 2179 3521 formam
2221 3470 2430 3524 cunctis
2474 3471 2737 3529 militibus
2766 3475 3006 3546 tradidit,
3032 3479 3229 3549 jubens
3273 3494 3330 3539 ut
3373 3485 3542 3542 latino

1946 3571 2200 3616 sermone
2229 3575 2416 3618 omnes
2445 3566 2856 3634 pronuntiarent
2879 3569 2948 3626 ad
2979 3571 3121 3630 hunc
3148 3575 3390 3634 modum.

2558 3704 2785 3763 CAPUT
2821 3707 2943 3764 XX.

2020 3790 2214 3848 Forma
2235 3795 2540 3864 precationis
2562 3815 2594 3852 a
2615 3797 2953 3859 Constantino
2980 3805 3228 3864 militibus
3244 3811 3454 3867 tradita.
3514 3813 3552 3822 ”

2017 3901 2095 3961 Te
2139 3906 2314 3962 solum
2359 3909 2702 3980 agnoscimus
2733 3912 2936 3982 Deum;
2990 3925 3042 3974 te
3085 3918 3286 3991 Regem
3317 3924 3540 3993 proﬁte-

1946 4012 2099 4062 mur;
2131 4007 2181 4053 te
2202 3999 2502 4070 adjutorem
2531 4003 2864 4062 invocamus.
2899 4007 2999 4064 Tui
3022 4013 3262 4068 muneris
3284 4027 3366 4069 est
3397 4019 3542 4086 quod

1945 4091 2198 4148 victorias
2227 4095 2528 4164 retulimus,
2560 4102 2703 4170 quod
2757 4102 2944 4159 hostes
3000 4109 3393 4178 superavimus.
3425 4110 3548 4168 Tibi

1945 4183 2014 4239 ob
2040 4187 2310 4257 praeterita
2329 4189 2440 4254 jam
2472 4191 2610 4246 bona
2632 4194 2832 4263 gratias
2871 4197 3079 4268 agimus
3099 4242 3114 4267 ,
3143 4213 3197 4256 et
3224 4199 3399 4257 futura
3429 4220 3457 4256 a
3497 4215 3552 4261 te

1944 4292 2246 4348 speramus.
2289 4279 2406 4337 Tibi
2437 4298 2628 4339 omnes
2679 4289 3062 4358 supplicamus,
3097 4303 3260 4364 utque
3311 4296 3548 4365 impera-

1944 4376 2114 4425 torem
2142 4381 2385 4427 nostrutn
2411 4371 2849 4447 Constantinum,
2874 4398 2979 4436 una
3002 4398 3121 4438 cum
3146 4386 3399 4455 piissimis
3427 4389 3547 4458 ejus

1943 4459 2127 4518 liberis
2155 4462 2480 4522 incolumem
2509 4477 2564 4523 et
2588 4469 2848 4527 victorem
2887 4474 3188 4533 diutissime
3235 4480 3390 4536 nobis
3429 4496 3547 4537 ser-

1941 4570 2058 4624 ves,
2082 4573 2350 4629 rogamus.
2402 4560 2527 4617 llaec
2555 4563 2643 4619 die
2671 4565 2803 4620 solis
2857 4582 2887 4621 a
2937 4569 3257 4627 militaribus
3306 4575 3546 4632 numeris

1863 4617 1919 4679 D
1945 4647 2084 4718 ﬁeri,
2114 4659 2168 4706 et
2194 4650 2309 4708 haec
2334 4652 2497 4710 verba
2537 4655 2679 4712 inter
2729 4659 3059 4729 precandum
3111 4664 3176 4720 ab
3217 4664 3281 4721 iis
3313 4667 3545 4737 proferri

1941 4746 2221 4818 praecepit.

2524 4830 2752 4889 CAPUT
2793 4833 2936 4890 XXI.

2015 4918 2086 4974 In
2103 4921 2262 4976 armis
2287 4923 2509 4978 militum
2527 4925 2734 4998 signum
2763 4929 3031 4988 dominica:
3054 4935 3222 4990 crucis
3251 4937 3470 5008 exprimi
3539 4974 3546 5008 ,

2651 5019 2820 5092 jubet.

2015 5137 2154 5206 Quin
2181 5139 2341 5195 etiam
2372 5139 2424 5194 in
2455 5138 2586 5209 ipsis
2610 5141 2776 5195 armis
2807 5141 3058 5200 salutaris
3094 5150 3282 5220 treprei
3328 5153 3542 5224 signum

1938 5228 2102 5301 jussit
2126 5231 2326 5303 efﬁngi.
2349 5231 2524 5303 thue
2544 5241 2670 5288 ante
2696 5234 3014 5292 instructum
3031 5240 3196 5297 armis
3217 5245 3542 5315 exercitum,

1943 5337 2052 5377 non
2082 5338 2242 5378 aurea
2267 5324 2418 5395 signa
2448 5334 2503 5380 et
2542 5325 2855 5396 simulacra,
2889 5341 2946 5384 ut
2991 5342 3148 5389 antea
3204 5338 3371 5392 moris
3398 5346 3540 5409 erat,

1941 5415 2036 5470 sed
2069 5415 2240 5471 solum
2263 5415 2438 5472 crucis
2470 5427 2730 5487 tropaeum
2774 5420 3139 5494 praeferretur,
3172 5428 3466 5485 mandavit.
3539 5496 3546 5503 ι

2526 5533 2756 5590 CAPUT
2788 5535 2954 5593 XXII.

2123 5627 2370 5682 Studium
2394 5627 2639 5700 precandi
2667 5638 2714 5683 et
2738 5632 2906 5685 cultus
2937 5631 3052 5699 [esti
3079 5637 3356 5706 pass/talis.

2016 5741 2137 5814 Ipse
2166 5758 2296 5798 vero
2322 5753 2506 5814 utpote
2529 5759 2805 5803 sacrorum
2833 5749 3212 5818 mysteriorum
3253 5761 3544 5833 particeps,

1945 5835 2000 5892 in
2047 5837 2250 5894 intimis
2304 5837 2487 5908 palatii
2539 5837 2625 5894 sui
2673 5839 3038 5911 penetralibus
3093 5848 3334 5918 quotidie
3394 5857 3550 5912 statis

3218 6016 3221 6018 _
3266 5949 3306 6010 3
