3982 6302
439 314 511 375 75
1757 304 2027 368 EUSEBII
2074 305 2401 368 PAMPHILI
3672 310 3746 375 76

432 431 584 489 horis
610 441 734 486 sese
761 425 1064 495 includens,
1096 422 1321 482 remotis
1342 423 1557 481 arbitris
1582 424 1730 480 solus
1758 439 1882 481 cum
1915 425 2031 481 solo
2057 431 2111 491 Α
2135 427 2330 482 stitiosi
2363 426 2608 485 homines
2658 428 3037 487 existimabant
3075 428 3261 488 Nilum.
3302 432 3531 503 posthac
3587 448 3741 491 more

431 526 840 598 colloqucbatur
870 522 1016 587 Deo;
1040 526 1097 575 et
1123 517 1177 574 in
1207 532 1379 590 genua
1406 518 1739 589 provolutus,
1800 531 1862 573 ea
1916 518 2036 589 qui-

430 622 538 679 bus
565 635 701 691 opus
723 618 950 675 haberet
974 612 1203 686 supplici
1238 628 1395 684 prece
1425 611 1751 683 postulabat.
1801 611 1861 666 In
1904 611 2038 682 ipsis

430 724 615 771 autem
645 712 934 770 salutiferas
958 709 1266 767 festivitatis
1288 708 1497 775 diebus,
1528 706 1828 779 disciplinae
1874 717 2036 779 atque

432 809 880 870 exercitationum
908 808 1149 881 vigorem
1178 805 1484 871 intendens,
1517 804 1726 860 cunctis
1774 803 1942 859 animi
1983 810 2039 859 et

432 907 679 980 corporis
731 905 939 962 viribus
984 902 1225 959 collectis
1251 944 1264 967 ,
1316 898 1587 971 pontiﬁcis
1642 908 1804 971 atque
1852 897 2038 954 hiero-

435 1000 657 1074 phanta:
687 1009 911 1055 munere
945 994 1290 1067 fungebatur.
1324 993 1391 1049 Et
1438 993 1553 1063 ipse
1578 992 1794 1065 quidem
1825 990 2040 1049 caeteris

436 1094 693 1152 omnibus
742 1091 976 1165 przeibat
1022 1087 1091 1144 ad
1142 1086 1264 1144 festi
1316 1084 1761 1144 celebrationem.
1812 1083 2039 1142 Sacram

439 1202 624 1248 autem
649 1188 888 1263 vigiliam
912 1189 968 1245 in
1002 1182 1249 1243 diurnum
1278 1181 1626 1258 splendorem
1666 1187 2030 1247 converterat,

438 1284 688 1342 accensis
739 1291 847 1339 tota
894 1280 1032 1337 urbe
1088 1292 1372 1336 cereorum
1404 1274 1724 1350 quibusdam
1770 1271 2040 1330 columnis

441 1391 542 1450 per
559 1390 655 1433 eos
683 1374 875 1447 quibus
900 1372 954 1430 id
999 1371 1181 1443 Operis
1210 1380 1329 1428 erat
1373 1370 1692 1444 iniunctum.
1737 1365 2042 1437 Lampados

439 1483 655 1542 quoque
709 1481 954 1523 accensa:
1003 1474 1194 1523 cuncta
1250 1465 1450 1535 passim
1504 1464 1625 1520 loca
1666 1461 2041 1529 illustrabant;

442 1563 581 1620 adeo
603 1572 663 1619 ut
702 1561 824 1618 haec
864 1560 1092 1633 mystica
1136 1558 1319 1631 vigilia
1365 1556 1554 1631 quovis
1583 1554 1670 1613 vel
1716 1553 2044 1627 splendidis-

444 1657 585 1711 simo
611 1654 699 1711 die
724 1651 1054 1727 splendidior
1082 1649 1421 1709 redderetur.
1451 1648 1626 1707 Simul
1656 1661 1789 1705 vero
1826 1662 1891 1703 ac
1924 1646 2044 1704 dies

437 1747 731 1814 illexerat,
780 1745 1082 1804 Servatoris
1130 1744 1302 1800 nostri
1364 1741 1777 1801 beneﬁcentiam
1838 1740 2043 1797 imitari

2141 520 2301 575 solito
2343 534 2502 592 agros
2528 535 2655 578 suos
2702 522 2922 580 minime
2981 523 3347 597 irrigaturum,
3393 526 3743 597 imperatoris

2145 611 2250 681 legi
2302 613 2482 669 favens
2508 614 2669 683 Deus,
2697 617 3023 672 contrarium
3070 632 3294 688 prorsus
3344 633 3503 690 quam
3557 634 3744 691 spera-

2139 713 2332 761 verant
2356 709 2629 777 praestitit.
2656 706 2791 764 Nam
2821 710 2903 765 illi
2934 711 3155 783 quidem
3197 712 3291 784 qui
3316 714 3481 770 urbes
3525 710 3745 770 obsum-

2138 799 2311 855 nitate
2352 813 2448 855 sua
2498 801 2807 871 polluebant
2852 816 2975 860 esse
3016 803 3315 861 desierunt.
3387 804 3509 878 ipse
3560 814 3744 863 autem

2142 892 2362 963 ﬂuvius,
2390 896 2550 967 quasi
2576 898 2790 968 expiata
2817 906 3147 971 purgataque
3174 900 3279 972 ipsi
3329 909 3440 957 tota
3495 900 3740 973 regione,

2140 987 2363 1044 uberior
2408 1003 2571 1060 quam
2620 1004 2858 1062 unquam
2909 1001 3069 1049 antea
3118 992 3367 1060 aﬂuxit,
3411 1002 3466 1051 et
3511 994 3747 1066 largiore

2140 1097 2404 1154 aquarum
2451 1084 2605 1154 copia
2652 1085 2958 1154 exundans,
3010 1101 3172 1159 agros
3221 1102 3418 1145 omnes
3467 1088 3741 1161 irrigavit:

2143 1176 2340 1233 stultos
2366 1174 2612 1235 homines
2650 1178 2829 1250 reipsa
2857 1178 3059 1236 docens
3087 1189 3249 1253 atque
3290 1181 3612 1252 admonens,
3640 1181 3748 1238 im-

2145 1284 2308 1341 puros
2350 1270 2569 1342 quidem
2622 1273 2861 1329 aversari
2908 1283 3196 1345 oportere;
3251 1276 3351 1333 soli
3396 1285 3581 1335 autem
3629 1277 3747 1334 Deo

2144 1361 2387 1417 omnium
2459 1361 2724 1421 bonorum
2787 1366 2996 1423 auctori
3058 1378 3349 1440 prosperos
3410 1383 3573 1427 casus
3616 1383 3749 1428 esse

2146 1453 2553 1513 adscribendos.

2714 1590 2947 1653 CAPUT
2984 1593 3179 1654 XXV].

2150 1770 2163 1779 ,
2183 1706 2440 1765 Correctio
2468 1709 2592 1783 legis
2611 1709 2854 1768 adversus
2876 1712 3048 1783 orbos,
3070 1722 3116 1769 et
3144 1713 3269 1787 legis
3298 1714 3362 1770 de
3387 1716 3719 1773 testamentis.

444 1840 688 1906 studens,
738 1838 1003 1895 universis
1051 1837 1317 1909 gentibus,
1371 1835 1659 1907 provinciis
1710 1848 1774 1891 ac
1827 1831 2041 1906 pepulls
2069 1837 2118 1901 Β
2223 1824 2422 1884 Verum
2442 1827 3207 1901 enimverocumhnjusmodi
3237 1845 3328 1888 res
3348 1824 3754 1913 peneinnume-

441 1932 648 2004 largam
697 1946 917 1987 manum
971 1928 1308 2001 porrigebat;
1354 1926 1765 2001 opulentissima
1829 1925 2041 1984 donans

445 2027 699 2085 omnibus
724 2039 973 2083 munera.

1015 2115 1242 2177 CAPUT
1286 2111 1477 2173 XXIII.

444 2202 716 2283 Quomodo
739 2214 994 2271 idolorum
1011 2212 1208 2268 cultum
1238 2208 1521 2282 prohibuit,
1554 2217 1844 2281 martyrum
1868 2213 2044 2262 autem

1025 2305 1157 2377 festa
1178 2303 1466 2360 honoravit.

514 2420 631 2481 Hoc
672 2421 837 2496 igitur
889 2420 1051 2477 modo
1097 2420 1214 2492 ipse
1262 2418 1378 2475 Deo
1432 2431 1533 2474 suo
1583 2430 1736 2473 sacra
1788 2412 2039 2473 faciebat.

444 2513 713 2573 Cancrum
758 2512 966 2570 cunctis
1000 2509 1103 2568 sub
1148 2524 1374 2566 romano
1422 2507 1650 2579 imperio
1699 2505 2041 2579 degentibus,

446 2616 557 2666 tam
580 2608 772 2680 plebiis
785 2623 943 2680 quam
966 2605 1249 2673 militibus,
1271 2604 1500 2661 occlusae
1525 2611 1681 2660 erant
1700 2600 1850 2660 fores
1865 2600 2044 2657 cultus

440 2699 877 2766 simulacrorum,
903 2706 960 2755 et
983 2695 1212 2769 quodvis
1240 2695 1627 2752 sacriﬁciorum
1655 2706 1828 2766 genus
1877 2692 2045 2749 inter-

439 2792 666 2851 dictum.
698 2791 858 2849 Missa
885 2806 1101 2864 quoque
1143 2789 1230 2847 lex
1259 2799 1343 2845 est
1385 2787 1453 2844 ad
1504 2785 1769 2859 prmities
1810 2785 2044 2857 provin-

442 2888 671 2954 ciarum,
705 2895 762 2945 ut
783 2886 926 2942 diem
955 2883 1287 2940 dominicum
1310 2882 1474 2939 etiam
1501 2880 1605 2951 ipsi
1630 2887 2041 2937 venerarentur.

442 2977 613 3037 Iidem
643 2977 810 3035 festos
840 2984 1138 3049 martyrum
1161 2974 1279 3033 dies
1298 2974 1457 3047 jussu
1488 2971 1748 3045 principis
1790 2972 2047 3030 observa-

447 3073 594 3139 bant,
618 3082 673 3127 et
700 3067 1187 3127 ecclesiasticarum
1214 3066 1564 3123 festivitatem
1592 3074 1839 3136 tempora
1861 3062 2047 3121 debito

441 3164 649 3222 honore
668 3162 1157 3236 prosequebantur.
1186 3159 1316 3228 Qua:
1353 3159 1574 3232 quidem
1620 3156 1803 3215 omnia
1830 3170 2046 3218 summo

438 3275 562 3319 cum
583 3257 927 3330 imperatoris
944 3246 1338 3330 peragebantur
1351 3252 1572 3326 gaudio.

980 3370 1210 3430 CAPUT
1239 3369 1440 3428 XXIV.

428 3469 588 3539 Quod
640 3485 811 3526 rerum
858 3476 1191 3525 memorant
1232 3466 1389 3538 quasi
1442 3464 1742 3539 episcopum
1808 3478 1869 3518 se
1930 3474 2040 3517 esse

1186 3560 1274 3614 ω

452 3706 457 3711 ε
514 3677 776 3747 Quocirca
806 3692 914 3735 non
972 3676 1226 3747 absurde,
1254 3691 1378 3734 cum
1416 3676 1702 3747 episcOpos
1754 3670 2042 3745 aliquando

440 3773 688 3830 convivio
716 3774 1008 3845 exciperet,
1035 3787 1095 3828 se
1120 3784 1335 3843 quoque
1365 3770 1677 3842 episcopum
1720 3781 1845 3823 esse
1882 3765 2039 3832 dixit,

440 3867 526 3924 his
551 3866 663 3923 fere
688 3864 865 3922 verbis
894 3880 1019 3921 usus
1058 3863 1214 3921 nobis
1242 3860 1617 3936 praesentibus.
1651 3859 1760 3915 Vos
1798 3856 2041 3931 quidem,

439 3957 661 4033 inquit,
716 3958 770 4015 in
819 3957 884 4014 iis
931 3972 1050 4029 quae
1094 3956 1234 4012 intra
1288 3954 1584 4010 Ecclesium
1629 3962 1753 4008 sunt
1803 3949 2043 4021 episcopi

438 4054 570 4109 estis
588 4093 603 4120 ,
631 4066 734 4124 ego
766 4066 895 4107 vero
918 4049 971 4106 in
1023 4049 1089 4106 iis
1116 4065 1238 4122 qua:
1262 4057 1414 4103 extra
1461 4057 1722 4119 geruntur
1751 4044 2040 4117 episcopus

435 4158 468 4202 a
498 4146 608 4203 Deo
628 4163 748 4203 sum
773 4145 1118 4202 constitutus.
1148 4145 1335 4216 Itaque
1362 4143 1588 4200 consilia
1634 4141 1854 4213 capiens
1882 4136 2042 4193 dictis

433 4244 806 4313 congruentia,
829 4255 1020 4296 omnes
1046 4239 1272 4310 imperio
1304 4254 1402 4295 suo
1432 4236 1705 4307 subjectos
1749 4229 2043 4304 episcopali

437 4333 806 4389 sollicitudine
860 4332 1230 4406 gubernabat;
1281 4340 1338 4388 et
1386 4330 1813 4401 quibuscumque
1865 4322 2042 4379 modis

437 4435 669 4498 poterat,
721 4435 780 4482 ut
823 4441 1010 4483 veram
1064 4425 1319 4499 pietatem
1375 4428 1856 4487 consectarentur,
1911 4414 2045 4473 inci-

439 4519 605 4576 tabat.

1012 4602 1247 4668 CAPUT
1270 4606 1441 4665 XXV.

440 4707 518 4764 De
567 4703 909 4777 prohibitione
949 4703 1323 4771 sacriﬁciorum
1371 4711 1417 4758 et
1464 4700 1833 4767 initiationum,
1892 4708 1937 4756 et
1976 4699 2039 4755 de

508 4798 713 4853 abolitis
760 4796 1128 4868 gladiatoribus
1174 4805 1220 4851 et
1249 4794 1467 4867 impuris
1509 4794 1853 4850 sacerdotibus
1901 4782 2034 4848 Nili.

508 4916 645 4973 Hinc
666 4921 756 4971 est
796 4913 942 4985 quod
990 4913 1199 4971 crebris
1226 4912 1437 4984 legibus
1459 4922 1520 4969 et
1565 4910 2039 4969 constitutionibus

439 5009 719 5067 interdixit
755 5008 1026 5075 omnibus,
1077 5023 1146 5064 ne
1192 5007 1499 5065 simulacris
1538 5006 1936 5073 sacriﬁcarent;
1971 5021 2038 5061 ne

437 5112 587 5158 vates
608 5102 819 5156 curiose
849 5099 1225 5167 consulerent;
1255 5114 1389 5157 neve
1412 5098 1705 5157 simulacra
1728 5097 2034 5170 erigerent,

435 5206 525 5250 ant
553 5210 745 5249 arcana
775 5209 925 5248 sacra
954 5203 1313 5267 peragerent;
1371 5201 1647 5264 postremo
1693 5208 1760 5248 ne
1794 5190 2037 5248 cruentis

434 5287 787 5361 gladiatorum
818 5287 1139 5358 spectaculis
1190 5284 1350 5342 urbes
1378 5287 1829 5343 contaminarent.
1870 5279 2034 5339 Cum;

434 5398 537 5453 que
564 5380 802 5455 Egyptii
831 5391 885 5438 et
912 5379 1261 5438 Alexandrini
1284 5381 1504 5436 ﬂuvium
1526 5396 1682 5435 suum
1731 5378 2034 5435 ministerio

431 5476 789 5547 quorumdam
820 5473 1098 5530 hominum
1124 5472 1555 5530 eﬁ'eminatorum
1585 5473 1767 5529 colere
1797 5487 2035 5527 consue-

436 5572 657 5635 ris-sent,
689 5570 775 5625 lex
805 5584 1021 5640 quoque
1047 5567 1115 5622 ad
1145 5582 1238 5623 eos
1264 5567 1388 5623 data
1410 5577 1511 5635 est,
1533 5577 1589 5623 ut
1615 5568 1790 5623 omnis
1817 5567 2033 5622 Andro.

430 5674 696 5731 gynorum
727 5663 874 5717 natio
929 5670 1180 5732 tanquam
1234 5659 1537 5716 adulterina
1588 5676 1619 5717 e
1668 5660 1845 5716 medio
1875 5662 2031 5717 tolle-

2156 1918 2353 1977 rabiles
2399 1922 2455 1976 in
2509 1921 2735 1994 singulis
2784 1922 3074 1992 provinciis
3115 1923 3185 1980 ab
3238 1924 3561 1995 imperatore
3582 1935 3758 1997 gesta:

2146 2013 2278 2083 sint,
2307 2013 2636 2088 quicumque
2660 2030 2754 2073 cas
2784 2016 3050 2074 curiosius
3070 2016 3308 2074 scribere
3335 2018 3577 2090 aggressi
3624 2016 3753 2075 me-

2145 2107 2277 2177 rint,
2351 2107 2739 2180 amplissimam
2811 2117 2961 2166 ccrte
2988 2109 3268 2167 materiam
3310 2108 3542 2169 habituri
3604 2117 3759 2167 sunt.

2144 2201 2461 2275 Cujusmodi
2517 2211 2601 2260 est
2654 2202 2801 2276 quod
2842 2203 3106 2277 plurimas
3168 2202 3317 2276 leges
3370 2202 3439 2261 ad
3489 2202 3758 2274 majorem

2145 2295 2485 2354 sanctitatem
2511 2297 2822 2364 traducens,
2842 2312 2942 2368 pro
2970 2296 3205 2369 antiquis
3225 2312 3395 2354 novas
3418 2295 3566 2354 fecit.
3580 2297 3764 2368 Atque

2143 2388 2304 2462 hujus
2345 2390 2422 2446 rei
2443 2389 2618 2447 forma
2662 2405 2769 2446 uno
2797 2402 2890 2446 aut
2943 2391 3114 2446 altero
3172 2390 3422 2461 exemplo
3484 2389 3764 2448 declarari

2146 2490 2347 2555 potest.
2405 2480 2581 2540 Orbos
2652 2483 2887 2554 antiquae
2959 2482 3104 2554 leges
3150 2482 3481 2541 hmreditatis
3533 2492 3756 2554 patrum

2145 2577 2491 2648 ademptione
2516 2576 2840 2649 plectebant.
2895 2576 3134 2649 Eratque
3162 2577 3248 2635 lex
3277 2575 3395 2634 haec
3439 2592 3573 2635 sane
3607 2585 3767 2633 atro-
3865 2632 3871 2637 .

2145 2673 2397 2740 cissima;
2426 2672 2627 2746 quippe
2656 2687 2778 2744 quae
2812 2670 3059 2729 homines
3084 2671 3269 2729 liberis
3296 2671 3610 2739 destitutos,
3642 2680 3769 2731 tan-

2147 2779 2307 2836 quam
2332 2764 2560 2835 alicujus
2586 2764 2830 2820 criminis
2881 2779 3028 2832 reos,
3073 2778 3233 2835 pmua
3259 2762 3537 2831 afﬁceret;
3588 2761 3769 2836 impe-

2149 2870 2297 2916 rator
2322 2875 2472 2927 vero,
2505 2860 2606 2915 hoc
2635 2860 2893 2931 abrogato
2910 2860 3055 2930 jure,
3084 2867 3328 2916 sanctam
3354 2874 3418 2915 ac
3446 2859 3764 2933 religiosam

2148 2955 2320 3026 legem
2349 2954 2491 3011 tulit.
2535 2954 2643 3010 Eos
2681 2955 2825 3011 enim
2867 2953 2961 3025 qui
3013 2962 3210 3027 sponte
3255 2968 3319 3008 ac
3369 2952 3547 3009 dedita
3579 2970 3755 3025 opera

2153 3058 2441 3123 peccarent
2464 3063 2704 3121 congruo
2731 3048 3000 3120 supplicio
3027 3046 3339 3103 alliciendos
3385 3062 3507 3103 esse
3547 3048 3756 3105 aiebat.

2151 3144 2221 3198 At
2258 3157 2385 3198 vero
2414 3141 2595 3198 mu‘ltis
2638 3148 2828 3197 natura
2873 3141 3077 3197 liberos
3122 3139 3440 3211 denegavit;
3489 3141 3580 3212 qui
3633 3157 3768 3198 cum

2072 3243 2120 3309 ρ
2151 3250 2493 3292 numerosam
2522 3234 2763 3291 sobolem
2789 3233 2889 3289 sibi
2929 3242 3231 3304 optassent,
3288 3243 3471 3288 tamen
3519 3232 3591 3288 ob
3634 3248 3767 3289 cor-

2149 3328 2296 3401 poris
2323 3327 2690 3384 inﬁrmitatem
2721 3326 2906 3382 liberis
2932 3334 3244 3381 caruerunt.
3276 3324 3379 3380 Alii
3399 3325 3520 3381 sine
3563 3323 3762 3383 liberis

2138 3420 2268 3476 ideo
2295 3419 2565 3487 vixerunt,
2598 3434 2704 3474 non
2748 3417 2892 3489 quod
2928 3431 3272 3474 successores
3298 3417 3506 3473 habere
3548 3417 3764 3477 liberos

2070 3554 2074 3558 ρ
2140 3513 2368 3579 nollent,
2399 3513 2497 3569 sed
2524 3512 2669 3584 quod
2700 3511 3028 3568 muliebrem
3054 3512 3304 3581 copulam
3328 3519 3714 3568 aversarentur
3737 3554 3757 3580 ,

2138 3617 2255 3679 prie
2279 3606 2661 3665 ardentissimo
2686 3620 2873 3662 amore
2900 3606 3257 3677 philosophiae
3283 3605 3337 3661 id
3392 3607 3750 3662 continentiae

2144 3713 2316 3770 genus
2372 3698 2628 3770 amplexi.
2682 3698 2863 3753 Multae
2929 3706 3193 3766 prmterea
3248 3698 3501 3754 mulieres
3560 3698 3759 3756 divino

2144 3794 2312 3850 cultui
2340 3803 2694 3860 consecratae,
2718 3792 3025 3850 castitatem
3054 3800 3224 3864 atque
3245 3793 3610 3850 omnimodam
3643 3794 3765 3850 vir-

2144 3890 2421 3963 ginitatem
2446 3889 2766 3953 coluerunt;
2790 3896 2848 3944 et
2872 3897 2982 3944 tam
3010 3888 3224 3944 animos
3242 3901 3378 3943 suos
3414 3902 3582 3959 quam
3623 3902 3760 3943 coro

2148 3999 2277 4053 pora
2325 3981 2625 4053 purissima:
2648 3996 2713 4037 ac
2741 3981 3098 4037 sanctissime
3115 3979 3242 4036 vita:
3276 3981 3754 4051 mancipaverunt.

2144 4077 2283 4148 Quid
2308 4076 2478 4150 ergo?
2499 4087 2676 4133 utrum
2699 4075 2805 4132 hoc
2833 4074 3118 4146 supplicio,
3161 4092 3230 4132 an
3278 4075 3458 4148 potius
3512 4074 3759 4131 admira—

2146 4171 2293 4228 tione
2317 4180 2375 4227 et
2404 4171 2797 4243 approbatione
2840 4168 3063 4241 dignum
3104 4168 3291 4225 haberi
3332 4168 3617 4238 oportuit?
3659 4168 3762 4226 Et-

2144 4269 2288 4323 enim
2342 4263 2500 4336 hujus
2549 4264 2626 4320 rei
2676 4262 2763 4319 vel
2792 4270 3019 4320 conatns
3048 4263 3164 4334 ipse
3189 4261 3481 4319 maximam
3532 4260 3758 4318 laudem

2145 4364 2421 4415 moretur:
2452 4354 2677 4413 eﬁ'ectus
2699 4370 2827 4413 vero
2880 4366 3088 4412 naturae
3124 4355 3376 4411 humana:
3416 4355 3560 4412 vires
3585 4369 3758 4412 exce-

2144 4451 2244 4509 dit.
2275 4452 2384 4509 Eos
2414 4450 2574 4523 igitur
2602 4450 2795 4522 quibus
2814 4449 3080 4507 naturalis
3108 4448 3417 4518 inﬁrmitas,
3471 4448 3597 4505 licet
3636 4465 3759 4506 ma-

2147 4545 2292 4601 xime
2338 4543 2701 4616 cupientibus,
2750 4542 2952 4600 liberos
3022 4541 3329 4615 denegavit,
3403 4541 3759 4599 miseratione

2063 4644 2119 4707 1)
2144 4639 2394 4713 prosequi
2427 4638 2603 4708 potius
2631 4652 2789 4708 quam
2815 4651 2973 4710 pcena
2998 4635 3219 4694 afﬁcere
3257 4636 3435 4693 decet.
3467 4635 3570 4706 Qui
3618 4651 3757 4692 vero

2146 4729 2476 4787 sublimioris
2494 4730 2849 4801 philosophiae
2885 4746 3069 4785 amore
3085 4729 3319 4796 ducitur,
3335 4730 3380 4785 is
3395 4744 3502 4784 non
3526 4729 3753 4799 mulcta,

2145 4822 2240 4879 sed
2268 4822 2627 4899 admiratione
2648 4823 2889 4880 omnium
2917 4822 3109 4895 dignus
3137 4832 3239 4879 est.
3260 4821 3340 4878 Ad
3368 4823 3510 4878 hunc
3530 4821 3756 4878 modum

2145 4917 2439 4988 imperator
2460 4931 2672 4972 summa
2694 4932 2817 4972 cum
2843 4917 3096 4989 aequitate
3117 4914 3289 4986 legem
3320 4914 3465 4970 illam
3488 4914 3751 4971 correxit.

2147 5006 2415 5065 Praeterea
2444 5009 2902 5080 antiquislegihus~
2928 5018 3138 5063 cautum
3170 5006 3361 5075 fuerat,
3412 5018 3470 5062 ut
3511 5006 3753 5062 morien-

2136 5109 2228 5156 tes
2254 5109 2307 5157 et
2324 5099 2595 5168 ultimum,
2619 5112 2680 5156 ut
2708 5102 2778 5156 ita
2795 5101 2993 5165 dicam,
3018 5100 3275 5156 ducentes
3291 5098 3569 5170 spiritum,
3584 5101 3752 5156 certis

2132 5193 2462 5262 quibusdam
2494 5193 2673 5250 verbis
2710 5203 3034 5250 testamenta
3085 5194 3400 5265 scrupulose
3449 5208 3752 5263 compone-

2142 5295 2295 5353 rent;
2324 5288 2759 5359 praescriptaeque
2786 5296 2938 5343 erant
2973 5287 3219 5343 formulae
3259 5296 3312 5342 et
3349 5288 3747 5353 solemnitates,

2140 5394 2207 5435 ac
2236 5381 2395 5436 verba
2422 5396 2545 5452 qum
2573 5380 2696 5437 addi
2722 5381 3115 5451 Oporteret.Ex
3133 5394 3239 5453 quo
3258 5380 3500 5452 plurimm
3531 5379 3748 5437 fraudes

2141 5471 2564 5529 admittebantur
2638 5472 2705 5529 ad
2780 5473 3326 5530 circnmscribendatn
3400 5472 3744 5529 morientium

2136 5565 2490 5623 voluntatem.
2541 5564 2695 5635 Quod
2725 5566 3022 5637 imperator
3072 5580 3196 5623 eum
3246 5564 3741 5632 animadvertisset,

2132 5657 2278 5716 hanc
2338 5661 2501 5716 etim
2554 5660 2723 5731 legem
2768 5660 3115 5729 emendavit;
3168 5669 3413 5716 statuens
3465 5670 3527 5716 ut
3583 5660 3742 5716 nudis

426 5760 607 5818 retur;
642 5769 740 5809 nec
767 5766 991 5824 usquam
1030 5750 1478 5823 conspicerentur
1498 5753 1538 5808 ii
1588 5752 1678 5824 qui
1722 5752 2031 5823 huiusmodi
2135 5754 2315 5809 verbis
2338 5754 3058 5826 etqualicumqne‘oratione
3087 5763 3469 5811 testamentum
3498 5753 3736 5811 condere

420 5844 776 5912 impudicitia:
799 5843 986 5902 morbo
1011 5843 1370 5902 iabornssent.
1400 5843 1510 5903 Sed
1540 5845 1797 5917 quaniam
1841 5858 2030 5918 super-

2126 5849 2714 5918 moriemibusliceret,
2748 5859 2802 5906 et
2823 5864 3128 5921 supremam
3175 5849 3502 5907 voluntatem
3543 5847 3736 5920 quovis
