3982 6302
460 338 536 404 79
1785 329 2055 394 EUSEBII
2090 328 2410 392 PAMPIIILI
3686 335 3750 397 an

456 460 661 514 statuat
686 450 915 525 quisque
941 457 1102 522 prout
1126 447 1420 508 videbitur.
1455 447 1585 507 Mihi
1628 448 1844 506 interim
1888 448 1967 505 ias
1998 448 2069 505 sit
2093 451 2148 513 Α

459 561 643 603 rerum
671 543 950 601 veritatem
979 542 1197 614 scriptis
1219 540 1470 613 prodere.

1018 652 1247 711 CAPUT
1286 653 1504 709 XXXII.

461 751 544 811 De
571 750 893 808 Constantini
939 750 1171 807 oratione
1193 792 1207 817 ,
1244 766 1399 821 quam
1442 748 1512 803 ad
1542 747 1854 806 Sanctorum
1882 760 2064 806 emtam

1152 835 1379 916 scripsit.

536 961 607 1018 Et
654 959 951 1031 imperator
1002 957 1218 1029 quidem
1270 956 1437 1013 latino
1494 973 1754 1015 sermone
1796 958 2069 1015 orationes

463 1052 844 1123 componebat.
892 1051 997 1107 Eas
1044 1065 1173 1107 vero
1216 1049 1271 1105 in
1321 1064 1555 1121 graecam
1599 1060 1785 1122 postea
1832 1050 2068 1120 linguam

458 1144 855 1202 convertebant
899 1143 1260 1215 interpretes,
1289 1144 1485 1216 quibus
1516 1144 1569 1200 id
1600 1160 1799 1202 munus
1846 1156 1963 1202 erat
1991 1147 2072 1202 in-

462 1238 728 1310 iunctum.
758 1238 842 1295 Es
875 1238 959 1294 his
985 1237 1322 1295 orationibus
1366 1253 1548 1311 graeco
1596 1254 1849 1296 sermone
1892 1247 2070 1295 trans-

464 1333 620 1401 latis,
667 1332 899 1404 exempli
944 1331 1115 1403 gratia
1164 1347 1325 1387 unam
1375 1330 1502 1389 huic
1546 1332 1699 1403 operi
1746 1332 2029 1403 subjiciam
2056 1371 2072 1398 ,

465 1442 628 1497 quam
655 1425 747 1483 ille
775 1423 843 1481 ad
873 1433 1187 1482 sanctorum
1226 1432 1428 1482 emtum
1473 1425 1783 1498 inscripsit,
1817 1424 2075 1482 Ecclesia:

467 1515 566 1571 Dei
608 1514 1039 1573 lucubrationem
1082 1515 1230 1572 illam
1280 1531 1601 1589 nuncupatis
1648 1531 1665 1571 :
1699 1532 1768 1574 ne
1799 1520 1886 1573 cui
1933 1516 2076 1573 forte

469 1616 718 1664 nostrum
770 1624 935 1680 super
977 1608 1061 1666 his
1104 1609 1271 1667 rebus
1318 1609 1687 1668 testimonium
1729 1625 1869 1668 vana
1913 1619 2078 1683 atque

468 1701 649 1759 inanis
678 1700 861 1759 fabula
887 1717 1013 1760 esse
1041 1702 1312 1760 videatur.

1010 1817 1239 1877 CAPUT
1280 1818 1521 1878 XXXIII.

472 1911 743 1980 Quomodo
778 1911 990 1970 Eusebii
1025 1914 1090 1969 de
1125 1914 1421 1971 Servatoris
1461 1918 1699 1989 sepulcro
1739 1918 2077 1992 panegyricos

897 2009 1156 2064 orationes
1193 2020 1334 2065 stans
1362 2009 1608 2065 audierit.

540 2124 680 2182 Illud
711 2139 842 2183 vero
873 2124 1018 2197 quod
1049 2126 1205 2181 nobis
1239 2126 1603 2199 praesentibus
1629 2128 1799 2200 gessit
1827 2130 2078 2201 princeps

469 2220 739 2278 mirabilis
760 2265 776 2291 ,
818 2236 1157 2293 nequaquam
1187 2221 1318 2277 mihi
1343 2221 1559 2279 videtur
1593 2223 1811 2280 silentio
1857 2233 2081 2294 prseter-

466 2314 730 2373 eundum.
771 2313 905 2370 Nam
951 2330 1074 2371 cum
1121 2314 1380 2385 singulari
1411 2314 1529 2384 ejus
1577 2315 1629 2369 in
1678 2315 1843 2371 Deum
1876 2317 2080 2386 pietate

471 2407 701 2476 confisi,
729 2422 1077 2479 rogassemns
1103 2406 1393 2478 aliquando
1425 2416 1485 2461 ut
1511 2421 1611 2462 nos
1655 2408 1726 2461 de
1771 2407 2079 2463 Servatoris

470 2499 644 2556 nostri
683 2498 935 2570 sepulcro
962 2496 1209 2553 dicentes
1252 2496 1441 2553 audire
1483 2497 1676 2563 vellet,
1724 2496 2080 2554 libentissime

469 2607 634 2649 aures
677 2592 834 2648 nobis
859 2590 1241 2648 commodavit.
1289 2588 1534 2661 Cumque
1581 2588 1815 2645 maxima
1846 2590 2078 2648 audien-

470 2684 606 2740 tium
653 2682 940 2740 multitudo
988 2682 1134 2739 intus
1177 2683 1231 2737 in
1282 2682 1395 2753 ipsa
1452 2682 1601 2754 regia
1660 2680 2076 2752 circumstaret,

470 2786 626 2833 stans
655 2776 772 2848 ipse
798 2792 904 2833 una
925 2791 1048 2832 cum
1075 2775 1287 2832 caeteris
1313 2776 1617 2833 orationem
1635 2778 1857 2833 audivit.
1887 2776 2081 2833 Nobis-

474 2886 583 2943 que
630 2870 700 2926 ab
743 2885 809 2927 eo
856 2870 1287 2941 postulantibus,
1336 2880 1395 2925 ut
1439 2870 1492 2925 in
1539 2871 1710 2942 regali
1754 2872 1892 2927 solio
1934 2871 2079 2943 quod

479 2961 632 3034 juxta
663 2963 895 3034 positum
927 2972 1043 3020 erat
1067 2962 1261 3019 sedere
1308 2963 1508 3030 vellet,
1542 2979 1835 3035 numquam
1881 2963 2075 3019 adduci

481 3056 662 3128 potuit
686 3065 743 3113 ut
768 3055 982 3113 sederet
1008 3072 1022 3108 :
1050 3056 1145 3112 sed
1171 3055 1380 3111 intento
1406 3056 1587 3111 animo
1613 3073 1734 3127 qua:
1762 3056 2081 3113 dicebantur

475 3151 822 3222 espendens,
858 3149 1284 3221 theologicorum
1311 3149 1621 3222 dogmatum
1670 3152 1953 3208 veritatem
1981 3167 2080 3209 suo

2106 1845 2157 1907 B

2699 445 2930 504 CAPUT
2970 446 3233 503 XXXVII.

2477 541 2747 609 Quomodo
2775 543 2993 614 confecti
3034 542 3223 613 fuerint-
3252 541 3471 596 codices.

2250 656 2314 711 Et
2346 655 2462 711 hmo
2488 655 2711 727 quidem
2742 656 3036 726 imperator
3062 656 3333 727 prmccpit.
3361 655 3621 712 Caeterum
3649 657 3754 728 ejus

2167 749 2310 806 dicta
2335 751 2591 806 continuo
2617 766 2753 821 Opus
2781 750 2953 822 ipsum
2981 751 3228 820 excepit,
3262 766 3384 806 cum
3409 766 3506 806 nos
3532 751 3580 805 in
3608 752 3752 806 voluo

2169 843 2407 900 minibus
2452 843 2735 916 magniﬁce
2765 842 3041 899 exornatis
3072 843 3347 899 ternioncs
3375 850 3430 898 et
3455 843 3749 915 quaternio-

2172 950 2269 991 nes
2291 936 2358 991 ad
2402 952 2523 992 eum
2552 937 2908 992 misissemns.
2936 936 3087 1005 Quod
3120 936 3295 1008 ipsum
3326 937 3492 992 altera
3542 939 3753 1007 impera-

2171 1031 2306 1089 toris
2349 1033 2629 1102 responsio
2675 1032 2994 1097 testabitur;
3054 1031 3107 1086 in
3172 1046 3313 1103 qua,
3375 1046 3496 1087 cum
3546 1030 3674 1086 forte
3714 1031 3758 1087 ei

2172 1127 2476 1182 nuntiatum
2508 1125 2699 1181 fuisset
2724 1124 2912 1181 urbem
2943 1124 3082 1196 apud
3105 1139 3203 1179 nos
3228 1123 3595 1179 Constantiam
3616 1166 3630 1191 ,
3652 1138 3760 1194 qua:

2174 1228 2334 1276 antea
2382 1219 2794 1275 simulacrorum
2846 1218 3013 1274 cultui
3061 1217 3273 1273 addicta
3319 1215 3525 1285 fuerat,
3571 1216 3758 1287 impetu

2175 1311 2408 1383 quodam
2434 1319 2795 1369 sacrosancta
2821 1309 3101 1383 religionis
3132 1309 3419 1382 impulsam
3440 1352 3456 1379 ,
3486 1310 3755 1382 pristinum

2177 1405 2578 1478 superstitionis
2606 1421 2851 1463 errorem
2881 1405 3152 1477 abjecisse
3180 1446 3195 1472 ,
3227 1403 3472 1477 gaudere
3498 1419 3557 1462 se
3583 1413 3635 1461 et
3660 1403 3760 1461 fac-

2181 1508 2292 1556 tum
2325 1515 2654 1573 magnopere
2677 1499 2909 1572 probare
2937 1495 3285 1571 significavit.

2690 1613 2919 1673 CAPUT
2960 1611 3257 1669 XXXVIII.

2184 1707 2451 1776 Quomodo
2489 1707 2798 1781 Emporium
2843 1706 3176 1773 Gazaeorum,
3225 1707 3288 1763 ob
3336 1706 3765 1765 Christianismum

2378 1802 2499 1858 urbs
2525 1802 2663 1874 facta
2690 1810 2764 1858 est
2789 1810 2836 1857 et
2860 1800 3162 1858 Constantia
3192 1802 3574 1874 cognominata.

2253 1925 2492 1982 Jamtum
2533 1923 2801 1996 siquidem
2846 1922 2900 1980 in
2946 1922 3235 1980 Palazslina
3278 1922 3411 1979 urbs
3474 1920 3765 1979 Constantia

2179 2022 2469 2077 salutarem
2516 2018 2831 2091 religionem
2876 2016 3145 2087 amplexa,
3182 2027 3293 2071 tum
3336 2032 3364 2070 a
3412 2016 3545 2081 Deo,
3578 2026 3680 2071 tum
3706 2012 3766 2068 ab

2180 2114 2509 2184 imperatore
2536 2111 2735 2166 summi
2763 2110 2986 2167 honoris
3017 2112 3374 2181 praerogativa
3405 2109 3761 2165 decorabatur.

2180 2205 2313 2261 Nam
2362 2214 2418 2260 et
2461 2204 2697 2259 civitatis
2741 2219 2937 2260 nomen
2978 2203 3215 2272 accepit,
3265 2216 3390 2257 cum
3438 2210 3594 2257 antea
3635 2200 3766 2256 vicus

2181 2311 2366 2364 esset;
2398 2308 2451 2354 et
2483 2297 2766 2369 pristinum
2802 2312 2999 2353 nomen
3049 2312 3170 2351 cum
3206 2296 3583 2365 praestantiore
3626 2307 3765 2349 voca-

2183 2392 2339 2455 bulo,
2370 2390 2792 2463 religiosissima:
2820 2388 3071 2445 videlicet
3094 2388 3300 2444 sororis
3331 2386 3614 2458 Principis,
3636 2400 3766 2443 com-

2184 2486 2428 2541 mutavit.

2720 2552 2948 2611 CAPUT
3004 2550 3251 2610 XXXIX.

2187 2648 2338 2716 Quod
2369 2649 2423 2703 in
2456 2646 2693 2702 Plimnice
2716 2647 2835 2701 urbs
2864 2646 3002 2716 facta
3032 2655 3105 2702 est
3131 2645 3495 2714 Constantina,
3521 2655 3567 2701 et
3587 2645 3638 2700 in
3662 2641 3767 2699 aliis

2382 2742 2593 2798 urbibus
2623 2743 2763 2797 idola
2789 2741 2959 2796 diruta
2987 2751 3033 2796 et
3060 2740 3312 2797 Ecclesia:
3333 2751 3606 2797 exstructa.

2256 2858 2400 2914 Idem
2432 2875 2647 2931 quoque
2697 2858 2941 2930 pluribus
2990 2858 3043 2913 in
3092 2857 3227 2915 locis
3272 2856 3592 2914 factitatum.
3625 2854 3767 2912 Verbi

2182 2954 2353 3025 gratia
2389 2954 2442 3008 in
2471 2953 2605 3009 urbe
2646 2952 2878 3025 quadam
2928 2951 3212 3009 thnices
3236 2993 3252 3020 ,
3294 2968 3421 3024 qua:
3449 2949 3769 3023 imperatoris

2184 3047 2403 3102 nomine
2431 3046 2737 3116 appellatur
2770 3062 2784 3100 :
2815 3046 2969 3115 cujus
3001 3045 3194 3101 incolae
3234 3045 3502 3116 conjectis
3528 3045 3580 3100 in
3610 3044 3768 3115 ignem

2184 3137 2667 3195 innumerabilibus
2714 3138 3018 3193 simulacris
3052 3180 3067 3205 ,
3122 3136 3420 3193 salutarem
3474 3136 3768 3207 religionem

472 3242 789 3301 testimonio
814 3243 1225 3315 comprobabat.
1252 3243 1387 3299 Cum
1417 3260 1546 3299 vero
1571 3244 1799 3317 multum
1819 3246 1931 3316 jam
1957 3253 2079 3302 tem-

2189 3230 2421 3300 amplexi
2463 3239 2608 3285 sunt.
2664 3229 2768 3285 Sed
2823 3240 2877 3285 et
2920 3230 2973 3284 in
3017 3228 3237 3300 reliquis
3270 3228 3596 3299 provinciis,
3628 3226 3770 3282 innu-

473 3336 626 3409 poris
669 3340 1237 3407 consumpsissemns,
1282 3345 1338 3391 et
1384 3336 1647 3408 prolixior
1691 3347 1834 3394 esset
1866 3339 2079 3406 oratio,

475 3446 579 3486 nos
609 3429 825 3503 quidem
853 3432 1016 3486 linem
1044 3428 1260 3485 dicendi
1292 3428 1468 3486 facere
1502 3429 1835 3487 volebamus.
1871 3434 1941 3487 At
1964 3431 2085 3503 ipse

477 3523 802 3581 hortabatur
826 3537 956 3590 nos,
990 3531 1049 3577 ut
1078 3537 1423 3593 pergeremus
1445 3521 1618 3579 donec
1645 3523 1710 3578 ad
1740 3533 1938 3579 metam
1964 3540 2084 3595 per-

477 3615 638 3672 ducta
667 3623 814 3671 esset
841 3614 1036 3670 oratio.
1082 3612 1247 3669 Nobis
1295 3629 1485 3669 rursus
1533 3623 1591 3669 ut
1637 3615 1851 3672 sederet
1880 3616 2085 3686 suppli-

481 3708 764 3773 cantibus,
799 3708 916 3778 ipse
946 3706 1231 3762 obluctans
1257 3706 1487 3777 benigne
1526 3707 1883 3778 persuadebat
1914 3724 1928 3762 :
1961 3723 2084 3763 cum

478 3816 627 3858 nunc
655 3799 874 3872 quidem
902 3798 1111 3855 diceret
1140 3799 1288 3853 uetas
1315 3813 1439 3853 esse
1461 3839 1477 3866 ,
1520 3799 1611 3853 ubi
1659 3799 1727 3855 de
1772 3800 1884 3855 Deo
1928 3800 2084 3856 insti-

480 3902 595 3950 tuta
625 3893 696 3949 sit
723 3891 1024 3964 disputatio
1044 3932 1059 3960 ,
1090 3890 1319 3947 remisse
1361 3906 1425 3947 ac
1469 3890 1708 3948 molliter
1732 3891 2036 3949 auscultare
2068 3909 2081 3947 :

480 4002 627 4046 nunc
651 4002 782 4045 vero
809 3986 862 4042 id
893 3985 997 4042 sibi
1025 3984 1153 4041 utile
1177 3994 1233 4040 et
1257 3986 1600 4042 commodum
1621 4000 1744 4042 esse
1768 3987 2083 4043 afﬁrmaret.

478 4076 638 4139 Pium
667 4079 812 4135 enim
860 4092 925 4133 ac
968 4076 1282 4148 religiosum
1313 4086 1395 4133 est
1421 4117 1437 4144 ,
1482 4077 1694 4148 inquit,
1726 4087 1784 4132 ut
1809 4076 1880 4133 de
1923 4076 2087 4134 rebus

481 4171 681 4228 divinis
709 4180 916 4227 stantes
941 4169 1179 4226 audiant.
1206 4168 1304 4225 His
1327 4171 1593 4241 peractis,
1623 4185 1724 4225 nos
1749 4169 1967 4240 quidem
1991 4170 2089 4227 do-

483 4282 635 4325 mum
662 4266 869 4323 reversi
886 4266 1162 4322 consuetis
1186 4282 1287 4322 nos
1312 4265 1506 4323 studiis
1531 4274 1586 4322 et
1607 4267 2086 4327 exercitationibus

480 4344 781 4418 reddimus.
816 4400 822 4411 ι

1018 4448 1245 4506 CAPUT
1284 4448 1525 4506 XXXIV.

486 4545 642 4618 Quod
670 4545 734 4602 de
760 4543 969 4602 Pascha
1010 4553 1058 4600 et
1102 4544 1165 4599 de
1205 4543 1364 4599 sacris
1391 4543 1654 4599 codicibus
1699 4546 1767 4600 ad
1808 4544 2087 4603 Eusebium

1164 4636 1389 4707 scripsit.

494 4754 501 4813 ί
557 4754 629 4810 At
655 4753 745 4810 ille
773 4751 1031 4809 Ecclesiis
1063 4752 1157 4808 Dei
1182 4750 1406 4822 provida
1438 4766 1654 4823 semper
1678 4763 1859 4811 mente
1888 4770 2085 4812 consu-

481 4846 641 4915 lens,
669 4847 739 4903 de
785 4844 1135 4902 conﬁciendis
1179 4846 1346 4901 sacris
1390 4844 1699 4914 codicibus,
1732 4855 1787 4906 et
1830 4848 1898 4905 de
1946 4850 2084 4907 festo

480 4937 723 5010 paschali
750 4936 816 4992 ad
846 4951 947 4992 nos
976 4935 1258 5006 epistolam
1286 4936 1522 5007 scripsit.
1554 4935 1687 4992 Nam
1720 4954 1841 4995 cum
1890 4956 1990 4997 nos
2018 4942 2083 4996 li-

480 5028 644 5085 brum
669 5027 956 5100 quemdam
985 5042 1092 5098 quo
1134 5041 1331 5083 arcana
1359 5027 1505 5084 illius
1532 5027 1653 5085 [θειί
1686 5031 1824 5086 ratio
1845 5043 1962 5087 erat
1990 5049 2082 5089 ex-

479 5122 692 5194 posita,
719 5120 770 5177 ei
817 5134 1304 5190 nuncupassemus,
1335 5122 1608 5193 quomodo
1642 5139 1741 5179 nos
1771 5126 2080 5197 responsio-

482 5216 571 5272 nis
619 5229 733 5270 suaa
771 5213 980 5270 honore
1025 5212 1259 5269 vicissim
1309 5225 1684 5273 remuneratus
1729 5218 1829 5286 sit,
1882 5234 1950 5277 ex
1998 5219 2083 5277 bis

481 5307 603 5381 ejus
632 5308 827 5365 litteris
852 5305 1085 5379 perspici
1118 5315 1317 5377 potest.

1038 5418 1265 5476 CAPUT
1304 5418 1523 5476 XXXV.

480 5521 511 5529 "
555 5494 808 5589 Epistolas
851 5514 969 5570 duae
1015 5511 1333 5568 Constantini
1389 5514 1458 5568 ad
1500 5514 1811 5586 Eusebium,
1864 5520 2009 5589 prior
2029 5520 2084 5577 in

482 5613 766 5670 orationem
792 5607 1000 5665 Eusebii
1022 5606 1084 5663 de
1113 5605 1335 5674 Pascha,
1363 5607 1527 5663 altera
1553 5610 1617 5666 de
1644 5613 1974 5677 conﬁciendis
1999 5631 2085 5671 sa-

479 5704 584 5758 cris
608 5702 886 5758 codicibus.

478 5804 668 5922 “filias
686 5803 918 5917 egfi‘szolas
938 5816 1049 5868 quae
1073 5801 1167 5854 hoc
1196 5809 1251 5856 et
1271 5806 1505 5868 sequenti
1539 5806 1698 5870 capite
1744 5810 2082 5875 continentur,

570 5881 707 5921 estsi
824 5903 834 5915 .

570 5881 671 5921 6518
693 5881 834 5917 ιωη.

2188 3323 2321 3379 meri
2366 3322 2652 3379 confertim
2685 3321 2749 3377 ad
2780 3321 3075 3378 salutarem
3122 3320 3217 3377 Dei
3262 3322 3623 3394 cognitionem
3663 3331 3769 3374 sese

2185 3416 2579 3473 transferentes
2598 3458 2613 3485 ,
2645 3432 2742 3488 per
2769 3418 2931 3473 urbes
2954 3425 3010 3473 et
3032 3431 3193 3488 agros
3223 3418 3373 3473 varia
3400 3416 3677 3473 simulacra
3703 3428 3764 3469 ex

2185 3510 2364 3565 omnis
2416 3509 2634 3581 generis
2683 3507 2909 3563 materia
2962 3507 3253 3564 fabrefacta
3287 3550 3303 3575 ,
3350 3523 3470 3579 qua:
3521 3506 3657 3579 prius
3684 3517 3768 3575 pro

2185 3602 2354 3658 sacris
2385 3602 2709 3665 habuerant.
2742 3601 3097 3659 aboleverunt
3126 3619 3140 3657 :
3167 3603 3366 3673 templa
3395 3618 3581 3659 eorum
3607 3617 3669 3657 ac
3685 3600 3770 3655 de-

2186 3694 2337 3750 lubra
2374 3694 2428 3748 in
2458 3695 2780 3750 immensam
2826 3694 3164 3751 altitudinem
3217 3696 3462 3763 sublata,
3514 3696 3654 3751 nullo
3688 3693 3768 3764 ju-

2186 3789 2350 3845 bente
2395 3788 2804 3844 destruxerunt.
2856 3787 3132 3845 Ecclesias
3177 3804 3311 3844 vero
3356 3806 3385 3844 a
3432 3786 3771 3845 fundamentis

2188 3878 2552 3948 adiﬁcautes,
2604 3879 2884 3949 pristinam
2940 3894 3092 3935 suam
3123 3881 3450 3936 sententiam
3480 3888 3570 3936 aut
3612 3877 3769 3948 potius

2188 3986 2430 4029 errorem
2463 3981 2828 4029 mutaverunt.
2866 3970 3065 4027 Verum
3098 3972 3209 4028 Deo
3230 3973 3477 4030 amabilis
3502 3974 3771 4043 imperato-

2188 4067 2267 4123 ris
2310 4082 2400 4123 res
2445 4076 2626 4138 gestas
2668 4067 2978 4139 singillatim
3025 4083 3496 4135 commemorare,
3541 4083 3643 4125 non
3672 4075 3767 4121 tam

2189 4170 2432 4217 nostrum
2460 4171 2574 4229 est,
2605 4177 2766 4233 quam
2789 4161 3007 4218 illorum
3050 4163 3141 4234 qui
3171 4163 3395 4221 assidue
3416 4179 3538 4221 cum
3566 4177 3632 4220 eo
3656 4173 3767 4216 ver-

2188 4255 2295 4310 sari
2331 4263 2666 4311 meruerunt.
2690 4253 2803 4310 Nos
2825 4270 2956 4311 vero
2977 4255 3194 4326 quando
3220 4271 3282 4311 ea
3305 4273 3429 4328 quae
3452 4255 3519 4313 ad
3549 4262 3767 4311 nostram

2188 4346 2434 4402 notitiam
2464 4356 2844 4417 pervenerant,
2875 4347 2929 4404 in
2958 4346 3061 4403 hoc
3084 4363 3252 4418 opere
3277 4349 3516 4406 breviter
3537 4343 3769 4419 exposui-

2188 4455 2310 4496 mus
2328 4482 2343 4507 ,
2365 4440 2432 4497 ad
2453 4449 2756 4498 extremum
2777 4441 2898 4514 ejus
2919 4442 3043 4500 vitae
3066 4451 3278 4516 tempus
3311 4443 3766 4517 transgrediemur.

2789 4556 3019 4616 CAPUT
3072 4557 3184 4614 XL.

2110 4633 2166 4697 Ῑ)
2193 4649 2347 4720 Quod
2376 4667 2492 4706 cum
2522 4649 2670 4707 trinis
2694 4649 3057 4707 deccnnalibus
3087 4662 3188 4707 tres
3217 4654 3355 4723 ﬁlios
3382 4654 3606 4711 Cwsares
3631 4664 3761 4707 creas

2263 4743 2447 4810 uisset,
2480 4742 2853 4800 dedicationem
2883 4742 3131 4816 Martyrii
3157 4742 3532 4819 Hierosolymis
3557 4741 3767 4798 celebra—

2258 4839 2348 4894 vit.

2263 4936 2449 4990 Annus
2489 4933 2601 5006 jam
2634 4933 2845 5007 imperii
2877 4932 3020 4990 illius
3071 4932 3378 4991 tricesimus
3407 4929 3762 5006 peragebatur.

2188 5025 2323 5083 Tres
2353 5035 2530 5082 autem
2562 5025 2680 5097 ejus
2712 5026 2805 5081 lilii
2835 5026 3000 5081 variis
3031 5027 3362 5097 temporibus
3380 5034 3655 5082 consortes
3676 5019 3766 5074 im-

2184 5118 2321 5191 perii
2360 5118 2571 5175 fuerant
2618 5119 2929 5175 renuntiati.
2961 5118 3174 5175 Primus
3219 5121 3308 5190 qui
3356 5118 3490 5191 patri
3534 5121 3644 5173 erat
3679 5126 3765 5167 co-

2184 5213 2485 5286 gnominis,
2544 5211 2755 5268 decimo
2811 5212 3026 5268 circiter
3077 5213 3287 5284 paterni
3346 5210 3556 5283 imperii
3602 5218 3763 5270 anno,

2186 5306 2331 5362 hunc
2353 5306 2612 5362 honorem
2647 5307 2891 5363 sortitus.
2916 5306 3198 5364 Secundus
3237 5307 3323 5363 avi
3361 5309 3442 5363 sui
3472 5317 3660 5362 nomen
3688 5312 3767 5355 re-

2192 5398 2405 5465 ferens,
2458 5398 2600 5455 circa
2647 5400 2887 5471 parentis
2927 5400 3009 5455 sui
3041 5400 3337 5457 vicennalia
3366 5400 3546 5456 Caesar
3582 5391 3766 5453 estde-

2191 5493 2446 5549 claratus.
2479 5491 2694 5548 Tertius
2732 5491 3033 5562 Constans,
3066 5494 3158 5566 qui
3191 5495 3530 5567 prwsentiam
3571 5499 3624 5548 et
3662 5496 3762 5544 sta-

2190 5582 2455 5641 bilitatem
2507 5601 2605 5641 suo
2656 5586 2874 5642 nomine
2922 5586 3209 5659 designat,
3258 5587 3529 5644 tricesimo
3568 5581 3765 5639 circiter

2191 5681 2403 5748 paterni
2433 5680 2766 5752 principatus
2796 5695 2941 5734 anno
2967 5679 3032 5735 ad
3084 5680 3188 5738 hoc
3213 5682 3484 5753 fastigium
3516 5686 3596 5736 est
3618 5686 3760 5732 evec-

2190 5780 2296 5827 tus.
2331 5772 2407 5829 Ita
2438 5790 2559 5829 cum
2605 5775 2671 5830 ad
2717 5773 3003 5846 quamdam
3054 5775 3332 5833 Trinitatis
3378 5771 3760 5830 similitudinem

2194 5874 2305 5924 tres
2336 5866 2474 5924 filios
2505 5868 2617 5925 Deo
2645 5866 2905 5925 amabiles
2932 5869 3277 5938 sustulisset,
3307 5866 3627 5939 eosdemque
