3982 6302
257 229 312 286 8i
1313 231 1397 289 DE
1429 230 1496 289 VI
1521 231 1611 290 TA
1648 230 2102 293 CONSTANTINI
2145 235 2347 296 LIBER
2384 242 2474 299 ιν.
3463 254 3537 310 82

253 344 383 414 gulis
407 342 682 400 decennils
726 344 791 398 ad
843 346 1176 402 consortium
1225 347 1434 418 imperii
1479 359 1822 420 cooptasset,
1854 351 1909 412 Α
1935 355 2261 416 enituerunt.
2295 358 2495 417 Adhtec
2527 361 2680 435 Syria
2709 365 2913 433 omnis,
2944 368 3351 441 Mesopotamia,
3373 371 3538 430 Phre-

253 447 452 507 tempus
499 438 748 509 deinceps
794 441 1167 497 tricennalium
1214 459 1436 499 suorum
1486 445 1833 516 opportunis-

249 531 432 585 simum
481 546 600 586 esse
630 532 990 600 existimavit,
1020 551 1128 604 quo
1173 549 1386 590 suian
1413 540 1655 592 omnium
1697 537 1832 610 Regi

247 626 437 694 gratias
483 635 683 696 ageret.
722 625 790 680 Et
823 628 936 696 ipse
981 628 1196 697 quidem
1246 632 1509 700 optimum
1540 631 1682 686 factu
1710 646 1832 687 esse

241 715 533 787 judicabat,
567 719 613 773 si
644 719 764 787 ejus
797 723 1042 793 martyrii
1085 722 1227 792 quod
1276 723 1530 795 singulari
1564 725 1743 781 studio
1768 741 1833 782 ac

244 811 624 882 magniﬁcentia
670 813 1059 887 Hierosolymis
1088 828 1500 883 construxerat,
1529 819 1829 876 dedicatio-

243 919 356 960 nem
399 905 718 962 celebraret.

828 1022 1056 1080 CAPUT
1096 1025 1230 1081 XLI.

241 1115 379 1183 Quod
423 1117 558 1172 inter
603 1119 714 1173 [nec
759 1119 1016 1190 synodum
1069 1121 1192 1191 Tyri
1240 1121 1414 1176 haberi
1460 1122 1718 1177 constituit
1768 1123 1829 1178 ob

508 1212 759 1283 quasdam
787 1213 842 1268 in
873 1212 948 1268 1E
952 1225 1109 1286 gypto
1136 1217 1524 1272 controversias.

299 1325 492 1381 Verum
526 1326 741 1382 invidus
760 1327 972 1384 dromon
997 1329 1263 1385 bonorum
1287 1329 1526 1384 omnium
1553 1329 1826 1397 inimicus,

231 1418 389 1474 instar
432 1420 777 1474 densissima:
838 1423 1117 1491 cujusdam
1169 1423 1325 1478 nubis
1374 1422 1830 1493 splendidissimis

229 1512 348 1566 solis
426 1510 596 1566 radiis
658 1527 781 1568 sese
834 1514 1209 1584 Opponentis,
1274 1514 1432 1583 hujus
1499 1514 1828 1570 celebritatis

229 1606 450 1660 nitorem
492 1605 717 1661 turbare
756 1617 983 1661 conatus
1029 1617 1144 1673 est;
1192 1607 1553 1663 Ecelesiarum
1607 1606 1828 1678 JEgypti

227 1706 412 1753 statum
497 1699 939 1754 contentionibus
1013 1700 1126 1754 suis
1203 1698 1397 1754 iterum
1483 1701 1821 1754 concutiens.

228 1789 468 1844 Sedenim
537 1791 650 1844 Deo
719 1806 878 1844 carus
942 1792 1237 1861 imperator
1297 1790 1578 1846 collectam
1639 1806 1828 1846 rursus

227 1883 575 1954 plurimorum
641 1883 942 1937 antistitum
1013 1883 1317 1955 synodum,
1377 1883 1524 1938 velut
1588 1881 1828 1938 divinum

227 1982 501 2051 quemdam
571 1984 870 2037 exercitum
929 1983 982 2036 in
1047 1981 1288 2051 pra-lium
1331 1981 1608 2044 edocens,
1662 1980 1830 2035 male-

229 2076 337 2130 volo
363 2076 605 2130 daemonii
635 2075 834 2146 objecit
883 2094 895 2128 :
947 2075 1216 2145 cpisc0pis
1243 2090 1306 2130 ex
1342 2075 1591 2129 universa
1627 2072 1828 2146 Egyp-

231 2177 310 2232 to,
371 2178 425 2222 et
495 2167 703 2239 Libya,
760 2168 886 2222 Asia
960 2169 1085 2222 item
1142 2177 1197 2222 et
1265 2168 1478 2238 Europa
1532 2168 1830 2222 convenire

225 2262 421 2333 jussis;
482 2261 723 2332 primum
788 2260 1001 2332 quidem
1061 2261 1124 2314 ad
1179 2260 1536 2316 dirimendum
1605 2271 1828 2315 contro-

231 2357 488 2423 rersiam,
548 2355 748 2411 exinde
807 2371 934 2410 vero
988 2358 1052 2410 ad
1104 2357 1396 2426 supradicti
1447 2356 1690 2428 martyrii
1731 2357 1828 2411 de-

229 2449 573 2506 dicationem.
602 2450 838 2506 Proimle
865 2451 1133 2506 mandavit
1160 2453 1226 2505 iis
1254 2461 1310 2506 ut
1335 2451 1511 2507 obiter
1534 2452 1585 2506 in
1612 2452 1831 2507 civitate

227 2556 334 2611 qua:
363 2543 539 2597 totius
570 2543 856 2598 Phtenices
884 2552 1045 2614 caput
1072 2555 1171 2609 εει,
1207 2544 1605 2598 controversias
1631 2543 1829 2596 dissol-

228 2645 426 2690 verent.
458 2633 657 2705 Neque
687 2638 831 2690 enim
867 2637 944 2692 fas
987 2651 1138 2702 esse,
1171 2647 1230 2692 ut
1258 2651 1378 2692 eum
1409 2646 1590 2691 mutua
1623 2637 1832 2690 animo-

229 2743 335 2784 rum
362 2729 716 2785 dissensione
737 2730 803 2784 ad
826 2729 1064 2786 divinum
1090 2731 1292 2785 cultum
1317 2731 1642 2786 accederent
1672 2749 1683 2784 :
1708 2746 1829 2785 cum

229 2823 393 2879 divina
421 2825 520 2880 lex
547 2833 713 2888 vetet,
743 2841 810 2880 ne
837 2825 1222 2881 dissentientes
1244 2868 1258 2891 ,
1291 2839 1578 2894 antequam
1612 2839 1830 2894 compo-
1864 2892 1873 2900 .

231 2915 336 2970 sitis
383 2918 536 2972 inter
582 2932 642 2973 se
691 2920 1080 2973 controversiis
1113 2934 1296 2988 pacem
1351 2927 1510 2988 atque
1541 2917 1830 2972 amicitiam

234 3011 568 3080 pepigerint,
618 3010 759 3064 dona
811 3027 904 3064 sua
957 3010 1184 3065 oIi'erant
1235 3010 1361 3064 Deo.
1411 3009 1536 3064 ll;ee
1580 3009 1830 3062 salutaria

236 3101 538 3158 Servatoris
567 3104 736 3158 nostri
768 3103 1088 3158 documenta
1123 3105 1417 3173 imperator
1441 3102 1657 3157 assidua
1686 3100 1835 3171 engi-

237 3195 424 3249 tatione
451 3195 722 3262 volvens,
775 3209 895 3249 cum
941 3196 1088 3249 omni
1139 3195 1442 3248 animorum
1474 3195 1837 3247 consensione

239 3296 283 3338 et
309 3285 604 3342 concordia
659 3288 994 3357 propositum
1045 3303 1182 3359 opus
1225 3287 1441 3359 aggredi
1473 3288 1709 3354 monuit,
1744 3302 1838 3357 per

238 3377 422 3433 litteras
453 3393 584 3450 qua:
610 3379 686 3433 sic
716 3394 774 3434 se
803 3379 1002 3435 habent
1032 3397 1046 3436 :

829 3494 1060 3552 CAI‘UT
1103 3495 1260 3551 XLII.

245 3605 460 3677 Epistola
498 3607 830 3665 Constantini
879 3611 946 3664 ad
991 3612 1246 3682 synodum
1300 3609 1423 3681 Tyri
1454 3619 1835 3681 congregatum.

298 3721 450 3783 (Hanc
475 3722 762 3785 epistolam,
792 3725 978 3775 videsis
997 3724 1138 3774 infra.

809 3849 1036 3907 CAPUT
1077 3851 1258 3907 XLIII.

251 3962 512 4027 Quomodo
567 3963 636 4016 ad
665 3963 1034 4018 dedicationem
1068 3963 1314 4018 Ecclesia:
1363 3962 1839 4035 Hierosolymorum

428 4058 663 4128 episcopi
693 4075 756 4113 ea:
784 4059 1018 4112 omnibus
1041 4059 1310 4128 provinciis
1339 4076 1630 4114 convenere.

310 4173 436 4227 Cum
466 4174 588 4228 haec
617 4182 881 4244 prmeepta
909 4175 1240 4246 exsecatiiitti
1273 4175 1675 4238 mandarentur,
1705 4175 1842 4228 alius

251 4267 308 4317 ab
332 4266 658 4336 imperatore
686 4268 903 4322 nuntius
932 4269 1247 4336 supervenit
1272 4308 1286 4329 ,
1320 4269 1409 4336 qui
1443 4267 1638 4322 oblatis
1670 4268 1840 4337 impe-

252 4358 454 4415 rialibus
499 4361 693 4416 litteris
715 4403 729 4422 .
775 4362 1041 4433 synodum
1074 4361 1316 4416 hortatus
1344 4371 1428 4417 est
1460 4370 1550 4429 ut,
1584 4363 1726 4417 nulla
1756 4363 1841 4417 itt-

256 4452 409 4518 posita
442 4468 619 4518 litora,
646 4469 835 4510 onmes
857 4456 1252 4525 quamprimum
1304 4454 1675 4526 Hierosolyma
1723 4469 1845 4526 pro-

256 4561 510 4614 perarent.
562 4549 751 4605 Cuncti
800 4551 960 4622 igitur
986 4566 1050 4606 ex
1083 4551 1398 4608 thnicum
1449 4552 1720 4622 provincia
1765 4552 1925 4622 di-D

255 4642 582 4708 gredientes.
612 4645 826 4714 publico
858 4660 1018 4700 cursu
1045 4645 1376 4700 contendere
1406 4660 1472 4700 eo
1499 4660 1607 4715 quo
1631 4644 1840 4714 jussum

259 4745 363 4788 erat
388 4751 626 4808 coepere.
672 4737 949 4808 Totusque
994 4737 1086 4793 ille
1115 4738 1263 4794 locus
1308 4737 1543 4791 maximo
1576 4737 1670 4792 Dei
1700 4746 1844 4792 cmtu

262 4827 456 4882 tandem
484 4828 720 4885 refertus
751 4831 847 4884 fuit
869 4871 882 4895 ,
912 4845 1032 4885 cum
1059 4846 1126 4886 ex
1155 4831 1421 4885 universis
1449 4829 1739 4899 provinciis
1765 4827 1848 4883 in—

261 4919 426 4989 signes
451 4924 690 4993 episcopi
717 4923 1112 4996 Hierosolymis
1144 4925 1195 4978 in
1228 4937 1395 4978 unum
1441 4922 1841 4978 convenissent.

265 5012 380 5069 Nam
409 5026 464 5072 et
510 5017 832 5073 Macedones
865 5019 1052 5089 prima:
1096 5018 1238 5089 apud
1269 5033 1328 5074 se
1360 5018 1506 5074 sedis
1534 5018 1848 5088 episcopum

264 5111 539 5178 miserant;
572 5122 627 5167 et
652 5113 914 5168 Pannonii
943 5128 1006 5168 ac
1036 5115 1269 5169 Mtesiex
1305 5113 1584 5185 tyronibus
1613 5110 1708 5167 Dei
1737 5113 1848 5168 lec-

269 5204 515 5261 tissimum
558 5205 746 5262 ﬂorem
775 5222 838 5262 ac
867 5209 1196 5278 przccipuum
1239 5207 1418 5278 gentis
1447 5221 1560 5261 suae
1587 5206 1752 5263 decus
1776 5206 1852 5262 di-

268 5311 520 5356 rexerant.
551 5302 750 5357 Aderat
789 5303 951 5358 etiam
981 5302 1357 5373 episcoporum
1406 5300 1646 5357 Persidis
1689 5316 1852 5357 orna-

270 5404 514 5461 mentum,
548 5397 627 5450 vir
651 5405 874 5453 sanctus
895 5407 949 5452 et
981 5398 1032 5451 in
1061 5397 1260 5451 divinis
1287 5395 1578 5464 Scripturis
1604 5396 1849 5466 apprime

271 5487 594 5544 exercitatus.
626 5489 843 5561 Bithyni
866 5505 1082 5562 quoque
1102 5501 1156 5546 ct
1178 5489 1418 5546 Thraces
1444 5491 1732 5560 praesentia
1754 5505 1851 5547 sua

270 5595 572 5641 conventum
595 5587 881 5642 ornabant.
914 5587 1026 5643 Nec
1054 5587 1279 5643 deerant
1320 5602 1386 5642 ex
1414 5584 1618 5641 Ciliciae
1646 5585 1854 5654 episeo-

273 5675 347 5743 pis
373 5678 645 5734 clarissimi
676 5679 894 5750 quique.
947 5681 1027 5734 Ex
1072 5677 1410 5750 Cappadocia
1443 5682 1570 5733 item
1603 5678 1692 5748 qui
1723 5677 1854 5733 (ἰοει-

272 5767 396 5824 triua
437 5781 491 5825 et
518 5771 826 5841 eloquentia
856 5771 1217 5840 praestabant,
1269 5772 1320 5826 in
1371 5771 1551 5827 medio
1595 5771 1852 5828 consessu

1939 449 2056 512 uice
2077 494 2091 517 ,
2122 451 2319 508 Arabia
2352 465 2408 510 et
2440 456 2720 513 Palaestina
2771 460 2919 530 ipsa;
2953 461 3213 536 ZEgyptus
3243 481 3456 538 quoque
3480 475 3538 523 et

1937 543 2101 616 Libya
2125 586 2138 610 ,
2171 556 2224 600 et
2255 548 2343 618 qui
2375 548 2704 606 Thebaidem
2737 552 3017 620 incolunt,
3047 572 3236 614 omnes
3283 560 3335 614 in
3368 577 3536 618 unum

1935 640 2241 711 congregati
2287 656 2538 711 maguum
2585 645 2734 699 illum
2792 647 2885 702 Dei
2933 648 3162 706 chorum
3215 653 3533 722 implebant.

1935 730 2079 799 Quos
2109 749 2174 787 ex
2201 734 2448 789 omnibus
2477 737 2766 806 provinciis
2797 739 3207 798 innumerabilis
3252 743 3536 800 hominum

1934 829 2219 882 multitudo
2249 832 2592 900 sequebatur.
2627 834 2826 889 Aderat
2857 851 3021 906 porro
3052 838 3132 892 his
3160 841 3413 896 omnibus
3441 856 3536 897 re-

1932 920 2068 990 galis
2090 920 2367 990 cujusdam
2397 925 2748 993 apparitionis
2765 928 3114 1000 obsequium;
3140 942 3193 986 ct
3225 949 3294 988 ex
3323 934 3538 1004 imperii

1934 1012 2134 1084 palatio
2179 1015 2324 1068 missi
2358 1015 2572 1085 quidam
2623 1030 2877 1089 spectatae
2925 1023 3207 1092 probitatis
3257 1027 3378 1095 viri,
3446 1029 3539 1100 qui

1932 1106 2233 1174 sumptibus
2263 1107 2330 1162 ab
2359 1108 2683 1180 imperatore
2729 1114 3155 1176 subministratis
3186 1119 3535 1180 festivitatem

1933 1198 2282 1255 illustrarent.

2505 1295 2733 1356 CAPUT
2779 1301 2965 1359 XLIV.

1935 1381 2201 1450 Quomodo
2233 1403 2322 1456 per
2351 1387 2648 1445 Marianum
2674 1397 2929 1450 notarium
2961 1400 3155 1470 excepti
3186 1403 3288 1456 sint
3308 1444 3322 1469 ,
3352 1413 3397 1458 et
3443 1422 3537 1476 pc-

1967 1476 2132 1530 cunite
2160 1480 2468 1550 pauperibus
2496 1493 2714 1555 erogata:
2745 1504 2756 1538 :
2789 1498 2836 1542 et
2877 1489 2940 1544 de
2973 1491 3202 1548 donariis
3233 1494 3494 1553 Ecclesite.

2005 1591 2095 1646 IIis
2145 1604 2322 1648 autem
2371 1597 2619 1652 omnibus
2652 1613 2878 1669 praeerat
2926 1603 3005 1657 vir
3032 1604 3349 1676 imperatori
3391 1623 3536 1664 com-

1935 1686 2124 1756 primis
2155 1687 2335 1753 utilis;
2372 1687 2494 1756 ﬁde,
2529 1691 2790 1762 religione
2831 1705 2884 1749 et
2922 1711 3198 1753 sacrarum
3230 1699 3534 1757 litterarum

1856 1771 1904 1830 B
1935 1779 2120 1850 peritia
2166 1783 2511 1853 conspicuus.
2547 1785 2645 1853 Qui
2683 1803 2804 1842 cum
2857 1792 3152 1860 tyrannicis
3200 1796 3536 1865 temporibus

1935 1887 2032 1942 pro
2068 1872 2279 1941 pietatis
2323 1873 2639 1932 defensioue
2669 1879 2851 1934 multis
2897 1880 3328 1940 confessionibus
3361 1885 3535 1943 incla-

1933 1964 2170 2031 ruisset,
2220 1981 2325 2020 nou
2376 1967 2644 2024 immerito
2693 1970 2882 2026 harum
2915 1989 3094 2028 rerum
3126 1975 3534 2047 diSpositionem

1932 2055 2033 2112 sibi
2061 2059 2402 2113 commissam
2451 2063 2679 2131 accepit.
2714 2063 2810 2118 llic
2838 2064 2999 2136 igitur
3027 2069 3173 2123 omni
3203 2084 3327 2124 eum
3357 2071 3539 2126 since.

1933 2149 2092 2205 ritate
2142 2151 2482 2221 imperatoris
2508 2154 2748 2223 jussibus
2797 2159 3089 2215 obsecutus
3109 2203 3122 2227 ,
3153 2162 3535 2234 episcoporum

1931 2242 2147 2313 quidem
2176 2253 2373 2300 emtum
2417 2247 2672 2317 singulari
2701 2249 2954 2306 comitate
2974 2293 2988 2317 ,
3036 2263 3090 2308 et
3119 2255 3540 2325 magniﬁcentis-

1933 2333 2087 2388 simis
2109 2336 2282 2405 epulis
2301 2346 2462 2408 atque
2484 2339 2746 2395 conviviis
2771 2341 3069 2400 honorifice
3101 2347 3330 2414 excepit.
3363 2347 3541 2418 Egen-

1935 2427 2075 2481 tibus
2116 2444 2243 2484 vero
2291 2444 2354 2485 ac
2401 2431 2598 2499 nudis,
2647 2442 2699 2488 et
2746 2449 3041 2506 pauperum
3070 2439 3348 2510 utriusque
3375 2455 3541 2498 sexus

1934 2517 2154 2575 inﬁnitae
2185 2522 2536 2588 multitudini,
2561 2525 2664 2580 cibi
2694 2543 2758 2583 ac
2790 2530 3114 2600 reliquarum
3144 2549 3325 2588 rerum
3356 2535 3537 2605 inopia

1938 2612 2238 2680 laboranti,
2292 2631 2539 2688 uiagnam
2572 2621 2814 2688 pecuniae
2846 2623 2952 2678 vim
2983 2633 3038 2678 et
3065 2625 3328 2696 plurimas
3358 2636 3540 2683 vestes

1934 2704 2225 2762 distribuit.
2263 2707 2542 2764 Postremo
2576 2713 2852 2768 basilicam
2881 2730 3099 2772 omnem
3146 2720 3417 2790 regalibus
3439 2721 3541 2776 do-

1935 2800 2103 2853 uariis
2131 2801 2417 2871 magniﬁce
2446 2806 2750 2861 exornavit.
2780 2807 2846 2862 Et
2873 2807 2960 2864 hic
2983 2810 3200 2881 quidem
3231 2812 3540 2884 hujusmodi

1933 2892 2151 2948 functus
2176 2903 2260 2950 est
2287 2895 2613 2953 ministerio.

2518 2992 2748 3057 CAPUT
2787 2996 2950 3052 XLV.

1939 3079 2312 3152 EpiscOporum
2339 3084 2391 3138 in
2420 3088 2746 3143 conventibus
2768 3107 3042 3156 sermones,
3069 3102 3116 3147 et
3139 3093 3297 3164 ipsius
3320 3094 3408 3162 qui
3433 3094 3544 3148 lucc

2499 3182 2705 3248 scripsit
2747 3180 2974 3237 Eusebii.

2013 3292 2083 3348 At
2137 3293 2446 3349 sacerdotes
2496 3295 2592 3352 Dei
2639 3299 2830 3367 partim
2878 3301 3298 3370 precationibus,
3345 3304 3539 3373 partim

1941 3387 2282 3443 sermonibus
2311 3388 2654 3446 festivitatem
2697 3394 2981 3450 ornabant.
3013 3396 3116 3450 Alii
3150 3398 3412 3468 siquidem
3443 3415 3539 3454 co-

1943 3478 2182 3534 mitatem
2216 3481 2452 3550 religiosi
2485 3482 2825 3554 imperatoris
2855 3501 2980 3558 erga
3008 3489 3248 3544 omnium
3281 3490 3539 3547 Servato-

1943 3588 2055 3627 rem
2088 3574 2334 3631 laudibus
2352 3577 2720 3646 celebrabant,
2744 3589 2798 3636 et
2825 3584 3068 3654 martyrii
3089 3584 3540 3654 magniﬁcentiam

1943 3666 2186 3722 oratione
2219 3671 2699 3742 persequebantur.
2745 3674 2847 3728 Alii
2893 3677 3062 3730 sacris
3101 3675 3383 3748 theologiae
3403 3679 3542 3752 dog-

1945 3759 2179 3814 matibus
2208 3761 2272 3815 ad
2315 3773 2636 3831 praesentem
2685 3765 3050 3822 celebritatem
3100 3770 3541 3840 accommodatis,

1945 3852 2188 3920 Spiritale
2237 3855 2505 3923 quoddam
2556 3859 2773 3925 epulum
2822 3859 3162 3915 audientibus
3208 3863 3542 3932 prmbebant.

1944 3944 2170 4011 Quidam
2220 3960 2496 4002 sacrorum
2534 3950 2867 4004 voluminum
2921 3952 3176 4008 lectiones
3224 3955 3546 4025 interpreta-

1947 4038 2176 4102 bantur,
2208 4055 2435 4095 areanos
2469 4051 2523 4096 et
2552 4045 2807 4114 mysticus
2836 4060 3026 4098 sensus
3056 4046 3106 4099 in
3152 4047 3325 4100 lucem
3368 4047 3547 4118 profe-

1947 4141 2147 4188 rentes.
2179 4132 2278 4201 Qui
2303 4150 2429 4188 vero
2458 4134 2522 4189 ad
2554 4135 2671 4190 haec
2707 4137 2947 4208 aSpirare
2999 4153 3104 4192 non
3158 4149 3426 4209 poterant,
3457 4140 3544 4195 in-

1946 4226 2184 4280 cruentis
2212 4226 2494 4282 sacriﬁciis
2525 4239 2579 4283 et
2622 4230 2864 4301 mysticis
2891 4230 3349 4287 immolationihus
3379 4233 3546 4288 Deum

1947 4319 2258 4390 placabaut;
2317 4336 2415 4390 pro
2447 4337 2577 4392 pace
2617 4324 2923 4390 communi;
2977 4340 3075 4396 pro
3122 4326 3362 4381 Ecclesia
3409 4326 3546 4389 Dei;

1948 4429 2046 4482 pro
2059 4415 2383 4486 imperatore
2405 4424 2481 4472 tot
2497 4418 2759 4474 bonorum
2782 4429 3025 4487 auctore,
3041 4422 3265 4493 ejusque
3289 4423 3548 4493 piissimis

1950 4506 2156 4575 liberis,
2214 4523 2401 4578 preces
2462 4509 2576 4565 Deo
2613 4512 2929 4582 suppliciter
2955 4513 3264 4572 offerentes.
3319 4516 3398 4571 lbi
3450 4533 3550 4575 nos

1950 4619 2198 4675 qttoque,
2249 4606 2445 4675 quibus
2494 4609 2700 4677 majora
2737 4624 2895 4679 quam
2948 4626 3044 4678 pro
3089 4612 3298 4668 meritis
3349 4615 3552 4670 nostris

1951 4699 2088 4751 bona
2117 4697 2480 4768 contigerant,
2509 4700 2674 4754 variis
2719 4702 3058 4758 sermonibus
3100 4704 3315 4774 publice
3355 4706 3556 4762 habitis

1950 4790 2348 4846 solemnitatem
2375 4790 2783 4858 decoravimus;
2810 4809 2952 4850 nunc
2980 4796 3176 4867 regalis
3206 4797 3425 4854 fabricae
3451 4799 3551 4854 de-

1951 4896 2137 4938 corem
2177 4896 2241 4936 ac
2271 4883 2723 4954 magniﬁcentiam
2765 4885 2982 4956 scriptis
3007 4899 3358 4956 enarrantes;
3409 4907 3555 4948 nunc

1955 4971 2397 5045 prophetieorum
2428 4976 2769 5032 oraculorum
2798 4993 2991 5034 sensus
3017 4989 3143 5050 apte
3163 4989 3216 5037 et
3243 4997 3554 5038 accommo-

1954 5065 2078 5120 date
2100 5064 2166 5120 ad
2192 5075 2488 5137 praesentes
2511 5067 2708 5139 ﬁguras
2723 5079 2882 5141 atque
2903 5071 3166 5143 imagines
3184 5076 3551 5146 interpretan-

1956 5163 2056 5211 tes.
2080 5154 2191 5210 Hoc
2208 5156 2368 5212 modo
2397 5157 2749 5216 dedicationis
2771 5161 3086 5220 solemnitas
3105 5164 3236 5236 ipsis
3259 5168 3460 5238 impera
3476 5178 3558 5224 to-

1957 5248 2036 5304 ris
2068 5246 2456 5306 tricennalibus
2484 5267 2693 5308 summa
2721 5269 2842 5311 cum
2870 5254 3140 5315 hilaritate
3165 5259 3433 5317 celebrata
3452 5271 3557 5318 est.

2537 5365 2764 5425 CAPUT
2800 5367 2986 5426 XLVI.

1961 5463 2113 5530 Quod
2137 5464 2528 5536 descriptionem
2565 5467 2806 5541 Martyrii
2835 5480 2882 5525 et
2908 5473 3190 5527 orationem
3219 5474 3282 5527 de
3307 5475 3564 5529 tricennii.

2102 5558 2254 5626 libus,
2287 5575 2459 5615 coram
2485 5561 2596 5633 ipso
2623 5563 2931 5634 imperatore
2956 5577 3131 5637 postea
3163 5569 3409 5622 recitavit.

2033 5673 2300 5733 Caeterum
2327 5677 2502 5749 qualis
2526 5677 2694 5734 forma
2741 5681 2977 5736 basilica:
3009 5682 3348 5750 Servatoris;
3389 5686 3564 5757 qualis

1964 5783 2133 5825 sacrae
2155 5771 2426 5842 spelunca:
2451 5775 2660 5843 species
2683 5773 2752 5830 sit
2772 5789 2785 5838 ς
2813 5784 3008 5845 quanta
3030 5779 3208 5849 operis
3231 5785 3482 5836 venustas
3508 5779 3565 5836 'ei
