3982 6302
411 221 481 278 83

1748 207 2024 273 EUSEMI
2059 214 2383 274 PRMPIIIIJ
3641 213 3710 277 Μ

413 337 717 410 elegantia;
765 346 892 410 quot
946 335 1177 408 denique
1202 333 1426 390 donaria
1475 333 1668 405 partim
1701 347 1764 387 ex
1790 347 1924 386 auro
1966 340 2021 386 et
2051 334 2096 393 Α
2123 333 2174 387 di
2195 365 2214 398 ,-
2241 335 2523 404 gentisque
2550 334 2799 390 ludorum
2835 335 3101 406 principes
3125 349 3187 391 ac
3214 337 3425 407 regulos
3456 337 3606 406 pictis
3632 347 3706 392 ιπ-

410 441 674 503 argento,
731 430 924 502 partim
979 445 1044 485 ex
1102 428 1331 499 gemmis
1390 425 1720 492 fabrefacta,
1767 423 2023 494 peculiari

415 531 586 596 opere
617 525 856 590 executi,
887 521 1081 578 librum
1139 522 1288 577 illum
1333 520 1648 591 imperatori
1693 518 2023 588 nuncupavi‘

412 635 558 676 mus.
592 621 760 686 Quem
792 617 1006 688 quidem
1042 617 1234 671 librum
1266 623 1568 686 opportune
1595 612 1660 668 ad
1686 612 1888 668 calcem
1919 612 2021 667 hu-

422 713 512 784 jus
533 712 713 785 oneris
733 711 925 766 edituri
952 725 1170 776 sumus;
1195 711 1446 781 adjuncta
1477 710 1636 764 etiam
1664 709 1908 765 oratione
1937 707 2028 764 illa

412 807 482 863 de
513 805 916 871 tricennalibus,
942 819 1100 875 quam
1147 804 1305 876 paulo
1336 811 1457 874 post
1487 802 1710 874 profecti
1755 801 2026 859 Constan-

418 883 723 972 tinopolim,
766 913 946 954 curam
981 899 1096 970 ipso
1146 898 1470 968 imperatore
1511 897 1888 963 recitarimus;
1941 910 2027 952 se-

418 990 597 1048 cundo
630 1001 739 1046 tum
795 991 845 1044 in
901 985 1099 1062 palatio
1149 1005 1418 1045 summum
1473 989 1712 1044 omnium
1756 989 1926 1044 Deum
1963 1003 2030 1044 ac

415 1083 707 1140 Dominum
751 1083 1002 1138 laudibus
1030 1083 1403 1153 prtedicantes.
1449 1087 1618 1150 Quam
1646 1097 1770 1138 cum
1817 1080 2034 1137 audiret

416 1169 535 1238 Deo
578 1181 826 1235 amabilis
854 1181 1180 1249 imperator,
1211 1180 1413 1250 gesdrc
1445 1195 1554 1248 pra:
1584 1177 1781 1250 gaudio
1810 1177 2026 1234 videba-

421 1284 534 1330 tur.
578 1275 753 1343 Atque
781 1273 830 1326 id
861 1273 973 1341 ipse
1003 1273 1150 1326 tinita
1188 1273 1433 1327 cratium
1457 1272 1741 1328 confessus
1769 1281 1874 1337 est,
1903 1287 2024 1327 cum

420 1368 706 1438 episcenos
737 1365 826 1437 qui
840 1367 1065 1421 aderant
1080 1366 1326 1421 convivio
1339 1367 1634 1437 exciperet,
1655 1365 1912 1437 omnique
1934 1378 2035 1422 eos

419 1465 620 1531 genere
652 1458 873 1514 honoris
900 1457 1164 1514 alliceret.

982 1548 1215 1608 CAPUT
1255 1537 1464 1608 XLVII.

423 1664 574 1732 Quod
599 1651 816 1720 Nimna
835 1664 1042 1736 quidem
1070 1665 1304 1736 synodus
1323 1665 1665 1724 vicennatibus
1689 1666 2034 1734 Constantini,

2125 426 2272 481 bulis
2291 437 2344 481 et
2373 429 2564 484 statuis
2597 431 2646 482 in
2676 429 2932 484 honorem
2955 430 3071 499 ejus
3097 432 3310 496 erectis,
3343 431 3712 500 imperatorem

2126 527 2190 573 ac
2228 526 2407 589 regem
2455 535 2514 574 se
2559 521 2704 574 illiilli
2749 535 3046 592 agnoscere
3091 521 3348 589 proﬁteri.
3383 524 3464 578 Ac‘
3504 524 3561 578 in
3604 524 3714 594 ipso

2127 615 2350 684 quidem
2377 617 2706 687 principatus
2732 618 2848 686 ejus
2875 618 3119 683 exordio”,
3154 619 3312 689 primi
3337 621 3574 676 omnium
3607 621 3714 678 Bris

2131 708 2273 762 tanni
2305 708 2372 764 ad
2405 711 2790 767 occidentalem
2814 722 3076 766 oceanum
3099 713 3284 782 positi,
3315 725 3444 768 sese
3473 713 3611 768 illius
3639 713 3714 769 diu

2127 800 2262 856 tioni
2288 802 2638 874 subiecerunt
2667 822 2682 859 :
2715 821 2857 863 nunc
2884 822 3008 862 vero
3033 807 3144 862 Indi
3171 809 3241 864 ad
3265 809 3531 864 Orientem
3557 811 3716 866 solem

2129 893 2448 965 incolentes,
2480 897 2622 954 idem
2655 899 2854 956 fecere.

2737 991 2962 1050 CAPUT
3003 992 3089 1049 LI.

2135 1079 2403 1148 Quomodo
2431 1081 2791 1139 Constantinus
2817 1085 2979 1141 diviso
3005 1086 3060 1140 in
3088 1095 3190 1141 tros
3217 1087 3355 1157 ﬁlios
3375 1090 3606 1158 imperio,
3636 1105 3718 1146 eos

2309 1187 2356 1231 et
2381 1179 2630 1248 regnandi
2658 1189 2767 1234 arte
2789 1190 2836 1233 et
2868 1180 3072 1249 pietatis
3095 1181 3284 1250 ofﬁciis
3311 1182 3553 1237 instituit.

2203 1269 2337 1325 Cum
2399 1271 2560 1342 igitur
2609 1283 2891 1345 utrumque
2935 1275 3221 1330 terminum
3273 1275 3425 1331 orbis
3468 1286 3722 1334 terrarum

2133 1362 2234 1418 sub
2264 1359 2588 1434 potestatem
2618 1381 2770 1421 suam
2804 1366 3124 1438 redegisset,
3155 1369 3318 1423 totius
3347 1369 3553 1440 imperii
3582 1385 3722 1426 sum.

2134 1473 2300 1526 mam,
2331 1451 2476 1514 velut
2493 1469 2770 1530 paternam
2787 1461 3074 1533 quamdam
3097 1461 3470 1519 hmreditatem
3499 1465 3725 1520 necessi-

2137 1537 2410 1606 tudinibus
2457 1551 2570 1607 suis
2623 1543 2982 1622 dispertiens,
3014 1553 3070 1608 in
3108 1563 3218 1610 tres
3258 1554 3398 1610 ﬁlios
3437 1556 3632 1611 divisit.
3665 1557 3728 1613 Et

2142 1643 2339 1696 avitam
2397 1642 2612 1713 quidem
2657 1654 2859 1700 sortem
2907 1645 3141 1701 maximo
3188 1653 3350 1714 natu;
3403 1647 3554 1703 alteri
3605 1662 3728 1704 vero

491 1759 746 1813 dedicatio
773 1775 888 1814 vero
929 1759 1154 1815 basilicae
1185 1757 1669 1832 Hierosotyntitanw
1695 1763 1905 1835 contigit
1936 1763 2032 1817 tri-
2064 1745 2114 1808 Β
2137 1728 2376 1835 Οτίθξιιίε
2419 1737 2701 1835 ίφρεξιξῆυιη
2790 1738 3019 1835 mediam
3087 1741 3226 1796 inter
3283 1743 3382 1796 has
3440 1741 3726 1814 portionem

495 1837 815 1910 cenantibus.

500 1969 654 2024 Hane
687 1969 984 2026 secundam
1031 1972 1320 2044 synodum,
1361 1973 1602 2028 ornatum
1651 1983 1784 2044 quas
1813 1972 2037 2044 quidem

423 2062 679 2118 novimus
706 2064 1020 2130 maximam,
1051 2067 1345 2138 imperator
1391 2067 1776 2138 Hierosolymis
1804 2081 2032 2137 congre-

428 2153 598 2226 gavit,
621 2163 741 2224 post
768 2157 994 2226 primam
1026 2157 1177 2213 illam
1196 2170 1356 2229 quam
1398 2159 1455 2213 in
1482 2159 1616 2214 urbe
1646 2159 1910 2230 Bithynia:
1939 2167 2036 2213 no-

423 2247 690 2303 bilissima
708 2249 1018 2320 collegerat.
1046 2248 1153 2306 Sed
1175 2253 1264 2306 illa
1287 2251 1505 2323 quidem
1530 2251 1863 2319 triumphalis
1885 2259 2030 2316 erat;

427 2343 484 2398 in
509 2344 718 2413 imperii
751 2343 1120 2401 vicennalibus
1145 2359 1332 2416 preces
1361 2353 1421 2400 ac
1448 2354 1568 2400 vota
1593 2359 1690 2416 pro
1715 2345 1941 2400 victoria
1972 2343 2039 2401 de

427 2435 676 2490 heatibus
725 2447 896 2505 parta,
927 2439 982 2492 in
1013 2439 1145 2495 urbe
1190 2439 1429 2494 victoriae
1463 2439 1785 2508 cognomine
1829 2439 2041 2507 persol-'

425 2543 580 2583 vena.
632 2529 756 2583 Ilaec
796 2547 928 2586 vero
980 2532 1352 2587 tricennalinm
1405 2533 1747 2587 festivitatem
1797 2531 2038 2598 ornavit,

429 2637 554 2678 cum
585 2623 878 2693 imperator
906 2624 1016 2679 Deo
1043 2625 1287 2679 omnium
1309 2627 1574 2679 bonorum
1619 2626 1847 2690 auctori,
1893 2635 2040 2678 mars

432 2716 660 2788 tyrium,
694 2715 843 2771 velut
869 2717 1139 2787 quoddam
1168 2711 1313 2787 pacis
1344 2715 1652 2784 donarium,
1685 2709 1734 2770 in
1768 2717 1884 2786 ipso
1907 2715 2040 2773 Ser—-

431 2811 638 2867 Vatoris
676 2812 846 2867 nostri
875 2819 1226 2866 monumento
1249 2810 1541 2865 dedicaret.

897 2967 900 2969 λ
975 2945 1203 3003 CAPUT
1268 2944 1499 3001 XLVIII.

511 3065 779 3134 Quomodo
802 3065 1098 3120 immodicas
1121 3064 1393 3132 cuiusdam
1423 3063 1603 3120 laudes
1623 3079 1757 3136 egre
1777 3064 1969 3120 tulerit.

509 3181 604 3236 His
659 3180 908 3235 omnibus
961 3178 1256 3241 confectis,
1313 3191 1438 3232 cum
1483 3178 1823 3248 imperatoris
1879 3177 2048 3232 virtus

441 3281 758 3329 cunctorum
787 3270 1126 3326 sermonibus
1159 3270 1562 3340 praedicaretur,
1595 3269 1808 3338 quidam
1835 3283 1899 3322 ex
1933 3284 2048 3324 nu-

441 3382 593 3422 mero
619 3363 984 3430 sacerdotum,
1035 3363 1182 3418 illum
1226 3377 1408 3418 coram
1439 3361 1651 3416 beatum
1702 3361 2050 3432 pronuntiare

444 3474 552 3516 non
587 3467 670 3514 est
692 3461 891 3513 veritus
921 3475 932 3510 :
962 3459 1159 3528 quippe
1181 3458 1269 3528 qui
1296 3465 1404 3511 tum
1437 3456 1490 3510 in
1520 3455 1620 3511 bac
1651 3457 1758 3510 vita
1779 3471 2048 3511 summum

448 3552 614 3606 totius
656 3550 805 3607 orbis
850 3541 1074 3604 Romani
1116 3549 1400 3621 imperium
1429 3550 1685 3620 consequi
1731 3549 2048 3615 meruisset;

446 3654 560 3701 tum
590 3644 644 3699 in
691 3643 872 3698 futuro
895 3659 1009 3697 arvo
1038 3658 1142 3697 una
1169 3659 1289 3697 cum
1327 3643 1464 3698 Filio
1492 3643 1584 3698 Dei
1612 3653 1760 3698 esset
1801 3652 2053 3713 regnatu-

399 3782 402 3786 .
447 3741 564 3794 ru’s.
599 3739 669 3792 At
713 3737 802 3792 ille
835 3735 1140 3805 liujusntodi
1167 3751 1326 3791 voces
1355 3751 1498 3806 :rgre
1523 3735 1812 3791 admodum
1840 3751 2051 3805 passus,

447 3821 724 3888 hominem
763 3830 1064 3894 admonuit,
1107 3845 1174 3885 ne
1206 3829 1290 3885 bis
1339 3829 1521 3885 verbis
1562 3830 1636 3883 uti
1668 3839 2051 3900 praesumeret,

448 3911 547 3982 sed
601 3924 779 3996 potius
827 3922 1056 3994 supplex
1084 3923 1197 3978 Deo
1229 3932 1348 3977 vota
1379 3922 1598 3988 faceret,
1629 3931 1688 3977 ut
1721 3931 1828 3976 tam
1859 3922 1913 3976 in
1955 3921 2054 3977 bac

447 4033 612 4090 quam
652 4019 705 4076 in
737 4018 911 4075 futura
937 4017 1070 4088 vita,
1098 4017 1309 4074 censeri
1336 4017 1478 4072 inter
1501 4017 1728 4072 famulos
1751 4017 1843 4072 Dei
1877 4031 2053 4073 merus

449 4121 621 4170 retur.

1015 4201 1244 4260 CAPUT
1284 4201 1476 4259 XLIX.

707 4302 924 4377 Nuptiis
950 4302 1236 4359 Constantii
1257 4305 1493 4371 Cwsaris,
1524 4307 1640 4377 ejus
1670 4303 1788 4374 ριεξε

532 4419 796 4476 Absoluta
817 4419 930 4488 jam
959 4419 1233 4474 tricesimo
1263 4418 1473 4488 imperii
1511 4429 1689 4486 anno,-
1713 4415 1936 4473 secundi
1963 4416 2057 4472 filii

2138 1830 2309 1901 regni,
2341 1831 2503 1886 tertio
2539 1830 2650 1888 tilio
2679 1831 2886 1887 tribuit.
2917 1832 3034 1888 Jam
3069 1849 3198 1889 vero
3227 1849 3350 1890 cum
3385 1837 3634 1907 optimam
3665 1837 3725 1892 li-

2137 1921 2282 1977 beris
2308 1922 2418 1977 suis
2465 1921 2856 1991 haereditatem,
2887 1931 2942 1978 et
2971 1924 3036 1980 ad
3066 1924 3260 1981 animae
3291 1927 3522 1983 salutem
3555 1929 3727 2000 impri-

2139 2016 2243 2071 mis
2267 2017 2450 2072 utilem
2476 2031 2667 2087 parare
2695 2017 2874 2082 vellet,
2911 2018 3124 2088 pietatis
3145 2021 3353 2076 semina
3380 2035 3565 2076 eorum
3588 2037 3726 2078 men-

2141 2110 2284 2166 tibus
2311 2105 2605 2181 inspersit;
2646 2112 2837 2182 partim
2881 2112 3083 2167 divinis
3118 2111 3462 2168 documentis
3489 2115 3601 2185 ipse
3642 2130 3728 2170 eos

2141 2202 2423 2270 imbuens;
2455 2204 2648 2273 partim
2700 2204 2988 2272 magistros
3017 2204 3096 2259 eis
3145 2218 3426 2276 apponens
3454 2216 3732 2277 compertze

2147 2295 2424 2366 religionis
2466 2295 2631 2350 viros.
2675 2291 3024 2350 Saecularium
3077 2313 3291 2368 quoque
3338 2298 3726 2370 disciplinarum

2143 2381 2500 2462 peritissimos
2546 2389 2794 2445 doctores
2844 2391 3031 2446 iisdem
3075 2393 3336 2461 praefecit.
3381 2392 3484 2447 Alii
3537 2392 3730 2448 bellicae

2143 2482 2276 2539 artis
2300 2483 2558 2549 scientia;
2592 2483 2680 2537 alii
2713 2483 2948 2538 civilium
2979 2500 3158 2539 rerum
3202 2487 3488 2556 praeceptis
3527 2499 3619 2541 eos
3657 2486 3730 2539 in-

2145 2565 2485 2644 formabant;
2510 2578 2599 2632 alii
2627 2568 2859 2649 denique
2887 2578 3332 2650 jurisprudcntia.
3365 2580 3533 2637 Porro
3562 2583 3729 2654 singu~

2145 2670 2212 2726 lis
2240 2669 2467 2726 tributus
2496 2681 2613 2726 erat
2641 2671 2838 2741 regalis
2869 2682 3190 2742 apparatus,
3228 2675 3450 2729 scutarii
3473 2717 3489 2738 ,
3519 2674 3730 2742 hastati,

2146 2769 2511 2834 protectores,
2540 2773 2593 2817 et
2619 2761 2854 2832 legiones
2886 2777 2948 2816 ac
2975 2751 3188 2819 numeri
3218 2765 3506 2834 militares,
3535 2783 3730 2823 eorum-

2145 2871 2250 2928 que
2279 2867 2550 2925 rectores,
2591 2858 2959 2925 centuriones,
2999 2857 3197 2912 tribuni
3227 2875 3288 2914 ac
3320 2859 3516 2927 duces,
3547 2860 3580 2914 ii
3608 2875 3731 2930 quos

2148 2960 2302 3021 pater
2332 2948 2382 3003 iu
2419 2949 2577 3004 rebus
2610 2949 2813 3004 bellicis
2853 2951 3339 3006 exercitatissimos
3388 2963 3441 3007 et
3480 2952 3732 3024 praecipua

2148 3057 2272 3112 erga
2303 3031 2440 3097 ﬁlios
2464 3039 2568 3097 fide
2598 3057 2662 3098 ac
2701 3042 3071 3099 benevolentia
3101 3043 3362 3114 praeditos
3403 3061 3522 3102 esse
3551 3059 3732 3116 cogno-

2071 3141 2121 3206 ο
2149 3144 2322 3192 verat.

2757 3229 2984 3287 CAPUT
3026 3230 3132 3286 LII.

2251 3311 2522 3388 Quomodo
2551 3339 2636 3377 eos
2666 3313 2862 3378 virilem
2891 3336 3092 3379 atatem
3120 3325 3384 3398 ingressos
3425 3327 3650 3398 pietatem

2830 3417 3080 3472 docuerit.

2226 3509 2395 3565 Porro
2423 3509 2548 3564 dum
2584 3509 2797 3564 infirma
2846 3510 3021 3565 adhuc
3061 3515 3221 3566 actate
3263 3509 3507 3568 Catsares
3546 3518 3732 3575 essent,

2154 3601 2386 3658 ministri
2416 3611 2472 3658 et
2500 3594 2791 3657 consiliarii
2841 3602 2906 3656 iis
2949 3603 3188 3672 adiuncti
3234 3595 3618 3674 rempublicam
3650 3619 3738 3673 gu-

2155 3694 2472 3749 bernabant.
2503 3692 2700 3748 Verum
2749 3693 2834 3748 ubi
2877 3692 2944 3748 ad
2973 3693 3183 3749 virilem
3212 3703 3428 3752 aetatem
3475 3695 3732 3766 pervenis-

2156 3796 2297 3853 sent,
2331 3787 2499 3842 solius
2526 3789 2695 3858 patris
2726 3787 3088 3856 magisterium
3119 3788 3197 3842 eis
3222 3788 3454 3844 suffecit.
3486 3788 3582 3857 Qui
3610 3801 3737 3841 nunc

2159 3887 2452 3953 prarscntes
2503 3880 2724 3950 privatis
2753 3877 3211 3934 admonitionibus
3249 3881 3318 3935 ad
3360 3881 3736 3936 cumulationem

2159 3969 2242 4030 Sui
2268 3971 2615 4045 provocabat,
2643 3971 2948 4042 exemplum
2978 3971 3192 4043 pietatis
3218 3977 3331 4027 sure
3359 3965 3425 4028 ad
3441 3971 3737 4027 imitandum

2157 4066 2288 4138 ipsis
2322 4079 2668 4137 proponens:
2703 4080 2847 4120 nunc
2888 4058 3202 4121 absentibus
3233 4057 3573 4137 imperatoria
3616 4081 3740 4136 pra:-

2159 4169 2315 4232 cepta
2348 4175 2443 4230 per
2468 4159 2675 4216 litteras
2698 4158 3038 4230 suggerebat.
3069 4159 3313 4227 Quorum
3353 4162 3578 4231 primum
3622 4155 3738 4212 illud

2161 4263 2217 4312 et
2244 4253 2534 4309 maximum
2557 4260 2692 4316 erat.
2725 4260 2786 4307 ut
2812 4251 2906 4306 Dei
2927 4253 3122 4306 summi
3143 4253 3387 4308 omnium
3434 4253 3573 4323 regis
3612 4249 3739 4305 noti-

2163 4349 2293 4403 tiam
2321 4345 2660 4415 cultumque,
2691 4343 2898 4399 divitiis
2929 4344 3180 4400 omnibus
3213 4344 3424 4417 ipsique
3449 4343 3606 4400 etiam
3648 4341 3740 4395 im-

2162 4437 2316 4511 perio
2341 4435 2692 4492 anteferrent.
2726 4435 2966 4492 Tandem
2997 4451 3147 4502 vero,
3176 4445 3233 4492 ut
3273 4453 3369 4508 per
3404 4438 3605 4507 seipsos
3633 4446 3740 4503 qua:

456 4514 674 4585 ηυβιῖεθ
703 4511 1014 4578 εθιθιπενῖίι
1048 4523 1170 4567 Cum
1199 4511 1420 4582 maioris
1450 4521 1580 4566 "at"
1605 4511 1819 4581 "ut"ias
1854 4511 2056 4568 ἀυάυῐη
2082 4537 2137 4600 1)
2163 4532 2310 4589 utilia
2336 4538 2520 4586 essent
2543 4529 2849 4600 reipublicae
2869 4541 3111 4602 agerent,
3145 4530 3224 4586 eis
3245 4529 3523 4601 permisit:
3552 4537 3603 4583 et
3629 4533 3742 4579 ante

456 4619 616 4665 antea
660 4609 1062 4666 celebravisset.
1112 4607 1282 4679 Epula
1313 4609 1474 4679 Igitur
1500 4616 1552 4663 et
1578 4607 1821 4662 convivia
1847 4607 2056 4677 prtelte-

454 4706 685 4770 bantur,
716 4705 1039 4775 imperatore
1066 4703 1183 4773 ipso
1222 4702 1389 4757 tilium
1427 4708 1686 4773 sponsum
1720 4692 2051 4766 deducente,

455 4809 511 4855 et
557 4797 843 4868 magnitho
879 4803 1137 4867 apparatu
1180 4809 1424 4850 seorsum
1482 4795 1722 4848 virorum
1749 4831 1764 4860 ,
1809 4801 2052 4848 seorsum

455 4891 745 4947 mulierum
767 4899 962 4946 eretum
989 4889 1315 4960 excipiente.
1352 4887 1457 4946 Sed
1485 4897 1540 4943 et
1570 4897 1792 4944 munera
1819 4887 2057 4959 splendis

454 4983 678 5039 dissima
708 4981 1016 5039 civitatlbus
1041 4996 1104 5036 ac
1132 4981 1346 5052 populis
1375 4980 1566 5036 divisa.

1087 5071 1313 5129 CAPUT
1353 5072 1415 5128 In

743 5167 956 5240 Lsgaiio
983 5176 1032 5222 er
1057 5171 1268 5222 munera
1295 5167 1357 5222 ab
1385 5165 1537 5223 Indis
1574 5168 1748 5223 missa.

530 5279 738 5337 Eode'tn’
769 5280 1011 5352 tempore
1047 5277 1301 5337 ludorum
1333 5281 1421 5352 qul
1470 5282 1535 5337 ad
1568 5265 1832 5339 orientem
1882 5281 2049 5338 solem

451 5374 720 5440 incolunt,
751 5373 911 5444 legati
933 5373 1223 5439 advenere,
1251 5371 1392 5428 deus
1418 5372 1738 5440 afferentes;
1769 5374 1945 5429 varias
1975 5375 2056 5430 vi-

453 5465 657 5522 delicet
691 5480 931 5536 gemmas
981 5463 1234 5536 exquisiti
1283 5463 1509 5536 fulgoris
1557 5479 1622 5521 se
1669 5464 1862 5536 protli;
1912 5466 2051 5522 feras

453 5572 670 5628 quoque
699 5557 870 5612 forma
909 5565 1071 5629 atque
1100 5556 1283 5612 indole
1304 5557 1520 5628 penitus
1557 5573 1586 5612 ει
1629 5559 1831 5614 nostris
1855 5558 2059 5614 discre-

462 5657 676 5719 pantes.
706 5649 834 5719 Quae
865 5651 1045 5706 omnia
1084 5649 1398 5720 imperatori
1427 5648 1752 5718 atterentes,
1788 5651 2060 5708 testaban-

482 5751 568 5801 tur
597 5741 662 5801 ad
693 5741 866 5817 ipsum
893 5757 1064 5818 usque
1103 5742 1377 5802 Oceanum
1430 5743 1714 5821 imperium
1739 5743 1858 5822 ejus
1876 5753 2066 5806 exten-

2160 4625 2339 4683 omnia
2362 4623 2415 4678 id
2438 4623 2638 4680 diserte
2653 4625 2928 4694 prtecepit,
2943 4631 3003 4678 ut
3018 4623 3270 4678 Ecclesia:
3288 4623 3380 4678 Dei
3405 4636 3583 4678 curam
3596 4631 3742 4690 gere-

2161 4727 2304 4784 rent,
2329 4723 2495 4788 seque
2511 4715 3031 4788 palamCltristianos
3045 4715 3447 4787 proﬁterentur.
3470 4719 3636 4785 Atque
3651 4713 3740 4764 hoc

2161 4810 2377 4882 quidem
2404 4809 2565 4866 modo
2589 4809 2730 4866 ﬁlios
2743 4808 3071 4865 instituebat.
3091 4809 3169 4863 Illi
3188 4823 3320 4864 vero
3334 4821 3438 4863 non
3454 4818 3556 4862 tum
3580 4814 3741 4877 pater-

2169 4906 2256 4960 nis
2285 4905 2524 4970 monitis,
2554 4919 2714 4976 qum
2741 4917 2838 4960 sua
2879 4911 3070 4973 sponte
3100 4903 3324 4970 incitati,
3373 4911 3632 4974 praecepta
3661 4909 3742 4967 pa-

2174 4998 2350 5054 rentis
2366 4999 2449 5053 sui
2480 4999 2754 5053 alacritate
2778 4997 2940 5052 animi
2965 5006 3311 5068 superarunt,
3338 4998 3532 5067 quippe
3555 4995 3638 5064 qui
3663 4991 3740 5045 di-

2165 5093 2307 5149 vina:
2331 5092 2606 5163 religionis
2627 5092 3028 5147 observantiam
3065 5106 3276 5164 seraper
3302 5105 3418 5163 prae
3457 5089 3620 5146 oculis
3657 5087 3741 5140 Ita-

2167 5184 2379 5252 berent,
2402 5192 2457 5239 et
2481 5191 2697 5239 sanctos
2725 5183 2979 5239 Ecclesia
3009 5183 3142 5238 ritus
3163 5183 3215 5238 in
3243 5183 3361 5254 ipso
3388 5182 3578 5253 palatio
3618 5191 3730 5234 cura

2169 5279 2433 5336 universis
2444 5276 2756 5334 domesticis
2777 5275 3128 5333 custodirent.
3153 5275 3290 5332 Nam
3311 5285 3366 5332 et
3395 5277 3496 5332 hoc
3522 5283 3740 5345 paterna:

2163 5369 2518 5444 providentiae
2563 5381 2700 5440 opus
2725 5367 2916 5436 fuerat,
2951 5376 3008 5423 ut
3034 5383 3140 5424 non
3164 5368 3300 5424 alios
3331 5367 3646 5424 domesticos
3682 5370 3739 5416 et

2161 5461 2572 5520 contubernales
2602 5459 2726 5516 filiis
2766 5459 2898 5524 suis,
2939 5475 3098 5531 quam
3136 5458 3472 5516 Christianos
3499 5456 3734 5513 traderet.

2165 5556 2467 5612 Primorum
2493 5568 2708 5625 quoque
2742 5566 3088 5610 numerorum
3119 5562 3380 5620 rectores,
3421 5550 3608 5622 quibus
3631 5546 3728 5601 rei-

2166 5650 2402 5723 publicae
2439 5662 2568 5704 cura
2612 5647 2900 5704 commissa
2938 5646 3136 5715 fuerat,
3183 5649 3274 5703 Dei
3320 5646 3552 5701 cultores
3578 5648 3735 5698 erant.

2168 5742 2272 5822 Qui
2291 5755 2395 5818 ppo
2420 5739 2727 5802 hominibus
2753 5740 2913 5800 ﬁdem
2941 5743 2992 5800 in
3021 5743 3188 5801 Deum
3209 5739 3479 5819 professis,
3508 5746 3738 5816 tanquam
