3982 6302
227 244 291 300 85
1264 240 1351 297 DE
1399 240 1553 297 VITA
1595 239 2059 301 CONS'I‘ANTINI-
2090 242 2296 302 LIBER
2335 246 2424 305 IV.
3434 254 3503 309 8ti

224 354 530 411 firmissimis
570 354 893 426 quibusdam
922 354 1094 410 muris
1132 354 1457 412 conﬁdebat.
1490 353 1628 411 Cum
1672 356 1800 413 bea-
1828 361 1882 422 Α
1903 353 2150 428 Cumque
2169 373 2473 416 sermonem
2505 361 2720 433 longius
2752 364 3129 436 produxisset,
3160 368 3213 423 in
3243 381 3306 427 ea
3329 368 3503 426 disse-

222 451 448 506 tissimus
471 451 714 522 princeps
749 450 866 506 haec
891 465 1102 522 quoque
1130 450 1200 505 ita
1228 448 1628 517 constituisset,
1660 450 1799 508 Deus

218 545 475 602 bonorum
504 546 741 601 omnium
781 544 1122 616 dispensator
1147 586 1162 610 ,
1211 553 1396 614 utpote
1431 545 1637 600 cunctis
1689 545 1798 601 rei—

220 638 437 709 publicae
486 639 716 710 negotiis
763 640 968 709 optime
1012 639 1080 693 ab
1128 638 1456 708 imperatore
1497 637 1797 709 dispositis,

215 744 564 804 Opportunum
607 742 820 804 tempus
865 731 1080 787 tandem
1117 731 1311 788 adesse
1347 740 1593 787 statuens
1622 731 1801 802 quoad

211 826 482 883 meliorem
524 834 728 883 sortem
773 825 1175 894 transferretur,
1232 823 1454 881 fatalem
1505 827 1624 896 ejus
1676 825 1801 881 vitae

212 916 360 973 ﬁnem
391 920 668 990 imposuit.

798 987 1028 1046 CAPUT
1067 988 1203 1044 LIII.

213 1082 349 1152 Quod
395 1100 511 1138 cum
561 1083 762 1140 duobus
809 1099 868 1139 ac
923 1084 1131 1156 triginta
1193 1084 1343 1138 annis
1401 1084 1721 1156 regnaverit,
1753 1094 1801 1138 et

267 1178 537 1247 plusquam
579 1178 846 1249 sexaginta
875 1177 1022 1231 annis
1077 1175 1299 1243 vixerit,
1347 1176 1548 1250 integra
1601 1192 1801 1247 semper

270 1271 364 1342 {ait
392 1271 700 1326 valetudine.

270 1390 343 1444 Ac
371 1387 590 1458 imperii
618 1388 834 1460 quidem
860 1387 1190 1445 curriculum
1241 1387 1452 1444 duobus
1489 1395 1545 1444 et
1586 1387 1798 1460 triginta

201 1483 344 1537 annis
385 1481 658 1552 explevit,
688 1483 930 1553 exceptis
962 1482 1238 1539 mensibus
1265 1497 1328 1538 ac
1355 1482 1546 1539 diebus
1577 1483 1797 1553 paucis:

210 1576 322 1630 vita;
351 1589 481 1630 vero
529 1575 765 1644 spatium
812 1574 978 1646 duplo
1019 1576 1130 1632 iere
1173 1575 1384 1646 longius
1429 1576 1548 1631 fuit.
1579 1576 1692 1643 Qua
1744 1576 1797 1630 in

204 1677 366 1736 aetate,
399 1683 602 1738 corpus
646 1669 698 1724 ei
742 1668 811 1723 ab
862 1667 1010 1723 omni
1061 1668 1251 1724 morbo
1289 1677 1344 1724 et
1389 1669 1509 1724 labe
1549 1684 1796 1737 vacuum,

1905 449 2012 504 ruit
2037 450 2104 505 de
2129 451 2433 509 animorum
2458 454 2883 525 immortalitate,
2905 459 3082 530 deque
3109 459 3194 516 his
3221 462 3312 532 qui
3338 463 3500 517 vitam

1904 546 1990 617 pie
2021 546 2425 614 traduxissent,
2468 558 2522 605 et
2557 549 2627 606 de
2667 551 2822 607 bonis
2849 568 2970 622 quae
2999 553 3187 610 amicis
3217 555 3311 611 Dei
3359 555 3501 626 apud

1903 640 2077 710 ipsum
2094 641 2262 699 Deum
2280 642 2558 699 recondita
2573 645 2976 702 essent.L'ontra
2993 662 3146 716 vero,
3161 663 3320 718 quem
3335 647 3498 704 ﬁnem

1903 744 2085 790 essent
2120 734 2355 792 habituri
2381 736 2459 791 illi
2490 737 2580 808 qui
2620 738 2945 794 contrariam
2974 739 3190 796 videndi
3235 741 3498 796 rationem

1901 825 2294 890 instituissent,
2325 828 2511 884 multis
2560 829 2859 886 rationibus
2887 829 3164 887 evidenter
3229 830 3498 897 astruxit;

1903 918 2176 974 interitum
2190 929 2245 976 et
2259 920 2466 976 cladem
2483 921 2770 992 impiorum
2782 923 3270 992 describens.Quod
3283 922 3498 995 quidem

1902 1025 2022 1067 cum
2049 1013 2286 1083 graviter
2311 1022 2365 1068 et
2387 1015 2532 1069 serio
2551 1013 2868 1082 afﬁrmaret,
2894 1016 3165 1086 proximos
3187 1027 3240 1072 et
3266 1016 3499 1072 familia-

1901 1118 1990 1160 res
2009 1119 2134 1160 suos
2161 1106 2528 1178 perstringere
2553 1108 2854 1163 videbatur.
2871 1107 3023 1164 Adeo
3047 1120 3104 1164 ut
3123 1111 3407 1181 quemdam
3433 1126 3499 1167 ex

1902 1198 2008 1253 illis
2037 1213 2174 1254 vana
2204 1200 2481 1269 sapientia:
2509 1202 2762 1272 opinione
2785 1203 2981 1258 inflatis
3003 1246 3018 1270 ,
3063 1204 3496 1274 interrogaverit,

1901 1291 2028 1363 quid
2051 1294 2274 1348 sentiret
2301 1294 2368 1350 de
2391 1294 2454 1350 iis
2480 1311 2597 1367 quae
2619 1295 2760 1352 dicta
2782 1306 2985 1353 essent.
3011 1295 3082 1352 At
3103 1297 3194 1353 ille
3218 1298 3499 1353 verissima

1901 1401 2024 1442 esse
2051 1398 2241 1443 cuncta
2277 1397 2504 1445 testatus
2535 1398 2650 1457 est;
2679 1402 2732 1447 et
2751 1391 2996 1462 quamvis
3015 1391 3235 1460 invitus,
3261 1392 3500 1463 disputa-

1901 1480 2079 1537 tiones
2109 1480 2371 1538 adversus
2401 1483 2695 1540 multorum
2723 1488 3002 1541 numinum
3030 1487 3233 1541 cultum
3276 1503 3497 1560 magno-

1901 1589 2031 1644 pere
2084 1574 2342 1631 laudavit.
2398 1577 2712 1648 llujusmodi
2756 1580 3049 1636 conciones
3091 1581 3159 1635 ad
3203 1581 3498 1639 familiares

1901 1682 2027 1724 suos
2072 1677 2196 1724 ante
2243 1678 2475 1726 mortem
2521 1687 2644 1727 cum
2690 1671 2987 1736 habuisset,
3043 1675 3185 1732 viam
3230 1676 3332 1732 sibi
3380 1677 3496 1748 ipse

199 1777 377 1831 expers
421 1760 718 1831 cujuslibet
769 1759 913 1827 vitii,
959 1770 1016 1817 et
1059 1760 1250 1832 quovis
1297 1761 1519 1831 juvenili
1565 1776 1792 1828 corpore
1822 1763 1871 1824 Β
1897 1763 2243 1835 complanare
2265 1764 2331 1820 ad
2362 1765 2640 1822 meliorem
2673 1767 2836 1822 vitam
2869 1766 3172 1824 videbatur.

199 1854 386 1909 ﬁrmius
425 1855 716 1921 constitit,
763 1862 819 1909 et
857 1865 967 1908 tum
999 1853 1255 1909 decorum
1304 1863 1549 1924 aspectu,
1584 1863 1694 1908 tum
1725 1853 1792 1910 ad

202 1948 399 2020 quidvis
425 1947 698 2018 agendum
727 1947 930 2002 viribus
959 1947 1194 2019 pollens.
1220 1947 1369 2002 Adeo
1395 1956 1453 2002 ut
1472 1947 1792 2003 militaribus

202 2041 670 2098 exercitatiOnibus
715 2041 1053 2112 proluderet,
1105 2041 1406 2112 equitaret,
1449 2041 1785 2108 ambularet,

195 2136 503 2203 dimicaret,
537 2143 740 2206 tropaea
763 2135 831 2192 de
855 2135 1100 2192 hostibus
1125 2135 1282 2191 victis
1319 2136 1588 2208 erigeret,
1616 2145 1669 2192 et
1709 2136 1790 2192 in-

194 2238 432 2284 cruentas
463 2227 597 2284 illas
624 2243 775 2284 more
805 2243 904 2284 suo
935 2229 1190 2285 victorias
1220 2235 1544 2299 reportaret.

783 2343 1014 2400 CAPUT
1053 2341 1188 2399 LIV.

195 2431 260 2489 De
284 2435 346 2489 iis
371 2434 463 2506 qui
494 2435 686 2490 eximia
716 2436 828 2506 ejus
855 2436 1168 2490 humanitate
1196 2434 1265 2490 ad
1285 2434 1554 2491 avaritiam
1598 2445 1643 2490 et
1675 2438 1786 2508 pie-

555 2529 673 2583 tatis
702 2528 1075 2583 simulationem
1104 2530 1252 2584 abusi
1292 2541 1429 2586 sunt.

257 2644 476 2700 Animus
511 2643 762 2698 similiter
795 2642 862 2698 ad
901 2659 1170 2698 summum
1207 2643 1456 2699 humana:
1505 2643 1792 2715 perfectio-

194 2737 268 2790 nis
287 2737 509 2791 culmen
540 2746 857 2806 pervenerat
891 2753 907 2801 ;
936 2737 1132 2807 quippe
1157 2736 1246 2808 qui
1278 2737 1527 2792 omnibus
1560 2738 1789 2809 praecla-

194 2827 258 2883 ris
277 2827 500 2884 dotibus
530 2837 752 2884 ornatus
781 2838 946 2894 esset,
975 2829 1245 2899 praecipue
1273 2845 1399 2884 vero
1430 2829 1787 2887 humanitate.

195 2920 346 2988 Quam
373 2930 566 2977 tamen
589 2921 746 2977 multi
773 2920 1272 2992 reprehendebant;
1303 2922 1372 2977 ob
1402 2923 1790 2980 exuberantem

195 3013 434 3070 malitiam
485 3014 890 3084 improborum,
918 3014 1008 3086 qui
1038 3013 1328 3085 nequitiam
1368 3030 1518 3071 suam
1559 3016 1790 3088 impera-

195 3107 310 3162 toris
359 3106 752 3162 adscribebant
797 3107 1089 3177 patientiae.
1143 3106 1304 3163 Certe
1349 3107 1465 3162 haec
1507 3107 1614 3163 duo
1660 3108 1788 3164 vitia

197 3200 285 3256 illis
310 3201 657 3274 temporibus
685 3205 920 3258 maxime
950 3201 1262 3266 invaluissc,
1300 3217 1397 3257 nos
1435 3217 1647 3273 quoque
1685 3203 1786 3273 ipsi

195 3297 598 3366 conspeximus;
633 3295 941 3350 violentiam
969 3294 1178 3349 scilicet
1204 3297 1561 3362 pessimorum
1609 3293 1788 3352 homi-

197 3403 305 3443 num
330 3399 380 3444 et
407 3387 711 3444 insatiabili
739 3387 1029 3459 cupiditate
1053 3386 1420 3459 ﬂagrantium,
1448 3389 1537 3459 qui
1567 3387 1780 3443 univer-

196 3497 273 3538 sos
299 3482 409 3539 fere
437 3482 708 3538 mortales
729 3482 1050 3538 infestabant
1074 3522 1091 3550 ,
1119 3491 1172 3536 et
1199 3480 1591 3536 fraudulentam
1621 3481 1786 3537 simu-

196 3573 429 3630 lationem
460 3589 664 3630 eorum
686 3575 774 3645 qui
805 3574 1000 3630 callide
1036 3575 1087 3629 in
1120 3574 1414 3631 Ecclesiam
1454 3574 1782 3645 irrepebant,

199 3677 244 3722 et
265 3665 697 3723 Christianorum
726 3683 921 3723 nomen
952 3668 1088 3722 l'also
1117 3683 1180 3723 ac
1199 3668 1380 3736 specie
1409 3678 1561 3724 tenus
1588 3668 1788 3739 praele-

196 3761 383 3818 rebant.
411 3762 625 3819 Verum
656 3762 812 3817 insita
844 3761 1155 3830 imperatori
1184 3760 1492 3816 humanitas
1527 3776 1588 3816 ac
1628 3761 1786 3817 boni-

198 3863 287 3924 tas,
321 3866 374 3912 et
397 3855 538 3914 ﬁdei
565 3870 886 3925 morumque
911 3854 1216 3920 sinceritas,
1248 3868 1314 3910 eo
1342 3852 1517 3923 ipsutn
1542 3853 1786 3922 adduxit,

197 3959 246 4004 ut
262 3951 508 4006 crederet
545 3947 684 4004 ﬁcta:
713 3949 766 4004 in
789 3948 1023 4019 speciem
1056 3947 1242 4016 pietati
1267 3946 1540 4002 hominum
1571 3947 1786 4002 illorum

198 4043 274 4113 qui
300 4060 398 4116 pro
421 4043 756 4100 Christianis
785 4041 1140 4107 habebantur,
1169 4050 1224 4096 et
1251 4039 1342 4111 qui
1369 4039 1637 4096 sinceram
1661 4053 1787 4112 erga

200 4135 354 4206 ipsum
381 4134 825 4193 benevolentiam
851 4132 1045 4188 callida
1075 4141 1254 4189 mente
1282 4131 1630 4186 simulabant.
1659 4131 1788 4199 Qui-

200 4231 284 4289 bus
309 4234 394 4290 ille
423 4249 557 4290 cum
580 4232 874 4302 semetipse
894 4227 1236 4294 credidisset,
1262 4225 1532 4283 interdum
1559 4225 1790 4282 fortasse

201 4325 472 4399 ineaqute
499 4343 696 4400 parum
744 4327 941 4382 decora
1001 4333 1218 4388 essent,
1267 4323 1521 4394 impegit;
1569 4323 1790 4394 maligni

203 4419 445 4478 daemonis
490 4421 693 4478 invidia
739 4421 878 4476 hanc
901 4417 1049 4474 velut
1093 4416 1357 4472 maculam
1404 4416 1625 4487 reliquis
1672 4416 1793 4487 ejus

203 4512 429 4573 laudibus
455 4515 844 4586 adspergente.

789 4627 1022 4686 CAPUT
1061 4628 1169 4685 LV.

212 4723 428 4792 Qualiter
446 4727 517 4781 ad
540 4725 780 4780 ultimum
803 4737 964 4793 usque
992 4725 1109 4780 vita:
1131 4721 1264 4780 diem
1285 4721 1539 4777 orationes
1565 4719 1788 4791 scripsit.

273 4841 461 4897 Verum
475 4839 794 4896 illosdivina
806 4838 1009 4908 justltia
1025 4852 1132 4892 non
1148 4836 1314 4891 multo
1328 4844 1447 4905 post
1459 4833 1653 4890 merito
1663 4849 1724 4889 su
1733 4849 1790 4903 p-

209 4932 356 5004 plieio
377 4933 576 4991 affecit.
594 4933 896 5003 Imperator
917 4945 1045 4987 vero
1073 4939 1215 4987 tanta
1239 4943 1549 4984 sermonum
1568 4926 1789 4984 scientia

208 5029 427 5086 animum
451 5031 810 5091 instruxerat,
836 5034 894 5081 ut
912 5025 980 5080 ad
1013 5025 1258 5080 ultimum
1282 5037 1451 5092 usque
1473 5020 1614 5077 diem
1643 5019 1790 5087 vita),

210 5123 466 5180 orationes
491 5119 863 5178 conscriberet
886 5133 1035 5174 more
1047 5117 1227 5182 solito,
1250 5114 1602 5171 etconciones
1628 5111 1793 5168 habe-

211 5223 305 5281 ret,
329 5223 382 5270 et
408 5215 588 5270 divina
603 5213 924 5274 documenta
946 5208 1584 5266 auditoribusinsinuaret
1609 5224 1621 5260 :
1647 5205 1796 5276 leges

213 5304 327 5361 item
351 5306 761 5373 ferretassidue,
785 5319 927 5361 nunc
951 5303 1018 5358 de
1029 5300 1538 5372 eivilibusnegotiis,
1559 5315 1699 5356 nunc
1727 5298 1798 5355 de

213 5414 267 5454 re
293 5401 504 5457 militari
522 5411 741 5458 :cuncta
761 5398 993 5465 denique
1018 5397 1082 5452 ad
1098 5395 1441 5454 commodum
1463 5403 1620 5464 atque
1647 5393 1792 5448 utili-

217 5498 360 5548 tatem
387 5493 600 5549 humani
624 5491 838 5564 generis
857 5491 1205 5561 excogitaret.
1223 5487 1357 5544 Illud
1380 5501 1508 5542 vero
1520 5484 1795 5557 haudqua-

221 5598 364 5654 quam
397 5587 609 5644 silentio
639 5583 1074 5656 praetereundum
1125 5591 1240 5646 est,
1269 5580 1411 5653 quod
1458 5595 1582 5636 cum
1621 5587 1799 5637 extre-

234 5693 341 5735 mus
362 5679 486 5736 vitae
511 5679 626 5737 dies
653 5679 757 5751 ipsi
779 5679 888 5751 jam
920 5676 1276 5750 impenderet,
1302 5674 1583 5731 funebrem
1613 5688 1800 5746 quam-

243 5771 355 5831 dam
408 5774 701 5834 orationem
761 5775 814 5833 in
884 5781 1143 5832 consueto
1199 5770 1467 5829 auditorio
1535 5770 1796 5830 recitavit.

2495 1882 2722 1941 CAPUT
2762 1884 2895 1940 LVI.

1901 1976 2169 2044 Quomodo
2197 1977 2265 2031 ad
2300 1977 2493 2032 bellum
2534 1976 2805 2033 Persicum
2837 1979 3200 2050 proﬁciscens,
3230 1983 3496 2055 episwpos

1967 2069 2064 2122 sibi
2116 2069 2388 2143 adjunxit,
2440 2081 2488 2125 et
2545 2073 2819 2126 tentorium
2867 2074 2924 2127 in
2978 2074 3198 2146 speciem
3252 2075 3498 2132 Ecclesia-

1967 2163 2185 2232 paravit.

1967 2272 2098 2328 lllud
2129 2290 2344 2346 quoque
2373 2277 2683 2348 neutiquam
2727 2279 3158 2349 praetereundum
3191 2285 3492 2355 est,-quod

1892 2370 2035 2425 circa
2081 2370 2198 2426 hac
2243 2381 2526 2442 tempora,
2573 2388 2696 2430 cum
2740 2373 2810 2429 de
2855 2383 3002 2430 motu
3042 2374 3396 2433 barbarorum
3425 2379 3491 2433 ad

1892 2463 2156 2519 orientem
2204 2464 2372 2520 solem
2424 2464 2731 2537 degentium
2775 2467 2996 2523 nuntius
3047 2468 3242 2526 allatus
3287 2482 3434 2528 esset
3476 2490 3490 2526 :

1892 2556 2032 2613 hanc
2062 2557 2238 2612 adhuc
2267 2557 2332 2612 de
2362 2557 2468 2613 illis
2499 2560 2774 2616 victoriam
2804 2575 3091 2631 superesse
3113 2563 3213 2618 sibi
3242 2572 3488 2630 testatus,

1892 2649 2074 2706 Persis
2107 2649 2307 2706 bellum
2348 2649 2548 2708 inferre
2587 2655 2795 2709 statuit.
2825 2654 2980 2722 Quod
3020 2671 3143 2712 cum
3189 2656 3366 2714 facere
3397 2658 3489 2714 αθ.

1891 2743 2176 2812 crevisset,
2199 2742 2462 2799 militares
2500 2745 2688 2815 copias
2733 2745 2968 2817 undique
3008 2748 3246 2804 excivit:
3278 2758 3329 2803 et
3361 2765 3485 2805 cum

1891 2837 2158 2908 episcopis
2186 2851 2320 2907 quos
2344 2837 2486 2893 circa
2513 2852 2571 2896 se
2600 2838 2850 2907 habebat,
2881 2840 2949 2895 de
2996 2840 3330 2913 profectione
3361 2858 3490 2898 con-

1891 2930 2072 2984 silium
2121 2930 2577 2998 communicavit,
2642 2932 2863 3002 provida
2908 2943 3090 2990 mente
3135 2934 3491 3008 prospiciens,

1894 3023 2038 3076 viros
2062 3023 2128 3076 ad
2159 3021 2399 3078 divinum
2429 3023 2630 3078 cultum
2672 3025 3004 3080 necessarios
3052 3039 3236 3082 secum
3273 3025 3490 3084 assidue

1817 3156 1866 3222 ϐ
1894 3117 2096 3173 versari
2135 3124 2407 3185 oportere.
2439 3115 2518 3172 Illi
2566 3133 2716 3185 vero,
2749 3117 2940 3173 libenti
2980 3118 3162 3174 animo
3210 3127 3492 3174 secuturos

1893 3227 1953 3266 se
1982 3225 2102 3266 esse
2131 3198 2488 3276 afﬁrmarunt,
2515 3225 2614 3266 nec
2634 3211 2702 3266 ab
2728 3211 2820 3266 illo
2843 3211 3180 3268 discessuros
3197 3254 3212 3278 ,
3242 3211 3338 3267 sed
3360 3226 3488 3267 cou-

1893 3305 2054 3364 tinuis
2083 3303 2223 3374 apud
2250 3303 2436 3369 Deum
2485 3304 2970 3376 supplicationibus
3016 3305 3340 3361 militaturos
3381 3321 3484 3362 una

1892 3413 2014 3454 cum
2047 3395 2138 3452 illo
2171 3407 2223 3452 et
2253 3407 2599 3468 pugnaturos.
2633 3399 2750 3466 Quo
2790 3398 2883 3454 ille
2924 3400 3111 3454 nuntio
3141 3399 3491 3458 vehementer

1892 3491 2215 3556 delectatus,
2245 3491 2384 3545 viam
2419 3490 2525 3547 illis
2554 3507 2659 3562 qua
2701 3491 3192 3564 proﬁciscerentur,
3241 3493 3485 3565 descrip-

1890 3586 1980 3641 sit.
2016 3584 2221 3641 Deinde
2255 3585 2664 3642 tabernaculum
2695 3587 2749 3640 in
2801 3585 3040 3656 speciem
3069 3586 3329 3642 Ecclesia:
3370 3603 3487 3644 am-

1891 3678 2087 3734 bitioso
2119 3677 2266 3734 cultu
2295 3677 2362 3733 ad
2393 3676 2552 3750 huius
2582 3678 2709 3734 belli
2733 3694 2886 3734 nsum
2919 3679 3274 3750 praeparavit;
3308 3680 3359 3734 in
3381 3693 3490 3750 quo

1893 3785 2082 3843 preces
2107 3769 2174 3826 ad
2204 3769 2372 3826 Deum
2404 3772 2644 3828 victoriae
2673 3782 2946 3829 auctorem
2978 3787 3081 3828 una
3123 3786 3248 3831 cum
3277 3772 3488 3844 episco-

1892 3867 1972 3937 pis
2004 3864 2227 3921 fundere
2253 3864 2592 3922 decreverat.

2471 4001 2702 4059 CAPUT
2741 4001 2896 4058 LVII.

1896 4094 2164 4162 Quomodo
2218 4096 2469 4166 susceptis
2507 4095 2785 4152 Persarum
2833 4098 3044 4169 legatis,
3096 4100 3225 4172 festo
3277 4097 3494 4156 Parcius

2327 4187 2409 4244 die
2440 4204 2557 4244 cum
2583 4189 2702 4244 aliis
2731 4192 3061 4262 pernoctavit.
3133 4211 3138 4214 ·

1963 4300 2176 4360 Interea
2223 4303 2401 4361 Persae
2429 4319 2552 4360 cum
2601 4306 2980 4378 imperatorem
3043 4306 3246 4365 bellum
3300 4323 3492 4380 parare

1893 4399 2307 4470 comperissent,
2339 4407 2543 4456 etcum
2572 4401 2666 4456 illo
2708 4399 2964 4473 congredi
3005 4401 3356 4460 vehementer
3399 4419 3487 4460 re-

1896 4490 2266 4560 formidarent,
2301 4493 2479 4549 missis
2527 4493 2717 4565 legatis
2766 4511 2950 4567 pacem
2982 4495 3050 4551 ab
3077 4510 3144 4551 eo
3190 4495 3494 4567 postulave-

1815 4562 1870 4623 Ῑ)
1895 4594 2038 4641 runt.
2073 4585 2255 4656 Itaque
2277 4587 2569 4658 imperator
2589 4590 2738 4660 pacis
2762 4590 3181 4656 amantissimus,
3208 4590 3494 4646 Persarum

1896 4681 2164 4751 legatione
2193 4680 2422 4752 benigne
2447 4692 2720 4753 suscepta,
2751 4696 2938 4753 pacem
2969 4691 3025 4738 et
3049 4681 3338 4739 amicitiam
3369 4699 3494 4740 cum

1897 4776 1976 4830 eis
2002 4775 2234 4831 libenter
2262 4774 2481 4845 pepigit.
2503 4774 2829 4846 Aderatjam
2865 4791 3055 4848 magna
3080 4775 3346 4848 paschalis
3375 4779 3496 4834 festi

1897 4867 2218 4923 solemnitas
2247 4885 2259 4920 :
2292 4870 2344 4922 in
2373 4885 2477 4940 qua
2523 4870 2816 4940 imperator
2857 4880 2979 4926 vota
3009 4869 3122 4927 Deo
3158 4874 3495 4944 persolvens,

1901 4975 2004 5016 una
2027 4974 2148 5015 cum
2169 4961 2380 5016 caeteris
2412 4963 2763 5032 pernoctavit.

2472 5098 2701 5155 CAPUT
2743 5097 2922 5155 LVIII.

2146 5189 2219 5244 De
2251 5193 2624 5246 constructione
2649 5193 2886 5263 martyrii
2913 5195 3264 5264 apostolorum

2473 5283 2935 5354 Constantinopoli.

1977 5397 2292 5455 Posthaecin
2312 5401 2626 5456 memoriam
2644 5400 3011 5471 apostolorum
3041 5401 3352 5472 martyrium
3373 5401 3502 5456 aedi-

1904 5491 2067 5550 ﬁcare
2087 5493 2254 5562 cmpit
2280 5491 2330 5547 in
2355 5491 2487 5549 urbe
2507 5492 2609 5548 sibi
2628 5497 2971 5565 cognomine.
2990 5494 3231 5565 Cumque
3244 5494 3502 5564 templum

1904 5599 2068 5642 omne
2097 5586 2150 5642 in
2173 5584 2492 5645 immensam
2530 5586 2869 5643 altitudinem
2901 5586 3218 5652 extulisset,
3246 5587 3396 5643 vario
3426 5587 3506 5642 la-

1921 5677 2105 5750 pidum
2135 5692 2335 5749 genere
2365 5677 2704 5750 Splendidum
2735 5677 2999 5745 reddidit,
3031 5677 3514 5761 a.solo-ad~came-

1947 5786 2062 5831 ram
2090 5787 2260 5846 usque
2294 5773 2613 5830 marmoreis
2651 5769 2848 5829 crustis
2887 5768 3018 5826 illud
3045 5755 3332 5844 opaiiens:
3358 5765 3534 5833 Porro
