3982 6302
490 247 560 302 37
1831 241 2100 299 EUSEIIII
2142 240 2471 300 PAMPIIILI
3717 251 3780 309 88

490 373 759 415 cameram
799 359 1142 415 lacunaribus
1173 360 1517 417 minutissimi
1558 360 1743 431 operis
1781 358 2058 414 obducens
2078 400 2094 426 ,
2123 358 2175 422 Α
2204 360 2405 429 templo
2433 368 2730 433 martyrum
2760 360 2851 415 diu
2885 370 3272 427 commoratus,
3305 363 3713 435 supplicationes
3734 377 3784 426 et

493 461 662 507 totam
696 466 831 508 auro
852 452 1242 508 imbracteavit.
1276 452 1346 507 Et
1372 468 1534 523 supra
1561 451 1799 523 quidem,
1829 468 1903 506 :es
1935 461 2089 523 tegu-

490 545 665 601 larum
710 546 831 601 loco
860 546 1202 616 impositum,
1234 547 1488 605 universo
1527 545 1753 601 :ediﬁcio
1789 548 2092 602 munimen-

494 649 607 694 tum
657 638 917 694 adversus
960 638 1161 695 imbres
1203 640 1497 710 przebebat.
1536 638 1686 706 Quod
1728 638 1912 694 itidem
1959 654 2092 696 auro

491 730 728 803 plurimo
739 731 1081 800 superfusum
1097 732 1497 802 resplendebat;
1520 732 1654 787 adeo
1674 740 1729 786 ut
1744 732 1925 801 procul
1940 747 2095 803 spec-

492 823 723 878 tantium
779 823 964 878 oculos
1016 822 1223 894 fulgore
1270 825 1705 895 pnestingueret,
1755 825 1885 879 solis
1929 825 2094 880 radiis

493 915 621 970 :eris
645 914 861 985 objectu
893 916 1250 984 repercussis.
1277 915 1470 970 Totum
1507 930 1636 970 vero
1671 917 1927 971 solarium
1962 919 2092 973 reti-

493 1005 686 1062 cuiatis
721 1006 1038 1076 quibusdam
1080 1006 1397 1079 anaglypbis
1417 1022 1481 1062 ex
1514 1023 1623 1064 aere
1661 1018 1714 1064 et
1746 1023 1880 1063 auro
1917 1008 2093 1066 fabre-

493 1101 652 1156 factis
674 1110 790 1156 erat
816 1098 1229 1155 circumdatum.

1096 1211 1325 1269 CAPUT
1366 1212 1499 1269 LIX.

879 1304 1165 1375 Dem-iptio
1192 1304 1421 1371 eiusdem
1449 1304 1709 1377 Martyrii.

565 1401 643 1454 Ac
675 1400 930 1469 templum
987 1398 1205 1470 quidem
1254 1400 1427 1470 ipsum
1464 1401 1697 1454 maximo
1751 1400 2094 1471 imperatoris

494 1493 674 1549 studio
719 1494 859 1547 hunc
904 1493 956 1546 in
1004 1492 1223 1547 modum
1283 1492 1666 1548 exornabatur.
1715 1491 1869 1549 Circa
1918 1495 2093 1565 ipsum

495 1586 754 1656 templum
782 1584 971 1655 ingens
999 1592 1115 1640 erat
1144 1600 1292 1653 area,
1325 1585 1497 1641 libero
1526 1600 1588 1641 ac
1622 1595 1837 1655 patente
1863 1586 2096 1658 desuper

492 1682 649 1738 coelo.
680 1680 846 1750 Cujus
880 1679 947 1734 ad
987 1689 1220 1752 quatuor
1268 1679 1453 1744 latera,
1507 1680 1748 1751 porticus
1794 1692 1951 1736 erant
1992 1682 2092 1737 sibi

495 1777 729 1832 invicem
762 1778 1087 1847 conjunctar,
1119 1792 1240 1847 quae
1269 1792 1450 1832 aream
1503 1776 1554 1832 in
1587 1777 1765 1833 medio
1805 1780 1963 1833 sitam
1992 1796 2094 1834 una
2126 1762 2174 1822 Β

497 1886 618 1925 cum
643 1870 759 1940 ipso
784 1869 984 1940 templo
1010 1870 1522 1940 circomcingebant.
1550 1870 1814 1926 Praeterea
1838 1870 2100 1947 basilicm;

493 1960 734 2029 lavacra,
764 1961 1057 2018 diversoria
1079 1971 1132 2017 et
1157 1962 1257 2017 alia
1284 1962 1512 2031 plurima
1537 1961 1839 2018 habitacula
1860 1964 1924 2017 ad
1945 1980 2099 2020 usum

498 2069 686 2111 eorum
716 2055 806 2123 qui
842 2056 1017 2111 locum
1044 2056 1456 2123 custodiebant,
1501 2057 1796 2128 porticibus
1823 2059 2098 2131 applieita,

492 2162 677 2203 earum
708 2146 1093 2219 longitudinem
1115 2149 1419 2221 aequabant.

1110 2262 1339 2320 CAPUT
1377 2263 1492 2319 LX.

570 2356 725 2426 Quod
749 2358 974 2413 etiamin
996 2374 1053 2413 eo
1080 2358 1272 2430 templo
1296 2359 1588 2431 sepulcrum
1609 2360 1706 2414 sibi
1730 2361 2022 2431 redi/ienuit.

567 2470 695 2526 Haec
737 2470 917 2525 omnia
970 2470 1240 2526 dedicavit
1285 2473 1579 2543 imperator
1619 2488 1687 2528 eo
1731 2475 1981 2540 consilio,
2040 2487 2097 2533 ut

493 2562 863 2633 apostolorum
895 2564 1200 2621 Servatoris
1236 2567 1406 2621 nostri
1435 2567 1748 2623 memoriam
1779 2569 2011 2640 posteris
2039 2570 2093 2624 in

492 2666 809 2730 perpetuum
859 2661 1284 2717 commendaret.
1309 2660 1414 2717 Sed
1446 2673 1501 2717 et
1544 2663 1689 2717 aliud
1718 2665 1990 2735 quidpiam
2037 2664 2091 2720 in

492 2763 678 2809 mente
729 2753 955 2822 habens,
989 2756 1163 2811 mdem
1191 2757 1337 2811 illam
1385 2759 1724 2813 construxit:
1765 2760 1906 2829 quod
1940 2761 2094 2815 initio

491 2846 712 2917 quidem
739 2847 1050 2912 obscurum,
1083 2850 1299 2904 tandem
1331 2865 1460 2905 vero
1503 2851 1755 2906 omnibus
1797 2851 1899 2907 sub
1929 2850 2090 2907 finem

493 2941 747 2996 innotuit.
779 2940 990 3012 Quippe
1019 2943 1134 3013 ipse
1162 2942 1303 2998 hunc
1331 2942 1433 2997 sibi
1478 2943 1655 2998 locum
1692 2953 1812 3013 post
1860 2955 2090 3002 mortem

497 3032 905 3103 designaverat;
937 3034 1238 3089 incredibili
1269 3034 1390 3090 fidei
1419 3034 1695 3091 alacritate
1727 3038 2086 3108 prospiciens,

493 3135 552 3180 ut
578 3141 777 3196 corpus
802 3141 956 3181 suum
1006 3141 1350 3182 communem
1393 3141 1514 3182 cum
1545 3128 1803 3198 apostolis
1853 3131 2093 3200 appella-
2116 3151 2163 3215 ο

492 3220 694 3274 tionem
727 3229 847 3289 post
896 3219 1102 3274 obitum
1156 3221 1481 3276 sortiretur:
1511 3236 1620 3287 quo
1660 3222 1865 3277 scilicet
1896 3239 2086 3294 preca-

490 3316 697 3370 tionum
730 3329 849 3385 quas
876 3314 927 3368 in
956 3313 1215 3369 honorem
1245 3314 1616 3385 apostolorum
1645 3316 1716 3372 ibi
1746 3318 2090 3375 celebranda:

491 3416 666 3472 erant,
714 3407 876 3462 etiam
921 3416 1165 3461 mortuus
1215 3407 1485 3477 particeps
1530 3407 1703 3464 fieret.
1746 3409 1877 3465 Cum
1929 3411 2090 3481 igitur

492 3497 775 3554 duodecim
809 3497 915 3552 illic
941 3512 1152 3568 capsas,
1183 3500 1335 3572 quasi
1368 3514 1551 3554 sacras
1596 3502 1851 3570 quasdam
1883 3504 2089 3559 colum-

492 3605 594 3647 nas
638 3592 691 3645 in
749 3592 1007 3646 honorem
1068 3605 1131 3646 ac
1175 3592 1493 3647 memoriam
1548 3594 1827 3664 apostolici
1876 3596 2086 3666 collegii

490 3683 777 3748 erexisset,
827 3697 976 3737 suam
1023 3683 1189 3753 ipsius
1232 3699 1410 3738 arcam
1462 3684 1518 3739 in
1566 3685 1745 3741 medio
1790 3689 2084 3754 constituit,

490 3791 613 3848 quae
653 3791 812 3832 senas
855 3778 1108 3848 utrinque
1155 3776 1523 3848 apostolord‘m
1577 3794 1767 3851 capsas
1798 3781 2087 3853 dispositas

490 3869 744 3927 habebat.
787 3870 963 3940 Atque
995 3870 1044 3925 id
1074 3870 1126 3925 in
1158 3887 1224 3926 eo
1254 3871 1375 3926 loco
1421 3872 1508 3927 uhi
1535 3887 1730 3944 corpus
1757 3875 1925 3946 ipsius
1966 3887 2087 3947 post

486 3973 717 4019 mortem
768 3962 1028 4019 decenter
1080 3962 1461 4034 deponendum
1506 3976 1671 4031 esset,
1728 3968 2086 4026 solertissime

484 4055 740 4127 providit.
772 4054 866 4111 His
914 4056 1004 4110 ille
1032 4055 1123 4111 diu
1155 4065 1312 4112 antea
1343 4059 1522 4128 sagaci
1566 4069 1745 4115 mente
1785 4062 2082 4132 diSpositis,

487 4152 658 4207 aedem
688 4148 949 4222 apostolis
976 4152 1345 4221 consecravit;
1394 4169 1490 4225 pro
1525 4163 1673 4211 certo
1717 4157 1818 4211 sibi
1865 4173 2084 4227 persua-

486 4247 645 4314 dens,
681 4245 872 4301 horum
901 4248 1216 4303 memoriam
1245 4263 1350 4303 non
1394 4265 1581 4319 parum
1610 4248 1860 4306 utilitatis
1888 4251 2084 4307 animae

486 4352 598 4393 sua:
628 4351 751 4393 esse
775 4337 1079 4392 allaturam.
1111 4337 1220 4393 Nec
1249 4354 1379 4394 vero
1417 4339 1556 4394 Deus
1584 4355 1705 4394 eum
1748 4352 1878 4396 voto
1921 4352 2085 4415 atque

484 4430 891 4500 exspectatione
922 4443 1017 4484 sua
1045 4428 1335 4483 frustratus
1384 4440 1486 4484 est.
1533 4429 1665 4484 Nam
1709 4446 1831 4487 cum
1884 4435 2083 4503 primas

484 4521 755 4593 paschalis
807 4522 931 4578 festi
997 4519 1414 4576 exercitatione;
1463 4521 1688 4577 obiissct
1719 4565 1733 4589 ,
1796 4524 2159 4615 ipsumqueD

484 4606 794 4670 Servatoris
842 4615 1011 4671 nostri
1069 4613 1234 4680 diem,
1268 4623 1381 4668 tum
1424 4613 1527 4669 sibi
1573 4622 1684 4670 tum
1735 4616 1855 4670 aliis
1907 4619 2082 4674 omni-

480 4708 584 4765 bus
612 4708 794 4764 laetum
821 4718 982 4781 atque
1008 4707 1238 4765 hilarem
1263 4707 1619 4776 reddidisset;
1653 4711 1696 4766 is
1727 4710 1879 4767 illum
1920 4713 2081 4771 rebus

483 4803 781 4869 intenttnn,
833 4813 887 4859 et
952 4804 1006 4858 iu
1059 4801 1366 4874 hujusmodi
1422 4802 1678 4873 operibus
1743 4814 2077 4872 perstantem

480 4909 651 4964 usque
676 4893 741 4948 ad
768 4894 969 4949 exitum
997 4894 1142 4958 vitae,
1171 4894 1313 4949 Deus
1339 4893 1490 4964 cujus
1522 4894 1723 4949 auxilio
1770 4906 1959 4951 cuncta
1984 4913 2078 4968 ge-

482 4986 655 5051 rebat,
689 4995 993 5055 opportune
1042 4985 1261 5041 tandem
1293 5000 1418 5041 eum
1458 4985 1524 5042 ad
1563 4986 1841 5043 meliorem
1872 4998 2073 5045 sortem

480 5076 774 5135 transferre
799 5077 1050 5151 dignatus
1071 5088 1176 5135 est.

1068 5191 1298 5249 CAPUT
1336 5191 1473 5249 LXI.

478 5288 812 5363 Imperatoris
839 5286 1111 5358 trgritudo,
1145 5296 1190 5340 et
1215 5288 1469 5342 orationes
1499 5286 1825 5362 Helenopoli.
1856 5288 1989 5345 Item
2006 5289 2071 5346 de

1071 5380 1183 5451 ejus
1204 5377 1477 5449 baptismo.

549 5486 815 5558 Principio
857 5483 1073 5557 quidem
1104 5483 1388 5556 inaequalis
1412 5488 1657 5558 corporis
1683 5489 2064 5560 intemperies;

472 5581 717 5651 posthaec
742 5579 961 5635 morbus
984 5592 1107 5633 eum
1137 5578 1349 5635 invasit.
1376 5579 1561 5651 Itaque
1590 5581 1655 5637 ad
1681 5597 1848 5654 aquas
1866 5582 2068 5641 calidas

471 5674 706 5729 civitatis
753 5688 863 5729 suae
893 5686 1209 5744 progressus
1232 5716 1247 5739 ,
1295 5672 1419 5729 inde
1449 5673 1818 5747 Helenopolim
1859 5675 2069 5735 delatus

468 5777 571 5836 est,
604 5767 788 5825 urbem
817 5766 1004 5824 matris
1025 5781 1137 5825 sua:
1154 5767 1374 5824 nomine
1397 5769 1717 5841 appellatam
1755 5783 1768 5825 ε
1801 5768 1981 5843 ibique
2007 5769 2061 5827 iu

2201 467 2391 523 preces
2414 452 2608 509 obtulit
2634 454 2766 509 Deo.
2794 453 3038 526 Cumque
3063 465 3363 512 extremum
3390 458 3515 513 vita:
3534 458 3671 515 diem
3688 462 3783 517 sibi

2193 544 2304 615 jam
2338 547 2624 604 imminere
2654 548 2902 614 sentiret,
2929 558 3142 620 tempus
3166 548 3378 605 tandem
3400 549 3591 606 adesse
3614 552 3811 607 existi-.

2199 637 2380 705 mavit,
2413 653 2518 708 quo
2564 638 2726 693 totius
2777 640 2898 695 vita:
2940 638 3134 695 delicta
3181 641 3451 712 expiaret;
3487 642 3782 700 firmissime

2199 730 2447 797 credens,
2477 746 2830 801 quaecumque
2859 732 3169 787 humanitus
3193 733 3546 804 peccavisset,
3576 748 3785 790 arcano.

2198 838 2315 878 rum
2363 824 2652 879 verborum
2699 823 2937 880 efficacia
2980 837 3033 879 et
3064 825 3293 881 salutari
3334 825 3550 880 lavacro
3591 828 3786 897 penitus

2197 930 2319 971 esse
2354 914 2605 971 delenda.
2639 916 2765 972 ηερε
2795 933 2916 971 eum
2963 918 3106 988 apud
3157 932 3216 974 se
3266 926 3605 988 reputasset,
3659 934 3787 991 genu

2197 1009 2338 1067 ﬂexo
2374 1010 2520 1065 humi
2552 1012 2934 1081 procumbens,
2962 1012 3177 1067 veniam
3225 1027 3258 1067 a
3304 1012 3412 1067 Deo
3454 1013 3674 1083 supplex
3703 1028 3788 1084 po.

2199 1108 2390 1177 poscit,
2436 1117 2652 1178 peccata
2685 1123 2781 1163 sua
2811 1107 3078 1163 confitens
3124 1108 3176 1163 in
3222 1109 3339 1178 ipso
3369 1108 3663 1180 Martyrio:
3693 1124 3787 1180 quo

2197 1201 2253 1255 in
2283 1200 2400 1255 loco
2447 1215 2701 1255 manuum
2733 1201 3135 1270 impositionem
3167 1216 3290 1256 cum
3334 1200 3564 1257 solemni
3605 1217 3782 1272 preca-

2200 1294 2344 1347 tione
2384 1294 2611 1363 primum
2643 1294 2838 1349 meruit
2886 1295 3154 1365 accipere.
3215 1294 3350 1349 llinc
3398 1293 3465 1349 ad
3496 1294 3787 1350 suburbana

2197 1383 2520 1440 Nicomedia.-
2559 1385 2874 1456 digressus;
2923 1385 3238 1442 convocatis
3277 1385 3579 1458 episcopis,
3626 1387 3702 1442 sic
3726 1386 3786 1441 ad

2199 1493 2296 1535 eos
2326 1480 2489 1534 verba
2521 1479 2668 1535 fecit.

2782 1597 3013 1656 CAPUT
3054 1598 3213 1654 LXII.

2204 1693 2401 1761 Quibus
2448 1695 2610 1751 verbis
2643 1693 3004 1751 Constantinus
3046 1693 3319 1765 postularit
3357 1691 3422 1747 ab
3460 1691 3701 1764 episcopis
3736 1701 3786 1748 ut

2616 1788 2923 1859 baptismum
2951 1787 3045 1841 sibi
3071 1790 3381 1857 conferrent.

2283 1918 2302 1951 ί
2335 1899 2445 1955 lloc
2462 1911 2577 1956 erat
2611 1910 2821 1971 tempus
2848 1899 2987 1971 quod
3012 1898 3320 1971 jamdudum
3350 1898 3650 1970 sperabam,
3673 1913 3781 1955 cum

2204 1992 2504 2049 incredibili
2532 1994 2823 2065 cupiditate
2850 1992 3117 2057 arderem,
3154 1992 3400 2063 votisque
3427 1993 3670 2048 omnibus
3698 1991 3782 2047 dc-

2201 2086 2495 2142 siderarem
2528 2087 2755 2142 salutem
2787 2087 2838 2141 in
2873 2086 2980 2142 Deo
3009 2086 3283 2156 consequi.
3315 2084 3433 2140 .Iam
3460 2094 3663 2155 tempus
3687 2092 3777 2149 est,

2199 2193 2257 2239 ut
2295 2185 2503 2256 signum
2549 2184 2674 2238 illud
2713 2183 2855 2254 quod
2903 2182 3366 2237 immortalitatem
3415 2180 3651 2245 confert,
3693 2193 3778 2235 nos

2198 2292 2412 2349 quoque
2441 2277 2820 2349 percipiamus;
2855 2285 3067 2346 tempus
3105 2284 3206 2342 est,
3240 2283 3298 2330 ut
3327 2273 3581 2329 salutaris
3616 2273 3778 2342 signa-

2197 2371 2304 2428 culi
2356 2370 2643 2442 participes
2672 2369 2885 2426 fiamus.
2931 2370 3195 2442 Equidem
3241 2369 3370 2427 olim
3422 2377 3704 2425 statueram
3731 2366 3775 2424 id

2196 2482 2359 2537 agere
2398 2468 2448 2521 in
2480 2465 2699 2521 flumine
2741 2464 3010 2532 Iordane,
3052 2465 3103 2522 in
3135 2481 3242 2537 quo
3285 2464 3543 2519 Servator
3585 2464 3691 2534 ipse
3716 2461 3774 2515 ad

2196 2558 2502 2628 exemplum
2522 2566 2792 2625 nostrum,
2821 2556 3414 2625 lavacrumsuscepissc
3443 2563 3770 2610 memoratur.

2196 2648 2300 2706 Sed
2325 2650 2467 2707 Deus
2494 2649 2583 2721 qui
2624 2650 2826 2718 optime
2853 2651 3000 2703 novit
3029 2663 3091 2703 ea
3132 2663 3251 2719 qum
3279 2647 3436 2703 nobis
3467 2646 3611 2702 utilia
3640 2653 3770 2709 sunt,

2195 2739 2297 2797 hoc
2324 2741 2375 2795 in
2405 2741 2527 2796 loco
2556 2740 2707 2795 nobis
2729 2739 2960 2809 idipsum
2985 2738 3244 2794 exhibere
3261 2737 3531 2808 dignatur.
3559 2735 3773 2791 Proinde

2195 2834 2370 2888 omnis
2400 2842 2739 2888 removeatur
2760 2831 3043 2887 dubitatio.
3068 2830 3201 2886 Nam
3229 2831 3272 2885 si
3302 2829 3522 2901 quidem
3555 2829 3687 2884 Deus
3703 2828 3772 2881 vi-

2195 2937 2262 2982 tae
2291 2929 2587 2999 mortisque
2617 2926 2838 2993 arbiter,
2872 2925 2960 2981 hic
2989 2940 3075 2980 me
3104 2924 3307 2981 diutius
3330 2925 3496 2979 vitam
3521 2937 3674 2995 agere
3687 2935 3773 2975 vo-

2194 3020 2379 3087 luerit;
2410 3020 2570 3091 idque
2594 3019 2765 3076 semel
2793 3018 3066 3075 decretum
3092 3026 3195 3085 est,
3225 3027 3276 3072 ut
3310 3018 3365 3072 in
3397 3026 3769 3089 posterumuaa

2194 3127 2315 3168 cum
2339 3114 2539 3185 populo
2567 3113 2659 3168 Dei
2690 3112 3040 3183 permiscear,
3069 3121 3124 3167 et
3145 3114 3197 3166 in
3230 3111 3531 3168 Ecclesium
3556 3107 3772 3165 adscitus

2194 3221 2314 3261 cum
2342 3204 2563 3274 reliquis
2591 3205 2839 3260 omnibus
2867 3205 3171 3259 orationum
3200 3203 3474 3275 particeps
3501 3202 3651 3267 fiam;
3689 3214 3770 3256 eas

2194 3297 2407 3354 vivendi
2431 3297 2577 3368 leges
2604 3296 2736 3351 mihi
2767 3296 3207 3368 pracscripturum
3252 3312 3340 3352 me
3370 3311 3493 3353 esse
3516 3294 3765 3365 spondeo,

2192 3408 2313 3465 qua:
2337 3393 2445 3447 sint
2462 3392 2571 3448 Deo
2598 3391 2793 3463 dignze.
2808 3392 3035 3448 i—Htec
3050 3408 3171 3447 cum
3187 3392 3436 3459 dixisset,
3460 3391 3542 3447 illi
3560 3389 3766 3447 solemni

2192 3484 2299 3540 ritu
2327 3483 2535 3539 divinas
2560 3483 2913 3539 c:eremonias
2949 3492 3306 3554 peregerunt.
3348 3482 3700 3554 injunctisque
3723 3479 3766 3535 ei

2190 3592 2542 3649 qurecumque
2586 3578 2886 3633 necessaria
2934 3586 3122 3645 erant,
3173 3592 3456 3632 sacrorum
3505 3573 3767 3647 mysterio-

2191 3685 2309 3727 rum
2352 3671 2666 3742 participem
2714 3685 2837 3726 eum
2869 3669 3066 3726 fecere.
3097 3668 3256 3726 Solus
3302 3670 3466 3749 igitur
3503 3684 3568 3725 ex
3609 3664 3768 3722 omni-

2191 3763 2289 3819 bus
2310 3764 2401 3832 qui
2431 3778 2664 3834 unquam
2699 3763 2911 3818 inerunt
2937 3762 3359 3833 imperatoribus
3378 3760 3762 3823 Constantinus,

2190 3857 2245 3912 in
2270 3854 2471 3912 Christi
2503 3856 2777 3928 martyriis
2807 3864 3024 3912 renatus
3050 3867 3104 3911 ct
3141 3865 3549 3912 consummatus
3575 3862 3653 3910 est
3677 3870 3690 3908 :
3716 3859 3765 3906 et

2189 3946 2372 4002 divino
2397 3948 2625 4003 donatus
2646 3948 2947 4018 signaculo,
2971 3949 3442 4020 exultavitspiritu
3470 3956 3766 4005 renovatus—

2188 4055 2294 4111 quc
2328 4049 2442 4105 est,
2472 4055 2535 4096 ac
2577 4040 2754 4095 divina
2798 4040 2917 4097 luce
2946 4041 3207 4112 repletus.
3238 4041 3307 4096 Et
3343 4045 3525 4098 animo
3565 4038 3761 4111 quidem

2190 4133 2479 4189 maximam
2514 4134 2758 4205 capiebat
2786 4136 3113 4203 voluptatem
3141 4136 3214 4192 oh
3245 4137 3367 4193 lidei
3387 4134 3760 4195 excellentiam;

2188 4229 2642 4284 evidentissimum
2669 4239 2848 4285 autem
2870 4230 3067 4285 divinze
3081 4232 3336 4302 potentiae
3365 4228 3760 4303 magnitudinem

2187 4322 2446 4378 attonitus
2491 4323 2806 4379 mirabatur.
2852 4323 3144 4393 Postquam
3193 4327 3373 4380 omnia
3423 4324 3521 4381 rite
3561 4320 3760 4390 impleta

2186 4424 2334 4480 sunt,
2360 4414 2603 4472 candidis
2622 4429 2685 4471 ac
2706 4416 2868 4485 regiis
2891 4415 3130 4471 vestibus
3160 4415 3296 4472 lucis
3324 4417 3493 4472 instar
3523 4409 3761 4469 radianti-

2186 4507 2286 4563 bus
2313 4515 2398 4562 est
2423 4508 2670 4574 amictus,
2702 4516 2754 4562 et
2802 4507 3188 4563 candidissimo
3219 4510 3271 4565 in
3316 4508 3457 4565 lecto
3493 4503 3756 4567 recubuit;

2186 4616 2285 4658 nec
2308 4617 2601 4674 purpuram
2623 4603 2941 4674 contingere
2967 4602 3201 4674 amplius
3226 4602 3417 4659 voluit.

2751 4716 2982 4776 CAPUT
3019 4717 3202 4774 LXIII.

2363 4812 2636 4881 Quomodo
2664 4824 2777 4885 post
2806 4814 3115 4885 baptismum
3146 4813 3315 4870 Deum
3344 4814 3587 4871 laudavit.

2252 4926 2500 4984 Postbaec
2539 4929 2749 4985 sublata
2776 4929 2938 4987 altius
2963 4946 3096 4987 voce
3123 4972 3138 4997 ,
3170 4932 3542 5002 precabundus
3568 4929 3752 5003 gratias

2178 5020 2289 5092 egit
2309 5022 2447 5077 Deo:
2467 5030 2522 5077 et
2544 5021 2692 5077 finita
2719 5022 3026 5094 precatione
3053 5023 3168 5078 haec
3194 5024 3442 5095 subjecit.
3475 5044 3495 5077 ι
3515 5023 3658 5080 Nunc
3674 5034 3751 5077 me

2176 5129 2365 5171 revera
2406 5114 2624 5171 beatum
2665 5130 2817 5182 esse;
2868 5130 3010 5173 nunc
3046 5117 3339 5174 immortali
3367 5118 3474 5174 vita
3511 5117 3747 5189 dignum;

2176 5222 2320 5264 nunc
2344 5207 2541 5263 divina:
2565 5217 2870 5280 compotem
2901 5208 3034 5265 lucis
3060 5207 3260 5267 factum
3298 5224 3421 5268 esse
3440 5221 3741 5281 cognosco.»

2178 5301 2406 5357 Miseros
2424 5315 2640 5373 quoque
2660 5310 2714 5357 et
2735 5299 2976 5357 infelices
3004 5317 3127 5359 esse
3149 5302 3345 5372 aiebat,
3373 5304 3462 5376 qui
3481 5302 3633 5359 tantis
3656 5300 3745 5356 bo-

2180 5396 2265 5453 nis
2294 5396 2648 5468 privarentur.
2679 5392 2922 5467 Cumque
2952 5395 3150 5452 tribuni
3171 5411 3235 5453 ac
3262 5396 3428 5453 duces
3452 5394 3743 5452 militarium

2178 5493 2451 5564 copiarum
2484 5491 2821 5563 introgressi,
2854 5491 3026 5547 vicem
3057 5507 3208 5547 suam
3238 5493 3483 5549 dolerent
3509 5489 3642 5563 quod
3664 5502 3744 5542 or-

2177 5585 2277 5642 bos
2306 5586 2452 5656 ipsos
2477 5583 2829 5654 relinqueret,
2861 5592 2914 5639 et
2956 5582 3255 5655 longiorem
3299 5585 3395 5654 ipsi
3424 5585 3582 5638 vitam
3606 5595 3745 5637 cont-

2177 5686 2561 5749 precarentur;
2587 5675 2669 5730 bis
2689 5675 2850 5730 etiam
2879 5676 3235 5746 respondens,
3260 5691 3399 5733 nunc
3424 5674 3631 5732 demum
3656 5681 3742 5726 rei

2177 5778 2290 5826 ram
2321 5785 2380 5826 se
2402 5768 2561 5824 vitam
2580 5767 2830 5839 adeptum
2858 5782 2981 5826 esse
3008 5767 3164 5838 dixit,
3185 5779 3351 5841 seque
3378 5778 3537 5825 unum
3556 5762 3739 5837 Optimo
