3982 6302
208 273 274 331 89
1289 265 1375 322 DE
1414 263 1575 322 VITA
1615 260 2068 321 CONSTANTINI
2106 263 2310 323 LIBER
2348 265 2438 323 IV.
3423 265 3495 325 90

210 403 387 453 nosse,
420 393 737 459 quantorum
768 382 1030 440 bonorum
1064 385 1333 454 particeps
1372 382 1546 438 factus
1588 380 1793 435 fuisset.
1821 384 1875 442 Α

202 484 433 543 Proinde
475 497 764 553 properare
817 496 913 545 se,
960 491 1014 535 et
1073 478 1461 551 profectionem
1510 476 1575 531 ad
1624 476 1788 530 Dt-nm

199 593 345 635 suum
395 576 537 632 nulla
586 575 1027 645 tergiversatione
1061 573 1299 630 diii‘erre.
1345 572 1567 644 Singula
1596 570 1791 626 deinde

201 685 292 743 pro
338 668 559 723 arbitrio
589 681 687 723 Stto
717 667 1002 736 diSposuit.
1057 667 1135 723 Ac
1164 667 1425 721 Romanis
1454 664 1671 736 quidem
1706 680 1791 719 rc-

200 762 330 832 giam
360 759 545 815 urbem
576 759 936 814 incolentibus
962 774 1142 813 annua
1171 760 1416 831 qumdnm
1450 774 1672 814 munera
1707 758 1789 814 le-

196 853 351 923 gavit.
383 851 508 908 Suis
552 861 730 906 autem
764 850 950 907 liberis
991 851 1276 923 imperium
1321 850 1467 905 velut
1513 860 1787 920 paternam

197 945 558 1003 hmreditatem
585 944 831 1016 reliquit;
879 953 1072 1001 cuncta
1124 955 1286 1017 prout
1326 947 1428 1019 ipsi
1481 945 1785 1014 videbatur,

194 1038 541 1095 constituens.

767 1153 993 1212 CAPUT
1034 1152 1217 1212 LXIV.

194 1274 507 1331 Constantini
527 1289 667 1329 more
691 1273 777 1328 die
806 1273 936 1344 {esto
968 1272 1314 1339 Pentecostes,
1341 1273 1480 1328 circa
1505 1272 1785 1329 meridiem.

253 1390 420 1447 Porro
439 1390 556 1445 hare
578 1389 759 1446 omnia
777 1390 1106 1461 gerebantur
1127 1391 1180 1444 in
1206 1389 1439 1444 maxima
1469 1390 1558 1444 illa
1590 1390 1790 1444 solem-

194 1486 347 1541 nitate
377 1486 708 1541 venerandm
738 1493 794 1541 et
836 1487 1213 1541 sacratiSsimae
1245 1486 1596 1542 Pentecostes
1621 1503 1634 1539 :
1665 1499 1791 1557 qua

191 1580 493 1649 septenario
524 1578 924 1637 hebdomadam
972 1595 1197 1637 numero
1240 1578 1493 1645 decorata
1519 1621 1535 1647 ,
1584 1581 1789 1635 unitate

190 1671 516 1741 obsignatur.
553 1670 609 1727 In
634 1688 736 1743 qua
755 1682 808 1728 et
840 1673 1141 1728 communis
1167 1672 1471 1727 Servatoris
1500 1686 1785 1728 ascensum

191 1765 237 1822 in
275 1767 483 1830 ctelos,
544 1775 600 1821 et
652 1767 824 1822 sancti
877 1767 1108 1838 Spiritus
1160 1767 1214 1821 in
1248 1777 1418 1821 terras
1464 1764 1785 1821 descensum
1819 1794 1867 1855 Β

190 1861 470 1931 contigisse
499 1874 668 1915 sacra:
698 1859 890 1915 litterm
922 1869 1206 1915 testantur.
1236 1859 1293 1913 In
1325 1874 1387 1913 ca
1410 1858 1570 1929 igitur
1589 1858 1788 1914 solem-

190 1956 340 2010 nitate
369 1953 677 2025 imperator
703 1953 818 2009 hzec
835 1970 953 2025 qua:
980 1954 1213 2009 diximus
1239 1963 1580 2018 consecutus,
1598 1953 1787 2009 ultima

193 2047 392 2103 tandem
419 2047 537 2113 die,
573 2062 733 2117 quam
758 2047 802 2102 si
827 2047 945 2117 quis
970 2048 1208 2101 omnimn
1243 2046 1585 2102 l'estivitatum
1620 2048 1788 2102 maxi-

192 2155 319 2196 mam
349 2151 549 2206 vocet,
582 2139 993 2212 haudquaquam
1026 2155 1148 2197 meo
1172 2139 1375 2211 judicio
1419 2140 1783 2213 aberraverit,

191 2236 317 2292 circa
343 2235 634 2292 meridiem
678 2236 927 2307 migravit
977 2235 1042 2290 ad
1101 2236 1414 2303 Dominum;
1470 2236 1788 2292 mortalibus

191 2330 391 2401 quidem
430 2337 649 2400 partem
688 2332 769 2384 sui
802 2329 1084 2383 mortalem
1117 2329 1429 2398 relinquens
1461 2346 1474 2384 :
1513 2345 1629 2384 eam
1657 2345 1788 2385 vero

192 2423 368 2478 animae
418 2432 637 2493 partem
681 2438 802 2493 quae
834 2422 1183 2492 intelligentia
1218 2429 1270 2477 et
1313 2436 1495 2475 amore
1529 2422 1620 2477 Dei
1653 2438 1789 2493 prte-

193 2515 290 2569 dita
319 2526 459 2581 erat,
513 2513 627 2570 Deo
656 2529 755 2569 suo
782 2516 1135 2586 conjungens.
1171 2514 1265 2568 llic
1290 2513 1645 2569 Constantino
1676 2517 1788 2571 exi-

193 2615 266 2663 tus
296 2608 421 2663 vita:
452 2606 580 2662 fuit.
612 2606 717 2665 Sed
747 2624 1030 2679 pergamus
1059 2608 1125 2663 ad
1151 2608 1375 2679 reliqua.

765 2700 994 2758 CAPUT
1032 2701 1191 2757 LXV.

534 2820 763 2876 Militum
797 2831 845 2876 et
879 2820 1189 2875 tribunorum
1213 2819 1463 2892 planctus.

253 2934 316 2990 Et
346 2942 694 3005 protectores
709 2932 925 3004 quidem
955 2934 1239 3004 omniSque
1267 2935 1585 3005 stipatorum
1607 2933 1783 3000 turba,

193 3028 458 3083 confestim
496 3026 789 3096 discerptis
812 3026 1049 3083 vestibus
1079 3041 1280 3096 pronos
1307 3041 1364 3081 se
1384 3027 1435 3081 in
1467 3036 1665 3081 terram
1693 3026 1786 3082 ab-

194 3120 424 3190 jicientes
478 3127 652 3190 caput
687 3117 805 3173 solo
848 3117 1158 3187 illiilebant,
1192 3119 1420 3190 ejuiatus
1466 3128 1519 3175 et
1551 3119 1784 3175 lamenta

191 3226 296 3267 cum
328 3210 553 3282 planetu
591 3220 646 3265 et
672 3209 997 3265 clamoribus
1039 3209 1291 3277 edentes;
1325 3225 1557 3281 eumque
1610 3209 1785 3266 domi-
1813 3194 1859 3259 C

193 3320 304 3359 num
330 3314 498 3374 atque
532 3302 941 3374 Imperatorem,
967 3318 1065 3359 nec
1093 3311 1151 3358 ut
1180 3303 1456 3359 dominum
1482 3304 1577 3360 sed
1602 3317 1657 3360 ut
1689 3322 1784 3376 pa-

194 3403 381 3450 rentem
414 3393 655 3466 piissimi
705 3392 856 3448 liberi
905 3393 1276 3450 inclamantes.
1310 3394 1536 3451 Tribuni
1578 3411 1707 3451 vero
1731 3406 1789 3454 et

194 3488 525 3542 centuriones
572 3496 936 3554 servatorem,
986 3488 1305 3557 prazsidem,
1351 3486 1490 3543 bene
1535 3490 1785 3546 meritum

193 3580 569 3651 pradicabant.
599 3579 812 3651 Reliqui
840 3580 1108 3636 exercitus
1137 3592 1405 3654 tamquam
1444 3598 1634 3654 greges
1663 3585 1783 3654 qui-

194 3674 321 3743 dam,
346 3691 469 3731 cmn
497 3676 652 3730 omni
676 3675 941 3731 modeSIia
967 3690 1029 3731 ac
1051 3677 1360 3733 reverentia
1379 3678 1643 3748 optimum
1666 3694 1786 3749 pas-

195 3775 345 3824 torem
366 3768 782 3825 desiderabant.
803 3767 961 3824 Plebs
989 3784 1223 3840 qnoque,
1255 3784 1351 3840 per
1380 3770 1681 3826 universam
1708 3771 1785 3829 ci-

194 3862 387 3919 vitatem
417 3863 797 3927 discurrebat,
830 3864 1076 3919 intimum
1105 3864 1268 3919 animi
1298 3866 1381 3920 sui
1416 3866 1657 3923 dolorem
1686 3883 1784 3927 v0-

194 3956 494 4014 ciferatione
550 3967 606 4013 et
635 3957 961 4013 clamoribus
1012 3958 1227 4012 abunde
1271 3958 1601 4030 signiﬁcans.
1634 3960 1785 4016 Multi

196 4063 289 4120 pra:
328 4051 556 4117 dolore,
598 4050 846 4105 attonitis
895 4052 1102 4106 similes
1144 4050 1506 4120 videbantur;
1558 4053 1784 4125 singulis

198 4141 314 4200 lianc
344 4145 621 4219 propriam
669 4144 1035 4200 calamitatem
1073 4146 1469 4216 reputantibus,
1502 4162 1670 4218 seque
1699 4148 1783 4219 ip-

197 4250 274 4290 sos
297 4238 700 4312 plangentibus,
731 4249 788 4294 ut
817 4246 939 4310 pote
967 4240 1238 4295 communi
1263 4241 1503 4298 omnium
1539 4243 1684 4299 bono
1715 4259 1784 4299 ex

198 4328 282 4386 hac
305 4331 408 4387 vita
437 4330 676 4387 sublato.

753 4442 986 4502 CAPUT
1018 4443 1210 4501 LXVI.

2450 383 2680 442 CAPUT
2718 382 2926 441 LXVII.

1901 474 2172 544 Quomodo
2206 477 2357 533 etiam
2387 487 2498 549 post
2535 488 2750 534 mortem
2783 495 2815 533 a
2854 475 3122 533 comitibus
3161 484 3206 532 et
3248 477 3491 550 reliquis,

2216 569 2423 640 perinde
2447 587 2507 624 ac
2539 571 2710 638 vivus,
2740 570 3021 625 honoratus
3046 579 3137 625 est.

1964 683 2231 739 Caeterum
2262 684 2424 741 totius
2451 685 2721 742 exercitus
2744 685 2933 752 duces,
2958 686 3183 741 comites
3207 702 3417 756 quoque
3439 695 3494 743 et

1891 778 2085 849 reliqui
2111 777 2321 849 judices
2351 794 2413 835 ac
2436 779 2803 851 magistratus,
2832 778 2922 851 qui
2945 779 3104 835 etiam
3135 789 3290 835 antea
3322 780 3492 852 impe-

1891 881 2125 929 ratorem
2158 873 2383 931 adorare
2405 873 2546 929 soliti
2572 882 2746 940 erant,
2780 874 2987 945 pristini
3018 874 3180 930 moris
3202 875 3491 930 observan-

1894 965 2021 1021 tiam
2039 966 2341 1023 nullatenus
2368 975 2658 1035 mutantes,
2679 968 2832 1024 statis
2858 966 3006 1022 horis
3035 966 3488 1039 ingrediebantur;

1891 1068 1948 1116 et
1978 1060 2354 1130 imperatorem
2382 1061 2436 1117 in
2459 1076 2580 1117 arca
2612 1061 2938 1133 depositum,
2972 1060 3195 1134 perinde
3222 1077 3285 1116 ac
3308 1061 3488 1115 vivum

1890 1163 1948 1210 et
1976 1155 2308 1227 spirantem,
2359 1169 2501 1226 genu
2541 1154 2683 1221 ﬂexo
2734 1164 2856 1229 post
2902 1153 3109 1208 obitum
3163 1152 3488 1208 salutabant.

1891 1249 2022 1306 Post
2052 1249 2317 1320 primores
2347 1259 2526 1305 autem
2552 1249 2693 1316 illos,
2737 1248 2877 1304 idem
2909 1248 3163 1320 deinceps
3193 1257 3247 1305 et
3273 1257 3492 1303 senato-

1890 1357 1981 1399 res
2002 1352 2056 1398 et
2086 1342 2330 1399 honorati
2362 1357 2550 1398 omnes
2582 1342 2916 1397 introeuntes
2945 1342 3139 1397 iecere.
3174 1340 3487 1396 Innumera-

1891 1434 2013 1492 biiis
2039 1436 2235 1492 deinde
2261 1437 2399 1508 vulgi
2432 1435 2715 1491 multitudo
2733 1451 2854 1491 cum
2877 1428 3059 1508 pueris
3087 1451 3150 1492 ac
3174 1434 3491 1492 mulieribus

1890 1529 1956 1586 ad
1990 1528 2145 1600 hujus
2175 1530 2253 1585 rei
2283 1530 2648 1601 spectaculum
2691 1529 2938 1585 accessit.
2981 1528 3157 1602 Atque
3203 1529 3317 1584 haec
3345 1529 3489 1600 longi

1892 1623 2151 1693 temporis
2178 1624 2351 1694 spatio
2378 1623 2593 1680 assidue
2614 1632 2761 1696 gesta
2786 1634 2939 1690 sunt;
2962 1638 3083 1679 cum
3115 1624 3378 1681 militares
3408 1624 3489 1679 iu-

1891 1733 1994 1774 nns
2021 1716 2087 1772 ad
2121 1721 2261 1774 hunc
2293 1718 2510 1774 modum
2536 1719 2718 1790 jacere
2739 1725 2793 1774 et
2821 1718 3075 1775 custodiri
3101 1718 3490 1788 decrevissent,

1894 1815 2065 1869 donec
2098 1813 2442 1884 imperatoris
2470 1813 2561 1868 lilii
2586 1830 2653 1871 eo
2683 1813 3054 1882 advenientes,
3075 1813 3175 1886 ipsi
3210 1826 3489 1884 paternum

1892 1906 2052 1962 funus
2083 1907 2304 1964 honm-is
2331 1923 2491 1963 causa
2543 1918 3017 1980 prosequerentur.
3057 1909 3219 1966 Solus
3258 1908 3491 1981 denique

1891 1999 2050 2053 etiam
2081 2011 2202 2070 post
2240 2011 2467 2056 mortem
2501 2001 2782 2073 imperavit
2829 2003 3078 2074 princeps
3107 2002 3492 2059 beatissimus:

1890 2100 2192 2159 cunctaque
2209 2108 2360 2149 more
2383 2094 2545 2152 solito
2565 2094 2934 2153 administrata
2961 2107 3107 2164 sunt,
3133 2098 3283 2169 quasi
3314 2098 3493 2155 adhuc

1893 2188 1945 2244 in
1978 2188 2112 2243 vivis
2138 2197 2304 2242 esset.
2338 2189 2438 2255 Qui
2473 2188 2645 2245 Itonos
2673 2190 2764 2244 uni
2806 2190 2879 2246 illi
2923 2201 3042 2261 post
3072 2190 3348 2247 hominum
3378 2207 3493 2248 me-

1892 2282 2117 2337 moriam
2161 2297 2191 2335 a
2223 2282 2333 2338 Deo
2362 2296 2652 2338 concessus
2686 2294 2790 2339 eSt.
2838 2284 3045 2356 Quippe
3073 2300 3197 2340 cum
3227 2285 3375 2341 solus
3401 2285 3493 2342 ille

1897 2388 2010 2444 prie
2061 2374 2272 2429 caeteris
2301 2375 2716 2446 imperatoribus
2742 2418 2757 2440 ,
2813 2377 2976 2432 Deum
3017 2378 3257 2433 omnium
3308 2393 3490 2449 regem

1892 2466 2274 2537 Christumque
2303 2468 2418 2540 ejus
2440 2468 2658 2536 Filium,
2683 2470 2844 2525 variis
2868 2470 3127 2541 cujusque
3167 2470 3382 2541 generis
3402 2486 3491 2527 ac—

1894 2560 2034 2615 tibus
2065 2559 2400 2628 honorasset,
2422 2560 2542 2632 jure
2583 2565 2775 2618 merito
2804 2565 2887 2617 his
2920 2564 3217 2620 honoribus
3245 2563 3392 2618 solus
3414 2563 3491 2619 af-

1890 2653 2063 2710 fectus
2097 2662 2222 2709 est:
2256 2653 2416 2725 idque
2466 2654 2541 2710 illi
2582 2654 2818 2719 tribucre
2853 2656 3101 2725 dignatus
3140 2663 3225 2709 est
3249 2668 3493 2710 summus

1890 2749 2131 2803 omnium
2165 2748 2323 2812 Deus,
2351 2758 2407 2803 ut
2428 2747 2657 2805 cadaver
2685 2749 2803 2819 ejus
2830 2747 2882 2803 in
2911 2748 3074 2804 terris
3096 2747 3377 2818 imperium
3403 2747 3494 2802 ob-

1891 2841 2106 2897 tineret.
2139 2840 2260 2909 Quo
2299 2842 2520 2913 quidem
2562 2842 2760 2898 indicio
2813 2843 2878 2898 iis
2909 2843 3001 2915 qui
3047 2858 3152 2898 non
3183 2843 3344 2912 plane
3373 2852 3491 2897 stu-

1889 2934 2000 3004 pidi
2025 2943 2186 3006 atque
2204 2934 2424 2992 hebetes
2440 2944 2643 3001 essent,
2672 2936 2952 3006 perspicue
2976 2934 3298 3007 signiﬁcavit
3324 2934 3486 3000 Deus,

1888 3028 2122 3083 animam
2151 3028 2294 3083 illius
2323 3038 2580 3099 perpetuo
2600 3040 2656 3083 et
2686 3028 2970 3085 immortali
3005 3027 3229 3099 imperio
3257 3027 3393 3083 frui.
3422 3026 3491 3083 Et

1890 3121 2004 3178 haec
2023 3120 2239 3194 quidem
2262 3131 2413 3194 geSta
2431 3131 2557 3178 sunt
2586 3121 2636 3176 itt
2661 3123 2801 3178 hunc
2828 3121 3065 3177 modum.

2454 3236 2683 3295 CAPUT
2716 3237 2946 3293 LXVIII.

1892 3330 2158 3399 Quomodo
2183 3333 2431 3389 exercitus
2450 3332 2673 3406 judicio,
2702 3332 2797 3401 ﬁlii
2821 3332 2931 3403 ejus
2961 3331 3176 3403 Augusti
3200 3339 3321 3385 sunt
3350 3344 3490 3386 nun-

2609 3428 2797 3498 captiti.

1961 3548 2170 3604 Interea
2198 3546 2398 3603 tribuni
2441 3547 2614 3603 lectos
2642 3544 2900 3616 quosdam
2935 3561 2997 3600 cx
3030 3543 3354 3600 militaribus
3385 3559 3489 3598 nu-

1889 3644 2075 3710 meris,
2106 3643 2196 3715 qui
2237 3642 2361 3698 iidei
2390 3657 2452 3697 ac
2494 3641 2884 3697 benevolentia:
2911 3656 3071 3695 causa
3097 3640 3227 3695 olim
3260 3639 3490 3711 principi

1887 3737 2093 3808 accepti
2124 3736 2386 3803 fuissent,
2419 3736 2484 3790 ad
2513 3734 2754 3791 Caesares
2782 3736 3020 3801 mittunt,
3051 3744 3243 3789 ettneta
3266 3735 3343 3789 eis
3373 3748 3491 3804 qua:

1887 3840 2035 3901 gesta
2065 3837 2217 3883 crant
2241 3828 2598 3883 nttntiatu‘ros.
2632 3827 2697 3882 Et
2722 3826 2838 3882 hzec
2861 3825 3072 3897 quidem
3104 3825 3178 3879 illi
3210 3833 3336 3879 tunc
3358 3839 3486 3896 ege-

1889 3930 2035 3976 runt.
2068 3921 2268 3977 Omnes
2300 3937 2428 3977 vero
2458 3921 2780 3992 ubicumque
2800 3919 3090 3981 exercitus,
3125 3918 3277 3988 quasi
3303 3918 3486 3971 divino

1888 4013 2120 4085 quodam
2147 4015 2336 4085 spiritu
2368 4013 2573 4070 incitati
2600 4056 2615 4081 ,
2664 4013 2820 4069 simul
2855 4021 3016 4084 atque
3040 4011 3107 4066 de
3154 4011 3492 4081 imperatoris

1890 4119 2062 4164 morte
2110 4107 2407 4162 nuntiatum
2453 4116 2578 4174 est,
2632 4123 2736 4160 uno
2776 4120 3042 4160 consensu
3092 4103 3486 4169 decreverunt,

1891 4215 2110 4270 prorsus
2137 4201 2286 4271 quasi
2319 4200 2582 4254 maximus
2611 4198 2904 4269 imperator
2942 4197 3122 4252 adhuc
3148 4206 3478 4266 superesset,

1889 4293 2157 4350 neminem
2185 4309 2243 4348 se
2273 4304 2468 4363 praeter
2489 4293 2605 4363 ejus
2630 4293 2830 4348 liberos
2853 4290 3064 4360 Imperii
3091 4290 3318 4345 Rontani
3342 4289 3491 4361 prin-

1888 4386 2061 4457 cipem
2093 4385 2393 4443 habituros.
2428 4384 2537 4440 Nec
2569 4384 2736 4440 multo
2760 4394 2899 4453 post,
2926 4382 3144 4439 eosdem
3173 4398 3280 4437 non
3307 4381 3488 4438 Caesa-

1888 4496 1977 4539 res
1998 4480 2257 4554 appellari
2305 4481 2610 4547 voluerunt,
2647 4480 2740 4535 sed
2771 4481 3075 4551 Augusms;
3118 4478 3262 4550 quod
3290 4492 3488 4534 nomen

203 4567 448 4635 Quomodo
469 4571 633 4644 [uitus
663 4568 970 4625 Nicomedia
996 4569 1491 4643 Constantinopolim
1513 4572 1784 4630 deductum
1807 4599 1862 4660 D
1888 4576 2085 4632 summi
2109 4575 2317 4646 imperii
2348 4575 2493 4631 velut
2523 4574 2790 4647 quoddam
2816 4573 3025 4644 insigne
3048 4580 3151 4627 est.
3190 4572 3256 4627 Et
3283 4572 3490 4628 exerci-

755 4672 829 4717 est
857 4663 911 4717 in
941 4663 1210 4734 palatium.

262 4776 501 4835 Postbazc
530 4776 732 4834 milites
767 4777 1037 4834 sublatum
1075 4793 1106 4834 e
1148 4778 1287 4836 lecto
1324 4795 1524 4852 corpus
1565 4782 1617 4837 in
1658 4797 1783 4840 arca

203 4883 345 4926 aurea
368 4871 759 4944 deposuerunt,
786 4886 1015 4943 eamque
1044 4887 1310 4944 purpurea
1337 4875 1603 4931 obtectam
1640 4886 1785 4932 veste

204 4960 705 5034 Constantinopolim
758 4962 1135 5035 deportarunt,
1186 4973 1347 5036 atque
1402 4966 1453 5023 in
1515 4968 1783 5041 przecipuo

205 5051 472 5124 imperialis
504 5055 688 5126 palatii
731 5055 979 5112 cubiculo
1026 5057 1311 5114 sublimem
1361 5060 1779 5117 collocaverunt.

207 5142 389 5202 Dehine
416 5163 579 5205 aurea
633 5163 798 5219 super
841 5148 1166 5206 candelabra
1212 5151 1504 5209 luminibus
1546 5154 1783 5226 undique

207 5247 452 5313 accensis,
474 5247 794 5304 admirabile
819 5247 1189 5318 spectaculum
1216 5250 1550 5308 intuentibus
1570 5252 1781 5323 praebe-

208 5336 365 5405 batur,
393 5351 448 5398 et
476 5342 634 5413 quale
673 5343 727 5398 in
772 5342 922 5398 nullo
948 5359 1183 5416 unquam
1230 5345 1533 5403 mortalium
1562 5347 1630 5403 ab
1661 5348 1780 5418 ipso

210 5432 339 5488 orbis
356 5436 569 5492 conditu
596 5437 772 5493 visunt
796 5437 851 5493 in
877 5438 1034 5494 terris
1058 5437 1253 5494 fuerat.
1278 5440 1487 5512 Quippe
1518 5440 1570 5496 in
1603 5440 1782 5496 medio

211 5529 427 5584 conclavi
455 5531 648 5601 regalis
674 5531 878 5603 palatii,
913 5531 1072 5589 funus
1099 5533 1444 5605 imperatoris
1465 5536 1518 5591 in
1548 5551 1671 5592 arca
1689 5546 1785 5592 aut

211 5631 316 5675 area
334 5624 552 5681 sublime
573 5627 778 5697 jacens,
796 5627 956 5698 regiis
977 5628 1294 5699 insignibus,
1315 5646 1549 5703 purpura
1565 5631 1771 5688 scilicet

212 5723 265 5765 ac
296 5712 584 5773 diademate
618 5728 969 5787 exornatum,
1011 5721 1163 5776 multi
1197 5721 1589 5780 circmndantes
1616 5737 1777 5783 noctu

192 5806 343 5869 h"ine
375 5801 600 5867 Interdiu
629 5805 821 5882 vigiles
850 5809 1238 5870 custodiebant.

1889 4681 1974 4725 tus
1998 4668 2214 4741 quidem
2238 4666 2489 4740 suii‘ragia
2508 4682 2601 4721 sua
2626 4676 2788 4737 atque
2814 4664 3229 4720 acclamationes
3249 4662 3349 4719 sibi
3373 4679 3490 4719 mu-

1888 4769 1979 4819 tuo
2023 4777 2119 4832 per
2145 4761 2354 4816 litteras
2379 4759 2750 4831 signiticarunt
2786 4775 2798 4812 :
2828 4767 2883 4812 et
2924 4756 3192 4812 unanimis
3221 4754 3488 4827 legionum

1885 4871 2205 4924 consensus,
2233 4871 2342 4911 uno
2369 4854 2667 4925 eodemque
2697 4852 2953 4922 temporis
2981 4860 3254 4908 momento
3273 4852 3483 4909 cunctis

1887 4951 2210 5020 ubicumque
2238 4947 2521 5021 agentibus
2552 4945 2804 5001 innotuit.

2455 5057 2685 5116 CAPUT
2715 5055 2904 5113 LXIX.

1886 5158 2065 5215 Romae
2109 5155 2277 5213 luctus
2327 5155 2390 5209 ob
2440 5162 2653 5208 mortem
2706 5149 3047 5216 Constantini,
3077 5156 3126 5203 et
3161 5148 3405 5222 imagines
3443 5150 3490 5205 ci

2557 5249 2792 5302 decreta.

1958 5350 2031 5405 At
2062 5347 2115 5404 in
2157 5345 2291 5402 urbe
2331 5344 2515 5416 regia,
2565 5352 2786 5398 senatus
2834 5337 3169 5412 populusque
3212 5338 3489 5394 Romanus

1884 5450 2162 5514 comperta
2187 5438 2527 5511 imperatoris
2552 5444 2747 5505 morte,
2778 5434 3155 5506 gravissimum
3188 5432 3330 5489 hunc
3349 5448 3490 5487 nun-

1886 5539 2016 5594 tium
2031 5534 2285 5608 etquavis
2298 5531 2605 5588 calamitate
2618 5528 2952 5585 acerbiorem
2971 5524 3303 5590 rati,nulium
3319 5524 3485 5581 luctui

1883 5629 2103 5688 modum
2134 5626 2334 5683 fecere.
2384 5625 2591 5694 Quippe
2622 5622 2810 5677 balnea
2855 5629 2911 5674 et
2955 5619 3068 5673 fora
3112 5631 3292 5672 rerum
3320 5632 3486 5674 vena-

1879 5723 2013 5780 lium
2040 5720 2221 5777 clansa
2252 5735 2265 5773 :
2299 5717 2511 5789 publica
2542 5716 2671 5771 item
2701 5709 3027 5784 spectacula,
3053 5716 3108 5765 et
3131 5723 3486 5782 quaecumque

1881 5812 2000 5871 tiliae
2044 5809 2171 5868 vitm
2219 5808 2611 5867 oblectamenta
2668 5802 2915 5862 homines
2969 5801 3023 5856 in
3068 5795 3180 5856 otio
3226 5799 3484 5872 degentes
