3982 6302
499 230 563 287 9i
1241 229 1509 289 EUSEBII
1547 228 1874 288 PAMPHILI
1918 226 2006 284 DE
2045 225 2205 283 VITA
2247 226 2698 289 CONSTANTINI
2741 232 2942 292 LIBER
2979 234 3069 292 IV.
3295 276 3301 283 .
3715 246 3777 300 93

495 344 792 399 consectari
832 345 1045 411 solent,
1082 355 1307 402 remota.
1344 346 1411 403 Et
1439 346 1528 418 qui
1561 348 1708 418 prius
1748 345 1955 401 deliciis
1985 342 2085 397 dii
2117 342 2169 404 Α
2196 342 2313 414 ejus
2372 351 2585 421 generis
2646 350 2797 407 unica
2857 353 2958 423 sit,
3006 368 3170 427 super
3230 364 3529 415 aromatum
3579 363 3778 418 cumulo

495 439 797 509 ﬂuxerant,
829 443 1005 498 niresti
1040 451 1167 498 tunc
1198 458 1296 512 per
1346 443 1461 499 vias
1512 442 1855 500 incedebant.
1897 439 2096 495 Omnes

491 533 875 604 imperatorem
908 535 1125 591 beatum
1149 578 1165 602 ,
1195 534 1305 592 Deo
1347 549 1561 602 carum,
1594 545 1646 589 et
1678 546 1901 605 prorsus
1930 532 2099 602 impc-

488 628 574 686 rio
609 630 981 701 dignissimum
1026 631 1411 701 praedicabant.
1455 630 1636 699 Neque
1675 629 1790 684 lucc
1819 643 1951 684 voce
1981 636 2099 682 tau-

492 729 605 777 tum
658 720 797 777 nuda
864 716 1252 789 declarabant,
1309 720 1403 777 sed
1460 714 1783 792 imaginibus
1837 720 2097 776 dedicatis

492 823 765 873 mortuum
799 815 1023 885 perinde
1050 832 1113 871 ac
1135 815 1476 887 superstitem
1511 812 1864 869 honorabant.
1894 813 1950 868 In
1978 812 2097 884 qui-

492 909 596 966 bus
622 926 743 966 cum
774 910 896 967 cmli
930 908 1332 965 similitudinem
1364 909 1760 979 expressissent
1800 907 1853 962 in
1896 906 2091 972 tabula,

493 1005 667 1077 ipsum
698 1017 859 1075 supra
888 1004 1144 1061 caelestes
1175 1002 1444 1068 fornices,
1474 1002 1526 1057 in
1560 1001 1798 1057 :ethereo
1823 1001 2096 1057 domicilio

492 1096 924 1167 requiescentem
956 1096 1201 1167 pinxere.
1247 1095 1554 1165 Quinetiam
1602 1094 1700 1167 ipsi
1730 1095 1928 1151 liberos
1954 1093 2092 1166 ejus,

494 1189 853 1260 imperatores
898 1198 1059 1260 atque
1101 1188 1374 1260 Augustos
1420 1189 1569 1245 solos
1614 1190 1731 1245 sine
1779 1188 2096 1259 cujusquam

496 1279 719 1337 alterius
746 1281 1431 1357 consortionuncupabant
1463 1298 1477 1336 :
1502 1281 1821 1353 magnisque
1849 1281 2096 1337 clamori-

491 1373 591 1428 bus
613 1373 981 1444 postulabant,
1006 1382 1063 1428 ut
1084 1370 1424 1444 imperatoris
1449 1374 1531 1428 sui
1562 1372 1720 1430 {unus
1741 1371 1881 1446 apud
1906 1386 1967 1430 se
1995 1372 2090 1428 ha-

492 1464 705 1533 berent,
737 1473 792 1522 et
814 1464 868 1521 in
891 1462 1036 1538 regia
1068 1464 1203 1521 urbe
1229 1464 1587 1537 deponerent.

1068 1580 1301 1640 CAPUT
1328 1581 1493 1639 LXX.

504 1753 511 1767 ι
567 1675 839 1747 Quomodo
877 1677 1037 1749 {unus
1080 1676 1522 1748 Constantinopoli
1567 1674 1856 1749 depositum
1883 1676 1950 1730 sit
1990 1690 2025 1730 a

1130 1766 1449 1825 Constantio.

569 1883 726 1941 Hunc
756 1883 983 1955 principi
1019 1900 1049 1941 a
1083 1885 1195 1941 Deo
1227 1885 1490 1941 honorato
1509 1924 1526 1953 ,
1557 1886 1720 1941 ctiam
1745 1884 1969 1941 Romani
1995 1884 2098 1939 hoo

502 1993 688 2034 norem
728 1977 1112 2034 exhibuerunt.
1154 1979 1225 2034 At
1252 1977 1520 2035 secundus
1560 1993 1628 2033 ex
1671 1976 1794 2033 ﬁliis
1833 1977 1898 2032 ad
1928 1977 2098 2048 patris

495 2071 655 2126 (unus
681 2085 805 2126 cum
834 2070 1181 2138 advenisset,
1213 2072 1265 2127 in
1296 2072 1482 2128 urbem
1534 2072 1671 2142 patri
1721 2072 2093 2143 cognominem

499 2163 631 2220 illud
671 2163 919 2231 devexit,
964 2164 1079 2236 ipse
1138 2164 1395 2236 exequias
1442 2165 1776 2235 praecedens.
1826 2163 2099 2220 Prteibant

495 2272 596 2329 per
640 2267 888 2314 catervas
912 2265 968 2313 et
996 2257 1211 2330 agmina
1260 2257 1508 2329 dispositi
1553 2258 1765 2313 numeri
1810 2256 2095 2313 militares.

496 2349 649 2407 Pone
666 2348 991 2421 sequebatur
1019 2349 1427 2406 innumerabilis
1467 2350 1746 2405 hominum
1787 2348 2095 2405 multitudo.

498 2445 704 2502 llastati
736 2459 865 2500 vero
913 2453 969 2501 et
1011 2445 1234 2501 scutarii
1287 2445 1463 2516 ipsum
1506 2442 1856 2515 imperatoris
1896 2456 2101 2514 corpus

497 2538 660 2594 medii
688 2537 993 2608 cingebant.
1016 2537 1307 2609 Postquam
1335 2537 1405 2593 ad
1426 2537 1796 2608 apostolorum
1842 2536 2098 2593 Servato—

494 2629 572 2687 ris
599 2629 773 2685 nostri
804 2629 1086 2686 ecclesiam
1117 2642 1435 2701 perventum
1464 2637 1563 2696 est,
1595 2644 1777 2686 arcam
1798 2628 1907 2685 illic
1932 2628 2099 2700 depo-

497 2733 747 2779 suerunt.
761 2721 913 2778 Hunc
929 2723 981 2778 in
996 2722 1215 2778 modum
1235 2738 1409 2779 novus
1421 2723 1711 2793 imperator
1724 2722 2098 2788 Constantius,

500 2826 614 2871 tum
642 2816 877 2874 adventu
903 2832 1023 2885 suo,
1054 2827 1165 2872 tum
1194 2818 1417 2889 reliquis
1440 2817 1635 2874 olliciis
1660 2817 1801 2889 patri
1831 2817 2098 2873 honorem

497 2912 785 2985 exhibens,
811 2916 954 2986 iusta
979 2923 1036 2970 ut
1060 2929 1158 2986 par
1185 2923 1303 2971 erat
1333 2912 1609 2987 persolvit.

1078 3032 1306 3089 CAPUT
1331 3030 1523 3088 LXXI.

2199 441 2369 494 cnmri
2417 442 2636 510 dicitur,
2684 446 2916 517 seipsam
2959 449 3109 519 quasi
3152 449 3419 506 victimam
3464 453 3775 511 immolaris:

2198 549 2428 605 moxque
2458 552 2521 594 ex
2572 539 2702 610 ipsis
2746 540 2936 597 favillis
2965 545 3211 610 renasci,
3240 552 3295 600 et
3319 543 3520 615 pennis
3551 548 3601 602 in
3628 548 3777 606 altum

2197 627 2451 684 subvecta
2473 672 2487 695 ,
2530 633 2717 689 eadem
2744 650 2848 706 qua
2887 636 3038 707 prius
3062 638 3243 708 specie
3281 640 3428 695 cerni
3461 658 3474 692 :
3506 642 3599 696 sed
3622 643 3780 712 ponus

2196 722 2445 792 exemplo
2469 722 2768 782 Servatoris
2805 727 2918 793 sui,
2949 728 3040 799 qui
3067 729 3237 786 instar
3263 731 3423 787 tritici
3448 734 3569 796 sati,
3599 749 3661 790 ex
3686 751 3781 794 uno

2196 814 2403 871 semine
2424 817 2476 871 in
2507 819 2671 875 multa
2702 833 2822 877 sese
2858 820 3189 889 diffundens,
3211 838 3314 894 ope
3340 839 3404 879 ac
3430 824 3784 886 benedictione

2200 907 2293 963 Dei
2339 911 2542 980 spicam
2590 914 2832 984 protulit,
2861 926 2916 971 et
2943 914 3253 973 universum
3304 927 3571 976 terrarum
3610 922 3785 979 orbem

2198 996 2461 1059 fructibus
2500 1006 2610 1060 suis
2637 1002 2898 1076 implevit.
2931 1008 3010 1065 Ad
3040 1010 3180 1066 hunc
3208 1010 3426 1067 modum
3466 1012 3783 1072 beatissimus

2198 1094 2450 1166 princeps
2470 1112 2565 1167 per
2581 1099 2979 1157 successionem
3003 1101 3294 1158 liberorum
3319 1103 3600 1174 multiplex
3628 1104 3782 1162 lactus

2198 1196 2281 1242 est
2310 1203 2374 1244 ex
2419 1205 2572 1246 uno:
2615 1194 2752 1248 adeo
2780 1202 2840 1249 ut
2880 1195 3076 1263 passim
3124 1194 3176 1250 in
3222 1197 3473 1253 omnibus
3516 1200 3783 1269 provinciis

2197 1280 2459 1352 imagines
2485 1286 2535 1341 ei
2555 1286 2712 1341 simul
2741 1300 2863 1344 cum
2890 1287 3019 1344 ﬁliis
3038 1290 3260 1346 honoris
3286 1305 3449 1348 caiisa
3478 1301 3780 1364 statuantur,

2198 1383 2254 1430 et
2282 1373 2545 1434 familiare
2569 1394 2769 1436 nomen
2781 1382 3115 1439 Constantini
3129 1383 3297 1440 etiam
3317 1393 3440 1456 post
3458 1383 3577 1457 ejus
3595 1385 3782 1444 obirem

2198 1476 2507 1539 usurpetur.

2735 1582 2967 1644 CAPUT
2991 1586 3231 1644 LXXIlI.

2124 1742 2173 1806 Β
2272 1706 2538 1778 Quomodo
2562 1716 2615 1770 in
2645 1718 2883 1785 nummis,
2902 1717 3288 1775 Constantinum
3312 1723 3448 1777 velut
3470 1722 3524 1778 in
3550 1721 3721 1778 caelum

2614 1810 2968 1867 ascendentem
3002 1814 3366 1885 expresserim.

2271 1921 2574 1992 Quinetiam
2613 1927 2815 1981 nummi
2864 1928 3167 1998 hujusmodi
3200 1930 3373 1985 forma
3420 1931 3611 2002 signati
3636 1938 3784 1997 sunt,

2199 2018 2473 2073 anteriore
2515 2017 2731 2088 quidem
2771 2028 2923 2090 parte
2965 2020 3182 2076 beatum
3249 2023 3547 2093 principem
3587 2022 3783 2076 obtecto

2199 2108 2375 2179 capite
2414 2109 2767 2182 praeferentes
2799 2129 2812 2165 :
2840 2111 3008 2169 altera
3039 2129 3167 2170 vero
3200 2125 3350 2183 parte
3395 2114 3446 2169 in
3488 2113 3780 2185 quadrijugo

2199 2217 2363 2259 curru
2386 2203 2586 2273 auriga:
2602 2204 2770 2259 instar
2794 2204 3094 2273 sedentem;
3113 2215 3169 2264 et
3189 2216 3439 2279 porrecta
3466 2207 3565 2278 ipsi
3590 2206 3780 2263 cialitns

2199 2296 2387 2353 dextra
2418 2294 2484 2352 ad
2500 2295 2737 2369 Superos
2765 2308 3123 2369 assumptum.

2753 2436 2984 2494 CAPUT
3012 2436 3249 2493 LXXIV.

2309 2548 2460 2619 Quod
2487 2569 2605 2607 cum
2635 2548 2797 2608 Deum
2826 2552 3063 2607 coluisset
3090 2594 3104 2619 ,
3132 2554 3310 2609 merito
3346 2553 3498 2609 etiam
3525 2569 3556 2608 a
3580 2550 3683 2607 Deo

2796 2644 3077 2700 honoratus
3104 2654 3196 2700 est.

2274 2759 2397 2815 limo
2416 2759 2669 2816 miracula
2691 2773 2932 2815 summus
2944 2761 3181 2815 omnium
3205 2761 3345 2816 Deus
3362 2761 3412 2816 in
3427 2758 3774 2826 Constantino,

2199 2853 2290 2924 qui
2320 2854 2466 2908 solus
2508 2867 2572 2908 ex
2614 2850 2863 2909 omnibus
2906 2862 3052 2907 retro
3097 2851 3513 2923 imperatoribus
3547 2850 3774 2909 christia-

2199 2961 2327 3001 num
2353 2960 2413 3001 se
2440 2946 2613 3016 palam
2641 2933 2914 3017 professus
2946 2945 3137 3012 fuerat,
3164 2947 3367 3002 nostris
3394 2945 3561 3001 oculis
3596 2958 3774 3015 propo-

2199 3053 2354 3106 nens,
2377 3038 2507 3095 satis
2526 3053 2795 3110 superque
2809 3039 3123 3105 declaravit,
3141 3051 3405 3110 quantum
3421 3040 3688 3094 interesset
3702 3035 3775 3087 inc

499 3124 667 3181 Missa
712 3127 767 3181 in
813 3127 1169 3199 apostolorum
1196 3124 1456 3199 Martyrio
1501 3124 1755 3180 celebrata
1779 3124 1835 3179 in
1867 3124 2092 3197 exequiis
2118 3144 2163 3209 ο
2197 3131 2489 3203 ιετθσεᾳιιὶ
2508 3133 2683 3203 ipsum
2697 3130 3280 3203 ChristumqueFilium
3303 3134 3469 3203 ipsius
3483 3131 3655 3186 colere
3675 3140 3775 3183 me-

1124 3219 1469 3275 Constantini.

569 3332 668 3391 Ubi
708 3346 836 3390 vero
866 3334 961 3390 ille
1003 3348 1125 3389 cum
1181 3332 1507 3388 militaribus
1547 3329 1788 3387 numeris
1838 3330 2094 3401 abcessit,

493 3427 725 3482 ministri
769 3426 860 3482 Dei
908 3442 1029 3483 cum
1084 3424 1256 3482 turbis
1294 3437 1349 3482 et
1393 3433 1501 3480 tota
1546 3424 1783 3479 tidelium
1828 3423 2005 3495 plebe,
2039 3425 2091 3479 in

494 3516 731 3573 medium
758 3518 1030 3587 prodiere,
1058 3526 1111 3571 et
1132 3516 1297 3573 divini
1324 3515 1499 3571 cultus
1529 3516 1880 3570 caeremonias
1902 3528 2092 3585 preca-

494 3609 732 3664 tionibus
761 3617 1105 3679 peregerunt.
1133 3606 1213 3664 Ac
1235 3609 1426 3663 beatus
1456 3606 1672 3677 quidem
1708 3607 1960 3677 princeps
1984 3605 2093 3661 alto

503 3702 558 3758 in
586 3710 840 3774 suggestu
856 3701 1068 3774 jacens,
1093 3701 1342 3759 laudibus
1369 3709 1483 3757 tum
1505 3700 1900 3757 celebrabatur.
1930 3700 2094 3756 Innu-

498 3796 777 3852 merabilis
804 3805 985 3851 autem
1033 3797 1264 3868 populus
1291 3811 1399 3852 una
1428 3811 1550 3851 cum
1578 3794 1951 3851 sacerdotibus
1976 3795 2091 3863 Dei,

494 3904 604 3944 non
631 3889 750 3945 sine
776 3889 980 3962 gemitu
1010 3904 1075 3945 ac
1106 3889 1380 3963 lacrymis,
1411 3904 1511 3961 pro
1540 3890 1887 3961 imperatoris
1912 3888 2093 3943 anima

491 3999 684 4055 preces
706 3984 1007 4041 oll'ercbant
1027 3984 1169 4054 Deo,
1198 3984 1563 4057 gratissimum
1601 3986 1691 4056 pio
1718 3984 1943 4056 principi
1972 3982 2093 4039 oili-

489 4080 632 4133 cium
655 4077 997 4135 exbibentes.
1030 4077 1199 4134 Porro
1233 4078 1287 4134 in
1329 4077 1431 4134 hoc
1456 4077 1617 4133 etiam
1660 4077 1800 4133 Dens
1826 4077 2092 4149 prolixam

489 4184 615 4242 erga
686 4171 943 4227 famulum
1013 4186 1170 4228 suum
1238 4171 1677 4229 benevolentiam
1738 4171 2090 4227 declaravit:

489 4265 692 4335 quippe
719 4265 810 4335 qui
849 4265 1142 4323 carissimis
1180 4282 1245 4322 ac
1268 4271 1542 4336 germanis
1570 4268 1689 4338 ejus
1730 4266 1853 4322 ﬁliis
1880 4266 2093 4339 paterni

490 4356 703 4427 imperii
730 4358 1131 4414 successionem
1163 4359 1446 4428 tribuerit;
1475 4360 1694 4432 etquod
1723 4360 1958 4415 maxime
1976 4374 2092 4415 am-

489 4449 685 4515 bierat,
719 4448 899 4506 iocum
929 4450 1082 4522 juxta
1120 4453 1489 4524 apostolorum
1533 4454 1853 4511 memoriam
1881 4453 1932 4510 ei
1961 4467 2092 4509 con-

488 4544 750 4611 cesserit;
784 4554 843 4600 nt
863 4545 1074 4602 scilicet
1098 4544 1426 4603 beatissima:
1454 4547 1595 4603 illius
1616 4547 1813 4602 anima:
1842 4545 2094 4602 taberna-
2117 4554 2170 4616 1)

487 4637 671 4693 culum
733 4637 1018 4708 apostolici
1060 4639 1292 4695 nominis
1342 4650 1504 4711 atque
1547 4638 1770 4713 honoris
1818 4639 2091 4696 consortio

488 4729 792 4799 frueretur;
826 4742 882 4789 et
907 4732 1101 4804 populo
1133 4733 1227 4788 Dei
1260 4733 1314 4789 in
1342 4732 1567 4790 ecclesia
1592 4733 1924 4799 sociaretur;
1954 4730 2092 4787 divi-

489 4824 683 4896 nisque
702 4827 1027 4883 ceremoniis
1047 4842 1109 4884 ac
1131 4829 1361 4900 mystico
1385 4827 1675 4893 sacriﬁcio,
1700 4834 1756 4882 et
1780 4833 2088 4881 sanctarum

487 4932 708 4990 precum
726 4921 1104 4977 communione
1122 4924 1280 4993 potiri
1300 4932 1600 4979 mereretur
1615 4939 1628 4977 :
1656 4922 1769 4993 ipse
1782 4936 1910 4977 vero
1925 4922 2091 4976 etiam

485 5019 611 5081 post
633 5020 863 5067 mortem
895 5013 1178 5084 imperium
1211 5016 1472 5084 retinens,
1499 5016 1650 5087 quasi
1674 5013 1945 5070 redivivus
1971 5013 2090 5068 uni-

491 5120 708 5161 versum
730 5106 917 5163 orbem
940 5109 1267 5180 gubernans,
1297 5111 1481 5167 Victor
1510 5110 1775 5167 Maximus
1791 5110 2090 5182 Augustus,

492 5214 592 5256 suo
620 5198 798 5257 adhuc
823 5203 1042 5260 nomine
1066 5205 1455 5276 rempublicam
1483 5212 1716 5279 regeret.

1060 5317 1287 5377 CAPUT
1309 5317 1521 5376 LXXII.

1053 5412 1132 5470 De
1152 5413 1396 5471 Phoenice
1420 5430 1531 5471 ore.

554 5528 672 5586 Non
707 5528 1161 5606 quemadmodum
1200 5532 1316 5588 avis
1357 5532 1449 5588 illa
1490 5531 1773 5605 Egyptia,
1802 5544 1923 5604 qua
1965 5544 2088 5587 cum

2198 3226 2465 3291 ruissent,
2497 3234 2657 3295 atque
2687 3225 2828 3279 inter
2854 3224 2977 3279 lllos
3006 3224 3095 3295 qui
3127 3224 3454 3280 contrariam
3495 3231 3685 3279 sectam
3716 3230 3772 3272 ac

2197 3317 2521 3375 sententiam
2566 3317 2796 3388 amplexi
2840 3327 3042 3373 essent.
3084 3317 3185 3386 Qui
3226 3328 3353 3373 cum
3400 3312 3647 3371 Ecclesiae
3687 3309 3769 3365 Dei

2198 3415 2399 3472 bellum
2426 3415 2750 3484 intulissent,
2778 3414 2942 3471 Deum
2974 3414 3077 3471 sibi
3101 3416 3313 3471 hostem
3340 3422 3501 3484 atque
3520 3406 3771 3465 inimicum

2196 3508 2564 3565 reddiderunt.
2596 3508 2675 3565 Ac
2703 3507 2942 3580 profecto
2970 3508 3390 3581 uniuscujusque
3420 3506 3623 3562 illorum
3653 3500 3772 3554 inte-

2196 3603 2351 3671 ritus,
2385 3614 2639 3673 quantum
2671 3616 2796 3674 erga
2824 3618 2919 3659 eos
2943 3611 3088 3658 esset
3131 3602 3301 3658 divini
3333 3597 3564 3657 numinis
3588 3594 3771 3654 odium,

2196 3696 2500 3752 certissimo
2563 3704 2880 3767 argumento
2935 3694 3226 3751 declaravit
3284 3713 3298 3752 :
3346 3684 3771 3765 quemadmodum

2195 3784 2531 3845 Constantini
2592 3789 2777 3853 obitu,
2830 3788 2926 3844 Dei
2991 3804 3117 3861 erga
3173 3788 3354 3859 ipsum
3409 3775 3773 3842 benevolentiae

2194 3881 2439 3953 quasdam
2468 3880 2620 3953 quasi
2644 3880 2867 3954 pignora
2890 3922 2905 3949 ,
2946 3882 3196 3938 omnibus
3226 3879 3515 3937 manifesto
3535 3881 3772 3946 apparue-

2196 3983 2340 4033 runt.

2756 4075 2986 4136 CAPUT
3018 4074 3230 4133 LXXV.

2199 4194 2350 4266 Quod
2373 4192 2739 4251 Constantinus
2757 4193 3050 4265 superiores
3067 4208 3240 4248 omnes
3255 4193 3585 4265 imperatores
3605 4178 3770 4253 pietate

2849 4287 3128 4358 superavit.

2267 4401 2368 4468 Qui
2413 4416 2535 4458 cum
2581 4400 2732 4458 solus
2760 4415 2826 4457 ex
2854 4400 3115 4458 Romanis
3144 4394 3581 4472 imperatoribus,
3618 4385 3767 4441 Deum

2194 4495 2434 4550 omnium
2462 4495 2666 4565 Regem
2696 4493 2980 4550 excellenti
3003 4492 3233 4564 quadam
3281 4492 3475 4564 pietate
3496 4477 3764 4540 coluisset;

2199 4588 2456 4661 solusque
2480 4588 2782 4645 doctrinam
2808 4586 3005 4645 Christi
3033 4586 3303 4644 universis
3334 4598 3429 4641 ore
3457 4579 3619 4669 libero
3646 4579 3766 4669 ρττξεσ

2193 4682 2426 4739 dic-asset
2458 4698 2727 4754 :cumque
2752 4682 3046 4739 Ecclesiam
3092 4681 3185 4737 Dei
3216 4682 3422 4737 honore
3462 4680 3515 4729 et
3538 4663 3762 4739 gloria‘in

2192 4785 2398 4833 tantum
2446 4776 2684 4833 auxisset
2712 4788 2971 4848 quantum
3013 4784 3172 4831 antea
3217 4784 3415 4834 nemo,
3458 4775 3513 4822 et
3542 4760 3760 4816 errorem

2192 4869 2471 4926 hominum
2492 4871 2670 4941 plures
2698 4870 2991 4926 colentium
3018 4869 3151 4925 deos
3173 4868 3324 4925 solus
3347 4859 3639 4921 evertisset,
3660 4858 3764 4902 om-

2191 4978 2395 5036 nesque
2421 4961 2729 5035 huiusmodi
2757 4946 3151 5032 superstitionis
3188 4962 3326 5017 ritus
3349 4970 3412 5011 ac
3436 4946 3616 5009 modos
3640 4951 3760 5036 conf

2198 5033 2424 5114 futasset
2453 5075 2467 5111 :
2498 5033 2655 5114 solus
2700 5071 2916 5129 quoque
2947 5067 3058 5110 tum
3088 5056 3141 5110 in
3184 5054 3286 5111 hac
3323 5052 3461 5111 vita,
3509 5052 3614 5096 tum
3657 5033 3764 5102 P0“

2193 5159 2448 5218 mortem,
2475 5163 2539 5205 ea
2564 5150 2823 5220 consequi
2867 5148 3083 5214 meruit,
3113 5148 3289 5219 qualia
3335 5137 3509 5199 nullus
3550 5130 3761 5195 ιιηιιιιειιι

2193 5259 2296 5302 nec
2332 5244 2475 5316 apud
2520 5244 2741 5301 Graecos
2786 5259 2888 5300 nec
2920 5241 3062 5316 apud
3106 5241 3371 5298 Barbaros
3398 5230 3614 5298 adeptus
3655 5222 3762 5316 esse

2192 5299 2665 5413 perhibeturdsed
2689 5354 2866 5411 neque
2886 5299 3029 5411 apud
3048 5334 3378 5410 priscosillos
3398 5299 3761 5422 Romatt‘off'b

2192 5398 2395 5494 ultimis
2423 5449 2594 5507 usque
2623 5398 2955 5503 temporibus
2985 5398 3266 5504 quisquam
3292 5410 3555 5483 recenseri
3582 5398 3756 5477 Ροίθθίν

2189 5533 2280 5604 qui
2308 5545 2430 5588 cum
2463 5530 2566 5586 hoc
2588 5535 2776 5584 nostro
2810 5527 2881 5584 sit
2909 5524 3321 5601 comparandus.
