3982 6302
457 214 560 276 εοτ

1782 203 2208 272 CONSTANTIN
2216 207 2235 264 ι
2271 205 2488 266 MAGNI

3654 209 3752 270 108

449 329 586 402 πρὸς
633 327 692 384 τὸ
728 327 858 384 θεῖον
899 323 1057 392 αἰδώς
1088 346 1143 382 τε
1183 327 1270 382 καί
1306 325 1364 382 τό
1418 327 1573 390 σέϐας
1623 327 1874 399 ἐνείχετο.
1906 329 2047 385 τοῦτ’

2158 335 2274 380 esse
2302 322 2614 379 censuimus
2633 361 2649 390 ,
2675 321 2868 395 quibus
2895 321 3064 380 divini
3091 322 3340 381 Numinis
3364 324 3548 384 cultus
3575 341 3638 383 ac
3659 341 3752 384 ve-

449 418 592 478 ἔστιν
621 417 760 481 ὅπως
786 417 950 493 δῶμεν
971 421 1060 488 καί
1087 433 1195 480 τοῖς
1223 427 1554 494 χριστιανοῖς
1591 422 1677 474 καί
1713 424 1873 476 πᾶσιν
1908 419 2049 474 ἐλευ-

448 513 603 587 θέραν
632 513 848 589 αἵρεσιν,
895 519 985 568 τοῦ
1015 513 1298 569 ἀκολουθεῖν
1339 521 1402 589 τῇ
1439 515 1685 590 θρησκείᾳ
1767 511 1810 568 δ’
1840 507 1900 568 ἀν
1922 512 2047 588 βου·

447 604 684 665 ληθῶσιν.
733 603 873 667 ὅπως
917 603 964 669 ὅ,
1002 607 1055 662 τί
1099 607 1222 664 ποτέ
1275 609 1387 662 ἐστι
1442 607 1634 667 θειότης
1686 608 1774 660 καί
1812 606 2050 680 οὐρανίου

443 702 778 777 πράγματος,
822 702 938 772 ἡμῖν
968 704 1049 756 δαὶ
1075 707 1209 758 πᾶσι
1236 710 1347 762 τοῖς
1375 701 1476 756 ύπὸ
1510 706 1603 761 την
1627 703 1878 780 ἡμετέραν
1908 703 2052 767 ἔξου-

447 796 568 852 σίαν
595 793 860 868 διάγουσιν
899 796 1105 868 εὐμενές
1144 790 1269 850 εἶναι
1296 793 1498 870 δυνηθῇ.
1526 796 1693 852 τοίνυν
1730 797 1924 854 ταύτην
1959 798 2052 856 τήν

447 886 685 958 βούληξιν
728 891 820 946 την
865 888 1118 963 ἡμετέραν
1140 927 1155 952 ,
1187 887 1391 961 ὑγιεινῷ
1416 891 1496 942 καί
1523 887 1776 965 ὄρθοτάτῳ
1818 887 2048 961 λογισμῶ

441 979 886 1056 έδογματίσαμεν,
925 978 1065 1043 ὅπως
1093 979 1270 1056 μηδενί
1293 982 1554 1044 παντελῶς
1594 983 1801 1049 ἐξουσία
1827 983 2050 1058 ἀρνητέοι

443 1071 500 1152 ᾖ,
530 1082 621 1132 τοῦ
648 1076 932 1134 ἀκολουθεῖν
958 1078 1046 1132 καί
1069 1074 1328 1154 αἱρεῖσθαι
1354 1080 1448 1137 τήν
1470 1083 1570 1132 τῶν
1603 1083 1918 1152 χριστιανῶν
1943 1097 2048 1134 πει·-

440 1167 724 1244 ραφύλαξιν
767 1168 798 1232 ἦ
839 1171 1131 1244 θρησκείαν.
1173 1169 1382 1243 έκάστῳ
1410 1189 1464 1226 τε
1495 1171 1706 1236 ἐξουσία
1749 1167 1918 1230 δοθείη
1955 1175 2046 1226 τοῦ

443 1259 641 1318 διδόναι
661 1262 848 1319 ἐαυτοῦ
877 1267 967 1322 τήν
1005 1260 1230 1318 διάνοιαν
1278 1263 1326 1316 έν
1375 1263 1538 1335 ἐκείνη
1579 1271 1642 1339 τῇ
1681 1264 1945 1339 θρησκείᾳ,
1992 1264 2050 1323 ἣν

440 1357 598 1418 αὐτὸς
647 1355 817 1429 ἐαυτῷ
861 1353 1102 1432 ἁρμόζειν
1145 1359 1343 1430 νομίζῃ.
1393 1353 1532 1417 ὅπως
1581 1357 1703 1428 ἡμῖν
1757 1354 1941 1432 δυνηθῇ
1992 1356 2050 1411 τὸ

439 1448 572 1504 θεῖον
592 1449 638 1502 ἐν
663 1453 795 1503 πᾶσι
820 1451 910 1507 τήν
937 1445 1108 1520 ἔθιμον
1137 1445 1367 1508 σπουδὴν
1398 1449 1486 1503 καὶ
1511 1446 1880 1523 καλοκαγαθίαν
1905 1468 2047 1523 παρ-

436 1541 603 1616 έχειν.
649 1536 798 1596 ἀτινα
829 1536 992 1601 οὕτως
1035 1539 1272 1615 ἀρέσκειν
1307 1540 1428 1612 ἡμῖν
1454 1538 1758 1616 ἀντιγράψαι
1787 1539 2049 1598 ἀκόλουθον

435 1632 516 1700 ἧν,
561 1634 622 1689 ἶν’
670 1634 1035 1711 ἀφαιρεθεισῶν
1081 1633 1339 1695 παντελῶς
1381 1640 1481 1689 τῶν
1538 1633 1808 1710 αἱρέσεων,
1861 1635 2048 1697 αἳτινες

2153 415 2361 470 neratio
2401 415 2806 472 contineretur:
2833 415 2936 472 hoc
2963 426 3041 472 est
3063 459 3080 483 ,
3124 426 3182 474 ut
3219 415 3543 474 Christianis
3578 429 3633 475 et
3668 435 3754 476 τοι

2151 509 2311 580 liquis
2336 510 2586 566 omnibus
2608 509 2776 568 libera
2802 510 3030 567 facultas
3051 528 3078 566 a
3100 511 3252 567 nobis
3277 512 3545 568 tribuatur
3573 528 3756 586 quam-

2149 619 2381 676 cumqne
2411 605 2678 662 voluerint
2720 605 3033 676 religionem
3071 605 3418 662 consectandi
3447 624 3462 661 ε
3493 621 3602 676 quo
3648 606 3757 662 sci-

2148 697 2275 756 licet
2305 699 2561 770 quidquid
2601 698 2730 754 illud
2771 710 2856 756 est
2883 699 3124 756 divinum
3164 716 3227 756 ac
3256 700 3479 758 calcate
3504 699 3716 755 Numen
3742 741 3758 768 ,

2151 791 2309 848 nobis
2329 800 2379 848 et
2405 793 2667 848 universis
2682 792 2768 862 qui
2788 793 2888 848 sub
2910 792 3137 863 imperio
3161 805 3348 849 nostro
3367 793 3566 864 degunt
3587 836 3600 862 ,
3631 807 3758 864 pro-

2152 886 2342 956 pitium
2367 901 2487 942 esse
2503 887 2692 957 possit.
2718 885 2870 942 Hanc
2892 887 3051 959 igitur
3067 899 3306 944 nostram
3324 888 3653 943 voluntatem
3671 902 3756 943 sa-

2151 977 2914 1038 lubrietrectissimoconsilio
2941 981 3426 1052 promulgavimus,
3461 991 3517 1036 ut
3558 982 3758 1037 nemini

2151 1087 2372 1144 prorsus
2409 1070 2768 1129 Christianam
2811 1074 3210 1130 observantiam
3235 1090 3300 1131 ac
3329 1075 3644 1148 religionem
3676 1089 3763 1132 se-

2151 1167 2347 1240 quendi
2366 1176 2457 1223 aut
2470 1167 2700 1239 eligendi
2715 1167 2926 1224 licentia
2943 1168 3255 1239 denegetur.
3274 1167 3378 1225 Sed
3393 1168 3683 1239 unicuique
3696 1167 3733 1224 li
3744 1199 3763 1210 ~

2151 1270 2272 1317 ceat
2300 1259 2365 1315 ad
2384 1275 2502 1316 eam
2525 1259 2842 1331 religionem
2856 1275 3014 1331 quam
3033 1260 3130 1315 sibi
3146 1259 3282 1316 cond
3292 1275 3449 1318 ucere
3463 1262 3758 1329 censuerit,

2151 1353 2390 1408 animum
2430 1351 2732 1422 applicare;
2764 1367 2871 1422 quo
2909 1351 3149 1407 divinum
3177 1351 3386 1408 Numen
3428 1368 3760 1424 propensum

2151 1459 2277 1515 erga
2305 1458 2402 1500 nos
2436 1443 2668 1500 studium
2709 1460 2774 1499 ac
2802 1444 3188 1516 benignitatem
3223 1445 3277 1500 in
3303 1443 3556 1501 omnibus
3588 1446 3762 1516 possit

2152 1537 2459 1595 ostendere.
2502 1537 2672 1594 Porro
2697 1548 3119 1595 consentaneum
3144 1538 3245 1595 fuit
3269 1547 3328 1594 ut
3357 1539 3476 1596 haec
3505 1540 3664 1596 nobis
3686 1541 3757 1596 ita

2151 1630 2367 1701 placere
2395 1630 2839 1699 rescriberemus,
2872 1646 2980 1702 quo
3007 1631 3232 1688 sublatis
3260 1633 3475 1702 penitus
3503 1633 3761 1689 omnibus

437 1734 552 1787 τοῖς
595 1727 870 1802 προτέροις
916 1727 1056 1797 ἡμῶν
1090 1725 1363 1802 γράμμασι
1402 1733 1516 1787 τοῖς
1545 1727 1678 1802 πρὸς
1716 1731 1806 1788 τήν
1833 1729 1928 1787 σήν
1953 1749 2042 1783 κα·-

2158 1725 2312 1782 iectis
2354 1740 2473 1794 quae
2518 1723 2570 1778 in
2605 1725 2787 1796 priore
2827 1737 3011 1780 nosmi
3044 1724 3112 1780 de
3156 1723 3482 1783 Christianis
3525 1725 3756 1797 epistola

437 1821 680 1875 θοσιωσιν
709 1819 1046 1875 ἀποσταλεῖσι
1070 1822 1192 1896 περί
1237 1826 1336 1874 τῶν
1378 1826 1699 1896 χριστιανῶν
1743 1821 2002 1891 ἐνείχοντο
2023 1861 2039 1886 ,

444 1917 530 1970 καί
560 1913 708 1970 ἅτινα
731 1914 868 1970 πάνυ
898 1914 1056 1970 σκαιά
1077 1915 1163 1970 καί
1189 1922 1280 1974 τῆς
1309 1915 1563 1991 ἡμετέρας
1591 1913 1881 1992 πρᾳότητος
1903 1913 2046 1972 ἀλλό-

438 2028 561 2084 τρια
587 2003 713 2062 εἶναι
737 2006 920 2072 ἐδόκει,
948 2013 1117 2064 ταῦτα
1139 2008 1403 2084 ύφοιιρεθῇ,
1447 2012 1531 2065 καί
1564 2015 1653 2065 νῦν
1689 2010 1968 2086 ἐλευθέρως
1989 2031 2043 2066 τε

436 2104 524 2156 καὶ
572 2102 810 2162 ἀπλανῶς
839 2101 1058 2162 ἕκαστος
1081 2107 1180 2156 τῶν
1204 2107 1296 2161 τήν
1332 2103 1494 2162 αὐτην
1536 2104 1838 2180 προαίρεσεν
1869 2103 2043 2176 ἐσχη-

437 2195 596 2252 κότων
626 2201 718 2252 τοῦ
764 2195 1030 2269 φυλάττειν
1077 2199 1169 2255 τὴν
1212 2202 1312 2250 τῶν
1359 2203 1675 2270 χριστιανῶν
1727 2198 1995 2272 θρησκείαν
2028 2238 2043 2262 ,

435 2284 559 2343 ἄνευ
593 2288 729 2350 τινός
756 2287 1026 2360 ὀχλήσεως
1087 2293 1242 2345 τοῦτο
1283 2289 1408 2346 αὐτὸ
1447 2289 1854 2363 παραφυλάττοι.
1899 2289 2049 2349 ἅτινα

436 2387 502 2456 τῇ
528 2389 595 2453 σῇ
627 2380 887 2456 ἐπιμελείᾳ
923 2381 1260 2456 πληρέστατα
1299 2379 1531 2439 δηλῶσαι
1587 2379 2000 2456 ἐδογματίσαμεν
2029 2424 2044 2450 ,

437 2469 581 2537 ὅπως
606 2471 787 2534 εἰδείης
815 2474 952 2545 ἡμᾶς
980 2473 1242 2548 ἐλευθέραν
1267 2475 1354 2529 καί
1395 2474 1763 2546 ἀπολελυμένην
1807 2476 2044 2542 ἐξουσίαν

443 2573 536 2624 τοῦ
567 2566 797 2639 τημελεῖν
824 2571 915 2626 τήν
942 2565 1138 2622 ἑαυτῶν
1165 2567 1436 2644 θρησκείαν
1462 2575 1567 2629 τοῖς
1595 2568 1777 2632 αὐτοῖς
1803 2589 2048 2644 χριστια·

437 2671 544 2724 νοῖς
585 2660 873 2718 δεδωκέναι.
930 2657 1060 2738 ὅπερ
1099 2659 1272 2721 ἐπειδύ
1318 2661 1702 2734 ἀπολελυμένους
1746 2663 1928 2724 αὐτοῖς
1965 2661 2048 2735 ὑφ’

437 2756 584 2826 ἡμῶν
617 2753 951 2832 κεχωρῆσθαι
973 2755 1152 2831 θεωρεῖ
1191 2755 1222 2812 ἦ
1273 2759 1340 2815 σὴ
1374 2756 1697 2819 καθοσίωσις,
1730 2757 1816 2809 καί
1857 2754 2050 2830 έτέροις

437 2847 676 2906 δεδόσθαι
717 2849 950 2914 ἐξουσίαν
989 2855 1094 2909 τοῖς
1125 2846 1446 2923 βουλομένοις
1471 2854 1558 2902 τοῦ
1581 2848 1931 2924 μετέρχεσθαι
1959 2853 2050 2908 τήν

438 2947 806 3020 παρατήρησιν
846 2945 932 2997 καί
957 2943 1230 3018 θρησκείαν
1271 2941 1487 2999 ἑαυτῶν.
1525 2939 1651 3019 ὅπερ
1675 2943 1960 3004 ἀκολούθως
1985 2951 2049 3019 τῇ

438 3038 649 3112 ἀσυχίᾳ
679 3043 778 3092 τῶν
825 3036 1085 3111 ἡμετέρων
1135 3041 1322 3110 καιρῶν
1363 3037 1584 3109 ’γίνεσθαι
1627 3035 1834 3112 φανερόν
1870 3037 2045 3102 ἐστιν,

2147 1817 2215 1873 ad
2257 1826 2399 1874 tuam
2433 1818 2783 1875 Devotionem
2823 1819 2987 1875 missa
3023 1820 3470 1886 continebantur,
3512 1839 3638 1878 cum
3668 1824 3760 1879 illa

2148 1925 2272 1982 qua:
2297 1924 2520 1982 prorsus
2547 1911 2768 1968 sinistra
2789 1923 2843 1968 et
2867 1929 2899 1968 a
2925 1923 3108 1970 nostra
3138 1914 3548 1972 mansuetudine
3573 1917 3754 1973 aliena

2147 2018 2269 2060 esse
2309 2004 2630 2060 videbantur
2655 2045 2671 2072 ,
2713 2005 2936 2060 omnino
2978 2016 3404 2064 removeantur:
3439 2018 3550 2064 tum
3589 2019 3648 2064 ut
3677 2011 3761 2066 in-

2151 2105 2424 2168 posterum
2466 2098 2789 2170 quicumque
2815 2095 3173 2154 Christianam
3206 2101 3523 2172 religionem
3562 2101 3759 2159 obser-

2150 2191 2384 2248 vandam
2422 2193 2524 2248 sibi
2552 2207 2674 2249 esse
2701 2201 3007 2250 statuerunt
3027 2236 3042 2260 ,
3073 2210 3191 2250 eam
3221 2195 3390 2252 libere
3416 2207 3470 2252 et
3503 2209 3764 2255 constan-

2151 2292 2236 2340 ter
2278 2284 2484 2357 absque
2523 2285 2629 2340 ulla
2667 2286 2914 2342 molestia
2955 2298 3006 2343 et
3045 2289 3430 2358 impedimento
3462 2291 3757 2348 retineant.

2150 2377 2282 2445 Quae
2311 2377 2527 2450 quidem
2569 2378 2773 2437 idcirco
2810 2388 2916 2437 tuae
2954 2381 3188 2437 solertize
3212 2381 3503 2452 iudicanda
3538 2386 3760 2440 censui-

2151 2488 2273 2529 mus
2298 2514 2314 2539 ,
2356 2482 2418 2530 ut
2455 2475 2680 2531 liberam
2714 2482 2770 2530 et
2817 2475 3118 2532 absolutam
3161 2477 3432 2533 licentiam
3480 2476 3764 2549 religionis

2150 2583 2266 2624 sua)
2293 2567 2538 2623 colendae
2563 2565 2886 2624 Christianis
2914 2584 3227 2626 concessam
3259 2585 3289 2624 a
3321 2571 3476 2626 nobis
3513 2585 3636 2626 esse
3666 2587 3764 2626 co-

2149 2674 2397 2730 gnos¢as.
2438 2659 2590 2728 Quod
2618 2660 2870 2732 quoniam
2901 2676 2926 2714 a
2961 2662 3116 2717 nobis
3151 2662 3470 2732 simpliciter
3507 2675 3560 2719 et
3590 2665 3760 2720 abso-

2153 2753 2266 2810 lute
2291 2754 2398 2811 illis
2427 2769 2742 2810 concessum
2774 2764 2890 2822 est,
2923 2755 3083 2812 simul
3111 2757 3277 2812 etiam
3303 2757 3424 2812 aliis
3450 2756 3761 2814 observan-

2153 2848 2282 2902 tiam
2314 2857 2368 2903 et
2408 2848 2610 2904 cultum
2653 2864 2810 2904 suum
2850 2849 3047 2905 sectari
3077 2849 3380 2905 volentibus
3401 2891 3417 2917 ,
3449 2849 3502 2904 id
3527 2865 3764 2907 conces-

2153 2955 2270 2994 sum
2299 2955 2421 2995 esse
2469 2950 2556 2995 tua
2595 2940 2821 2996 Devotio
2862 2940 3127 3012 intelligit.
3158 2941 3311 3009 Quod
3335 2942 3588 3012 profecto
3617 2953 3760 2999 tem-

2156 3049 2346 3104 porum
2371 3043 2679 3089 nostrorum
2703 3035 3076 3105 tranquillitati
3095 3036 3386 3092 convenire
3413 3037 3760 3108 perspicuum

435 3129 584 3192 ὅπως
610 3131 846 3197 ἐξουσίαν
873 3129 1093 3189 ἕκαστος
1114 3125 1218 3202 ἔχη
1243 3135 1334 3184 τοῦ
1373 3127 1628 3203 αἱρεῖσθαι
1656 3131 1745 3183 καὶ
1767 3127 2003 3201 τημελεῖν
2032 3167 2046 3194 ,

2158 3134 2238 3180 est
2270 3142 2281 3176 ε
2318 3134 2373 3179 ut
2403 3125 2694 3196 unicuique
2731 3125 2958 3182 liberum
2991 3127 3061 3182 sit
3095 3143 3490 3199 quamcumque
3526 3130 3764 3186 voluerit

438 3223 616 3280 ὁποῖον
645 3221 692 3278 δ’
714 3217 773 3278 ἂν
802 3222 1055 3296 βούληται
1079 3222 1225 3276 θεῖον.
1247 3227 1402 3277 τοῦτο
1430 3219 1485 3276 δὲ
1510 3219 1592 3294 ὑφ’
1626 3224 1766 3294 ἡμῶν
1805 3223 2006 3296 γέγονεν
2031 3263 2045 3287 ,

439 3315 580 3378 ὅπως
607 3313 832 3389 μηδεμιᾶ
858 3323 980 3392 τιμῇ
1006 3337 1078 3387 μη
1103 3312 1158 3370 δέ
1178 3315 1426 3392 θρησκείᾳ
1452 3318 1551 3371 τινί
1574 3319 1882 3389 μεμειῶσθαί
1893 3338 1945 3372 τι
1966 3313 2050 3390 ὑφ’

443 3412 588 3481 ἡμῶν
615 3408 801 3469 δοκοίη.
825 3411 914 3463 καί
941 3415 1093 3465 τοῦτο
1121 3407 1174 3464 δέ
1202 3409 1336 3485 πρὸς
1361 3417 1466 3471 τοῖς
1483 3409 1680 3471 λοιποῖς
1703 3411 1777 3471 είς·
1799 3411 1858 3466 τό
1884 3410 2044 3486 πρόσ·

442 3524 580 3560 ωπον
611 3507 711 3558 τῶν
760 3508 1075 3578 χριστιανῶν
1117 3499 1499 3576 δογματίζομεν,
1555 3503 1635 3558 ἵνα
1681 3504 1801 3563 τούς
1855 3502 2054 3561 τόπους

443 3599 615 3654 αὐτῶν
661 3595 732 3658 είς
766 3593 855 3656 οὓς
883 3595 942 3651 τό
977 3596 1225 3672 πρότερον
1251 3596 1598 3672 συνέρχεσθαι
1619 3592 1726 3657 ἔθος
1752 3592 1810 3655 ἦν
1837 3596 2009 3656 αὐτοῖς
2031 3633 2047 3662 ,

445 3691 570 3766 περί
614 3684 679 3742 ὧν
725 3690 813 3744 καί
849 3695 962 3750 τοῖς
1003 3688 1244 3765 πρότερον
1271 3687 1463 3744 δοθεῖσι
1491 3689 1623 3766 πρὸς
1657 3693 1746 3748 τήν
1773 3693 1868 3748 σήν
1906 3690 2050 3744 καθο-

443 3784 630 3839 σίωσιν
650 3783 944 3856 γράμμασι,
973 3781 1142 3842 τύπος
1181 3780 1356 3857 ἕτερος
1389 3777 1448 3840 ἧν
1474 3781 1755 3860 ὡρισμένος
1798 3788 1870 3855 τῷ
1919 3801 2053 3856 προ-

447 3875 584 3951 τέρῳ
612 3873 807 3952 χρόνῳ.
833 3872 899 3928 ἶν’
927 3869 979 3928 εἴ
995 3893 1126 3933 τινες
1154 3871 1185 3933 ἦ
1213 3875 1360 3947 παρὰ
1401 3879 1488 3929 τοῦ
1520 3875 1731 3946 ταμείου
1749 3878 1843 3928 τοῦ
1871 3873 2053 3944 ἡμετέ-

449 3988 562 4046 ρου,
592 3966 626 4028 ἦ
647 3967 792 4043 παρά
815 3987 950 4029 τινος
974 3966 1152 4042 ἐτέρου
1186 3969 1430 4042 φαίνοιντο
1455 3966 1764 4043 ἠγορακότες
1792 3967 2012 4026 τούτους
2035 4005 2051 4030 ,

447 4070 560 4122 τοῖς
586 4061 764 4121 αὐτοῖς
809 4067 1136 4133 χριστιανοῖς
1184 4055 1300 4115 ἄνευ
1349 4062 1600 4136 ἀργυρίου
1641 4063 1729 4114 καί
1767 4055 1884 4114 ἄνευ
1922 4058 2055 4118 τινός

449 4155 780 4213 ἀπαιτήσεως
803 4161 894 4213 τῆς
923 4161 1075 4223 τιμῆς
1117 4152 1499 4228 ύπερτεθείσηςν
1548 4151 1681 4223 δίχα
1722 4154 1898 4212 πάσης
1929 4151 2058 4223 ἀμε-

449 4246 586 4306 λείας
617 4248 702 4300 καί
729 4245 1030 4318 ἀμφιϐολίας
1057 4248 1555 4305 ἀποκαταστήσωσι.
1589 4249 1674 4300 καί
1701 4242 1751 4300 εἴ
1763 4265 1895 4306 τινες
1922 4245 2060 4300 κατᾶ

453 4337 616 4414 δῶρον
643 4338 980 4410 τυγχάνωσιν
1009 4339 1263 4410 είληφότες
1288 4343 1407 4401 τούς
1448 4341 1635 4398 αύτούς
1661 4339 1875 4403 τόπους,
1918 4335 2058 4400 ὅπως

456 4434 500 4486 εί
530 4439 640 4492 τοῖς
670 4432 849 4491 αὐτοῖς
883 4438 1216 4506 χριστιανοῖς
1257 4437 1348 4490 τὴν
1392 4435 1659 4503 ταχίστην
1703 4433 2061 4490 dinumerari.

2154 3217 2366 3274 colendi
2413 3218 2656 3275 Numinis
2705 3221 2967 3275 rationem
3007 3222 3207 3293 eligere
3243 3232 3404 3294 atque
3442 3224 3760 3282 observare.

2155 3312 2329 3382 Atque
2353 3309 2408 3367 id
2436 3327 2464 3366 a
2491 3313 2648 3368 nobis
2681 3329 2748 3370 eo
2780 3316 2976 3370 factum
3003 3323 3116 3382 est,
3149 3326 3204 3370 ut
3235 3332 3301 3373 ne
3328 3318 3411 3373 cui
3433 3317 3618 3374 divino
3649 3319 3765 3378 cul-

2157 3405 2232 3460 tui
2262 3414 2421 3476 atque
2473 3406 2666 3462 honori
2710 3407 3000 3480 quidquam
3043 3410 3073 3466 5
3113 3413 3267 3469 nobis
3293 3413 3595 3472 detractum
3641 3431 3768 3473 esse

2155 3496 2450 3554 videretur.
2477 3497 2590 3554 Hoc
2617 3509 2795 3556 autem
2826 3503 3056 3573 amplius
3084 3505 3136 3559 in
3167 3507 3394 3577 gratiam
3422 3505 3767 3566 Christiano—

2157 3606 2276 3644 rum
2305 3590 2682 3660 decernimus,
2718 3603 2775 3649 ut
2800 3595 2915 3650 loca
2952 3596 3187 3667 ipsorum
3226 3601 3276 3654 in
3312 3602 3507 3672 quibus
3533 3603 3769 3660 antehac

2157 3682 2451 3739 convenire
2476 3697 2896 3755 consueverant,
2919 3687 2988 3744 de
3014 3690 3206 3761 quibus
3232 3696 3284 3748 in
3307 3692 3500 3750 litteris
3523 3697 3676 3765 prius
3699 3697 3771 3753 ad

2160 3773 2510 3832 Devotionem
2540 3786 2686 3832 tuam
2708 3778 2846 3834 datis
2866 3780 2967 3834 alia
2986 3791 3103 3836 erat
3129 3783 3300 3838 forma
3322 3787 3594 3856 superiori
3627 3797 3772 3844 tem-

2161 3881 2291 3937 pore
2318 3869 2606 3924 constituta
2630 3912 2646 3937 ,
2673 3870 2716 3925 si
2744 3871 2834 3941 qui
2865 3883 2958 3926 aut
2998 3888 3028 3928 a
3065 3875 3198 3930 ﬁsco
3226 3886 3416 3932 nostro
3445 3887 3536 3933 aut
3564 3880 3638 3935 ab
3661 3881 3774 3937 alio

2159 3960 2414 4031 quopiam
2434 3975 2497 4017 ea
2529 3965 2726 4018 emisse
2747 3962 2847 4018 visi
2871 3962 3102 4034 fuerint,
3131 3965 3262 4038 ipsis
3290 3967 3616 4026 Christianis
3647 3971 3777 4029 abs-

2159 4068 2266 4121 que
2289 4053 2390 4107 ulla
2421 4054 2646 4122 pecunia
2668 4055 2860 4116 etsine
2891 4059 3212 4127 repetitione
3242 4059 3347 4116 ulla
3376 4077 3540 4132 super
3565 4062 3779 4134 adjecti

2161 4146 2350 4215 pretii,
2386 4147 2762 4204 incunctanter
2787 4166 2851 4206 ac
2893 4152 3010 4206 sine
3038 4153 3142 4208 ulla
3183 4154 3410 4226 ambage
3440 4157 3776 4228 restituant;

2160 4247 2216 4295 et
2244 4238 2286 4292 si
2318 4239 2408 4308 qui
2439 4239 2628 4296 eadem
2657 4240 2770 4296 loca
2800 4244 2941 4298 dono
2968 4248 3308 4317 acceperint,
3339 4260 3394 4304 ut
3424 4266 3486 4305 ea
3525 4253 3780 4322 protinus

2161 4329 2482 4386 Christianis
2510 4332 2755 4390 reddant.
2785 4335 2940 4404 Quod
2960 4338 3008 4392 si
3037 4340 3128 4409 qui
3157 4355 3220 4396 ea
3254 4341 3370 4397 loca
3399 4357 3655 4402 emerunt
3683 4359 3782 4403 aut

2163 4420 2360 4476 donata
2387 4435 2743 4494 acceperunt,
2767 4427 2971 4498 aliquid
2996 4445 3027 4484 a
3059 4442 3241 4487 nostra
3267 4434 3561 4494 clementia
3587 4449 3783 4506 petere

463 4547 628 4581 σωσιν
656 4523 841 4586 οὕτως,
871 4524 904 4584 ἦ
933 4525 978 4578 oi
1002 4524 1306 4600 ἠγορακότες
1341 4527 1461 4585 τούς
1492 4526 1683 4585 αύτούς
1717 4523 1929 4590 τόπους,
1961 4523 1992 4584 ἦ
2019 4531 2053 4580 ολ

2171 4512 2358 4580 velint,
2386 4514 2422 4569 ii
2450 4514 2767 4573 Praefectum
2792 4559 2812 4588 ,
2836 4522 2926 4592 qui
2972 4521 3028 4576 in
3066 4525 3156 4578 illa
3199 4528 3472 4595 provincia
3504 4529 3596 4600 jus
3622 4531 3783 4603 dicit,

459 4622 588 4675 κατά
618 4617 813 4692 δωρεὰν
839 4619 1092 4692 εἰληφότες
1115 4620 1300 4674 αέτῶσί
1318 4640 1369 4673 τι
1396 4621 1542 4692 παρά
1574 4628 1669 4683 τῆς
1691 4622 1944 4696 ἡμετέρας
1963 4642 2064 4676 κα-

452 4711 779 4786 λοκαγαθίας,
803 4713 1121 4790 προσέλθωσι
1140 4720 1214 4787 τῷ
1248 4714 1335 4768 ἐπί
1351 4712 1521 4768 τόπων
1547 4715 1769 4791 ἐπάρχῳ
1791 4713 2063 4780 δικάζοντι,

458 4801 599 4867 ὅπως
628 4808 718 4858 καί
756 4806 923 4858 αὐτῶν
951 4803 1040 4859 διὰ
1065 4814 1157 4866 τῆς
1183 4807 1436 4882 ἡμετέρας
1467 4808 1828 4884 χρηστότητος
1859 4807 2066 4884 πρόνοια

457 4898 684 4970 γένηται.
715 4895 864 4952 ἅτινα
890 4899 1060 4954 πάντα
1080 4905 1153 4973 τῷ
1184 4903 1433 4973 σωματίῳ
1457 4906 1554 4956 τῶν
1581 4909 1896 4976 χριστιανῶν
1941 4898 2066 4975 παρ’

461 4991 592 5045 αὺτά
619 4987 703 5046 διὰ
733 4999 826 5051 τῆς
863 5000 959 5052 σῆς
1007 4991 1242 5054 σπουδῆς
1267 4990 1386 5048 ἀνευ
1407 4996 1545 5056 τινός
1567 4996 1822 5070 παρολκῆς
1841 4992 2068 5070 παραδίο

460 5079 640 5136 δοσθιιι
672 5079 860 5146 δεήσει,
895 5085 982 5136 καί
1024 5081 1198 5143 ἐπειδή
1245 5086 1292 5139 οέ
1337 5087 1480 5141 αὐτοὶ
1513 5089 1810 5159 χριστιανοί
1838 5088 1894 5140 ού
1922 5087 2074 5158 μόνον

462 5174 680 5236 ἐκείνους
706 5177 778 5236 εἰς
806 5173 893 5238 οὓς
919 5177 1259 5253 συνέρχεσθαι
1279 5175 1386 5239 ἔθος
1411 5172 1580 5249 εἶχον,
1603 5179 1728 5234 ἀλλά
1755 5183 1844 5234 καί
1865 5180 2072 5255 ἐτέρους

462 5267 658 5327 τόπους
699 5267 979 5338 ἐσχηκέναι
1015 5271 1367 5342 γινώσκονται,
1420 5267 1746 5346 διαφέροντας
1809 5273 1867 5324 ού
1937 5273 2072 5344 πρὸς

464 5362 678 5418 ἕκαστον
704 5363 886 5428 αὐτῶν,
904 5363 1030 5419 ἀλλά
1056 5363 1188 5439 πρὸς
1212 5366 1270 5421 τό
1297 5361 1484 5420 δίκαιον
1512 5370 1602 5420 τοῦ
1623 5367 1785 5419 αὐτῶν
1804 5368 2067 5436 σώματος,

462 5454 602 5512 τοῦτ’
628 5457 743 5512 ἐστι
771 5463 872 5512 τῶν
911 5463 1243 5531 χριστιανῶν,
1287 5462 1458 5513 ταῦτα
1495 5456 1664 5512 πάντα
1703 5457 1791 5510 ἐπὶ
1828 5464 1901 5530 τῷ
1933 5458 2070 5532 νόμῳ

460 5544 515 5599 ὅν
533 5552 929 5624 προειρήκαμεν,
962 5546 1096 5621 δίχα
1130 5549 1408 5611 παντελοῦς
1451 5569 1586 5610 τινος
1634 5549 2072 5622 ἀμφισϐητήσεως

461 5647 574 5699 τοῖς
615 5643 790 5704 αὐτοῖς
832 5649 1190 5718 χριστιανοῖς,
1233 5642 1375 5697 τοῦτ’
1414 5635 1527 5698 ἔστι
1563 5649 1636 5716 τῷ
1677 5645 1883 5714 σώματι
1909 5645 2073 5702 αὐτῶν

463 5735 547 5786 καὶ
589 5742 652 5802 τῇ
685 5733 880 5806 συνόδῳ
910 5735 1113 5808 έκάστῳ
1140 5736 1303 5792 αὐτῶν
1336 5736 1757 5796 ἀποκαταστῆναι
1785 5736 2064 5799 κελεύσεις.

2175 4608 2404 4676 adeant,
2434 4619 2548 4664 uta
2569 4611 2762 4668 Nostra
2791 4615 3095 4674 Serenitate
3128 4620 3266 4677 ratio
3304 4621 3546 4693 ipsorum
3576 4626 3792 4685 habea-

2176 4712 2284 4760 tur.
2315 4703 2484 4772 Quem
2513 4708 2728 4776 quidem
2757 4710 2938 4766 omnia
2968 4715 3211 4782 protinus
3239 4719 3360 4772 sine
3390 4719 3496 4776 nlla
3519 4720 3786 4784 dilatione

2175 4798 2388 4867 corpori
2414 4797 2844 4856 Christianorum
2884 4807 3093 4860 restitui
3139 4817 3226 4862 tua
3251 4824 3380 4866 cura
3411 4826 3476 4867 ac
3501 4813 3786 4885 diligentia

2175 4893 2463 4964 oportebit.
2494 4894 2563 4951 Et
2585 4897 2840 4966 quoniam
2867 4897 3030 4954 iidem
3053 4899 3345 4960 Cbirstiaui
3375 4921 3483 4964 non
3511 4907 3690 4966 solum
3719 4926 3788 4970 ea

2176 4985 2292 5043 loca
2346 4988 2401 5042 in
2443 4987 2637 5058 quibus
2673 4993 2964 5048 convenire
3011 4995 3298 5065 solebant,
3343 5001 3442 5056 sed
3471 5003 3640 5058 etiam
3676 5005 3790 5063 alia

2177 5078 2486 5148 possedisse
2514 5095 2810 5138 noscuntur
2831 5125 2846 5151 ,
2875 5101 2994 5156 qua:
3015 5103 3121 5142 non
3156 5091 3404 5159 privatim
3437 5094 3508 5152 ad
3536 5096 3790 5168 singulos

2178 5172 2416 5242 ipsorum
2442 5214 2460 5239 ,
2491 5174 2585 5230 sed
2625 5175 2694 5232 ad
2726 5175 2820 5248 jus
2845 5184 3089 5250 corporis
3125 5184 3492 5255 pertinerent,
3524 5189 3640 5247 haec
3665 5207 3790 5250 om-

2177 5266 2288 5332 nia,
2317 5275 2439 5337 post
2464 5267 2638 5339 legem
2662 5286 2692 5324 a
2722 5271 2876 5328 nobis
2906 5285 3258 5334 memoratam
3277 5319 3292 5347 ,
3319 5280 3530 5352 absque
3547 5283 3654 5340 ulla
3684 5285 3790 5342 du-

2177 5362 2438 5419 bitatione
2477 5364 2668 5422 iisdem
2699 5365 3017 5424 Christianis
3037 5410 3052 5435 ,
3086 5371 3186 5428 hoc
3210 5383 3298 5430 est
3317 5375 3541 5434 cuilibet
3566 5380 3793 5450 corpori

2177 5467 2233 5513 ct
2255 5460 2636 5516 conventiculo
2661 5461 2902 5531 ipsorum
2941 5467 3153 5522 restitui
3190 5467 3406 5537 jubebis
3432 5491 3446 5526 :
3473 5475 3790 5543 supradicta

2177 5552 2386 5609 scilicet
2410 5554 2620 5609 ratiime
2655 5565 2900 5624 servata,
2931 5560 3100 5629 utqui
3130 5576 3194 5618 ea
3222 5562 3336 5618 loca
3363 5563 3570 5638 absque
3598 5568 3790 5624 redhi-

2181 5645 2385 5702 bitione
2417 5648 2594 5717 pretii,
2629 5648 2773 5706 sicut
2798 5649 3000 5706 dictum
3025 5662 3108 5708 est
3129 5694 3142 5719 ,
3173 5656 3548 5724 restituerint,
3577 5659 3794 5717 indem-

2180 5738 2399 5796 nitatcm
2426 5755 2582 5798 suam
2608 5757 2642 5796 a
2667 5749 2849 5800 nostra
2891 5743 3224 5816 benignitate
3247 5759 3586 5825 exspectent.
3609 5752 3792 5825 Atque
