3982 6302
417 267 517 327 111

1700 230 2157 313 consumam
2196 226 2411 291 unum

3614 215 3724 277 ΗΞ

411 375 734 455 pervideris,
766 372 853 430 vel
882 382 1110 444 quorum
1140 364 1384 424 haeredes
1410 359 1701 419 incolumia
1726 357 1960 415 retinent
1981 365 2007 394 α
2040 357 2085 417 Α
2116 358 2265 408 rantal
2308 343 2568 404 debitoris
2590 385 2605 410 ,
2645 357 2766 398 cum
2807 338 3086 413 pecuniam
3122 334 3202 394 rei
3250 332 3506 409 publica!n
3536 346 3722 390 sume-

1870 449 1885 455 ·
1924 448 1937 455 ·
2186 451 2196 455 -
2295 449 2305 455 -
2420 454 2425 455 γ
2468 445 2572 455 mu
2616 431 2855 455 -Αμ-μμε-
2914 447 3013 455 η.-.-
3049 445 3108 455 Α..
3143 428 3389 455 1......ιιηιη
3418 435 3599 455 κη.ηῆ
3632 440 3691 455 ,η

415 448 760 546 patrimonia,
813 473 990 521 sortes
1047 456 1399 518 Kalendariib
1452 467 1803 527 perseverare
1854 448 2019 504 debe-

418 544 576 633 bunt,
628 565 701 620 ita
751 572 931 617 tamen
974 566 1031 613 ut
1073 569 1279 612 annuas
1327 565 1517 608 usuras
1555 548 1667 604 suis
1719 544 2021 617 quibusque

421 659 761 732 temporibus
786 653 1089 721 exsolvant,
1122 666 1245 707 cum
1273 648 1430 704 simul
1462 653 1517 701 et
1536 643 1613 700 rei
1636 641 1863 713 publica:
1890 636 2023 694 utile

420 757 511 821 sit,
542 731 791 809 retinere
822 748 1045 804 idoneos
1073 742 1346 801 debitores
1387 749 1444 796 et
1481 737 1579 808 ipsi
1620 731 2020 797 commodumc,

421 845 698 904 cumulum
730 840 896 899 debiti
927 838 1148 894 minime
1179 824 1390 890 nutriri.
1425 830 1453 904 §
1481 830 1531 884 1.
1560 824 1669 884 Etd
1707 826 1834 898 quia
1873 821 2024 879 nel'as

426 950 534 1009 est,
563 936 814 995 obnoxiis
838 931 1153 1005 corporibus
1192 924 1441 982 alienatis
1484 916 1856 977 circumscribi
1895 913 2025 970 civi-

425 1007 588 1098 tates,
634 1029 857 1102 placuit,
899 1027 944 1082 si
987 1025 1116 1096 quis
1157 1018 1370 1076 debitor
1418 1016 1497 1073 rei
1537 1011 1762 1086 publica:
1798 1007 2026 1066 civitatis

427 1125 702 1200 quidpiam
727 1137 795 1179 ex
820 1134 888 1177 eo
908 1112 1253 1190 patrimonio,
1285 1108 1430 1183 quod
1460 1105 1666 1172 habuit,
1695 1119 1819 1160 cum
1859 1115 2027 1173 pecu-

427 1194 578 1277 niam
604 1217 682 1274 rei
714 1214 937 1287 publica:
963 1217 1225 1275 sumeret,
1248 1201 1552 1266 donaverit,
1582 1199 1667 1257 vel
1696 1194 2024 1265 distraxerit,

429 1313 518 1370 vel
545 1309 784 1383 qualibet
811 1305 867 1364 in
894 1304 1057 1360 alium
1080 1301 1292 1358 ratione
1329 1294 1640 1360 contulerit,
1667 1291 1926 1364 qualitate
1948 1288 2031 1345 rei

428 1381 713 1464 alienata:f
746 1404 1229 1474 perspecta,atque
1247 1390 1497 1449 omnibus
1527 1383 1783 1444 debitoris
1809 1381 2034 1439 faculta-

429 1501 574 1556 tibus
599 1492 974 1561 consideratis,
1016 1503 1151 1562 quas
1184 1483 1394 1553 habuit,
1419 1497 1542 1540 cum
1582 1480 1633 1537 ei
1662 1476 1890 1550 pecunia
1915 1489 2035 1531 cre-

431 1593 653 1651 deretur
669 1600 719 1656 ε,
756 1603 857 1660 pro
883 1595 999 1643 rata
1026 1585 1097 1641 ab
1124 1596 1210 1648 eo,
1240 1578 1336 1653 qui
1363 1593 1432 1634 ex
1474 1573 1736 1632 debitoris
1758 1568 2036 1628 facultati-

428 1685 535 1743 bus
559 1680 766 1754 aliquid
786 1678 1015 1746 detinet,
1041 1691 1111 1733 ex
1135 1682 1285 1732 sorte
1303 1670 1334 1709 δ
1355 1680 1517 1741 atque
1541 1666 1723 1724 usuris
1749 1660 2034 1738 postulari.

2121 451 2225 511 ret,
2254 449 2312 496 ut
2343 454 2438 510 pro
2465 445 2580 493 rata
2609 431 2879 505 corporis,
2910 447 3016 503 quo
3045 445 3110 486 ex
3143 428 3391 500 largitate
3418 435 3599 482 nostra
3632 440 3722 480 rc-

2120 533 2316 601 tinent,
2346 536 2740 600 competentem
2787 523 2951 583 sortis
2993 531 3155 595 atque
3183 534 3469 577 usurarum
3514 526 3724 589 partem

2123 627 2428 699 exigantur.
2457 623 2486 697 δ
2515 624 2568 680 5.
2604 620 2756 691 Quod
2787 620 2830 675 si
2855 617 2978 692 quis
3008 615 3257 672 debitorc
3285 629 3393 669 non
3416 623 3730 682 comparue-

2124 717 2247 789 ritd,
2270 719 2355 776 vel
2378 725 2528 774 certe
2552 718 2625 771 ita
2646 712 2827 771 omnia
2856 727 2953 768 sua
2981 720 3005 749 θ
3036 705 3454 777 consumpserit,
3481 713 3543 760 ut
3566 716 3730 760 nemo

2124 816 2357 886 aliquam
2386 828 2499 868 rem
2531 827 2596 867 ex
2626 808 2744 881 ejus
2776 806 2934 864 bonis
2964 804 3257 877 possideat,
3281 801 3334 856 id
3355 796 3599 872 quoquet
3630 796 3731 853 de-

2126 907 2295 964 bitum
2321 903 2575 961 convenit
2591 902 2658 957 ad
2681 898 3019 972 dispendium
3044 895 3126 953 rei
3151 894 3409 968 publicam
3433 890 3730 963 pertinere.

2131 1000 2363 1071 Ideoque
2400 997 2639 1069 periculo
2678 992 2946 1052 curatoris
2993 986 3337 1048 Kalendariilt
3363 996 3420 1045 et
3450 982 3735 1056 magistra-

2129 1102 2277 1150 tuum
2307 1101 2363 1148 et
2385 1098 2688 1147 creatorum
2716 1085 2855 1159 apud
2885 1082 3142 1142 idoneosi
3176 1081 3263 1140 vel
3290 1080 3541 1138 dominos
3568 1075 3739 1134 rusti-

2130 1199 2316 1242 corum
2360 1182 2685 1253 praediorum
2732 1178 2959 1252 pecunia
3000 1176 3313 1237 collocanda
3340 1182 3447 1232 est.
3477 1172 3597 1230 PP.
3639 1169 3737 1241 111,

2133 1275 2262 1334 Kal.
2292 1275 2450 1332 Febr.
2493 1271 2793 1331 Valusianai
2836 1279 2884 1326 et
2911 1270 3149 1326 Anniana
3177 1264 3514 1340 cass.(314).

2691 1405 2762 1447 DE
2787 1400 3174 1446 DILA'I‘IONJBUSJ

2207 1509 2350 1584 Imp.
2368 1503 2735 1567 Constantinus
2750 1508 2813 1563 Α.
2831 1505 2901 1561 ad
2919 1503 3109 1562 Ursum
3118 1499 3436 1559 Vicarium'l.
3450 1498 3508 1558 Si
3526 1497 3744 1572 quando

2138 1603 2258 1676 quis
2280 1600 2602 1673 rescriptum
2632 1600 2700 1658 ad
2726 1595 3213 1658 extraordinarium
3236 1595 3473 1668 judicem
3497 1602 3747 1665 reporta—

2138 1697 2309 1765 verit,
2342 1698 2530 1755 dilatio
2555 1697 2605 1753 ei
2634 1696 2849 1769 penitus
2876 1691 3187 1765 deneganda
3226 1689 3248 1729 ι
3283 1699 3389 1748 est.
3417 1688 3498 1745 Illi
3527 1698 3708 1745 autem
3729 1729 3746 1755 ,

426 1778 620 1851 ιιειιιιθ
665 1774 878 1848 (ιιιοιίθε
926 1772 1105 1827 ¹¹¹ί¹¹¹¹⁵
1150 1766 1415 1864 Mona}?
1451 1758 1875 1864 d‘iP'?he‘}d§_‘“f
1917 1756 2035 1864 θίξξδ
2064 1762 2113 1824 Β
2139 1791 2231 1864 qui
2258 1756 2312 1846 in
2366 1756 2651 1861 judicium.
2671 1795 2917 1855 vocatur,
2966 1756 3141 1841 da'nda
3181 1792 3264 1841 est
3309 1782 3376 1840 ad
3422 1780 3749 1854 probandam

430 1848 819 1945 patrimonium
841 1907 858 1935 ,
898 1864 1055 1936 cujus
1084 1875 1284 1918 nomen
1322 1854 1646 1913 Kalendario
1674 1850 1908 1909 civitatis
1936 1848 2031 1903 ali-

433 1942 593 2037 cujus
633 1957 950 2018 invenituri
994 1954 1287 2014 obnoxium
1310 1993 1326 2022 ,
1364 1950 1531 2023 judex
1567 1945 1718 2005 omni
1746 1942 2037 2016 diligentias

432 2055 819 2118 sollicitudinei
859 2051 1080 2111 debebit
1103 2047 1397 2122 inquirere,
1442 2044 1510 2101 ad
1541 2056 1676 2114 quos
1703 2056 1769 2097 ex
1800 2037 2043 2112 qualibet

435 2152 751 2212 conditione
793 2146 1107 2205 transierint
1152 2136 1462 2199 debitorisk
1507 2136 1814 2200 facultates,
1843 2141 1902 2188 ut
1930 2130 2042 2186 sin-

434 2245 552 2320 guli
587 2255 744 2316 aqua
781 2237 1138 2297 aestimatione
1178 2233 1360 2291 habita
1395 2245 1493 2303 pro
1531 2238 1647 2285 rata
1686 2241 1868 2283 rerum
1910 2237 2045 2295 quas

434 2338 740 2414 possident,
755 2332 1165 2396 conveniantur,
1177 2324 1519 2400 personalem
1538 2320 1553 2361 ι
1577 2321 1843 2377 actionem
1857 2327 2044 2375 contra

437 2411 567 2490 eum
594 2425 829 2485 habituri
847 2424 1174 2487 debitorem,
1201 2419 1295 2492 qui
1321 2416 1454 2491 ipsis
1482 2412 1819 2472 solventibus
1845 2411 2048 2468 libera-

437 2534 569 2591 tur;
601 2522 671 2578 ab
694 2534 763 2578 eo
791 2528 972 2575 autem
1015 2530 1049 2571 a
1072 2529 1180 2587 quo
1214 2519 1428 2571 constat
1454 2509 1790 2566 fortunarum
1826 2517 2047 2561 suarum

436 2625 650 2692 partem
679 2610 968 2670 maximam
998 2606 1313 2672 recessisse,
1343 2604 1509 2663 etiam
1537 2601 1802 2673 reliquam
1840 2596 2050 2672 portio-

439 2725 592 2775 nem,
611 2723 732 2776 qua:
757 2704 898 2777 apud
923 2719 1046 2761 eum
1074 2698 1360 2767 resederit,
1392 2694 1677 2753 transferri
1705 2694 1773 2750 ad
1799 2693 2050 2748 idoneum

443 2799 736 2874 oportebit.
767 2797 875 2869 §2.
904 2795 1058 2864 Quod
1084 2793 1132 2849 si
1156 2790 1469 2865 quiSpiamm
1483 2786 1696 2844 debitor
1721 2784 1799 2840 rei
1830 2782 2054 2855 publica:

445 2892 680 2952 civitatis
706 2891 837 2947 lisco
859 2898 1045 2944 nostra
1071 2888 1246 2941 locum
1278 2883 1487 2950 fecerit,
1517 2891 1792 2952 emptores
1811 2876 2054 2949 quidem,

448 2985 546 3061 qui
574 3002 641 3043 ex
672 2984 804 3041 fisco
844 2980 1066 3038 nostron
1093 2975 1551 3050 comparaverint,
1593 2970 1937 3029 manifestum
1975 2976 2061 3024 est

446 3060 749 3139 secundum
774 3077 864 3148 jus
906 3081 1059 3129 vetus
1102 3080 1161 3129 et
1200 3067 1466 3139 rescripta
1492 3066 1770 3122 divorum°
1801 3060 2064 3120 conSIitu-

449 3173 738 3246 tionesque
788 3177 1003 3227 nostras
1061 3167 1263 3223 nullam
1303 3164 1505 3220 debere
1552 3159 1853 3217 molestiam
1897 3156 2062 3214 susti-
2087 3155 2134 3219 C

453 3280 589 3324 nere
605 3275 655 3328 Ρ,
687 3278 809 3319 cum
860 3260 1020 3332 hujus
1058 3257 1208 3314 modi
1252 3256 1468 3313 casibus
1493 3269 1605 3310 rem
1648 3251 1916 3323 publicam
1948 3249 2063 3322 pla—

460 3358 639 3417 cuerit
664 3354 888 3413 fortuita
915 3351 1200 3424 dispendia
1230 3349 1536 3414 sustinere;
1577 3346 1665 3418 qui
1705 3359 1836 3402 vero
1865 3342 2066 3415 aliquid

459 3469 530 3511 ex
550 3450 791 3521 ejusdem
813 3447 971 3505 bonis
993 3443 1272 3518 principali
1301 3440 1622 3498 liberalitate
1648 3437 1846 3494 iuerint
1870 3449 2068 3492 conse-

462 3543 579 3602 cuti
610 3543 761 3614 juxta
803 3541 976 3611 legem
1019 3538 1180 3593 latam
1228 3533 1447 3592 obnoxii
1492 3539 1655 3589 erunt
1693 3529 1775 3587 rei
1820 3528 2068 3600 publica},

462 3634 652 3693 habita
678 3632 971 3691 solidarum
997 3629 1307 3688 facultatum
1343 3624 1780 3684 consideratione
1805 3635 1926 3694 qua:
1955 3619 2074 3677 fue-

542 3843 570 3873 ι
607 3833 683 3890 Ita
722 3832 757 3888 ι
790 3831 926 3889 Cod.
954 3830 1091 3887 Just.
1122 3827 1260 3884 Edd.
1292 3827 1531 3891 retinere,
1564 3839 1643 3880 sc.
1688 3821 1987 3892 pervideris.
2015 3819 2075 3874 In

463 3905 590 3965 cod.
619 3905 654 3960 4
679 3921 731 3959 v.
759 3905 974 3959 retinent
1005 3903 1148 3958 clare
1181 3898 1525 3962 discernitur,
1557 3894 1651 3951 sed
1684 3896 1800 3951 fere
1821 3892 2074 3957 evanuit;

475 3986 753 4047 corrector
775 3978 941 4032 rubro
961 3975 1142 4047 colore
1163 3970 1481 4042 superduxit
1503 3969 1740 4032 retinere,
1768 3968 1929 4022 male.

542 4049 573 4089 ι’
611 4046 744 4105 Cod.
766 4047 907 4104 Just.
936 4046 1249 4118 reipublictz.

502 4133 570 4206 hc
597 4120 730 4206 Cod.
778 4119 925 4206 _Just.
967 4107 1093 4206 ipsis
1136 4117 1204 4171 sit
1249 4112 1593 4171 commodum.
1636 4110 1763 4170 60.:
1799 4127 1820 4162 ι
1855 4107 2081 4167 Scilicet

471 4195 560 4256 sit,
587 4195 689 4249 ἀπὸ
711 4198 806 4249 τοῦ
833 4196 1022 4247 κοινοῦ.
1060 4207 1080 4243 ι

545 4253 574 4303 δ
612 4264 729 4320 Fol.
760 4263 898 4319 ~286Ill
927 4261 1050 4317 cod.
1078 4261 1132 4316 1.
1161 4259 1348 4315 Rubro
1372 4257 1476 4314 col.
1519 4256 1575 4312 in
1605 4253 1729 4310 cod.
1772 4253 1808 4309 4
1849 4267 1956 4310 em.
1990 4265 2082 4306 nec

485 4336 588 4447 fat:
613 4405 745 4465 Cod.
771 4405 909 4461 Just.
932 4403 976 4458 si
1000 4402 1134 4472 quis.
1158 4399 1445 4472 Go.-Rif.
1472 4394 2004 4472 debitor_R_eptrbli_cw.

554 4478 574 4518 ι
615 4463 932 4544 ιἀιίεηαιε,
961 4489 993 4530 a
1013 4463 1151 4530 'libr.
1188 4487 1330 4528 corr.
1361 4470 1614 4526 alienatur.
1646 4463 1839 4539 Cuj.'s,
1869 4465 1925 4520 2'
1955 4463 2085 4520 alie-

485 4568 653 4678 ηαέελ
681 4621 1048 4685 credideretur,
1066 4617 1234 4674 rubro
1262 4614 1367 4672 col.
1397 4629 1504 4671 em.
1532 4612 1843 4669 crederetur.

551 4692 579 4732 ιι
616 4695 652 4749 Is
691 4693 912 4749 detinent
959 4683 1043 4746 ear
1068 4701 1208 4758 arte,
1252 4686 1418 4744 rubro
1456 4686 1563 4743 col.
1607 4700 1752 4741 corr.
1787 4683 1975 4738 detinet
2027 4698 2091 4738 ea:

484 4775 638 4823 sorte.

525 4837 577 4964 bi
620 4836 757 4921 God.
799 4834 940 4892 Just.
986 4835 1135 4907 cujus
1178 4847 1362 4888 nomen
1403 4829 1596 4885 civitati
1634 4827 1793 4883 alicui
1835 4826 2093 4882 invenitur

490 4927 522 4964 ο
558 4925 789 4964 noxium.

490 4925 931 5036 animatgfhlust.
955 4976 1122 5048 judea:
1159 4975 1294 5032 omni
1335 4973 1602 5047 diligentia
1641 4979 1687 5027 et
1714 4969 2087 5028 sollicitudine.

485 5054 591 5112 ϐο.
615 5051 702 5107 Ri.
727 5051 1022 5121 iniquirere.

489 5196 526 5252 ά
557 5123 669 5250 ιι
695 5113 957 5206 transierit
994 5119 1266 5185 debitores,
1305 5117 1476 5175 rubro
1508 5115 1613 5173 col.
1649 5130 1766 5187 rep.
1795 5113 2094 5170 transierint

529 5213 555 5252 ε
629 5212 754 5250 om.

567 5264 588 5307 ι
629 5233 732 5323 δοῖ
763 5263 1106 5335 parsonalem,
1137 5261 1416 5320 mendose.

567 5369 609 5398 ω
643 5357 765 5415 Fol.
789 5355 928 5412 2286b
951 5354 1070 5412 cod.
1102 5355 1155 5411 1.

561 5466 593 5493 ιι
631 5454 766 5510 Cod.
799 5452 937 5510 Just.
971 5461 1219 5522 emptores
1248 5453 1334 5524 qui
1359 5470 1392 5506 a
1418 5452 1544 5523 ﬁsco
1571 5458 1762 5506 nostra.
1791 5448 1966 5505 Etiam
1992 5447 2103 5505 Go.

502 5544 568 5585 ea:
596 5527 984 5596 interpretatur
1006 5539 1128 5581 esse
1150 5541 1203 5577 a.

567 5630 593 5657 ο
635 5621 692 5677 In
722 5618 857 5676 Cod.
891 5617 1033 5674 Just.
1066 5616 1192 5673 add.
1252 5616 1572 5687 principum.
1602 5615 1696 5673 sed
1722 5630 1829 5671 om.
1859 5630 1948 5687 ap.
1982 5611 2101 5685 Cuj.

502 5692 646 5749 Raro
670 5692 923 5748 dicuntur
946 5690 1306 5759 imperatores
1331 5687 1650 5759 simpliciter
1673 5688 1797 5743 divi.

571 5795 597 5836 ι’
635 5784 769 5842 Cod.
794 5785 934 5842 Just.
966 5798 1078 5841 om.
1106 5797 1227 5856 sqq.
1258 5796 1429 5855 usque
1455 5781 1520 5838 ad
1548 5797 1597 5839 v.
1631 5782 1919 5855 exigantur.

2138 1900 2360 1958 precum
2393 1883 2673 1942 mendacia
2693 1882 2780 1939 vel
2813 1879 3135 1954 proferenda
3164 1878 3344 1951 aliqua
3385 1878 3750 1933 instrumenta

2138 1979 2226 2036 vel
2257 1987 2454 2044 testes,
2487 1977 2739 2050 quoniam
2769 1977 3063 2032 instructus
3106 1989 3227 2030 esse
3256 1988 3363 2028 non
3416 1971 3623 2043 potuit,
3655 1967 3751 2039 qui

2140 2079 2339 2145 praeter
2362 2086 2512 2142 spem
2540 2069 2607 2125 ad
2644 2068 2884 2125 alienum
2922 2066 3162 2138 iudicem
3182 2074 3210 2102 ιι
3244 2064 3498 2121 trahitur.
3523 2062 3649 2118 Dat.
3683 2061 3751 2119 11.

2145 2163 2291 2221 Νοη.
2322 2162 2483 2218 Mart.
2513 2160 2796 2218 Volusiano
2820 2168 2844 2198 ο
2880 2168 2925 2217 et
2956 2159 3198 2215 Anniana
3224 2155 3371 2214 Cass.
3401 2154 3573 2230 (3H).

2218 2256 2683 2313 INTERPRETATIO.
2735 2253 2951 2322 Quando
2998 2253 3061 2308 ab
3090 2253 3260 2323 aliqua
3307 2250 3541 2321 principe
3567 2259 3597 2299 P
3624 2263 3763 2319 prte-

2148 2351 2313 2424 ceplia
2337 2350 2493 2420 fuerit
2518 2358 2724 2419 sperata
2750 2388 2764 2413 ,
2798 2356 2852 2400 ut
2885 2345 2954 2401 ad
2992 2346 3156 2401 alium
3178 2344 3444 2416 judicent,
3486 2358 3643 2414 quam
3673 2340 3764 2396 cui

2149 2444 2456 2499 commissus
2483 2450 2595 2508 est,
2641 2438 2993 2495 aduersarium
3036 2452 3190 2492 suum
3218 2435 3480 2510 pertraltat
3532 2434 3757 2489 audien-

2152 2536 2316 2602 dum,
2348 2536 2477 2590 sicut
2503 2534 2592 2589 ille
2651 2534 2740 2604 qui
2771 2535 2956 2604 petitor
2984 2539 3089 2600 est,
3135 2530 3370 2585 inducias
3421 2529 3466 2585 si
3513 2529 3756 2601 petierit,

2155 2630 2386 2700 accipere
2410 2645 2513 2683 non
2540 2627 2683 2682 debet
2715 2636 2765 2695 tl,
2790 2626 2864 2681 ita
2888 2626 3005 2694 illi,
3038 2625 3125 2696 qui
3146 2625 3214 2679 ad
3243 2624 3506 2699 judicium
3545 2622 3773 2677 adduci-

2158 2730 2262 2789 tur,
2294 2720 2475 2775 dilotio
2506 2721 2663 2790 petita
2693 2730 2715 2758 ι·
2756 2736 2859 2775 non
2903 2726 3133 2791 negetur,
3184 2727 3240 2772 ut
3287 2715 3494 2790 facilius
3543 2723 3633 2771 aut
3680 2731 3773 2787 per

2158 2815 2469 2887 scripturam
2500 2825 2591 2869 aut
2620 2829 2710 2887 per
2755 2822 2902 2869 testes
2930 2812 3146 2884 probare
3172 2810 3371 2879 valeat,
3413 2811 3561 2865 illum
3596 2829 3630 2864 a
3669 2825 3774 2880 qua

2161 2908 2397 2979 pulsatus
2434 2916 2507 2962 est
2534 2948 2549 2974 ,
2581 2907 2718 2978 falsa
2738 2905 3113 2978 supplicatione
3134 2905 3379 2961 meruisse
3396 2945 3411 2973 ,
3436 2903 3575 2975 quod
3602 2902 3770 2976 petiit.

2672 3040 2741 3079 ns
2783 3037 3159 3079 NAVICOLARllS
3193 3019 3207 3059 ί
3224 3030 3268 3077 ³.

2240 3117 2377 3190 Imp.
2404 3117 2770 3173 Constantinus
2803 3115 2823 3152 ι
2863 3116 2923 3169 Α.
2967 3115 3036 3170 ad
3079 3112 3493 3170 Valusianum...
3532 3120 3562 3149 ιι
3588 3110 3648 3170 Si
3677 3126 3779 3169 na-

2241 3274 2269 3303 α
2308 3266 2362 3337 4,
2394 3265 2498 3321 Til.
2522 3294 2594 3306 ——
2617 3262 2736 3320 Ri’.
2771 3260 2961 3333 fuerat,
2985 3258 3145 3319 male.
3181 3259 3346 3317 llecte
3374 3257 3471 3316 Be.
3504 3272 3623 3331 rep.
3663 3261 3780 3330 rue-

2168 3348 2288 3394 rant
2295 3379 2306 3393 ο

2242 3409 2271 3450 ¹³
2311 3412 2345 3466 1
2371 3408 2593 3480 publice,
2620 3406 2785 3464 rubro
2811 3405 2921 3461 col.
2948 3419 3057 3461 em.
3091 3403 3331 3477 publicae.

2251 3493 2273 3521 ο
2315 3482 2416 3539 Go.
2446 3481 2696 3537 debitores
2722 3494 2832 3535 err.

2246 3551 2276 3589 ιι
2314 3554 2390 3609 Ita
2432 3554 2487 3619 4,
2528 3551 2633 3607 Til.
2674 3552 2771 3606 Be.
2799 3548 2935 3605 Cod.
2967 3548 3131 3611 Just.,
3161 3558 3330 3604 recte.
3362 3545 3484 3617 Cuj.
3518 3545 3545 3600 1
3570 3543 3777 3619 —Ri‘.

2176 3626 2551 3696 conparaveril,
2583 3622 2786 3705 inepte,
2815 3631 2870 3676 et
2892 3620 3052 3676 Rein.
3087 3619 3191 3677 Go.
3219 3634 3328 3677 em.
3354 3618 3705 3691 conparuerit.

2254 3708 2278 3735 θ
2321 3696 2452 3751 Cod.
2477 3695 2616 3752 Just.
2639 3710 2814 3749 omnia
2839 3709 2935 3747 sua
2963 3695 3058 3747 ita.

2344 3710 2452 3751 λοα.
2477 3710 2616 3751 Just.
2639 3710 2814 3749 omnia
2839 3710 2935 3747 sua
2963 3710 3058 3747 ua.

2257 3766 2277 3807 τ
2320 3766 2454 3823 Cod.
2484 3768 2622 3822 Just.
2654 3781 2763 3821 om.
2795 3780 3012 3836 quoque.

2254 3849 2279 3888 Β
2321 3843 2354 3894 4
2393 3839 2612 3908 publice.

2255 3909 2284 3990 ξι
2321 3912 2363 3990 ξ
2394 3905 2680 3990 kalendari,
2705 3908 2870 3990 rubro
2891 3908 2997 3990 col_.
3024 3922 3133 3990 em.
3165 3905 3474 3965 kolendarii.

2262 3980 2281 4021 ί
2323 3981 2458 4038 Cod.
2489 3982 2628 4038 Just.
2659 3974 2817 4037 mutt.
2843 3995 2933 4036 vv.
2963 3979 3192 4053 Ideoque
3229 3997 3354 4036 cura
3381 3977 3543 4053 patris
3569 3974 3793 4033 civitatis

2183 4057 2324 4126 apud
2348 4055 2579 4126 idoneos.

2260 4127 2275 4178 i
2326 4127 2419 4182 Be.
2446 4125 2571 4180 addi
2597 4124 2731 4179 vult.
2763 4123 2830 4179 II.
2852 4122 3143 4181 Go.—Bi'.
3170 4123 3390 4178 Arriano.

2254 4197 2283 4237 ιε
2319 4198 2383 4254 15
2441 4195 2576 4252 Ursa
2630 4195 2856 4251 Vicario.
2912 4195 2982 4251 ‘27
3036 4198 3104 4249 ad
3141 4195 3409 4250 adversum
3455 4192 3552 4249 sic.
3606 4189 3795 4249 ϐαίη

2187 4286 2387 4331 comm.
2417 4268 2606 4338 reponi
2627 4268 2820 4323 vultad
2850 4267 3042 4323 Verum
3069 4266 3157 4322 Vi.
3181 4266 3415 4322 Clarium
3430 4264 3644 4335 (Virum
3668 4264 3801 4321 Cla-

2186 4339 2519 4410 rissimum),
2547 4346 2641 4395 ant
2667 4340 2735 4393 ad
2763 4338 2957 4410 Verum
2986 4338 3254 4394 Vicarium
3277 4381 3292 4407 ,
3337 4338 3391 4393 in
3439 4338 3583 4410 notis
3610 4343 3796 4410 autem

2193 4416 2280 4470 Vt.
2304 4406 2533 4469 Clarum.
2554 4411 2590 4464 i.
2607 4426 2655 4467 e.
2682 4410 2869 4466 Virum
2880 4409 3273 4479 Clarissimum,
3292 4426 3343 4465 e.
3359 4415 3415 4465 et
3430 4410 3483 4463 in
3497 4407 3706 4464 Chron.
3730 4406 3802 4479 ad

2188 4502 2241 4542 a.
2275 4483 2380 4541 5M
2417 4483 2484 4537 V.
2522 4480 2582 4537 C.
2609 4524 2623 4549 ,
2673 4489 2864 4551 putans
2920 4490 3145 4551 propter
3188 4478 3275 4549 ep.
3331 4480 3682 4536 Constantini
3732 4478 3804 4535 ad

2104 4554 2160 4617 D
2185 4554 2513 4616 Ceciliannm
2544 4568 2630 4624 ap.
2667 4553 2959 4611 Eusebium
2982 4551 3032 4609 X
3057 4594 3072 4621 ,
3102 4553 3156 4621 6,
3199 4552 3348 4610 hunc
3394 4551 3595 4609 Ursum
3628 4553 3805 4608 ratio-

2193 4628 2369 4687 nalem
2395 4625 2591 4682 Africa:
2616 4625 2804 4680 fuisse.

2269 4700 2289 4740 1
2328 4699 2394 4754 15
2421 4698 2674 4769 neganda.

2264 4784 2306 4811 ιιι
2335 4764 2640 4826 (ἒοάῘΙιιςι.
2687 4766 3045 4835 improbanda,
3093 4781 3300 4825 errore.
3330 4765 3417 4823 Cf.
3466 4764 3724 4826 Gebauer
3750 4774 3816 4825 et

2195 4844 2423 4903 Dirksen
2450 4841 2488 4897 Ι.
2513 4856 2563 4895 c.
2594 4857 2646 4909 p.
2671 4841 2796 4896 M7.

2267 4926 2296 4955 ιι
2323 4913 2454 4997 Cod.
2482 4911 3023 4997 Just._judifiunt._15
3040 4911 3506 4997 judgtrah‘ebatur.

2270 4998 2295 5025 ο
2323 4985 2441 5054 Cuj.
2474 4984 2500 5038 1
2535 5015 2605 5025 -
2629 4982 2724 5040 Be.
2764 4983 2983 5048 Volusi,
3014 4982 3110 5040 sed
3140 4983 3258 5055 Cuj.
3291 4984 3339 5055 2
3357 4984 3410 5039 in
3455 4998 3603 5055 corr.
3639 4982 3820 5040 Vala-

2197 5061 2364 5116 siano.
2393 5058 2488 5112 Bc.
2520 5055 2643 5111 addi
2674 5056 2792 5112 vult
2821 5055 2883 5110 ll.
2914 5056 3004 5122 15,
3034 5055 3127 5112 W.
3159 5054 3291 5113 Cad.
3316 5054 3457 5113 Just.
3492 5054 3814 5113 Volusiano.

2197 5132 2267 5188 27
2306 5129 2607 5187 Volosiana.

2277 5214 2305 5254 ιι
2421 5201 2771 5284 αρηρζξηοὶρὶε
2790 5219 2845 5275 p.
2869 5200 2911 5273 Ῑ.
2938 5211 3177 5276 surrepta
3202 5209 3259 5259 et
3284 5213 3396 5257 om.
3423 5199 3511 5257 ab.

2277 5284 2305 5324 (ι
2336 5274 2400 5329 15
2427 5271 2620 5329 debuit.

2281 5356 2304 5385 ι·
2334 5344 2401 5400 15
2428 5343 2614 5399 debita.

2284 5428 2306 5455 ⁸
2351 5414 2484 5472 Cod.
2526 5413 2663 5490 Just.
2711 5413 2881 5490 Den.
2924 5432 3015 5473 seu
3048 5417 3314 5490 naucleris
3341 5413 3820 5490 publicashspecia

2208 5488 2691 5559 transportantibus,
2715 5498 2761 5542 et
2782 5489 2845 5543 de
2867 5490 3090 5544 tollenda
3112 5488 3351 5543 lustralis
3363 5492 3483 5543 auri
3510 5488 3812 5559 saltatim.

2287 5562 2306 5598 ί
2333 5557 2389 5628 Ii,
2419 5559 2545 5615 edd.
2577 5558 2925 5616 Constantius.
2962 5561 3064 5616 Go.
3108 5559 3263 5616 Rein.
3294 5559 3390 5616 Be.
3418 5575 3529 5616 em.
3557 5557 3820 5615 Constan-

2210 5630 2540 5712 tinus,_qu0d
2572 5647 2712 5701 rep.,
2740 5632 2861 5712 quia
2889 5631 3365 5712 manifestnmest,
3390 5646 3607 5690 errasse
3629 5629 3757 5688 cod.
3781 5630 3818 5685 4

2211 5699 2515 5769 librarium,
2549 5699 2670 5758 cum
2696 5699 2958 5759 scriberet
2979 5699 3332 5760 Constantius.

2284 5786 2309 5813 η
2346 5776 2582 5846 Dignitas
2606 5790 2714 5831 om.
2745 5775 2799 5831 in
2837 5774 2959 5832 eod.
2987 5773 3024 5831 4
3061 5783 3117 5833 et
3148 5775 3204 5832 in
3237 5774 3402 5843 edd.;
3441 5773 3548 5835 Go.
3579 5804 3652 5817 -—
3678 5773 3747 5832 Ri
3770 5776 3813 5828 θ.
