3982 6302
186 274 278 338 1Ξ9
1228 263 1548 322 DECRETA
1590 261 1678 319 ET
1720 258 2213 319 CONSTITUTION
2222 260 2323 316 ES.

672 395 738 435 DE
770 391 1260 434 APPELLATIONIBUS.

250 495 380 566 Imp.
412 494 774 548 Constantinus
803 493 863 546 Α.
894 493 962 547 ad
999 492 1315 546 Probianum
1339 499 1360 526 ο
1396 489 1765 544 Proconsnlem

180 588 377 661 Africae.
397 587 826 656 Appellationum
853 599 1094 651 caussas,
1119 599 1238 653 qua:
1253 581 1280 622 δ
1297 597 1391 653 per
1417 597 1512 637 vos
1540 581 1591 636 in
1610 581 1765 635 audi-

182 681 309 736 torio
348 690 528 736 nostro
547 690 596 745 ο,
635 679 830 750 quibus
860 678 1032 734 vicem
1081 677 1249 732 nostri
1295 675 1610 730 mandamus
1639 689 1768 729 exa-

183 774 347 840 minis,
371 773 748 844 dijudicantur,
780 768 896 826 itad
923 769 1113 826 audire
1141 769 1332 836 debes,
1357 778 1414 823 ut
1439 768 1606 833 edito,
1625 765 1768 837 quod

184 883 334 939 super
352 867 774 938 appellationum
795 864 1024 936 negotiis
1048 863 1293 918 linicndis
1311 866 1420 933 jam
1443 861 1769 933 generaliter

183 961 519 1018 constitutum
545 969 662 1026 est,
694 974 884 1030 pareas
907 999 919 1021 ,
953 967 1114 1028 atque
1141 955 1328 1012 eadem
1367 955 1578 1025 negOtia
1609 967 1768 1023 quam

183 1052 529 1109 maturissime
582 1053 840 1123 explices.
877 1049 1001 1104 Dat.
1035 1049 1169 1105 VIII.
1203 1047 1327 1103 Kal.
1361 1048 1510 1119 Sept.
1540 1046 1693 1103 Rom.
1719 1053 1768 1115 θ,

181 1144 499 1202 Constantino
526 1145 592 1200 Α.
625 1143 718 1201 IV.
745 1154 792 1200 et
814 1143 1018 1198 Licinio
1044 1141 1133 1198 IV.
1157 1139 1300 1198 Cass.
1333 1139 1510 1213 (315).

768 1278 834 1318 DE
861 1275 992 1317 JURE
1022 1273 1175 1316 FISCI.

242 1356 376 1430 Imp.
409 1356 781 1414 Constantinus
818 1357 882 1410 Α.
911 1364 958 1411 et
986 1353 1048 1411 C.
1086 1352 1104 1393 ί
1136 1353 1203 1408 ad
1237 1351 1521 1423 Papulum.
1554 1349 1610 1406 Si
1640 1347 1770 1420 quid

182 1469 208 1509 a
232 1452 354 1510 lisco
381 1452 546 1509 fuerit
587 1450 963 1523 occupandum
986 1459 1011 1496 8
1041 1448 1124 1505 vel
1149 1463 1180 1504 a
1224 1447 1378 1504 nobis
1407 1445 1474 1502 de
1517 1452 1716 1501 caetero
1745 1444 1772 1480 ιι

186 1567 271 1623 pro
298 1551 722 1622 uniuscujusque
752 1547 964 1604 meritis
1007 1545 1390 1614 obscquiisque
1418 1541 1727 1597 donandum
1755 1581 1770 1604 ,

183 1647 259 1702 vel
287 1646 351 1701 ab
377 1625 578 1701 eodem
608 1641 1014 1699 distrahendum
1043 1680 1058 1707 ,
1095 1641 1230 1694 intra
1261 1653 1458 1692 annum
1483 1678 1498 1701 ,
1524 1634 1774 1691 erunibus

184 1739 303 1794 vela
338 1736 607 1810 petitione
639 1736 725 1792 vel
755 1751 785 1790 a
816 1733 1221 1805 comparatione
1249 1746 1308 1786 se
1337 1728 1730 1784 abstinentibus
1755 1768 1769 1794 ,

186 1831 262 1898 hi,
292 1833 380 1902 qui
412 1839 613 1903 putant
646 1829 847 1900 injuste
875 1843 960 1884 res
985 1825 1232 1898 preprias
1261 1840 1290 1879 a
1319 1823 1451 1880 tisco
1477 1837 1597 1879 esse
1619 1837 1771 1877 com-

184 1937 377 1998 paratas
399 1924 413 1962 ί
435 1967 451 1994 ,
477 1934 673 1982 contra
704 1923 952 1980 eumdem
980 1937 1139 1994 agere
1161 1921 1513 1985 contendant,
1541 1919 1778 1976 scientes

187 2018 650 2088 gratulantesque,
683 2015 827 2088 quod
857 2031 1032 2071 annua
1055 2013 1224 2085 spatia
1249 2055 1262 2081 ,
1296 2014 1438 2068 intra
1472 2029 1592 2085 qua:
1619 2027 1776 2067 suum

189 2120 448 2184 repetant,
474 2111 593 2166 sint
631 2109 871 2175 indulta;
919 2123 983 2164 ac
1009 2108 1055 2163 si
1087 2107 1431 2178 probaverint
1453 2147 1467 2173 ,
1512 2105 1775 2175 justitiam

186 2203 410 2274 petitioni
460 2217 584 2258 suae
609 2202 834 2269 adesse,
865 2201 1162 2272 recipiant,
1195 2208 1251 2254 et
1290 2208 1478 2254 nostro
1515 2198 1779 2254 beneticio

191 2296 405 2354 habeant
428 2299 709 2354 restituta.
744 2295 864 2351 Dat.
903 2295 917 2346 i
985 2293 1073 2350 Id.
1107 2294 1250 2364 Sept.
1291 2291 1457 2348 Roma
1478 2334 1492 2360 ,
1524 2291 1778 2347 Constan-

187 2392 275 2448 tino
298 2393 359 2447 Α.
405 2393 498 2449 IV.
533 2403 579 2448 et
607 2390 805 2446 Licinio
834 2389 923 2447 IV.
951 2387 1097 2446 Coss.
1127 2390 1298 2462 (515).

428 2524 500 2563 οε
533 2521 886 2564 cen'roaanns
911 2523 977 2562 ετ
1005 2520 1403 2562 οειηοειοιιηοιιιε
1430 2505 1478 2559 ιι.

248 2600 378 2675 Imp.
403 2601 779 2658 Constantinus
808 2601 871 2656 Α.
907 2601 974 2655 ad
1017 2599 1300 2672 Evagrium
1328 2599 1418 2672 Pr.
1454 2600 1519 2654 Ρ.
1554 2599 1634 2656 Ad
1661 2615 1779 2656 om-

192 2697 500 2767 nesjudices
554 2695 763 2750 litteras
811 2695 940 2750 dare
970 2703 1115 2749 tuam
1168 2693 1418 2750 convenit
1441 2694 1779 2764 gravitatem,

191 2788 317 2854 ut,in
334 2788 771 2859 quibuscumque
797 2785 1010 2857 Oppidis
1033 2785 1396 2857 dendrophori
1419 2786 1638 2853 fuerint,
1653 2801 1782 2842 cen-

202 2881 515 2938 tonariorum
549 2891 713 2952 atque
757 2878 1030 2935 fabrorum
1061 2879 1301 2951 collegiis
1339 2877 1360 2918 1
1405 2891 1780 2948 annectamnr,

193 2975 420 3044 quoniam
466 2974 594 3030 haec
622 2987 850 3045 corpora
883 2982 920 3009 τι
951 2972 1248 3043 frequentia
1298 2973 1573 3029 hominum
1600 2973 1782 3028 multi-

194 3064 356 3136 plicari
387 3066 670 3139 expediet.
705 3065 827 3120 Dat.
876 3064 1017 3120 XIV.
1068 3063 1192 3120 Kal.
1231 3064 1346 3120 Oct.
1407 3063 1620 3121 Naisso.
1655 3065 1776 3122 Acc.

255 3232 278 3260 ⁸
312 3222 434 3279 Vid.
463 3221 529 3278 C.
561 3221 668 3278 Th.
700 3236 750 3276 c.
775 3221 808 3276 5
836 3229 891 3278 et
912 3222 944 3276 6
973 3221 1026 3277 h.
1056 3230 1094 3276 t.

254 3293 278 3332 δ
313 3295 346 3348 4
372 3312 595 3350 caussas
617 3295 710 3347 has
748 3309 902 3364 quae;
930 3304 1039 3348 ant.
1086 3308 1252 3362 man.,
1282 3292 1506 3351 fortasse
1531 3293 1778 3362 librarii,

198 3363 380 3420 deletur
399 3368 494 3421 tias
530 3363 832 3433 punctis’su
843 3380 936 3435 pra
957 3365 1173 3420 additis.

261 3448 278 3475 ε
317 3437 389 3492 Ita
408 3440 463 3503 4,
487 3438 636 3503 Til.;
677 3437 796 3492 rell.
822 3448 1004 3492 vestro.
1028 3437 1238 3491 Primus
1263 3447 1423 3492 vestro
1448 3437 1607 3491 tacite
1636 3452 1779 3492 corr.

200 3505 419 3580 Cujacius
442 3511 494 3564 in
516 3508 647 3578 Cuj.
681 3515 731 3580 1.
760 3509 922 3564 Recte
951 3518 1123 3562 nostro
1152 3517 1371 3580 propter
1411 3525 1561 3580 seqq.
1603 3508 1782 3580 quibus

201 3581 334 3636 vicem
368 3583 529 3636 nostri
577 3579 884 3640 mandamus
913 3581 1159 3634 exanimis
1183 3597 1201 3634 :
1231 3579 1400 3652 neque
1424 3579 1621 3636 tamen
1643 3580 1784 3652 accie

206 3652 430 3718 piendum
457 3653 526 3708 de
562 3653 832 3706 auditorio
861 3653 943 3707 cui
979 3653 1224 3721 princeps
1251 3651 1365 3722 ipse
1416 3663 1636 3722 praeest,
1687 3651 1781 3707 sed

203 3723 258 3794 de
275 3724 562 3788 auditorio,
613 3724 988 3794 quodcumque
1029 3725 1245 3779 nomine
1285 3742 1331 3780 s.
1378 3727 1495 3780 vice
1528 3724 1783 3794 principis

207 3793 428 3861 habetur,
453 3797 545 3852 hic
568 3810 601 3848 a
626 3793 944 3864 proconsule
967 3795 1160 3850 Africa:
1191 3797 1242 3850 in
1270 3797 1559 3865 provincia.
1587 3795 1646 3851 C.
1673 3793 1778 3850 Th.

205 3879 248 3918 c.
285 3867 364 3922 11.
405 3868 460 3923 h.
533 3875 580 3921 ι.
632 3867 992 3920 sublimitatem
1037 3876 1214 3931 luant,
1264 3869 1350 3938 qui
1404 3867 1782 3938 cognitionibus

205 3948 410 4008 nostram
429 3942 594 3994 vicem
615 3948 976 4008 ,reprwsentas,
1001 3947 1055 3993 et.
1077 3938 1167 4003 XI,
1191 3938 1282 4003 56,
1305 3939 1395 4007 3.}

211 4079 237 4092 ,Α
263 4006 288 4047 ἀ
320 4010 374 4077 Δ,
396 4006 627 4092 Til._id.
668 4006 880 4092 Erimus
900 4009 1148 4092 ijacius
1173 4011 1224 4064 in
1246 4006 1416 4082 Cuj.'1
1445 4011 1606 4067 tacite
1637 4025 1779 4066 corr.

206 4081 294 4147 ita,
320 4091 480 4140 recte.
516 4083 647 4139 Mox
668 4081 761 4137 Be.
788 4083 1021 4154 negotiis.

271 4163 290 4190 ε
327 4154 415 4209 Bc.
440 4172 529 4210 an.
568 4172 584 4207 :
619 4173 638 4206 s
664 4154 1068 4209 Romansianum
1093 4168 1256 4224 prope
1277 4151 1526 4209 Naissum
1560 4153 1675 4208 Gir.
1704 4153 1784 4208 in-

210 4225 387 4296 telligit.
429 4227 579 4282 Idem
615 4229 842 4282 fortasse
883 4227 1055 4280 innuit
1094 4225 1242 4279 Rom.
1290 4228 1342 4279 in
1367 4225 1428 4283 Τ.
1464 4225 1527 4281 C.
1573 4226 1637 4294 I.,
1663 4240 1782 4296 qua:

212 4294 406 4368 Romam
438 4311 717 4368 nunquam
759 4299 829 4352 ita
870 4298 1194 4367 exprimunt.
1221 4296 1485 4352 Cazlerum
1531 4294 1690 4352 Rom.
1731 4303 1786 4351 et

213 4365 345 4422 Rutn.
388 4365 662 4426 interdum
691 4365 998 4425 Ravennam
1044 4369 1278 4424 indicare
1320 4377 1468 4438 puto.
1494 4389 1514 4423 ι
1549 4370 1651 4425 ϐο.
1678 4369 1785 4423 Ro-

213 4442 503 4496 mansianant
521 4483 537 4508 ,
564 4456 672 4496 non
697 4441 1097 4497 Rontansianum
1126 4455 1300 4510 prop.,
1330 4441 1424 4496 sed
1456 4442 1506 4496 in
1534 4440 1736 4495 Chron.
1767 4457 1779 4493 :

221 4510 382 4582 «Ergo
407 4513 506 4568 fuit
545 4513 655 4568 hoc
689 4522 931 4583 tempore
968 4513 1350 4568 Constantinus
1380 4512 1584 4568 Romae.
1610 4532 1629 4566 ›
1667 4512 1783 4567 Dis-

1806 3180 1853 3245 ϐ

3360 251 3465 312 150

1792 380 1840 435 Α
1872 369 2006 425 \‘III.
2037 370 2124 424 Id.
2151 369 2290 425 Nov.
2319 366 2648 424 Constantino
2677 365 2738 418 Α.
2771 364 2860 420 IV.
2885 372 2931 420 et
2962 361 3159 420 Licinio
3190 359 3281 420 IV.
3313 362 3460 420 Coss.

1870 462 2046 537 (διδ).

2403 567 2471 608 DE
2501 563 2904 607 DECURIONIRUS.

1942 677 2082 749 Imp.
2113 677 2478 736 Constantinus
2516 677 2580 731 Α.
2627 676 2695 730 ad
2723 674 3163 747 Crispinum.....a
3205 673 3468 742 Quoniam

1870 769 2146 837 dubitasti,
2171 769 2397 825 1’utrum
2419 786 2486 826 ex
2507 783 2734 824 numero
2759 767 2966 823 dierum
2985 777 3006 805 ο
3038 781 3107 822 an
3133 781 3200 822 ex
3227 764 3472 822 nomina-

1873 863 2019 920 tione
2045 862 2406 919 Kalendarum
2434 861 2732 932 computari
2759 860 2984 916 duorum
3010 857 3275 916 mensium
3303 859 3330 895 (ι
3349 873 3471 930 spa-

1873 959 1946 1014 tia
1977 957 2227 1024 debeant,
2258 955 2429 1012 forma
2457 954 2656 1026 publici
2684 955 2822 1025 juris
2847 953 3181 1011 observanda
3208 961 3316 1020 est,
3349 967 3472 1024 qua:

1874 1051 2161 1108 manifeste
2188 1061 2211 1088 θ
2244 1050 2506 1116 declarat,
2554 1049 2680 1120 quid
2727 1064 2828 1121 pro
2873 1048 3082 1105 dierum
3110 1045 3128 1086 ί
3161 1046 3476 1104 diversitate

1874 1145 2197 1218 praeceperit
2235 1143 2643 1215 comprehendi.
2677 1142 2797 1196 Dat.
2833 1141 2960 1198 Kal.
2995 1141 3110 1198 Oct.
3141 1139 3476 1199 Constantino

1875 1240 1942 1296 Δ.
1973 1237 2064 1295 IV.
2093 1247 2143 1294 et
2163 1236 2364 1292 Licinio
2393 1236 2484 1292 IV.
2515 1235 2660 1292 Cass.
2701 1236 2878 1310 (515).

2047 1391 2116 1433 DE
2152 1389 2345 1433 ιυοιειε
2371 1417 2386 1443 ,
2428 1389 2722 1432 C(ELICOLIS
2761 1390 2830 1430 ET
2870 1387 3222 1430 SAHARITANIS
3249 1381 3296 1426 8.

1949 1513 2089 1586 Imp.
2115 1512 2484 1570 Constantinus
2504 1511 2570 1566 Α.
2590 1508 2618 1548 h
2640 1512 2708 1565 ad
2729 1509 3008 1582 Evagrium
3034 1509 3122 1584 Pf.
3149 1509 3216 1564 P.
3239 1507 3477 1566 iJudzeis

1886 1617 1941 1663 et
1968 1607 2261 1678 majoribus
2308 1622 2496 1662 eorum
2540 1614 2595 1661 et
2648 1603 3007 1676 patriarchisi
3077 1603 3329 1659 volumus
3355 1601 3478 1657 inti-

1879 1700 2014 1756 mari
2035 1742 2051 1764 ,
2075 1700 2218 1770 quod
2246 1741 2261 1767 ,
2291 1699 2337 1754 si
2364 1700 2485 1769 quis
2505 1697 2555 1764 ιι,
2591 1707 2712 1769 post
2743 1697 2880 1752 hanc
2907 1697 3104 1769 legem,
3126 1695 3356 1766 aliquem
3384 1693 3476 1766 qui

1804 1785 1852 1845 B
1876 1809 2064 1849 eorum
2092 1793 2314 1847 feralem
2345 1791 2540 1862 fugerit
2565 1788 2581 1829 ι
2615 1798 2817 1846 sectam
2846 1799 2901 1846 et
2929 1789 2997 1845 ad
3023 1790 3118 1846 Dei
3139 1791 3340 1844 cultum
3365 1803 3480 1843 res-

1878 1886 2088 1958 pexerit
2107 1895 2168 1953 πη,
2197 1887 2330 1941 satis
2354 1894 2446 1939 aut
2483 1884 2590 1938 alio
2622 1883 2816 1938 furoris
2842 1898 3041 1952 genere
3067 1891 3094 1918 ιι
3117 1923 3133 1950 ,
3166 1879 3307 1953 quod
3336 1895 3477 1936 nunc

1881 1980 1996 2036 ﬁeri
2027 1981 2450 2049 cognovimus“,
2500 1991 2664 2031 ausus
2686 1976 2845 2030 fuerit
2864 1982 3152 2041 attentare,
3176 1989 3302 2028 mox
3322 1973 3480 2028 ﬂam-

1878 2073 1980 2130 mis
2009 2071 2288 2128 dedendas
2311 2081 2395 2128 est
2417 2081 2443 2120 P
2472 2077 2526 2126 et
2555 2085 2676 2126 cum
2719 2067 2971 2124 omnibus
3021 2068 3132 2123 suis
3153 2077 3180 2116 τι
3206 2065 3481 2138 participi-

1878 2165 1981 2222 bus
2010 2163 2440 2221 concremandus
2468 2171 2514 2218 τ.
2547 2161 2574 2234 §
2627 2164 2678 2217 1.
2711 2161 2766 2218 Si
2795 2161 2915 2232 quis
2944 2175 3071 2216 vero
3093 2175 3158 2215 ex
3190 2159 3387 2230 popqu
3409 2157 3477 2214 ad

1879 2273 2068 2315 eorum
2117 2257 2378 2315 nefariam
2426 2265 2628 2312 sectam
2671 2253 2964 2311 accesserit
3007 2261 3064 2309 et
3110 2251 3482 2308 conciliabulis

1881 2368 2069 2410 eorum
2101 2369 2161 2410 se
2183 2352 2533 2423 applicaverit
2555 2393 2569 2417 ,
2598 2366 2720 2406 cum
2745 2349 2876 2422 ipsis
2907 2365 3092 2420 poenas
3113 2349 3332 2404 meritas
3361 2363 3483 2404 sus-

1882 2447 2094 2502 tinebit.
2127 2445 2245 2500 Dat.
2272 2443 2390 2499 XV.
2416 2452 2436 2480 ³
2470 2441 2597 2497 Kal.
2628 2441 2767 2497 Nov.
2787 2441 3038 2514 Murgillo
3067 2441 3113 2510 ι,
3146 2439 3481 2497 Constantino

1882 2538 1948 2595 Α.
1982 2537 2112 2594 IV.u
2141 2547 2187 2592 et
2209 2535 2409 2592 Licinio
2431 2535 2521 2591 IV.
2547 2532 2692 2590 Cass.
2727 2534 2899 2607 (515).

1957 2727 1983 2756 ⁸
2019 2719 2255 2790 Dignitas
2281 2718 2434 2775 deest
2460 2726 2513 2774 et
2534 2717 2650 2774 sine
2672 2716 2781 2790 ullo
2810 2716 3024 2790 quidem
3044 2714 3482 2790 lacunazjudicio

1884 2790 1937 2846 in
1965 2787 2176 2857 codft,
2204 2790 2328 2847 edd.
2365 2791 2468 2846 Til.
2493 2819 2566 2831 —-
2594 2790 2713 2860 Cuj.
2746 2787 2840 2843 2‘.
2871 2789 2999 2853 Be.;
3029 2787 3130 2844 ϐο.
3185 2788 3271 2842 Ri.
3317 2789 3482 2860 ornise

1885 2877 2000 2946 sam
2057 2863 2293 2918 indicant
2343 2863 2604 2934 quinque,
2665 2859 2772 2916 Ri'.
2835 2877 2930 2917 sex
2974 2860 3214 2930 punctis;
3265 2859 3482 2930 reposui

1886 2950 2144 3006 qumque.

1959 3004 1986 3044 ι’
2013 3005 2128 3062 Fol.
2151 3006 2257 3063 219
2288 3006 2408 3062 cod.
2435 3005 2493 3060 4.

1963 3089 1984 3116 ο
2017 3077 2115 3134 G0.
2149 3094 2274 3133 ann.
2307 3096 2319 3131 :
2351 3097 2368 3131 t
2405 3076 2554 3133 XXX
2577 3075 2694 3133 scil.
2726 3095 2746 3130 ›
2778 3075 3018 3134 Vid..Go.
3053 3075 3106 3131 in
3132 3089 3331 3131 comm.
3359 3072 3478 3132 b.c.

1959 3147 1986 3186 ἀ
2015 3151 2069 3217 εἰ,
2103 3150 2226 3205 edd.
2256 3159 2380 3205 ante
2402 3150 2495 3205 Re.
2524 3150 2683 3203 duum
2725 3165 2973 3215 mensum,
3016 3147 3111 3202 sed
3150 3148 3252 3202 ϐο.
3299 3148 3481 3202 duum.

1886 3221 2007 3276 Vid.
2037 3223 2099 3275 ο.
2129 3221 2230 3276 Th.
2265 3222 2352 3285 IV,
2383 3221 2438 3288 6,
2463 3222 2517 3282 δ.
2552 3231 2662 3276 not.
2694 3237 2743 3288 0,
2777 3220 2888 3284 vn,
2927 3218 3108 3286 12,2,
3144 3217 3238 3286 XI,
3267 3219 3356 3288 so,
3389 3217 3479 3284 10,

1888 3293 1978 3360 65,
2013 3293 2100 3360 67,
2137 3292 2226 3355 XI,
2260 3295 2352 3358 51,
2383 3294 2438 3349 4.
2467 3293 2568 3349 ϐο.
2595 3309 2721 3347 ann.
2760 3308 2776 3350 ;
2809 3310 2828 3343 ι
2859 3291 2999 3346 Intra
3018 3306 3154 3361 quos
3175 3291 3482 3345 nominatus

1885 3366 1952 3420 ad
1987 3381 2179 3420 munus
2214 3366 2484 3436 publicum
2530 3364 2960 3434 (Duumviratum
3011 3360 3158 3434 puta)
3205 3361 3485 3433 appellare

1924 3446 2084 3492 otcst.
2115 3455 2135 3489 ι

1887 3453 1920 3507 p
1962 3519 1984 3590 ξ
2015 3506 2056 3590 αξ
2077 3507 2378 3590 ηιαηίίεειω,
2412 3509 2576 3563 rubro
2603 3507 2708 3590 col.
2739 3522 2882 3562 corr.
2913 3506 3202 3578 manifeste.

1965 3577 1982 3616 ί
2017 3579 2121 3635 ϐο.
2152 3577 2269 3635 vult
2297 3598 2468 3635 rerum
2499 3595 2595 3651 pro
2625 3581 2841 3651 dierum,
2873 3595 2975 3634 non
3004 3577 3170 3651 recte,

1961 3661 1986 3697 ε
2020 3652 2086 3706 15
2114 3669 2226 3706 om.
2256 3648 2513 3706 Cwlicolis
2559 3661 2606 3706 et
2653 3649 3016 3706 Samaritanis.
3060 3648 3194 3704 Cod.
3241 3649 3379 3705 Just.
3420 3649 3484 3705 de

1885 3721 2086 3778 Judteis
2111 3734 2156 3778 et
2185 3723 2441 3779 thicolis
2465 3765 2479 3784 ,
2537 3739 2646 3779 om.
2691 3723 3056 3779 Samaritanis.
3087 3722 3248 3777 Facta
3278 3732 3361 3777 est
3389 3737 3486 3777 au-

1885 3802 1993 3850 tem
2031 3795 2232 3850 mentio
2265 3796 2711 3852 Samaritanorum
2738 3797 2788 3848 in
2825 3795 2904 3848 tit.
2938 3793 3071 3848 Cod.
3100 3792 3237 3848 Just.
3267 3792 3335 3848 de
3363 3793 3484 3849 Ha:—

1887 3867 2069 3922 reticis
2111 3876 2168 3922 et
2211 3867 2518 3922 Manichaeis
2544 3875 2600 3922 et
2623 3867 2901 3922 Samaritis
2931 3865 3025 3934 (I,
3057 3864 3146 3936 5).
3181 3867 3351 3918 Noun.
3386 3865 3477 3920 Br.

1885 3939 1984 4020 Al...
2004 3938 2161 3995 codd.
2195 3937 2474 3995 Cellicolis.
2509 3938 2626 4010 Cuj.
2683 3939 2706 3994 1
2739 3966 2811 3978 -——
2837 3937 2958 4007 Cuj.
2989 3937 3026 3991 2
3047 3942 3062 3960 ·
3092 3936 3294 3992 Judazis
3343 3936 3485 3991 coeli-

1885 4011 2030 4065 colis.

1961 4080 1988 4119 ιλ
2019 4082 2078 4136 11
2110 4099 2227 4137 ααα.

1966 4151 1982 4190 ί
2019 4154 2108 4220 11,
2145 4155 2235 4222 15,
2267 4155 2368 4222 50,
2396 4153 2461 4209 51
2492 4195 2507 4217 ,
2536 4153 2659 4210 edd.
2687 4160 2811 4209 ante
2837 4152 2930 4208 Be.
2963 4167 3072 4208 om.
3107 4149 3198 4223 Pf.
3233 4150 3335 4218 P.;
3369 4167 3480 4208 rec.

1887 4223 1982 4298 Re.
2016 4227 2336 4298 hocsiglum
2365 4241 2432 4298 ex
2461 4225 2562 4282 ϐο.
2594 4235 2707 4282 not.
2743 4235 2900 4298 et‘ex
2941 4224 3074 4281 Cod.
3102 4224 3266 4292 Just.,
3315 4234 3481 4282 recte.

1890 4297 2008 4352 Vid.
2041 4297 2102 4352 C.
2134 4295 2236 4353 Tli.
2267 4297 2407 4363 XIV,
2437 4298 2493 4365 8,
2526 4298 2575 4352 1.
2609 4298 2676 4354 15
2704 4297 2747 4352 Α
2778 4295 3019 4368 Evagrio.

1963 4369 1976 4441 ξ
2022 4369 2275 4426 Mendose
2302 4371 2434 4426 Aur.
2470 4371 2640 4441 Lugd.
2672 4370 2974 4440 patiare/iis.

1962 4438 1988 4513 ξε
2026 4443 2113 4508 11,
2148 4442 2236 4509 15,
2261 4442 2393 4497 Cod.
2421 4438 2800 4513 Justfsiquis;
2832 4441 3026 4513 rellasi
3046 4440 3154 4511 qui.

1964 4509 1981 4549 ι
2019 4513 2151 4568 Ilinc
2195 4516 2434 4584 pergitur
2462 4515 2516 4568 in
2545 4509 2674 4570 cod;
2694 4514 2728 4568 4
2755 4521 2811 4568 et
2840 4511 2981 4580 apud
3004 4509 3106 4567 Til.
3135 4513 3258 4568 Vid.
3286 4513 3349 4570 C.
3376 4512 3479 4570 Tit.

216 4588 356 4656 sentit
391 4586 552 4655 igitur
596 4600 628 4638 a
669 4600 728 4640 se
767 4582 903 4654 ipso.
946 4584 1075 4652 Qua:
1120 4585 1213 4641 Bc.
1239 4583 1307 4640 de
1344 4585 1608 4655 scriptura
1630 4583 1782 4639 Rom.
1810 4589 1864 4650 Ι)
1890 4582 2043 4651 XVI,
2074 4585 2128 4652 5,
2159 4584 2257 4656 66,
2282 4582 2394 4641 not.
2421 4602 2472 4640 a.
2506 4584 2701 4656 Incipit
2725 4595 2904 4640 autem
2932 4599 3055 4640 cum
3091 4600 3140 4641 ν.
3170 4597 3360 4642 sectam
3389 4584 3483 4641 fol.

219 4651 346 4728 dicit,
365 4651 433 4712 ea
452 4659 618 4728 plane
641 4656 771 4712 falsa
789 4651 938 4711 sunt.

279 4725 572 4785 ‘Secho.
609 4727 760 4799 iPag.
801 4727 1027 4783 Reland.
1072 4744 1126 4799 p.
1179 4727 1286 4784 295
1327 4725 1562 4782 Licinius
1597 4727 1787 4784 Cazsar.

219 4793 340 4852 Mox.
367 4799 464 4856 ϐο.
498 4802 567 4854 ad
595 4793 819 4864 Polum,
843 4816 954 4855 err.

282 4878 302 4914 ε
331 4871 425 4926 ϐο.
455 4889 610 4943 prop.
641 4882 980 4942 occupatum,
1007 4885 1182 4942 neque
1218 4880 1397 4927 tamen
1431 4871 1670 4941 spernit,
1703 4887 1790 4926 oc-

221 4945 487 5017 cupandum
518 4953 614 4999 aut
655 4944 1011 5017 occupandum
1051 4944 1308 5016 deinceps.
1341 4943 1485 5000 Idem
1529 4943 1690 5003 habet
1719 4943 1796 4998 vel

223 5023 306 5080 pro
323 5023 364 5068 et
382 5057 396 5080 ,
415 5015 598 5080 idque.

285 5082 309 5159 ξ*
333 5091 456 5159 aur.
486 5082 662 5159 Lugd.
689 5086 754 5142 de
778 5103 834 5142 ce
858 5096 1045 5143 cetero.

290 5157 304 5233 ξ
334 5157 428 5233 ϐο.
459 5157 896 5233 ειῃξεονροτιψξσ
923 5161 1005 5216 vel
1033 5169 1324 5232 occupatas.

291 5229 448 5286 iSec.
496 5231 596 5288 ϐο.
634 5229 731 5302 pro
788 5229 949 5303 PP.;
991 5229 1168 5303 neque
1213 5234 1356 5287 enim
1408 5231 1794 5288 Constantinus

227 5290 314 5353 hac
338 5312 486 5359 actate
517 5290 702 5358 Romae
731 5290 989 5358 constitit.

290 5368 311 5406 ¹¹
339 5375 390 5448 ζ’),
410 5373 463 5441 4,
496 5375 744 5430 Til.—Ri
764 5379 802 5428 '.
830 5373 1173 5447 Dendroforis
1201 5383 1256 5432 et
1285 5373 1417 5430 infra
1465 5375 1788 5448 dendrofori.

234 5437 318 5518 Go.
340 5437 395 5518 i_n
417 5437 611 5502 comm.
639 5449 712 5518 cj.
739 5437 1064 5503 centenariis'.

298 5511 320 5592 _‘_
340 5515 414 5592 Es
441 5523 561 5592 cod.
590 5511 684 5582 .5;
705 5521 974 5592 quiAvero
996 5519 1252 5592 icolligiis.
1284 5519 1340 5592 4,
1363 5519 1646 5592 Til.—De.
1679 5535 1789 5575 om.

236 5586 454 5662 collegiis.
477 5591 594 5646 Jam
617 5586 780 5648 Pan'c.
801 5590 965 5647 Thes.
993 5591 1035 5654 Ι.
1063 5586 1157 5657 52,
1180 5591 1332 5661 prob.
1362 5590 1520 5648 Rein.
1544 5591 1792 5662 probabi-

239 5652 427 5738 ζῆθι-ὀί.
456 5663 685 5738 collegio,
733 5663 834 5720 ϐυ.
875 5652 1056 5738 autem
1104 5652 1402 5736 corporibus
1446 5679 1492 5719 s.
1544 5652 1786 5738 corpora,

240 5733 440 5797 improb.
470 5733 622 5800 Maio,
656 5737 746 5792 Bc.
775 5736 1092 5808 corporibus.
1159 5759 1167 5764 ·
1195 5733 1204 5736 ⁷

301 5807 336 5836 ἰι
361 5801 470 5860 Fol.
493 5804 617 5865 544.
635 5808 756 5865 cod.
786 5809 840 5863 1.
863 5807 981 5864 Mox
1008 5808 1100 5864 Bc.
1127 5807 1305 5864 Naissi

456 5845 470 5860 ο
493 5845 617 5876 υἹἸ,
635 5845 756 5865 VU“.
786 5845 840 5863 ’1⁸
863 5845 981 5864 ινινΛ
1009 5845 1100 5864 νυ.
1127 5845 1324 5864 ινιυοοσι

1893 4657 2000 4713 455
2027 4667 2053 4694 ⁸
2081 4658 2204 4712 cod.
2233 4655 2288 4712 4.

1965 4738 2005 4766 ω
2027 4728 2090 4783 11
2118 4739 2308 4784 sectam
2334 4729 2488 4784 etiam
2515 4727 2614 4784 Dei
2641 4728 2786 4785 cultu
2811 4727 3093 4784 recesserit.

1966 4808 1994 4836 η
2025 4799 2060 4874 1
2091 4810 2276 4866 tenere,
2303 4803 2464 4857 rubro
2485 4803 2590 4858 col.
2620 4816 2728 4858 em.
2751 4816 2954 4874 genere.

1971 4880 1996 4908 ο
2029 4872 2130 4927 ϐο.
2157 4875 2528 4944 cognoscimus.

1971 4953 1999 4994 P
2029 4944 2128 5001 ϐο.
2163 4961 2272 5012 om,
2297 4956 2390 5000 est.

1971 5025 2000 5066 (ι
2034 5017 2100 5071 15
2121 5033 2232 5072 om.
2261 5019 2387 5073 suis.

1973 5097 1995 5124 τ
2028 5088 2157 5160 Sqq.
2189 5089 2306 5146 des.
2331 5091 2384 5143 in
2412 5088 2543 5146 Cod.
2571 5088 2710 5146 Just.

1970 5168 1991 5194 ⁸
2023 5159 2085 5215 11
2122 5159 2423 5235 accesserint
2441 5171 2492 5235 _et
2519 5163 2868 5235 conciliabolis
2905 5179 3082 5218 eorum
3116 5180 3170 5219 se
3197 5163 3492 5235 applicave-

1899 5231 2095 5358 rint
2120 5234 2380 5290 sustineri.
2427 5233 2550 5289 Dat.
2593 5234 2664 5291 Χ.
2710 5233 2831 5307 Cuj.
2855 5236 2892 5290 2
2913 5277 2930 5304 ,
2956 5237 2992 5290 2
3016 5241 3034 5259 '
3064 5231 3320 5293 mendose
3344 5236 3488 5293 Non.

1899 5319 1996 5358 nro
2076 5321 2154 5358 ου.

1899 5319 1996 5375 pro
2021 5319 2154 5360 tvov.

1975 5377 1993 5412 ί
2024 5375 2098 5431 Ita
2120 5375 2177 5444 4,
2213 5377 2300 5444 11,
2325 5377 2416 5444 15,
2448 5377 2538 5444 50,
2568 5377 2659 5447 51,
2691 5377 2826 5434 Cod.
2848 5378 2986 5435 Just.
3020 5379 3149 5436 Lab.
3173 5379 3487 5445 Til.—Rh;

1895 5447 1992 5504 Be.
2025 5447 2280 5521 Murgilti.
2307 5448 2407 5521 ϐο.
2439 5450 2511 5520 cj.
2543 5449 2808 5516 Mursillo,
2839 5452 2982 5520 quod
3006 5451 3061 5506 in
3092 5452 3366 5508 Pannonia
3392 5467 3488 5506 su-

1898 5521 2112 5605 periore
2145 5520 2308 5605 prope
2351 5520 2582 5605 Mptsam
2611 5525 2774 5605 situm
2807 5523 2972 5605 fuisse
2998 5525 3150 5605 dicit.
3201 5525 3487 5578 llerrman-

1898 5608 2000 5664 nus
2021 5593 2086 5648 de
2114 5592 2181 5664 cj.
2218 5595 2318 5651 ϐο.
2350 5593 2438 5649 ed.
2473 5592 2720 5650 Mursillo
2745 5596 2799 5650 in
2825 5595 2958 5650 Cod.
2988 5595 3126 5650 Just.
3148 5603 3344 5649 etante
3365 5610 3488 5650 eum

1896 5663 1992 5738 Ile.
2043 5663 2335 5733 Mursittw,
2383 5665 2478 5738 sed
2523 5682 2592 5722 ne
2636 5682 2775 5738 unus
2819 5667 3036 5738 quidem
3079 5667 3217 5722 liber
3263 5682 3366 5722 ms.
3398 5682 3485 5738 ap.

1898 5735 2292 5792 Herrmannum
2315 5737 2599 5793 continuat
2622 5737 2722 5794 ϐο.
2755 5739 2825 5808 cj.

1971 5818 1997 5845 υ
2028 5808 2093 5865 Ri
2119 5813 2157 5866 ⁰.
2191 5807 2521 5866 Constantino
2563 5811 2625 5865 A.
2651 5807 2793 5880 XV.,
2821 5823 3006 5868 errore
3034 5826 3104 5867 an
3130 5809 3375 5868 inductus
3399 5827 3494 5884 per
