3982 6302
498 251 606 313 159

1791 261 2244 324 CONS'IANTINI
2286 269 2502 329 MAGNI

3663 287 3753 345 160

493 381 758 431 seretur“.
789 372 911 430 Dat.
948 373 1034 429 Id.
1066 373 1235 448 April.
1266 374 1516 445 Sirmiob,
1548 376 1880 435 Constantino
1907 380 2082 438 A.V.c
2114 388 2165 448 Α
2190 384 2322 440 Nam
2353 387 2633 445 beneficiis
2655 392 2855 447 nostris
2875 392 2944 448 ita
2969 392 3115 466 digni
3140 404 3294 465 sunt,
3321 406 3401 464 ut,
3435 399 3630 457 etiamsi
3655 405 3755 475 quis

491 474 543 523 ct
572 465 808 522 Lict'nio‘1
839 467 974 523 Caes.
993 480 1015 505 υ
1045 468 1190 524 Cass.
1221 468 1398 542 (519).

497 567 526 626 L
567 558 1023 616 lureneaeruto.
1066 560 1338 618 Fratribus
1367 566 1608 632 uterinis,
1654 566 1708 621 id
1736 565 1848 622 estf
1882 568 2096 624 diversis

497 650 728 722 patribus
750 662 795 706 et
816 669 920 706 una
939 661 1099 707 matre
1122 656 1273 722 natis,
1295 672 1397 711 non
1420 658 1569 711 liceat
1590 659 1654 712 de
1673 661 1950 731 inofﬁcioso
1975 679 2098 718 con-

497 753 578 800 tra
615 754 964 800 testamentum
1004 748 1182 817 fratris
1216 766 1385 822 agere.
1425 750 1532 806 Sed
1568 761 1823 823 germanis
1851 754 2096 825 fratribus

497 839 879 911 praetermissis,
914 840 970 893 id
998 852 1074 896 est
1099 858 1201 896 uno
1233 854 1376 912 patre
1405 846 1558 911 natis,
1590 846 1634 899 si
1662 848 1895 917 turpibus
1921 866 2097 922 perso-

497 933 608 997 nis,
637 930 692 985 id
717 941 789 986 est
815 932 1096 1004 infantibus
1125 937 1278 1006 fuerit
1307 936 1574 993 Itwreditas
1604 939 1876 1008 derelicta,
1907 942 2002 996 Itoc
2026 953 2100 998 est

496 1033 587 1078 aut
611 1041 705 1095 pro
731 1025 940 1081 libidine
967 1029 1331 1095 meretricibus,
1364 1039 1453 1084 aut
1480 1047 1574 1102 pro
1595 1033 1861 1089 inhonesto
1882 1034 2098 1102 affectus

498 1116 820 1172 naturalibus
850 1127 939 1172 aut
958 1131 1092 1173 certe
1116 1118 1485 1192 'tltymelicish,
1517 1123 1597 1178 vel
1621 1123 1715 1178 dei
1749 1125 1941 1181 libertis
1967 1128 2095 1197 suis,

496 1209 681 1283 agendi
701 1221 878 1266 contra
898 1220 1251 1266 testamentum
1279 1213 1486 1270 licentia
1513 1227 1800 1272 reservatur
1822 1234 1840 1273 :
1865 1220 1912 1273 si
1932 1231 2099 1277 tamen

497 1303 541 1358 is
568 1305 676 1376 ipse
700 1321 971 1376 germanus
1002 1324 1103 1362 non
1137 1325 1230 1381 pro
1261 1311 1473 1365 crimine
1499 1327 1594 1366 suo
1621 1311 1800 1366 exsilio
1829 1314 1984 1382 fuerit
2011 1314 2100 1368 de-

497 1406 727 1471 putatus,
759 1408 850 1453 aut
873 1415 962 1468 per
991 1402 1334 1474 captivitatem
1359 1404 1512 1476 fuerit
1541 1421 1718 1458 servus
1747 1403 1976 1472 e/fectus,
2011 1416 2100 1461 aut

498 1505 588 1561 per
613 1489 1062 1563 emancipationem
1097 1495 1432 1552 successionis
1466 1497 1546 1552 vel
1573 1496 1789 1552 actionis
1819 1498 1948 1567 jura
1984 1515 2101 1570 per-

498 1584 708 1641 didet'it.

975 1677 1042 1717 DE
1072 1677 1390 1720 PRIVILEGIIS
1429 1679 1630 1721 EOBUI.

569 1750 718 1807 Idem
747 1752 814 1810 A.
843 1753 912 1808 ad
941 1753 1193 1825 Ruﬁnum
1221 1755 1313 1829 Pf.
1347 1757 1407 1814 P.
1447 1757 1460 1809 i
1504 1759 1579 1815 De
1607 1758 1872 1816 cubiculis
1900 1760 2100 1817 nostris

499 1847 786 1904 vacatione
817 1847 1078 1916 donatos,
1111 1852 1195 1908 vel
1235 1852 1466 1909 diversis
1503 1853 1777 1926 obsequiis
1816 1856 2098 1928 palatinis,

439 1993 444 1997 .
499 1949 594 1996 aut
615 1943 828 1998 scriniis
854 1945 1150 2014 memoriae,
1175 1947 1527 2018 epistolarum
1554 1947 1991 2020 libellorumque,
2016 1949 2103 2007 vel

500 2034 682 2092 ofﬁcio
710 2036 1048 2107 largitionum
1081 2039 1545 2108 comitatensium,
1579 2043 1985 2114 slugularumve
2013 2060 2106 2100 ur-

501 2129 684 2198 bium,
724 2130 820 2188 sed
857 2140 912 2188 et
941 2130 1120 2188 olticio
1150 2133 1536 2190 admissionum
1577 2137 1642 2191 ad
1684 2137 1857 2207 legum
1890 2146 2104 2193 nostra-

501 2239 623 2278 rum
673 2225 949 2297 privilegia
998 2225 1247 2282 volumus
1275 2228 1581 2298 pertinere,
1615 2239 1672 2284 ut
1702 2245 1801 2286 uec
1831 2231 1969 2302 ipsi,
2004 2246 2106 2286 nec

504 2316 635 2385 lilii,
662 2333 760 2374 nec
786 2329 1009 2389 nepotes
1049 2335 1237 2374 eorum
1276 2320 1344 2376 ad
1383 2322 1589 2377 curiam
1631 2323 1714 2378 vel
1755 2323 1991 2380 honores
2022 2326 2106 2381 vel

504 2427 670 2468 onera
697 2411 776 2467 vel
806 2411 830 2449 κ
862 2429 1085 2470 munera
1119 2415 1463 2486 municipalia
1491 2417 1841 2474 devocentur.
1884 2419 2106 2475 Merito-

505 2520 610 2576 que
641 2506 727 2562 liis
751 2507 1027 2579 jnugimus
1063 2506 1080 2547 1
1116 2508 1480 2582 largitionales
1508 2510 1721 2566 urbium
1751 2512 2104 2582 singularum,

501 2615 572 2656 ne
599 2599 882 2671 privilegio
921 2613 1324 2672 separarentur,
1368 2619 1504 2676 quos
1542 2604 1779 2677 dignitas
1820 2621 2106 2677 propemo-

504 2692 633 2748 dum
664 2692 855 2749 similis
884 2695 1188 2766 copulavit,
1222 2698 1547 2768 (memorati
1579 2713 1810 2769 namque
1842 2698 2108 2768 palatino-

503 2802 623 2843 rum
657 2787 954 2844 matriculis
984 2791 1300 2863 attinemur)
1325 2792 1523 2863 quippe
1553 2792 1652 2846 sub
1679 2793 1941 2848 castrensi
1965 2793 2111 2848 mili-

504 2888 636 2935 tant.
665 2879 872 2949 Quibus
896 2882 1148 2938 omnibus
1175 2885 1567 2952 condonamus,
1596 2900 1662 2939 ue
1688 2896 2000 2941 exactorum
2027 2886 2109 2940 vel

506 2973 884 3028 turmariorum
909 2983 972 3042 ιιι,
1001 2991 1135 3046 quos
1185 2977 1529 3047 capitularios
1555 2987 1773 3048 vocant,
1803 2997 1985 3037 curam
2018 2996 2109 3037 sn-

506 3063 689 3132 bcant,
716 3065 798 3121 vel
823 3066 1140 3138 obsequium
1167 3071 1584 3126 temouariorum
1614 3073 1694 3128 vel
1723 3076 2037 3146 prototypiac
2061 3084 2109 3128 ιι.

582 3231 606 3260 τι
650 3222 704 3278 ln
730 3223 876 3298 Cod.
900 3223 1040 3281 Just.
1073 3225 1129 3280 b.
1163 3241 1210 3280 c.
1245 3229 1314 3281 ita
1348 3227 1542 3298 legitur
1570 3244 1582 3281 :
1617 3227 1826 3282 Fratres
1855 3229 1932 3284 vel
1958 3247 2104 3286 soro-
2135 3208 2180 3272 (ἶ

506 3311 586 3349 res
612 3296 798 3374 uterini
827 3297 1177 3374 abino/ﬁciosi
1205 3296 1601 3354 actione'contra
1629 3311 1986 3355 testamentum
2006 3308 2107 3374 fra-

507 3371 597 3442 tris
637 3369 711 3422 vel
739 3370 929 3424 sororis
965 3371 1163 3441 penitus
1199 3380 1466 3425 arceantur
1497 3386 1515 3424 :
1543 3374 1908 3442 consanguinei
1936 3369 2106 3428 autem

507 3441 724 3518 durante
750 3442 1043 3518 agnatione,
1075 3443 1149 3518 vel
1179 3460 1310 3518 non,
1345 3455 1523 3498 contra
1553 3441 1905 3518 testamentum
1932 3448 2108 3518 fratris

507 3513 589 3564 sui
628 3512 724 3591 vel.
746 3515 936 3591 sororis
968 3514 1042 3591 _de
1079 3515 1356 3591 inofﬁcioso
1384 3517 1726 3591 ‘quazsliouem
1765 3512 1962 3591 movere
1990 3535 2109 3591 pos-

507 3595 647 3658 sunt,
680 3584 724 3636 si
752 3584 1180 3658 scripti/aeredes
1211 3584 1440 3656 infamite
1460 3587 1534 3640 vel
1565 3589 1899 3658 turpitudinis
1926 3584 2000 3645 vel
2033 3594 2108 3645 le-

509 3655 582 3708 vis
612 3665 745 3708 notte
774 3655 976 3732 macula
1015 3655 1411 3730 adsperganlur,
1453 3658 1529 3732 vel
1558 3655 1754 3732 liberti,
1798 3663 1886 3726 qui
1933 3679 2112 3732 perpe-

508 3743 652 3791 ram,
683 3738 727 3780 et
757 3743 856 3781 non
887 3728 1010 3782 bene
1038 3728 1281 3784 merentes
1309 3731 1645 3800 maximisque
1680 3728 1940 3798 beneficiis
1961 3728 2111 3788 suum

507 3808 778 3873 patronum
809 3800 1056 3873 assecuti,
1091 3801 1310 3856 instituti
1336 3814 1487 3868 sunt;
1527 3812 1736 3873 excepto
1763 3820 1904 3859 servo
1941 3821 2113 3860 neces-

508 3870 647 3924 sario
676 3870 875 3926 ltterede
905 3872 1161 3927 instituto.

581 3943 606 3981 ιι
650 3947 719 4015 tta
751 3945 994 4015 plerique
1024 3945 1181 4000 codd.
1214 3955 1264 3999 et
1294 3945 1396 4001 Til.
1417 3947 1623 4002 —-Ri*.
1666 3947 1842 4004 Noun.
1870 3948 2030 4005 codd.
2058 3959 2114 4004 et

507 4013 924 4092 Sich.__Sgt_'miat
952 4017 1015 4092 li.
1169 4018 1370 4092 Sirmi}.
1401 4020 1534 4092 Cod.
1561 4019 1707 4092 Just.
1733 4019 1820 4076 Id.
1843 4022 1975 4092 Aug.

585 4101 605 4161 (ς
649 4087 796 4161 Multi
828 4087 986 4143 codd.
1013 4089 1489 4161 etSiclL—Lugd.
1524 4108 1633 4146 out.
1672 4091 1737 4146 ν.

583 4156 607 4195 ι’
650 4159 812 4224 6-8,
842 4161 929 4223 14,
966 4159 1030 4215 16
1069 4160 1289 4214 Viciuio.

586 4241 609 4266 θ
645 4231 790 4284 Multi
829 4231 987 4285 codd.
1021 4232 1085 4286 γ.
1118 4234 1199 4295 (1.,
1232 4249 1398 4290 uonn.
1423 4246 1477 4290 et
1500 4235 1606 4291 Til.
1637 4250 1750 4291 om.
1779 4235 1909 4292 Cres.

588 4300 606 4339 τ
650 4300 742 4367 20,
767 4302 860 4366 42,
888 4301 1036 4357 Siclt.
1069 4303 1195 4359 add.
1219 4305 1302 4359 de.

586 4383 612 4414 σε
653 4373 724 4428 ΞΟ
749 4373 954 4440 effectu.

586 4442 612 4480 ιι
654 4446 708 4518 6,
747 4445 802 4511 7,
845 4445 916 4518 20
956 4455 1010 4501 et
1037 4447 1189 4502 multi
1230 4447 1414 4518 codd.,
1449 4449 1598 4505 Sich.
1624 4450 1882 4505 temelicis.
1909 4449 2028 4507 Cui.
2061 4452 2111 4506 1.

512 4521 645 4574 Attr.
681 4517 848 4588 Lugd.
873 4517 1126 4572 lt'tttelt'cis.

595 4590 606 4666 ξ
653 4589 828 4666 ﬂauo.
855 4590 1014 4666 codd.
1048 4591 1343 4666 Sich.C_ui.
1378 4593 1430 4666 1.
1464 4593 1596 4650 Aur.
1623 4593 1794 4666 Lugd.
1817 4609 1927 4649 om.
1960 4596 2041 4650 de.

593 4664 604 4713 i
642 4661 827 4736 Codex
862 4661 1008 4736 l’PO.
1038 4664 1152 4718 Cui.
1185 4665 1210 4718 1
1260 4661 1730 4736 ΙίἰηΡνωροδὶιιιηῐ
1765 4666 1865 4722 Go.
1907 4667 2115 4735 abjecta

516 4750 612 4811 sua
638 4735 803 4811 ipsius
828 4734 895 4804 cj.
945 4735 1290 4811 P_l'l1:'P08illllJJ
1327 4734 1577 4811 Cubiculi
1601 4753 1756 4811 prop.
1806 4734 2116 4811 Pratfectunt

520 4807 810 4873 Praetorio,
855 4807 997 4876 quod
1045 4807 1137 4863 Be.
1175 4823 1307 4873 rec.,
1359 4825 1456 4865 nec
1501 4807 1854 4866 solum'Cod.
1896 4807 2034 4865 Just.
2062 4821 2117 4867 et

518 4879 1011 4956 scripturacttdicis
1041 4878 1236 4956 Lugd.,
1268 4882 1504 4956 sedwalize
1533 4885 1696 4956 etiam
1730 4885 1782 4936 lt.
1815 4886 1939 4936 anni
1971 4884 2116 4956 leges

519 4949 932 5017 commendant,
973 4963 1027 5006 et
1052 4949 1162 5020 jam
1193 4963 1318 5008 ante
1347 4955 1447 5010 ϐυ.
1482 4955 1700 5010 emend.
1728 4964 1844 5010 erat
1873 4957 1924 5009 iu
1956 4949 2110 5010 Carr.

521 5023 640 5098 Qui.
669 5021 735 5085 2,
765 5020 906 5098 2.-111
933 5036 983 5076 c.
1071 5021 1375 5098 Cod.}ust.
1405 5028 1498 5081 cit.
1530 5041 1628 5098 pro
1656 5026 1723 5080 ad
1747 5026 1994 5096 Rufinum
2023 5029 2112 5098 Pf.

521 5092 583 5149 P.
613 5105 693 5147 est
719 5096 785 5146 ad
817 5091 1192 5165 Nutttp/tidium
1222 5095 1352 5160 ΡΡ..
1372 5102 1486 5152 sine
1511 5091 1675 5153 dubio
1702 5091 1977 5154 mendose.
2003 5091 2117 5155 Cac-

523 5165 830 5244 terumvid.
859 5179 1020 5244 supra
1041 5167 1145 5244 cal
1176 5166 1242 5221 de
1266 5169 1615 5244 Sponsalibus
1644 5169 1778 5242 (Ill,
1803 5171 1900 5244 5),
1931 5182 2044 5227 not.
2075 5174 2114 5239 l,

523 5234 839 5291 Wcuckiunt
868 5239 933 5289 ad
961 5237 1205 5293 eamdem
1231 5254 1280 5294 c.
1309 5234 1363 5305 1,
1389 5249 1501 5295 ηοι.
1530 5257 1577 5294 z.

599 5307 623 5383 'f
651 5308 744 5383 Be.
766 5306 1181 5383 _ex_Cod._Just1
1200 5311 1325 5366 add.
1356 5314 1452 5377 vel,
1496 5313 1655 5383 quod,
1678 5313 1830 5369 deest
1850 5315 1904 5370 in
1932 5316 2117 5374 codice

524 5389 579 5436 el
606 5380 657 5435 in
684 5380 800 5434 Cui.
833 5381 857 5434 1
891 5410 962 5422 —-
989 5380 1073 5434 Ri.
1101 5398 1115 5445 ;
1143 5380 1245 5437 ϐο.
1275 5384 1326 5437 in
1353 5380 1552 5441 comm.
1583 5380 1869 5440 munerave.

602 5450 619 5487 ι
654 5452 735 5530 lgt
755 5451 962 5530 codex;
993 5453 1115 5506 edd.
1146 5454 1445 5530 ingerimus,
1477 5456 1618 5511 male
1648 5457 1789 5528 (vid.
1822 5457 1850 5530 ς
1879 5459 1914 5515 5
1942 5460 2123 5530 Ιι.ν(;.).

527 5523 630 5580 Co.
674 5521 1106 5598 lli._Metitoque,
1153 5521 1279 5598 err.
1304 5526 1467 5581 Paulo
1507 5539 1627 5598 post
1657 5521 1848 5584 'codef
1868 5521 2126 5586 mendose

528 5594 810 5666 copulatuit
850 5602 905 5650 et
939 5595 1129 5666 incipit
1167 5597 1357 5668 pagina
1397 5594 1635 5655 secunda
1665 5600 1755 5655 [οι.
1787 5600 1877 5656 41.
1933 5604 1986 5657 in
2035 5617 2121 5657 vv.

533 5666 689 5719 trensi
727 5667 969 5719 ntilitant.

533 5675 687 5721 transi
727 5675 969 5722 militant.

607 5748 644 5775 ω
668 5738 954 5815 ﬁeinesius
996 5737 1526 5815 cj.§tcmoniarorum.
1555 5741 1739 5801 Codex
1767 5743 2123 5815 capitularnts.

608 5815 634 5844 η
661 5807 793 5864 Cod.
821 5809 956 5865 Just.
989 5807 1343 5882 pentapratitv.

2144 4611 2194 4670 ι)
2220 4608 2364 4670 muti.
2395 4607 2465 4644 m.
2498 4592 2797 4670 devocentur

2198 478 2266 534 ad
2292 478 2534 537 diversas
2571 483 3066 543 administrationes
3107 500 3225 560 post
3265 491 3512 564 obsequia
3553 497 3756 566 palatina

2200 574 2537 642 pervenerit,
2571 576 2761 632 iisdem
2792 587 2817 616 α
2847 579 3042 636 debeat
3072 583 3142 636 nti
3177 583 3492 655 privilegiis,
3531 590 3754 660 quoniam

2201 664 2371 736 major
2398 665 2633 737 dignitas
2660 670 2803 726 nulla
2823 670 2849 708 ι’
2865 671 3027 728 debet
3050 675 3417 744 pratjudicium
3447 677 3631 735 facere.
3656 680 3681 752 §
3709 683 3752 736 l.

2199 757 2369 815 Nemo
2397 760 2556 831 igitur
2581 777 2644 817 ex
2676 763 2800 818 liliis
2831 767 3204 836 prmdictorum
3233 770 3313 824 vel
3341 771 3505 827 servis
3529 776 3759 832 castrensi

2200 852 2414 924 peculio
2438 855 2755 924 conquisitis
2789 867 2810 894 ο
2842 859 3267 928 professionibus
3294 865 3618 921 censualibus
3640 867 3761 924 inse-

2201 955 2369 1010 ratur,
2406 947 2486 1002 vel
2517 963 2740 1004 uumero
2770 953 3193 1008 acerescentium
3226 954 3344 1010 loco
3371 957 3451 1011 vel
3481 953 3505 994 ά
3536 957 3762 1016 deficien-

2203 1037 2332 1092 tium
2364 1040 2706 1111 suln'ogetur,
2737 1043 2779 1098 si
2827 1060 2932 1100 non
2971 1045 3131 1102 fuerit
3171 1049 3397 1106 innexus
3434 1052 3761 1112 voluminibus

2202 1131 2563 1188 cettsualibus.
2598 1133 2625 1205 §
2652 1135 2706 1189 2.
2734 1135 3112 1196 Personalibus
3143 1142 3303 1196 etiam
3338 1152 3393 1198 et
3429 1146 3763 1216 corporalibus

2203 1227 2517 1284 muneribus
2560 1228 2874 1297 liberentur,
2917 1233 3029 1289 sive
3065 1234 3241 1290 adhuc
3279 1237 3331 1292 in
3374 1239 3564 1308 palatio
3601 1240 3763 1296 obser-

2207 1331 2366 1388 vent,
2399 1321 2512 1376 sive
2547 1332 2725 1392 optata
2772 1326 2951 1394 quicle
3000 1328 3184 1383 donati
3214 1329 3321 1384 sint
3355 1339 3402 1386 θ.
3443 1330 3549 1402 ςδ.
3589 1332 3767 1400 Quibus

2203 1413 2454 1470 omnibus
2505 1415 2798 1488 privilegiis
2826 1421 3201 1492 conjungimus
3244 1430 3467 1494 agentes
3507 1425 3558 1480 in
3596 1425 3764 1492 rebus,

2204 1507 2330 1564 licet
2358 1509 2569 1566 meritis
2605 1508 2622 1548 ί
2656 1513 2977 1568 militaribus
3009 1513 3293 1570 videantur
3340 1529 3460 1572 esse
3505 1516 3700 1572 subnixi
3725 1526 3765 1572 ε.

2205 1600 2329 1656 Dat.
2352 1600 2418 1656 ν.
2453 1602 2576 1657 Kal.
2612 1603 2742 1659 Maii
2775 1605 2965 1661 Sirmio
2994 1604 3046 1674 ιλ,
3077 1606 3410 1663 Constantino
3439 1608 3502 1664 Α.
3540 1607 3598 1664 γ.
3629 1618 3671 1664 et
3695 1607 3770 1663 Li-

2204 1694 2340 1749 cinio
2369 1693 2429 1751 C.
2464 1693 2608 1751 Cass.
2641 1697 2812 1769 (519).

2668 1872 2734 1912 ne
2764 1873 2977 1914 ITINERE
2998 1858 3342 1917 nuutsaooi-

2279 2010 2417 2082 Imp.
2454 2015 2468 2062 Ι
2509 2011 2872 2067 Constantinus
2913 2014 2977 2068 Α.
3023 2014 3092 2068 ad
3124 2013 3409 2070 Proculum
3440 2013 3772 2071 Proconsulcm

2211 2105 2424 2176 Africte.
2452 2106 2932 2180 Empltyteuticarii
2964 2123 3308 2178 possessores
3327 2150 3343 2176 ,
3374 2109 3466 2182 qui
3493 2118 3773 2164 mansuetu-

2209 2201 2351 2255 dinis
2381 2210 2579 2256 nostrm
2615 2201 2880 2256 beneﬁcio
2911 2201 2977 2256 ad
3004 2201 3434 2258 extraordinaria
3464 2203 3669 2258 minime
3697 2201 3775 2258 de-

2212 2302 2489 2357 vocentur,
2511 2290 2675 2348 sicutli
2707 2293 2888 2349 czcteri
2913 2295 3273 2364 provinciales
3301 2295 3614 2366 obsequium
3641 2309 3773 2350 suum

2211 2386 2516 2441 muniendis
2545 2383 2848 2440 itineribus1
2885 2387 3230 2457 impendant:
3259 2387 3406 2442 nulla
3429 2387 3567 2442 enim
3595 2386 3775 2442 ratione

2210 2479 2412 2536 debent
2438 2480 2507 2535 ab
2538 2479 2670 2548 hoc,
2707 2479 2848 2550 quod
2880 2489 2919 2516 ω
2951 2482 3002 2536 in
3034 2495 3321 2535 commune
3353 2481 3600 2536 omnibus
3619 2477 3777 2551 prolu-

2213 2583 2391 2630 turum
2421 2584 2542 2639 est,
2584 2588 2704 2630 esse
2742 2573 2968 2644 sejuncti
2999 2583 3048 2627 ιι.
3081 2572 3201 2628 ΡΡ.
3240 2571 3387 2628 Νοη.
3417 2572 3548 2628 Maii
3578 2571 3777 2628 Karthao

2211 2671 2328 2743 gine
2348 2711 2363 2739 ,
2393 2667 2727 2724 Constantino
2752 2669 2818 2725 A.
2849 2668 2912 2724 V.
2939 2679 2986 2724 et
3016 2667 3216 2724 Licinio
3242 2667 3302 2724 C.
3336 2665 3480 2724 Cass.
3514 2665 3680 2742 (519).

2286 2906 2312 2934 ⁸
2357 2894 2476 2953 Cui.
2516 2898 2539 2952 1
2590 2896 2672 2952 Ri.
2719 2896 2936 2951 hisdem.
2988 2895 3253 2953 Czeterum
3297 2895 3433 2953 Aur.
3476 2895 3640 2970 Lugd.
3678 2912 3778 2970 per-

2212 2970 2392 3024 veverit
2406 3015 2420 3038 ,
2453 2985 2559 3024 err.

2285 3041 2312 3080 b
2344 3041 2438 3096 Vv.
2469 3044 2836 3114 majorfacere
2866 3041 3121 3114 translata
3145 3050 3273 3097 sunt
3298 3041 3351 3095 in
3378 3056 3429 3096 c.
3452 3041 3487 3096 5
3509 3038 3636 3096 Cod.
3661 3038 3779 3114 Just.

2214 3115 2329 3180 cit.,
2362 3129 2480 3186 qua:
2509 3111 2576 3167 ita
2601 3112 2881 3169 ellorntala
2907 3124 3020 3168 est:
3054 3111 3229 3186 Major
3257 3114 3484 3185 dignitas
3506 3113 3630 3167 nulli
3659 3111 3780 3186 debet

2215 3187 2348 3239 circa
2380 3181 2566 3254 prioris
2593 3186 2889 3256 dignitatis,
2921 3202 3008 3238 seu
3039 3181 3235 3239 milititc
3264 3181 3532 3257 privilegia
3558 3181 3780 3257 prtejudi-

2213 3259 2349 3312 cium
2377 3262 2544 3327 facere
2565 3267 2618 3312 et
2646 3273 2762 3327 seq.
2797 3259 2850 3310 It.
2879 3272 2929 3312 c.
2962 3259 3175 3312 subscr.

2289 3340 2310 3399 (ξ
2341 3326 2549 3393 Codex,
2582 3327 2702 3383 Cui.
2731 3326 2759 3383 l
2793 3327 2960 3398 Lugd.
2991 3328 3321 3399 cumquisitis.

2286 3397 2312 3437 ἀ
2339 3399 2440 3468 Go,
2467 3415 2574 3455 em.
2607 3401 2804 3469 locove,
2833 3397 2998 3456 recte.

2288 3481 2310 3509 ο
2334 3472 2409 3527 Ita
2437 3473 2530 3526 Bc.
2560 3489 2622 3526 ex
2649 3472 2784 3527 Cod.
2811 3471 2978 3540 Just.;
3008 3471 3176 3528 codex
3199 3515 3213 3539 ,
3239 3471 3360 3544 Cuj.
3394 3475 3419 3529 1
3455 3473 3538 3529 lli.
3570 3484 3694 3530 sunt.

2290 3563 2309 3639 ἶ
2340 3565 2513 3636 Supra
2541 3566 2711 3639 codex
2754 3565 3008 3639 mendose
3045 3566 3337 3639 corpolibus
3377 3565 3661 3639 ntunersv.
3697 3563 3786 3639 μς-

2212 3638 2354 3717 ritis,
2386 3638 2751 3717 quod_e_xcidi_t
2775 3637 2978 3717 in_Cuj.
3006 3639 3071 3717 .2
3093 3636 3209 3717 οδ..
3255 3653 3433 3709 neque
3468 3647 3551 3717 est
3572 3637 3646 3717 _iu_
3673 3636 3785 3717 Cod.

2214 3709 2377 3774 Just.,
2405 3726 2467 3764 ex
2502 3709 2620 3788 Qui.
2656 3714 2676 3788 1_
2711 3709 2884 3788 Lugd;
2911 3710 3276 3788 recipiendum
3313 3709 3787 3788 esie_dnxi,_in_pri-

2217 3784 2317 3845 tuis
2344 3797 2466 3835 cum
2495 3780 2746 3850 anacius
2767 3779 2818 3835 in
2845 3779 3055 3835 Comm.
3087 3781 3124 3834 Ι.
3154 3797 3202 3836 c.
3230 3796 3281 3851 p.
3310 3782 3416 3837 467
3447 3785 3580 3836 hanc
3603 3779 3790 3836 Codicis

2217 3851 2416 3908 Tlteor.
2447 3853 2766 3922 scripturam
2794 3852 3015 3918 aﬁ'erat,
3059 3867 3223 3923 quare
3265 3852 3367 3909 Go.
3415 3854 3482 3908 ad
3521 3854 3572 3906 lt.
3617 3852 3650 3908 Ι.
3691 3851 3790 3904 sine

2218 3940 2427 3981 uccess.
2456 3935 2641 3978 annot.
2665 3943 2676 3979 :
2713 3943 2731 3975 ι
2756 3923 3042 3995 privilegiis
3060 3925 3314 3980 scilicet.»
3350 3923 3411 3980 Et
3434 3939 3618 3981 revera
3644 3926 3689 3978 in
3709 3935 3784 3978 co-

2216 3996 2336 4053 dice
2365 3997 2591 4052 ltabetur
2612 4011 2666 4049 v.
2697 3997 2910 4051 meritis.

2293 4100 2318 4137 8
2347 4088 2404 4143 lu
2434 4087 2726 4144 Cod.Just.
2755 4091 2812 4144 li.
2844 4104 2894 4144 c.
2935 4087 3055 4143 aliis
3106 4097 3289 4157 mutt.,
3332 4090 3454 4145 aliis
3493 4089 3682 4144 additis
3715 4092 3790 4140 aut

2217 4162 2446 4218 resectis
2476 4162 2544 4214 ita
2579 4161 2809 4230 legitur:
2839 4159 2915 4214 De
2937 4189 2965 4200 -
2990 4161 3263 4230 palatinis,
3294 4162 3614 4216 memoriales
3639 4159 3791 4222 etiam,

2217 4235 2304 4304 qui
2331 4235 2383 4287 in.
2410 4233 2611 4287 scriniis
2641 4233 2926 4297 memoriae,
2957 4248 3064 4301 ep.,
3096 4232 3418 4300 libellorum,
3453 4243 3794 4300 sacrarumque

2220 4306 2618 4375 dispositionum
2642 4307 2967 4375 referuntur:
2995 4321 3083 4358 nec
3112 4321 3244 4370 non,
3272 4315 3318 4358 et
3346 4307 3390 4358 si
3417 4305 3506 4373 qui
3534 4308 3587 4358 in
3609 4313 3794 4375 utroque

2219 4373 2382 4454 ofﬁcio
2415 4373 2757 4446 palatinorum
2787 4376 3190 4454 comitatensium
3219 4392 3262 4454 s_.
3296 4377 3501 4454 urbium
3526 4388 3572 4431 et
3600 4373 3794 4454 aliiud-

2219 4445 2518 4520 niissionunt
2549 4457 2592 4520 et
2621 4448 2887 4501 castrensis
2915 4448 3047 4501 sacri
3074 4447 3252 4517 palatii
3275 4447 3529 4501 militant:
3559 4445 3795 4520 privilegia

2219 4519 2451 4574 volumus
2481 4518 2694 4588 habere,
2727 4530 2781 4572 ut
2812 4535 2902 4590 nec
2931 4511 3166 4590 ipsi,'-—-
3196 4535 3371 4572 eorum
3402 4520 3469 4573 ad
3501 4511 3796 4590 lto-nores‘vsl

2829 4585 2970 4716 (οιιι.
3001 4585 3285 4660 Meritoque
3301 4621 3370 4631 —
3386 4591 3604 4645 militant
3619 4588 3661 4662 ):
3689 4585 3797 4666 Qui-

2888 4663 3252 4716 nentanrotite.
3305 4674 3392 4716 aut
3441 4665 3590 4716 etiam
3631 4671 3797 4716 turams

2221 4662 2313 4716 bus
2343 4663 2741 4716 temonariorunt
2771 4662 2848 4716 vel
2887 4663 3252 4733 pentaprotite,
3305 4674 3392 4716 aut
3441 4665 3590 4716 etiam
3631 4662 3797 4733 tyrant!

2219 4730 2986 4809 promulgationem,agnoscant.
3023 4731 3165 4809 Nam
3203 4734 3630 4809 beneﬁciis—nt
3667 4730 3797 4809 etiam

2219 4805 2568 4870 censualibus,
2600 4807 2675 4860 vel
2707 4805 3053 4873 personalibus
3089 4807 3166 4860 vel
3204 4805 3556 4875 corporalibus
3592 4805 3795 4875 muneri-

2219 4876 2312 4931 bus
2341 4880 2634 4945 liberentur,
2667 4887 2711 4932 et
2743 4877 2956 4931 habeant
2985 4886 3241 4931 castrense
3267 4873 3525 4947 peculium
3545 4921 3558 4944 ,
3589 4878 3689 4931 sive
3713 4873 3797 4928 ad-

2223 4949 2322 5026 Itu_c
2351 4952 2599 5026 palatium
2633 4949 2922 5026 observent,
2957 4951 3294 5026 siveoptgta,
3327 4961 3436 5026 etc.
3473 5021 3488 5026 _
3549 5019 3568 5026 _
3710 5015 3756 5026 Μ

2295 5019 2321 5058 ³³
2352 5016 2424 5077 lta
2457 5022 2661 5090 codex,
2693 5020 2809 5075 Cui.
2842 5021 2869 5074 1
2896 5051 2965 5060 -
2988 5016 3138 5086 lll‘.;
3171 5022 3263 5076 Be.
3297 5030 3352 5076 et
3377 5021 3511 5078 Cod.
3543 5019 3673 5076 Just.
3702 5016 3799 5072 Sir-

2220 5091 2332 5165 mii.
2364 5093 2483 5149 Mox
2514 5097 2647 5149 Aur.
2681 5092 2850 5165 Lugd.
2870 5090 3082 5165 Licino.

2301 5163 2314 5201 ί
2357 5165 2473 5221 Vid.
2502 5168 2580 5221 tit.
2611 5167 2653 5221 Ι.
2684 5163 2843 5234 hujus
2869 5163 3011 5226 libri,
3046 5174 3157 5219 not.
3182 5180 3269 5218 aa.

2294 5234 2308 5286 ἱ
2346 5237 2401 5302 4,
2451 5237 2554 5293 Til.
2583 5236 2776 5294 —Co.
2801 5234 2935 5291 Cod.
2979 5234 3116 5291 thl.
3168 5235 3292 5290 add.
3327 5234 3467 5308 Imp.
3511 5237 3596 5293 Ri.
3619 5265 3684 5276 —
3708 5234 3788 5288 lie.

2215 5320 2326 5380 om.
2363 5309 2499 5380 Imp.

2295 5378 2323 5418 ¹ί
2347 5378 2488 5452 Cod.
2516 5379 2654 5437 Just.
2687 5381 2999 5435 devocantur
3023 5397 3243 5436 munera
3268 5398 3280 5434 :
3303 5382 3434 5436 sicut
3457 5397 3472 5448 ;
3498 5393 3795 5452 nequernos-

2231 5462 2366 5508 tram
2394 5447 2714 5525 scripturam
2740 5452 2928 5507 falsam
2955 5467 3074 5508 esse
3104 5453 3234 5509 dicit
3254 5453 3354 5510 ϐο.
3394 5447 3566 5526 supra
3585 5447 3631 5508 ’4
3658 5450 3800 5521 Enfy-

2233 5526 2506 5581 teuticarii.

2309 5595 2324 5632 ¹
2369 5597 2500 5653 Cod.
2531 5595 2670 5652 Just.
2698 5597 2964 5652 itineribus
2987 5596 3299 5651 muniendis.

2302 5677 2343 5705 ιιι
2368 5667 2404 5722 4
2423 5685 2546 5741 quo,
2570 5670 2735 5725 rubro
2759 5670 2864 5724 col.
2893 5683 3000 5725 em.
3023 5669 3180 5741 quod.

2254 5831 2274 5884 Ι
2302 5767 2332 5796 ιι
2359 5758 2494 5842 Cod.
2525 5759 2664 5818 Just.
2697 5760 2897 5831 sejungi
2936 5775 3034 5832 pro
3062 5778 3170 5818 esse
3215 5761 3437 5837 sejuncti
3480 5772 3533 5818 et
3554 5775 3671 5818 mox
3699 5755 3806 5812 Car-

2271 5847 2453 5884 tamne.

2232 5841 2453 5901 tltagme.
