3982 6302
396 226 505 286 175

1747 200 2200 264 CONSTANTINI
2237 197 2448 258 MAGNI

3594 184 3703 246 l76

402 339 685 399 lemnitate
721 335 861 410 juris
899 333 1102 390 crimen
1131 329 1402 388 violentia?
1434 332 1688 400 opponat,
1714 338 1820 380 non
1850 323 2003 394 igna-
2031 326 2084 387 Α
2109 318 2367 372 convictas
2387 312 2629 386 potuisset
2644 310 2895 381 excipere.
2933 308 3009 364 De
3030 309 3221 379 reliquo
3253 306 3360 362 luet-
3383 306 3467 362 lea:
3493 313 3707 375 prteter-

397 449 491 492 rus
521 451 638 490 eam
673 448 730 489 se
783 432 1102 488 sententiam
1149 427 1470 487 subiturum,
1513 423 1556 477 si
1588 421 1792 476 Crimen
1819 416 1996 486 objec-

2102 408 2394 463 mittenda“
2417 422 2511 471 est,
2542 406 2662 478 quia
2689 403 2715 443 ι)
2747 404 2799 457 in
2843 413 3022 474 quarto
3067 401 3195 455 libro
3235 400 3326 454 sub
3376 399 3523 453 titulo
3557 397 3709 452 Unde

398 541 515 590 tum
549 548 652 586 non
683 531 913 601 potuerit
937 524 1312 596 comprobare,
1334 536 1492 592 quam
1527 533 1647 573 reus
1674 514 1833 570 debet
1855 511 2003 566 cici-
2103 504 2151 558 vi
2183 513 2205 542 ο
2231 545 2244 568 ,
2289 518 2407 574 qua:
2437 511 2604 557 tanten
2629 499 2655 537 ἀ
2689 499 2998 569 temporibus
3031 497 3278 570 posterior
3317 496 3517 549 inventa
3563 503 3633 547 est
3658 502 3707 559 ο,

401 641 534 700 pere
553 635 600 678 ⁸.
618 624 770 692 Quod
792 623 836 677 si
858 621 1056 677 omissa
1085 615 1514 687 interpellatione
1537 608 1564 648 ι’
1587 611 1688 664 vim
1711 603 1999 678 possidenti

402 696 670 784 intulerit,
701 723 826 770 ante
865 714 1044 768 omnia
1071 709 1336 765 violentia:
1363 717 1384 744 ο
1422 717 1664 760 caussam
1709 696 2002 755 examinari

401 805 810 882 praecipimusd,
839 817 893 862 et
920 807 970 859 iu
994 821 1056 861 ea
1079 803 1278 874 requiri
1303 800 1420 871 quis
1447 809 1469 835 ο
1495 796 1560 851 ad
1579 810 1736 868 quem
1757 787 2000 848 veneritf

401 902 803 978 possidentem,
848 911 902 954 ut
953 900 1034 965 ei,
1079 912 1237 968 quem
1274 891 1576 949 constiterit
1622 887 1902 958 expulsum
1956 893 2006 951 ϐ,

293 995 302 1000 ’
404 997 622 1052 amissae
653 991 1010 1064 posseSsiOnis
1033 989 1152 1060 jura
1182 992 1520 1057 reparentur,
1562 981 1860 1050 eademque
1888 994 2011 1048 pru-

403 1090 551 1145 tinus
582 1089 826 1144 restituta
855 1085 882 1123 h
911 1083 1177 1140 violentus
1204 1079 1244 1150 ί,
1275 1095 1448 1152 preme
1469 1093 1578 1134 non
1600 1076 1868 1132 immerito
1891 1072 2014 1129 des-

406 1187 632 1251 tinatus,
661 1185 714 1240 in
743 1181 1030 1240 totiuslitis
1070 1177 1359 1236 terminum
1399 1174 1680 1231 dill'eratur
1707 1169 1755 1235 i,
1789 1178 1866 1236 ut,
1903 1169 2016 1240 agi-

403 1290 522 1338 tato
553 1279 767 1351 negotio
793 1275 1070 1348 principali
1100 1271 1154 1341 ιι,
1185 1274 1231 1328 si
1258 1280 1446 1328 contra
1469 1284 1591 1326 eum
1621 1265 1784 1323 fuerit
1805 1263 2014 1336 judica-

409 1385 548 1438 tum,
573 1373 624 1426 in
649 1368 878 1425 insulam
905 1366 1219 1437 deportetur
1245 1361 1262 1400 ι
1286 1406 1298 1429 ,
1326 1362 1482 1420 bonis
1511 1359 1762 1416 omnibus
1787 1355 2016 1426 abrogao

409 1469 483 1523 tis
508 1476 566 1519 ω.
597 1462 751 1533 Quod
791 1462 837 1518 si
863 1476 962 1533 pro
991 1476 1080 1523 eo.
1129 1473 1289 1531 quem
1319 1455 1575 1514 claruerit
1597 1463 1627 1492 ιι
1653 1467 1775 1510 esse
1811 1451 2017 1507 violen-

410 1569 526 1616 tum
559 1566 584 1593 ο
611 1555 874 1613 sententia
903 1553 1208 1625 proferetur
1231 1562 1281 1616 Ρ,
1336 1549 1576 1606 omnium
1609 1560 1788 1602 rerum
1814 1543 1881 1600 de
1907 1542 2024 1614 qui-

415 1651 520 1708 bus
551 1649 814 1722 litigatum
853 1656 958 1714 est,
1003 1645 1180 1701 media
1213 1659 1336 1716 pars
1376 1657 1543 1713 penes
1593 1654 1718 1697 eum
1766 1636 2021 1702 resideat,

2107 595 2321 650 habetur
2364 594 2592 667 exposita
2623 591 2668 649 τ.

2642 704 2710 744 DE
2740 701 3139 744 DONATIONIBUS.

2114 824 2122 844 ~'
2184 809 2324 883 Imp.
2345 807 2780 864 ConstantinusA.
2799 804 3095 860 adBussum
3116 801 3207 874 Pf.
3232 800 3276 858 U
3300 812 3348 857 8.
3372 795 3575 858 Juxtah
3601 798 3718 856 divi

2110 907 2214 972 Pa,
2247 903 2638 962 consultissimi
2686 900 2968 972 principis,
2998 899 3246 954 lnstituta
3275 894 3290 934 ί
3331 895 3513 952 valere
3539 895 3721 950 dona-

2118 1003 2293 1055 tiones
2315 1001 2489 1068 placet
2513 997 2654 1051 inter
2681 994 2883 1050 liberos
2913 1001 2965 1048 et
2995 999 3271 1062 parentes,
3297 989 3350 1044 in
3373 1001 3720 1060 quocumque

2117 1093 2233 1150 solo
2256 1101 2310 1148 et
2339 1090 2627 1161 cujuslibet
2649 1087 2728 1145 rei
2759 1087 3055 1144 liberalitas
3080 1084 3390 1156 probabitur
3416 1081 3722 1147 exstitisse,

2118 1187 2247 1242 licet
2271 1185 2285 1237 i
2330 1200 2506 1256 neque
2539 1181 2863 1252 mancipatio
2888 1180 3119 1246 dicatur,
3144 1192 3319 1248 neque
3346 1175 3562 1232 traditio
3589 1173 3727 1229 sul)-

2120 1289 2326 1349 secuta,
2355 1279 2449 1336 sed
2481 1278 2621 1335 nuda
2663 1286 2872 1333 tantum
2895 1277 3144 1331 voluntas
3175 1273 3447 1337 claruerit,
3470 1287 3591 1341 qua:
3617 1284 3729 1325 non

2122 1372 2346 1430 dubiqu
2375 1371 2664 1428 concilium
2693 1377 2894 1434 teneat,
2925 1367 3326 1432 neeincertum,
3346 1363 3440 1420 sed
3462 1362 3735 1434 judicium

2123 1469 2288 1523 animi
2335 1465 2439 1520 tale
2481 1462 2764 1536 proterat,
2813 1473 2874 1517 ut
2918 1461 3064 1516 nulla
3093 1457 3324 1534 quiestio
3376 1455 3678 1512 voluntatis
3707 1451 3734 1491 κ

2125 1561 2295 1632 possit
2339 1561 2576 1626 irrepere
2617 1566 2706 1612 :et
2747 1551 2796 1620 ι,
2827 1553 3021 1610 collata
3053 1553 3194 1608 inter
3223 1558 3446 1606 cmteras
3474 1555 3741 1617 exceptas

2131 1652 2330 1708 Cincia:
2353 1651 2455 1722 legi
2490 1664 2768 1721 personas,
2800 1648 3045 1703 obtinere
3074 1645 3347 1717 propriam
3377 1644 3697 1699 ﬁrmitatem
3720 1680 3738 1709 ,

409 1755 610 1803 extera
640 1742 754 1797 ﬁsci
781 1739 986 1795 viribus
1015 1737 1355 1794 vindicentur
1392 1744 1440 1788 ει.
1489 1731 1608 1788 ΡΡ.
1641 1731 1778 1804 prid.
1813 1739 1833 1768 τ
1869 1727 2010 1784 Νοη.

2157 1748 2237 1803 ive
2257 1743 2668 1816 mancipationis
2685 1741 2912 1798 decursa
2935 1740 3092 1796 fuerit
3112 1737 3448 1803 solemnitas,
3474 1735 3559 1791 vel
3583 1745 3742 1790 certe

414 1836 530 1895 Oct.
563 1835 766 1901 Romae,
817 1830 1150 1888 Constantino
1179 1829 1242 1886 A.
1275 1827 1337 1884 V.
1363 1837 1409 1884 et
1443 1837 1464 1864 ο
1495 1824 1694 1880 Licinio
1725 1822 1784 1878 C.
1824 1823 1841 1859 τ
1869 1819 2012 1877 Coss.

417 1933 592 2007 (319).

487 2027 937 2082 laruarum/mo.
985 2022 1175 2094 Siquis
1209 2019 1562 2076 adversarium
1587 2033 1738 2074 suum
1780 2017 1851 2071 ita
1882 2014 2023 2085 apud

406 2121 637 2197 judicem
656 2119 924 2174 crediderit
946 2116 1290 2172 accusandum
1310 2124 1362 2181 ιι,
1379 2123 1435 2170 ut
1451 2131 1502 2170 se
1515 2121 1708 2169 asserat
1737 2110 2023 2166 violentiam

415 2218 706 2290 pertulisse,
735 2217 803 2272 ad
831 2215 1182 2288 probationem
1199 2214 1273 2268 rei
1331 2230 1444 2267 eum
1478 2211 1709 2266 convenit
1744 2207 1947 2263 attineri
1973 2215 2021 2256 v:

414 2313 554 2382 quod
583 2310 626 2364 si
656 2311 873 2383 probare
901 2324 1002 2362 non
1039 2307 1274 2378 potuerit,
1295 2322 1444 2377 quem
1485 2305 1684 2358 dixerat
1726 2303 2023 2365 violentum,

421 2407 650 2462 eamdem
682 2423 883 2478 poenam
919 2404 1184 2475 suscipiat,
1215 2418 1368 2473 quant
1396 2401 1505 2466 ille,
1555 2415 1704 2467 quem
1751 2395 1945 2466 impetit
1975 2401 2023 2460 π,

495 2621 524 2651 ⁸
555 2612 623 2669 15
650 2628 845 2681 compr.
876 2627 986 2666 eam
1018 2625 1168 2681 qnam
1196 2606 1396 2662 deberet
1438 2621 1484 2658 r.
1515 2619 1622 2659 exc.
1663 2601 1726 2656 21
1771 2600 2026 2670 accipere.

424 2685 495 2741 15
510 2702 618 2740 om.
645 2687 687 2738 si
713 2688 976 2739 crimen...
998 2698 1132 2736 reus.

497 2755 526 2795 ι)
554 2758 775 2811 Decum.
810 2759 956 2809 Aret.
1011 2751 1373 2820 appellatione,
1403 2749 1562 2815 impr.
1616 2743 1768 2820 Witt.
1802 2744 1909 2820 l.c.
1937 2745 2028 2811 10,

425 2826 497 2883 18
527 2827 762 2882 obmissa.
795 2826 867 2882 20
893 2825 1028 2898 quod
1046 2817 1294 2898 ῥηιξεεὶβ.
1320 2817 1646 2898 venerit-used
1671 2832 1777 2898 em:
1801 2819 1919 2898 vim.
1953 2892 1960 2898 Ι
2005 2829 2023 2848 ο

503 2911 524 2937 τ’
552 2898 684 2953 Cum
713 2898 883 2953 literis
906 2887 1114 2950 olentia:
1144 2893 1309 2963 incip.
1338 2893 1430 2963 fol.
1477 2889 1647 2963 XXII,
1679 2887 1806 2963 eod.
1852 2889 1872 2940 1
1921 2892 2034 2940 sive

426 2969 593 3025 totius
626 2969 953 3040 palimpsesti
976 2967 1017 3022 Τ
1022 2959 1270 3040 auniol;
1293 2962 1462 3040 XXX,
1490 2959 1834 3040 qupdhpeigil
1866 2973 2032 3040 usqtte

428 3040 496 3096 ad
527 3029 639 3096 vv.'
661 3029 888 3110 quisquis
927 3055 1067 3110 cum,
1089 3037 1329 3110 militibus
1361 3037 1434 3089 vel
1466 3029 1519 3089 c.
1559 3034 1593 3088 5
1627 3029 1689 3086 C.
1730 3031 1831 3086 Tb.
1863 3031 1927 3085 ad
1971 3029 2031 3084 L.

428 3113 647 3170 Cornel.
673 3108 756 3166 ide
783 3113 953 3167 Sicar.
981 3108 1100 3184 (IX,
1143 3108 1248 3178 ti).

502 3184 530 3222 (ί
563 3185 629 3238 21
666 3185 1019 3254 praecepimus.

509 3265 534 3293 ο
553 3243 676 3310 δορί
698 3255 799 3311 Go.
829 3243 991 3310 noun.
1019 3257 1339 3319 interpretes
1363 3249 1495 3306 Cod.
1533 3247 1670 3304 Just.
1691 3247 1832 3320 quid.
1866 3243 1900 3303 9
1921 3248 2032 3314 quis

431 3338 698 3477 amt“
726 3397 862 3477 Just.
899 3397 1197 3477 perceperit.
1222 3395 1388 3477 impr.
1419 3394 1521 3450 ϐο.

509 3479 538 3518 Β
565 3471 713 3527 Siclt.
735 3469 1019 3524 erclusuat.
1039 3468 1102 3522 21
1131 3467 1327 3521 amissi.

508 3538 537 3578 ³·
566 3543 622 3598 lu
651 3540 942 3597 Cod.Just.
975 3539 1097 3594 add.
1135 3538 1192 3594 Si
1238 3538 1517 3592 criminalis
1543 3538 1754 3608 antestio
1798 3538 2037 3610 agitetur.

434 3614 710 3684 superﬂue
755 3629 864 3668 sec.
902 3611 1044 3684 (10,,
1087 3612 1175 3680 qui
1221 3611 1381 3684 hujus
1427 3622 1709 3684 postrema:
1756 3611 2039 3684 sententiae

436 3680 768 3744 locutionem
799 3683 912 3739 tieri
940 3682 1088 3738 addit
1111 3687 1161 3736 in
1189 3697 1237 3736 c.
1264 3683 1326 3736 14
1346 3682 1404 3737 C.
1429 3681 1531 3736 'l‘b.
1562 3685 1799 3748 Quorum
1835 3680 2038 3751 appell.

443 3757 564 3832 (Xl,
585 3759 685 3832 50)
731 3754 1002 3832 8,Α10.⁸18
1021 3755 1359 3832 eamdemque
1387 3771 1513 3832 p._r.

521 3828 537 3867 ί
573 3830 625 3893 6,
657 3823 710 3896 7,
744 3826 833 3892 10,
870 3825 1100 3892 12-14,
1144 3825 1230 3891 17,
1265 3827 1328 3881 18
1355 3827 1585 3880 violator.
1614 3826 1666 3890 8,
1694 3827 1762 3880 16
1804 3823 2041 3878 violatus.

441 3902 478 3959 1
510 3918 678 3969 paena,
711 3903 804 3954 sed
833 3915 938 3953 cm.
971 3915 1130 3968 preme
1157 3897 1302 3952 rubr.
1333 3897 1536 3969 co|.715
1573 3916 1672 3952 non
1701 3897 1896 3951 merito.

522 3972 535 4024 i
583 3974 670 4036 10,
697 3972 788 4038 15,
830 3971 919 4037 18,
964 3969 1036 4028 20
1063 3972 1341 4040 deferatur,
1369 3968 1465 4024 sed
1509 3969 1577 4026 15
1608 3970 1868 4024 terminos.
1925 3968 2045 4024 Mox

438 4043 514 4101 20
535 4053 578 4100 et
603 4060 698 4106 pro
730 4045 792 4097 si.

517 4115 545 4155 ¹ι
573 4115 689 4171 Fol.
730 4115 792 4169 17
818 4112 846 4154 ι’
873 4111 996 4168 cod.
1032 4111 1088 4168 4.

527 4186 544 4226 1
576 4186 610 4240 9
637 4187 921 4257 deputetur.
951 4185 1023 4242 20
1063 4183 1254 4257 insula.

447 4331 477 4389 J
517 4259 623 4384 "19
643 4251 752 4314 om.
781 4257 1058 4328 abrogatis,
1086 4255 1153 4310 18
1173 4257 1467 4328 abrogatas.
1503 4257 1666 4330 Seqq.
1697 4255 1813 4313 des.
1840 4253 1892 4310 in
1915 4251 2047 4309 Cod.

485 4347 546 4388 us
575 4370 589 4386 .

485 4337 589 4388 ust.

519 4420 547 4448 ιι
569 4403 602 4458 9
642 4399 938 4456 claruerint.
961 4399 1048 4454 Ri.
1082 4397 1343 4465 claruerit,
1366 4415 1476 4457 err.

520 4483 548 4511 ⁰
583 4475 745 4539 6-8,
777 4473 864 4539 12,
892 4470 981 4536 14,
1010 4470 1075 4526 17
1106 4471 1372 4525 violatum.

523 4547 710 4610 91,7,
741 4543 1014 4610 9,16,20

449 4615 886 4693 profertursblos
922 4619 1052 4693 A_ur_.
1089 4614 1258 4685 Lugd.
1307 4615 1591 4686 litigarum,
1624 4614 1734 4671 err.

526 4686 561 4741 (ι’
589 4688 676 4756 10,
702 4689 790 4750 16,
817 4687 883 4742 18
907 4686 1207 4741 vindicetur.

527 4764 551 4793 τ
581 4755 683 4815 Aut
708 4759 815 4822 hic,
847 4775 954 4830 om.
988 4774 1040 4830 ν.
1078 4757 1423 4830 prid.,scrib.
1456 4755 1787 4830 DutLNon”
1819 4768 1909 4815 aut
1936 4774 2052 4830 rep.

454 4833 510 4888 in
540 4849 588 4887 c.
624 4831 736 4886 AC.
769 4831 871 4885 'l‘b.
900 4829 967 4902 de
995 4827 1210 4883 Donatt.
1244 4827 1529 4902 Pl’Lpt't'd.
1555 4827 1721 4892 Νοη..
1749 4843 1804 4887 ut
1829 4827 2053 4902 utraque

453 4905 538 4960 lex
575 4903 625 4958 in
655 4902 902 4958 eumdem
928 4901 1070 4956 diem
1104 4902 1318 4957 incidat.
1352 4900 1475 4957 Vid.
1507 4917 1558 4956 c.
1601 4903 1634 4956 4
1661 4903 1779 4967 cit.,
1814 4911 1927 4958 not.
1969 4900 2048 4957 ὢν.

455 4975 596 5032 Malo
629 4973 746 5028 Pl’.
781 4972 919 5042 prid.
953 4971 1094 5027 Non.
1129 4975 1289 5029 scrib.
1314 4973 1367 5028 in
1389 4989 1437 5026 c.
1467 4973 1501 5026 4
1525 4974 1614 5027 cit.
1651 4984 1867 5042 propter
1891 4975 2050 5029 codd.

455 5048 568 5102 fere
590 5045 827 5100 omnium
856 5046 906 5100 in
940 5043 996 5098 h.
1027 5059 1074 5097 c.
1108 5060 1452 5100 consensum.
1479 5043 1612 5098 Tres
1635 5055 1837 5101 tantmn
1869 5046 2052 5101 codd..

455 5119 546 5180 50,
580 5119 649 5174 55
687 5129 741 5172 et.
766 5119 836 5174 54
863 5132 971 5171 om.
1010 5115 1160 5170 Prid.
1186 5117 1276 5183 51,
1307 5115 1486 5172 45111.
1512 5131 1608 5186 pro
1639 5118 1776 5187 prid.
1811 5118 1881 5172 20
1919 5119 2057 5172 Data

452 5205 557 5345 put):
583 5187 1038 5345 ἴξᾏιιμιίοῃπω,
1071 5258 1104 5315 8
1146 5259 1396 5314 Const.—-
1413 5268 1478 5326 et,
1502 5268 1554 5315 et
1575 5259 1644 5316 55
1684 5260 1751 5314 Α.
1788 5257 1846 5313 ν.
1878 5259 2055 5316 Noun.

457 5331 624 5403 codd.
645 5331 879 5403 Lycinio.

537 5405 556 5440 ι
586 5402 646 5458 C.
679 5402 831 5458 deest
861 5407 912 5459 in
955 5402 1136 5458 multis
1165 5403 1322 5458 cedd.
1353 5404 1479 5459 etin
1511 5402 1643 5459 Cod.
1686 5403 1823 5459 Just.
1868 5404 1939 5459 20
1971 5421 2054 5459 ac.

461 5491 593 5531 coss.
619 5477 685 5531 58
713 5476 808 5527 uie.
843 5474 988 5529 Coss.
1020 5477 1152 5532 Aur.
1184 5475 1349 5544 Lugd.
1383 5474 1536 5529 Cons.

534 5555 560 5583 υ
583 5547 656 5600 20
681 5549 1042 5600 accusandam.
1067 5551 1158 5600 sed
1189 5563 1329 5602 COtl'.

531 5628 560 5655 ν
584 5618 732 5674 Sich.
767 5617 882 5689 Cuj.
916 5617 1188 5687 l—Lugd.
1235 5619 1408 5673 teneri.

531 5698 558 5725 ι
587 5690 934 5773 [δυηιιρρόά.
967 5689 1209 5762 impetivit
1231 5701 1318 5746 aut
1340 5691 1572 5762 itnpetiit.
1597 5689 1744 5749 Sich.
1777 5692 2056 5748 convictum

462 5773 686 5834 potuisse
710 5777 960 5831 excipere.

2127 1859 2214 1900 res
2256 1841 2449 1896 tradita
2497 1839 2779 1894 doceatur.
2809 1837 2980 1904 Quam
3024 1836 3196 1907 legem
3223 1831 3289 1888 ad
3319 1831 3441 1888 lites
3479 1830 3742 1886 volumus

2127 1936 2399 2008 pertinere
2428 1974 2445 2002 ,
2477 1946 2818 2003 quocumque
2864 1940 3108 2000 tempore
3129 1925 3388 1998 jussionis
3415 1932 3622 1980 nostra:
3656 1922 3744 1978 in-

2125 2031 2416 2087 veniuntur
2454 2043 2576 2084 csse
2616 2039 2926 2096 suspensa),
2961 2033 3015 2078 et
3042 2038 3162 2094 qua:
3187 2030 3307 2091 post
3355 2020 3548 2075 futurze
3586 2025 3746 2083 sunt,

2133 2141 2200 2179 ne
2255 2130 2523 2178 transacta
2563 2120 2775 2190 negotia
2823 2116 3166 2174 refricentur.
3201 2113 3321 2170 Dat.
3349 2123 3388 2152 ιη
3419 2112 3563 2169 Non.
3593 2112 3743 2180 Oct,

2132 2221 2469 2278 Constantino
2496 2217 2561 2271 Λ.
2597 2215 2662 2272 ν.
2690 2228 2735 2271 et
2766 2213 2969 2270 Licinio
2998 2216 3055 2268 (Δ.
3085 2210 3230 2268 Cass.
3257 2210 3429 2284 (519).

2287 2352 2354 2391 ut;
2392 2347 2682 2390 TUTORIBUS
2725 2347 2792 2387 ET
2824 2341 3190 2387 conuonteos
3227 2335 3255 2364 ιι
3294 2341 3573 2383 σκειικοιε.

2206 2451 2341 2525 Imp.
2379 2447 2745 2506 Constantinus
2782 2454 2807 2484 ο
2835 2448 2897 2514 Α.
2939 2457 2987 2501 et
3027 2443 3156 2500 Cres.
3210 2451 3238 2494 ι)
3276 2441 3346 2497 ad
3392 2439 3622 2496 Bassum
3654 2438 3750 2512 Pf.

2212 2620 2237 2648 α
2270 2609 2430 2673 6-8.
2456 2609 2544 2665 alii
2583 2610 2945 2677 praetermissa.

2208 2681 2237 2721 ι’
2267 2683 2368 2739 Gn.
2397 2683 2506 2753 qui,
2532 2697 2642 2737 err.

2211 2765 2233 2792 ο
2272 2753 2388 2810 \‘id.
2409 2745 2591 2807 133th.
2611 2754 2663 2806 ll.
2683 2761 2722 2807 t.
2739 2749 3090 2823 e.2.Undevi
3117 2747 3231 2823 (μζ,
3250 2745 3366 2821 22),
3384 2749 3542 2806 notd.
3561 2747 3750 2805 Noun.

2136 2826 2294 2883 codd.
2325 2827 2388 2880 tle
2424 2825 2501 2880 Vi.
2531 2825 2601 2881 11
2632 2825 2697 2881 Vl
2739 2825 2802 2880 de
2837 2822 2917 2878 Vi.
2943 2823 3014 2879 20
3043 2821 3152 2880 om.
3189 2821 3354 2877 Unde.

2211 2895 2236 2934 (³
2267 2898 2414 2953 Sich.
2449 2913 2557 2952 om.
2590 2906 2778 2952 tantm.

2214 2980 2237 3007 θ
2269 2970 2416 3026 Sion.
2453 2969 2818 3040 posterioribus
2849 2978 2940 3035 est,
2974 2967 3176 3022 inventu
3199 2968 3316 3022 hab.
3346 2964 3439 3036 20,
3463 2967 3526 3022 21
3565 2978 3644 3022 est
3669 2968 3756 3021 in-

2140 3053 2309 3098 uento.

2220 3112 2238 3151 τ
2274 3113 2375 3169 Go.
2401 3128 2527 3168 ann.
2564 3131 2576 3168 :
2611 3131 2630 3165 ι
2667 3113 2763 3168 Est
2791 3110 2879 3182 qui
2911 3119 3102 3177 tentat,
3128 3111 3365 3182 explosa.
3401 3133 3418 3164 ι

2215 3195 2239 3232 8
2274 3186 2365 3240 Be.
2401 3200 2466 3240 ex
2495 3185 2596 3240 ϐο.
2627 3201 2784 3238 ann.:
2811 3180 2832 3234 ἱ
2864 3185 3039 3249 Quum
3071 3180 3258 3238 notitia
3287 3181 3383 3238 PIT.
3421 3181 3484 3239 U.
3517 3180 3760 3240 Bassum

2139 3258 2204 3312 ad
2232 3257 2350 3312 Cal.
2385 3264 2590 3310 tantum
2625 3257 2773 3325 Sept.
2807 3253 2893 3308 Pl.
2924 3255 3043 3309 urb.
3077 3254 3318 3310 functum
3351 3263 3599 3320 testetur,
3634 3255 3762 3310 haec

2143 3333 2224 3385 lex
2255 3328 2390 3383 Non.
2424 3327 2543 3382 Oct.
2581 3327 2704 3382 data
2749 3327 2846 3389 sit,
2890 3326 3154 3382 alterutro
3185 3326 3304 3380 loco
3335 3325 3588 3380 mendum
3635 3325 3762 3381 hae-

2141 3415 2262 3527 qezre
2290 3409 2520 3525 oportet.
2559 3418 2578 3452 ι
2612 3397 2738 3455 Sed.
2774 3400 2882 3453 vid.
2915 3413 2966 3453 c.
2994 3399 3016 3453 l
3051 3395 3110 3452 C.
3153 3396 3258 3453 Th.
3289 3397 3357 3453 de
3379 3396 3595 3462 Tutor.,
3627 3397 3760 3468 (Ill,

2220 3513 2234 3527 .
2267 3489 2334 3526 llO
2365 3513 2376 3524 .
2410 3489 2462 3527 il.

2220 3513 2234 3534 ,
2267 3481 2376 3526 not.
2410 3489 2462 3534 ῃ.

2216 3489 2474 3598 blatta-tit.
2526 3541 2562 3597 1.
2601 3557 2650 3598 c.
2697 3557 2750 3611 p.
2795 3539 2924 3604 200,
2957 3539 3162 3612 llollw.
3194 3540 3232 3595 1.
3264 3554 3313 3594 c.
3351 3555 3407 3612 ρ.
3446 3539 3695 3612 πένησι.
3731 3541 3764 3596 9

2145 3615 2284 3670 banc
2315 3616 2484 3685 legem
2517 3609 2802 3684 signiﬁcari
2833 3613 3095 3685 putantiu
3124 3611 3242 3666 Vat.
3277 3609 3418 3685 [τίς
3457 3609 3588 3675 249,
3617 3627 3763 3668 vv.:

2148 3704 2310 3755 nuper
2335 3683 2556 3756 ezi'ceptis
2574 3683 2833 3756 personis
2861 3685 2995 3738 dicta
3021 3684 3104 3738 lex
3132 3693 3204 3738 est
3221 3728 3235 3749 ,
3281 3683 3375 3739 sed
3396 3683 3595 3756 'tamen
3619 3699 3766 3756 ﬁcum

2148 3754 2357 3813 subscr.
2390 3754 2504 3828 in§
2534 3755 2639 3811 249
2668 3773 2696 3809 a
2725 3756 2863 3812 Maio
2913 3757 3163 3828 restituta
3193 3766 3378 3828 aperte
3409 3754 3538 3828 falsa
3572 3755 3666 3828 _sit
3711 3766 3766 3812 et

2148 3831 2325 3900 potius
2365 3825 2657 3899 reponendi
2701 3829 2952 3882 consules
2979 3827 3100 3881 anni
3133 3826 3238 3900 516
3269 3825 3399 3894 (vid.
3431 3841 3479 3900 c.
3517 3825 3542 3880 1
3572 3825 3626 3880 lt.
3666 3828 3764 3900 t.),

2147 3898 2234 3956 vv.
2264 3901 2350 3984 illa
2385 3900 2687 3970 pertineant
2715 3915 2939 3956 necesse
2980 3909 3064 3955 est
3093 3899 3159 3953 ad
3191 3899 3364 3970 legem
3396 3899 3628 3969 aliquam
3678 3898 3768 3954 in-

2336 3991 2360 4026 ll
2404 3990 2443 4028 ὀ

2150 3982 2418 4129 figuli-gl
2441 4045 2499 4129 0..
2546 4043 2624 4129 Prii
2674 4041 2939 4129 instituta“
2955 4057 3059 4096 non
3092 4040 3374 4129 habentur,
3403 4041 3457 4097 in
3489 4037 3764 4129 lautitias;

2153 4116 2276 4174 Vid.
2305 4115 2532 4172 Wenck.
2565 4114 2790 4188 0pp.p.
2838 4113 2967 4188 189,
3001 4119 3188 4188 n_ot._‘.
3216 4111 3299 4170 Cf.
3333 4113 3452 4188 \lat.
3485 4112 3555 4170 ir.
3587 4114 3617 4188 ᾗ
3649 4113 3770 4173 514

2153 4197 2209 4244 et
2241 4189 2427 4255 Hasse,
2458 4185 2661 4244 lllieiu.
2688 4187 2924 4242 Museum
2956 4187 2993 4240 l'.
3021 4185 3248 4257 Jurispr.
3286 4188 3327 4254 Ι,
3355 4186 3482 4244 220.

2230 4261 2245 4312 l
2289 4261 2440 4315 llinc.
2471 4260 2658 4315 incinit
2687 4258 2776 4315 lol.
2811 4273 2932 4314 cxrv
2959 4259 3180 4314 codicis.

2229 4329 2254 4402 ξι
2287 4333 2418 4387 Aur.
2450 4329 2620 4402 Lttgd.
2652 4347 2763 4387 om.
2793 4331 3091 4402 voluntatis.

2233 4401 2387 4459 160.
2435 4399 2553 4459 em:
2590 4413 2661 4458 at.
2712 4402 2980 4458 Marcilius
3021 4401 3088 4457 ad
3135 4400 3214 4456 tit.
3263 4399 3390 4455 Inst.
3436 4399 3504 4458 de
3557 4400 3768 4462 Donat.

2162 4491 2213 4546 p.
2256 4474 2362 4530 224
2406 4475 2474 4544 ej.
2505 4485 2552 4529 et
2577 4474 2774 4529 collatis
2817 4479 2949 4529 inter
2983 4485 3260 4546 cancros...
3285 4473 3579 4546 ﬁrmitatem
3623 4475 3770 4529 sicut

1055 4543 1382 4617 proferatur.
1410 4541 1467 4606 ϐ,
1516 4542 1584 4597 14
1633 4543 1934 4615 proferitnr.
1988 4541 2055 4599 10
2082 4542 2133 4603 D
2159 4541 2571 4617 ntancipatioiiis,
2614 4557 2742 4611 etc.,
2775 4561 2894 4616 qua:
2923 4545 3047 4616 quid
3080 4545 3178 4617 sibi
3217 4545 3673 4617 velint,_nescire
3707 4561 3770 4602 se

2158 4620 2259 4674 ϐο.
2289 4615 2594 4674 cuntitctur.
2629 4615 2968 4673 RaccOnerus
2997 4618 3098 4685 (sic
3137 4616 3262 4680 00.;
3299 4616 3380 4670 lli.
3420 4615 3768 4688 llaccanetus)

2159 4691 2371 4762 legebat
2413 4691 2546 4762 inter
2576 4701 2806 4761 exceptas
2847 4688 3020 4744 Cincia
3053 4689 3160 4760 lege
3201 4703 3464 4762 personas.
3491 4688 3770 4762 Caeterum

2157 4759 2376 4817 Marcilii
2407 4761 2566 4815 verba
2596 4763 2663 4814 ab
2690 4759 2907 4829 antiqua
2945 4759 3109 4815 manu
3149 4759 3414 4831 adscripta
3447 4767 3573 4814 sunt
3605 4761 3658 4814 in
3690 4777 3769 4815 tn.

2158 4833 2412 4889 editionis
2431 4832 2554 4903 Cuj.
2586 4831 2664 4895 2¹,
2696 4843 2964 4903 quaulot‘.

2231 4915 2269 4942 ιιι
2302 4909 2397 4959 Aut
2423 4900 2696 4961 bic'scrib.
2725 4902 2841 4958 PP.
2874 4905 2991 4973 prid
3039 4901 3183 4958 Non.
3218 4918 3314 4972 pro
3337 4902 3460 4956 Dat.
3494 4900 3638 4958 Non.
3672 4912 3777 4960 aut

2162 4978 2213 5032 iu
2248 4978 2306 5032 C.
2349 4979 2382 5032 5
2411 4974 2470 5031 C.
2503 4975 2606 5030 Th.
2638 4975 2703 5030 ad
2733 4977 2792 5030 L.
2818 4975 2925 5032 Jul.
2961 4974 3028 5030 de
3057 4974 3121 5030 Vi
3155 4975 3298 5045 publ.
3334 4978 3424 5029 cit.
3458 4974 3580 5030 Dat.
3615 4973 3771 5031 Non.

2162 5048 2284 5104 για.
2313 5065 2360 5103 c.
2391 5049 2423 5103 5
2452 5049 2570 5114 cit.,
2605 5056 2717 5102 not.
2747 5065 2793 5101 r.

2234 5130 2260 5157 ιι
2295 5119 2524 5174 [lubrica
2553 5135 2671 5174 exc.
2700 5124 2754 5174 in
2775 5118 2897 5175 cod.
2925 5118 3024 5186 58,
3055 5134 3230 5189 neque
3258 5134 3390 5174 vero
3417 5120 3637 5173 mutatis
3667 5133 3778 5174 nu-

2164 5193 2330 5246 meris
2358 5192 2631 5246 titolurutn
2662 5206 2781 5260 sqq.
2810 5190 2912 5255 21,
2940 5191 3012 5260 44
3043 5189 3490 5245 Procuratoribus.
3525 5191 3625 5256 12,
3657 5189 3773 5257 25,

2162 5263 2256 5327 26,
2285 5264 2372 5328 55,
2399 5264 2466 5335 40
2493 5278 2601 5318 om.
2631 5259 2896 5335 Creandis.
2919 5259 3055 5316 Cod.
3079 5263 3216 5318 Just.
3246 5262 3336 5335 (V,
3363 5261 3454 5335 55)
3478 5261 3542 5315 de
3564 5272 3661 5318 tut.
3691 5264 3777 5316 vel

2164 5334 2483 5389 curatoribus
2509 5335 2789 5406 illustrium
2820 5334 2894 5389 vel
2920 5334 3326 5406 clarissimarum
3352 5334 3716 5406 personarum.

2239 5418 2263 5443 υ
2295 5407 2440 5462 Sich.
2475 5405 2592 5475 Cuj.
2625 5408 2647 5461 1
2680 5436 2750 5446 —
2776 5405 2868 5461 Be.
2903 5403 3168 5461 Constant.

2238 5489 2266 5528 r
2294 5479 2428 5533 Cod.
2460 5477 2597 5532 Just.
2630 5478 2756 5532 add.
2789 5487 2834 5529 et
2862 5475 3186 5532 Constantia.
3222 5477 3277 5533 ln
3308 5492 3358 5532 c.
3388 5477 3424 5533 2
3448 5476 3584 5532 Cod.
3617 5475 3766 5534 Just.

2163 5551 2217 5606 Si
2258 5567 2328 5605 ex
2373 5550 2566 5620 plurib.
2614 5557 2732 5620 tutt.
2768 5549 2866 5619 (ν,
2895 5547 2996 5620 40)
3029 5550 3193 5619 petita
3225 5565 3288 5602 ex
3320 5565 3368 5604 c.
3406 5553 3428 5605 1
3464 5548 3524 5604 C.
3562 5548 3666 5603 Th.
3696 5549 3771 5605 de

2169 5617 2398 5676 venunt.
2433 5620 2508 5693 (ll
2527 5664 2539 5682 .
2566 5617 2633 5692 4)
2657 5617 2817 5692 atque
2844 5617 3198 5693 eodem—anno
3218 5623 3340 5676 data
3361 5621 3485 5693 add.
3508 5620 3767 5693 Licinius.

2164 5694 2343 5762 Quare
2368 5690 2456 5748 W.
2481 5690 2692 5765 dubitat
2727 5690 2848 5764 quis
2887 5692 3070 5748 Caesar
3098 5692 3477 5765 intelligendus
3502 5693 3603 5760 sit,
3628 5690 3773 5765 eris-

2167 5781 2327 5837 pnsne
2361 5781 2426 5822 an
2461 5764 2829 5821 Constantinus
2842 5767 2993 5838 jun.,
3021 5781 3088 5822 an
3117 5763 3353 5838 denique
3379 5763 3647 5822 Licinius.
3668 5763 3773 5824 ϐο.
