3982 6302
475 313 581 371 135

1771 305 2233 365 CONSTANTINI
2275 308 2489 366 MAGNI

3670 310 3767 369 184

468 432 634 487 tiatur
670 430 940 503 iniuriam.
974 429 1100 484 Dat.
1140 426 1256 485 Xll.
1280 426 1408 483 Kal.
1452 425 1578 482 Dec.
1600 424 1933 484 Constantina
1956 424 1995 479 Α
2013 432 2067 478 ⁸.
2097 423 2152 485 Α
2177 425 2334 480 uicem
2360 442 2413 481 se
2436 424 2720 481 absolvant.
2767 423 2831 481 Si
2856 440 2972 479 vero
2988 424 3159 495 jadex
3184 441 3321 488 t‘ttlll,
3343 425 3427 495 qui
3454 436 3714 481 accusatus
3737 436 3760 464 κ

473 533 521 578 et
548 522 751 579 Licinio
778 524 839 579 (ἰ.
869 521 1012 578 Cass.
1043 523 1214 594 (519).

969 631 1038 671 ne
1068 628 1469 671 ABOLITIONIBUS
1482 611 1532 667 ιι.

549 710 687 781 Imp.
738 708 1104 765 Constantinus
1144 708 1206 763 Α.
1261 710 1331 761 ad
1375 704 1686 761 Januarium
1731 704 1823 776 ΡΙ.
1860 701 1929 760 U.
1957 714 1981 744 ο
2017 703 2071 758 Si

470 812 597 872 post
639 806 923 872 strepitum
968 800 1558 857 accusationisexortai
1578 795 1607 835 (ι
1632 796 1856 853 abolitio
1885 804 2071 868 pustu-

474 896 651 961 letur,
685 909 874 951 caussa
895 904 919 932 θ
955 908 1112 949 nova:
1140 892 1503 950 miserationis
1524 890 1685 946 debet
1715 890 1909 961 inqttiri
1934 932 1946 953 ,
1976 898 2069 957 ιιι,

475 991 520 1042 si
572 987 703 1043 citra
750 983 1167 1057 depectionemf
1197 984 1249 1041 id
1299 985 1433 1053 (lat,
1464 983 1728 1055 postulata
1773 984 2074 1040 humanitas

477 1082 809 1153 praebeatur;
838 1082 920 1138 sin
942 1090 967 1129 ε
985 1078 1184 1151 aliquid
1205 1079 1527 1149 suspicionis
1542 1076 1569 1115 ιι
1591 1078 1878 1145 exstiterit,
1899 1078 2069 1152 quodi

477 1174 796 1231 manifestus
834 1188 956 1231 reus
998 1172 1352 1244 depectionei
1389 1172 1658 1228 celebrata
1708 1172 1914 1243 legibus
1942 1173 2075 1229 sub-

481 1269 747 1335 trahatur,
780 1267 1073 1336 redemptae
1103 1265 1467 1321 miserationis
1505 1282 1606 1319 vox
1643 1264 1865 1322 minime
1885 1265 2077 1320 adiuit-

478 1375 624 1420 tatur
646 1362 670 1400 ιι
701 1404 716 1430 ,
750 1361 843 1417 sed
890 1360 1149 1417 adversus
1189 1371 1474 1417 nocentem
1507 1375 1655 1415 reum
1685 1401 1700 1423 ,
1733 1359 2077 1429 inquisitione

475 1455 613 1512 facza
634 1495 650 1521 ,
700 1469 853 1524 [mna
894 1460 1210 1523 competens
1231 1461 1510 1507 exseratur
1535 1448 1579 1506 ι.
1613 1449 1732 1506 Dat.
1760 1450 1848 1506 Vl.
1874 1460 1914 1488 ιη
1945 1449 2073 1506 Kal.

475 1548 604 1604 Dec.
647 1548 861 1604 Serdica
882 1556 933 1615 ιι,
978 1542 1313 1602 Constantina
1364 1544 1429 1601 .1.
1481 1543 1549 1600 V.
1574 1552 1598 1580 ο
1640 1553 1687 1599 et
1728 1542 1926 1599 Licinia
1960 1542 2020 1601 C.
2047 1554 2075 1595 ι)

474 1639 625 1698 Cass.
654 1639 827 1699 (519i.

552 1659 625 1698 ss.
676 1641 781 1697 519
813 1682 827 1699 .

552 1639 1009 1789 Inriznpnitruto.
1044 1730 1106 1787 Si
1126 1747 1277 1802 quem
1302 1730 1594 1802 paenituerit
1617 1744 1860 1785 accusare
1903 1728 2077 1785 crimi-

2179 527 2276 582 est,
2310 518 2640 573 criminosum
2668 535 2773 574 esse
2795 519 3028 589 cognovit
3054 559 3069 584 ,
3101 529 3148 574 et
3171 519 3305 573 inter
3325 535 3466 573 reum
3487 516 3517 557 ιι
3547 528 3595 573 et
3621 536 3760 574 accu-

2179 621 2400 667 satorem
2430 628 2521 683 per
2543 613 2920 684 corruptionem
2943 623 2965 651 c
2999 611 3062 666 de
3088 612 3403 667 absolutione
3443 621 3615 667 reatus
3651 628 3760 668 con-

2180 706 2368 760 venerit
2392 748 2406 773 ,
2430 707 2474 760 is
2499 707 2588 777 qui
2617 723 2734 762 reus
2765 706 3043 778 probatur,
3075 717 3270 762 remoto
3296 705 3523 761 colludio
3544 748 3560 774 ,
3582 723 3767 779 pennam

2182 802 2405 872 excipiat
2428 797 2456 839 ά
2485 801 2682 874 legibus
2719 802 3068 856 constitutam.

2739 954 2806 995 DE
2836 954 3230 996 PETITIONIBUS.

2255 1051 2395 1123 Imp.
2424 1052 2787 1109 Constantinus
2826 1053 2889 1108 Α.
2918 1062 2942 1090 θ
2968 1059 3037 1107 ad
3068 1052 3350 1125 Papulum.
3384 1054 3771 1125 Comprimatur

2181 1142 2376 1199 ttnttmf
2399 1146 2688 1201 maximqu
2714 1144 2959 1201 humanm
2987 1148 3110 1201 vitae
3128 1146 3346 1215 malum,
3362 1146 3659 1203 delatorum
3678 1162 3764 1203 ex-

2182 1238 2438 1296 secranda
2473 1248 2498 1287 Β
2529 1240 2814 1310 pernicies,
2844 1251 2895 1295 et
2924 1240 3066 1297 inter
3092 1242 3293 1312 primos
3313 1253 3543 1297 conatus
3572 1243 3624 1297 in
3652 1243 3770 1314 ipsis

2182 1332 2422 1388 faucibus
2435 1335 2820 1405 stranguletur,
2837 1343 3173 1406 etamputata
3188 1337 3443 1392 radicitus
3460 1336 3671 1392 invidia:
3688 1338 3770 1393 lin-

2181 1440 2282 1497 gua
2316 1426 2548 1482 vellatur
2570 1425 2623 1493 ιι,
2657 1427 2729 1482 ita
2760 1428 3042 1498 utjudices
3069 1445 3169 1485 nec
3193 1430 3520 1512 calumniam
3562 1447 3660 1488 nec
3684 1448 3772 1489 vo-

2180 1534 2300 1577 cem
2329 1520 2341 1560 ε
2378 1536 2600 1592 prorsus
2624 1521 2917 1580 deferentis
2937 1524 3215 1580 admittant
3240 1541 3254 1590 ;
3280 1525 3373 1581 sed
3404 1527 3449 1581 si
3472 1526 3598 1596 quii
3635 1527 3771 1582 dela-

2184 1622 2269 1670 tor
2307 1614 2595 1679 exstiterit,
2637 1616 2850 1686 capitali
2902 1617 3186 1673 sententia:
3216 1614 3242 1654 ἰ
3269 1617 3610 1689 subiugetur.
3654 1616 3771 1675 Dat.

2179 1716 2227 1762 et
2253 1705 2369 1762 PP.
2414 1707 2469 1762 in
2495 1710 2609 1779 [ora
2639 1704 2658 1745 ι
2696 1706 2911 1773 Traiani
2940 1718 2980 1746 ιιι
3018 1708 3144 1764 Kal.
3175 1709 3323 1779 Dec.,
3356 1708 3686 1767 Constantino
3706 1712 3759 1765 Α.

475 1827 661 1882 naliter
683 1836 729 1882 et
752 1800 1148 1896 inscriptionettt
1165 1800 1346 1894 fecisse
1364 1825 1429 1878 de
1451 1840 1531 1892 ea,
1559 1824 1695 1895 quod
1723 1823 1942 1893 probare
1972 1840 2072 1878 non
2112 1834 2162 1895 Β
2188 1801 2254 1860 v-
2278 1811 2328 1857 θ’
2348 1801 2549 1857 Licini"
2579 1800 2641 1856 (ι’-
2670 1803 2814 1860 Co“-
2848 1802 3022 1876 (5'9)-

478 1920 769 1989 potuerim,
801 1919 846 1974 si
875 1918 920 1974 ei
950 1935 1067 1974 cum
1094 1926 1335 1973 accusata
1361 1917 1632 1974 innocente
1654 1918 1972 1986 convenerit,
1996 1917 2080 1973 in-

484 2065 579 2183 n.“
606 2056 701 2182 Βῗ
729 2055 796 2111 de
828 2055 899 2127 cj.
921 2052 1019 2111 Co.
1044 2056 1095 2111 in
1118 2069 1245 2111 ann.
1274 2053 1400 2110 add.
1439 2051 1527 2122 V.,
1551 2063 1719 2112 recte.
1754 2053 1874 2111 Mox
1904 2054 2084 2112 Co.—

534 2144 551 2182 t
586 2133 626 2183 ‘.
702 2142 815 2182 ons.

534 2127 551 2182 i
586 2133 626 2183 ‘.
659 2127 815 2182 Cons.

551 2198 579 2237 δ
613 2201 666 2254 In
701 2198 787 2255 Br.
833 2200 918 2254 Al.
961 2199 1121 2255 codd.
1157 2215 1224 2255 ex
1251 2198 1524 2253 titulorum
1545 2198 1924 2264 explanatione
1950 2199 2078 2255 add.

486 2271 708 2326 abalicia
734 2280 808 2326 est
834 2270 1018 2326 oblivia
1045 2271 1231 2340 objecti
1255 2269 1507 2335 criminis,
1536 2271 1631 2326 sed
1659 2272 1950 2326 notandum
1970 2280 2077 2340 est,

486 2292 708 2326 αυοιισιο
734 2292 808 2326 εει
834 2292 1018 2326 ουιιυιο
1045 2292 1106 2325 ου
1134 2292 1229 2326 εσυ
1255 2292 1507 2335 οηηιιπιε,
1536 2292 1631 2326 seu
1659 2292 1950 2326 ηυιειιιαυηι
1970 2292 2077 2340 eSt,

484 2343 538 2398 in
570 2356 738 2398 noun.
767 2341 930 2398 codd.
958 2292 1226 2399 excidisse
1256 2359 1307 2397 v.
1339 2341 1544 2407 oblivio,
1570 2351 1662 2396 aut
1693 2342 1886 2413 partim
1911 2355 2084 2398 mnta-

477 2423 760 2541 gtheisse
807 2414 948 2469 hanc
996 2414 1294 2471 clausalam
1323 2456 1337 2481 ,
1369 2414 1437 2470 de
1466 2427 1571 2485 qua
1597 2413 1864 2469 disseram
1907 2415 1961 2471 itt
1990 2415 2077 2471 ed.

529 2504 572 2541 Γ.
681 2528 692 2541 .

529 2504 579 2596 Γῖε
606 2504 712 2613 3'6.
741 2557 794 2612 in
825 2555 1028 2613 Chron.
1055 2599 1071 2625 ,
1120 2556 1311 2628 probb.
1348 2553 1602 2628 Qarsinio
1647 2556 1684 2613 l.
1727 2571 1778 2628 c.
1812 2573 1866 2627 p.
1896 2558 2000 2615 175
2027 2567 2085 2615 et

484 2628 603 2697 Be.,
622 2628 1046 2700 guiaiMaximus
1068 2626 1189 2700 hit.
1218 2626 1305 2700 Pi.
1344 2626 1410 2683 U.
1438 2638 1575 2693 erat,
1595 2643 1710 2700 pou
1735 2626 2080 2700 Januarinus,

479 2716 579 2771 pro
611 2697 702 2784 Pi.
750 2698 819 2755 U.
860 2699 1202 2784 scribendum
1245 2697 1365 2755 esse
1405 2706 1553 2770 putat
1581 2697 1722 2826 Pii].
1868 2716 1918 2755 e.
1948 2700 2082 2756 Pro-

479 2776 634 2826 nrtet.
667 2772 785 2826 urb.
809 2772 828 2826 i
856 2787 902 2824 s.
944 2771 1116 2826 Vicar.
1142 2789 1197 2826 u.
1228 2780 1448 2826 nronter
1482 2787 1533 2826 c.
1577 2769 1613 2825 5
1701 2813 1714 2826 .
1765 2772 1856 2826 llt.
1886 2772 1954 2826 de
1981 2772 2082 2826 Fa-

478 2769 634 2843 prtel'.
666 2769 785 2826 urb.
808 2772 902 2843 )s.
944 2771 1116 2828 i’icar.
1142 2789 1197 2826 u.
1228 2769 1448 2840 prapter
1482 2787 1533 2826 c.
1577 2769 1613 2825 5
1652 2769 1714 2827 C.
1754 2769 1856 2827 Th.
1886 2772 1954 2828 de
1981 2772 2084 2828 Fa-

482 2842 651 2897 mosis
674 2842 907 2914 |ib._(lX
927 2885 943 2910 ,
976 2843 1068 2914 54)
1111 2845 1357 2913 sequenti
1402 2857 1546 2897 anno
1575 2843 1751 2896 dalatn
1776 2851 1832 2897 et
1856 2844 2083 2914 inscrip-

483 2921 594 2987 tam
637 2912 1095 2987 adflanuarinuin
1147 2912 1379 2987 agentem
1396 2914 1662 2987 uicarium
1700 2912 2078 2987 prwfecturam.

485 2985 687 3058 Contra
718 2986 770 3058 in
796 2995 907 3041 not.
942 2991 995 3041 Ι).
1018 3003 1069 3042 c.
1099 2994 1153 3039 et
1173 2981 1220 3039 (Ξ.
1244 2981 1365 3058 20.
1395 2983 1498 3058 Th.
1530 2983 1599 3039 de
1624 2981 1819 3058 Aecus;
1850 2984 1968 3058 (lx,
2004 2985 2079 3058 1),

483 3071 605 3126 qua:
646 3056 835 3112 iisdem
884 3071 1026 3113 coss.
1075 3066 1239 3125 atque
1286 3056 1340 3109 lt.
1384 3069 1435 3109 c.
1460 3055 1584 3110 data
1614 3066 1718 3121 est,
1750 3055 2080 3113 Go.'Jauua-

483 3128 627 3200 rium
670 3127 1057 3200 Proconsulem
1104 3127 1322 3183 Achaiae
1374 3126 1543 3200 fuisse
1587 3128 1907 3200 contendit,
1956 3130 2080 3200 quia

480 3198 623 3254 dicta
656 3214 707 3254 c.
736 3199 772 3253 2
797 3198 1042 3279 Corinthi
1079 3207 1298 3279 accepta
1326 3197 1710 3279 essehdicitur.
1741 3197 2073 3279 Multi‘codd.

482 3287 586 3339 ppo
621 3285 666 3325 s.
702 3288 827 3342 ppm
853 3312 869 3335 ,
901 3281 959 3326 ut
996 3271 1060 3325 Ι..
1096 3269 1161 3344 (‘1)
1189 3267 1279 3340 ap.
1325 3269 1418 3324 ΒΘ.
1455 3267 1689 3339 Reposui
1711 3284 1778 3325 ex
1804 3273 1859 3333 4,
1884 3271 1985 3327 Til.
2008 3302 2081 3313 —

480 3341 601 3412 Cuj.
629 3342 707 3396 2“
733 3342 1116 3407 Januarinum;
1146 3342 1261 3396 rell.
1288 3339 1832 3412 Ianuarium.Vid.C.
1855 3342 1958 3399 Tlt.
1983 3343 2078 3407 ΙΧ,

484 3414 541 3484 1_,
562 3410 625 3477 2,
656 3422 768 3468 not.
799 3431 854 3475 tr.
883 3413 977 3481 1X,
998 3416 1091 3479 21,
1122 3413 1178 3477 2,
1202 3422 1312 3479 not,
1345 3429 1397 3484 ν,
1429 3411 1519 3479 1X,
1551 3410 1621 3468 54
1647 3453 1661 3477 ,
1694 3413 1749 3484 5,
1783 3423 1894 3469 not.
1929 3432 1980 3469 u.
2010 3415 2081 3471 26

482 3482 820 3540 'Gennarium.
852 3485 1199 3541 Memorabile
1237 3482 1361 3550 est,
1400 3485 1644 3553 ejusdem
1678 3483 1955 3541 Januarini
1983 3503 2051 3541 ne

486 3571 592 3626 que
624 3558 677 3612 in
701 3572 751 3613 c.
782 3556 898 3613 2C.
928 3558 1029 3612 Th.
1060 3557 1129 3628 de
1159 3557 1286 3628 falsa
1314 3552 1463 3628 mon.
1494 3552 1611 3626 (IX,
1639 3554 1734 3626 21)
1765 3555 2078 3628 dignitatem

485 3630 921 3685 commemorari.
948 3628 1066 3684 Fui.
1097 3627 1168 3686 49
1187 3626 1215 3667 δ
1246 3627 1368 3684 cod.
1400 3630 1457 3685 4.

554 3696 583 3737 ἀ
612 3700 680 3755 15
704 3711 922 3756 exsarte.

560 3781 584 3808 θ
613 3772 668 3838 6,
697 3772 751 3837 7,
786 3774 884 3839 10,
916 3771 1009 3839 18,
1044 3771 1116 3827 25
1145 3787 1398 3826 caussam.

565 3841 586 3881 ί
618 3843 690 3900 20
715 3855 910 3899 secreta
952 3844 1292 3914 despectione.
1325 3841 1397 3914 25
1439 3842 1757 3912 depactiane.
1788 3841 1937 3914 Sich.
1988 3844 2081 3899 de-

485 3916 793 3977 pactianem.
838 3914 960 3971 Vid.
995 3913 1055 3971 C.
1090 3913 1190 3986 Th.
1215 3913 1438 3986 II,410,
1481 3915 1548 3976 4,
1578 3922 1693 3968 not.
1716 3916 1756 3986 f.
1783 3913 1914 3969 Cod.
1941 3914 2082 3971 Just.

486 3986 852 4058 deceptionem,
884 3989 980 4044 sed
1005 3987 1126 4057 Cuj.
1151 3985 1279 4042 Obs.
1310 3984 1386 4051 ll,
1420 3987 1486 4041 15
1513 3987 1625 4040 vult
1641 3984 2007 4058 depectianem.

556 4066 584 4106 ε
611 4056 712 4126 10,
741 4060 807 4116 18
835 4061 890 4115 in
915 4069 972 4116 et
996 4074 1122 4115 mox
1152 4058 1450 4131 manifestos
1475 4073 1608 4113 reas.
1636 4056 1695 4112 In
1723 4056 1845 4113 cod.
1874 4058 1946 4115 20
1971 4075 2079 4115 om.

468 4128 998 4189 sin....subtraltatur.

553 4199 588 4275 ξι
621 4203 691 4275 15
718 4203 1077 4275 suspectianis.

562 4271 580 4343 ξ
610 4273 666 4331 8.
695 4275 781 4340 15,
809 4271 963 4331 Sich.
988 4291 1107 4343 quo.

560 4342 576 4394 i
616 4343 685 4400 15
712 4346 965 4417 pactione.
994 4346 1088 4410 25,
1118 4343 1265 4401 Sich.
1299 4345 1621 4415 depactiane.

554 4411 584 4485 ξι
612 4414 687 4471 25
715 4431 825 4470 om.
852 4416 1568 4485 redentptte.....admittatur.

559 4483 580 4527 Ι
612 4488 684 4545 20
710 4499 1007 4555 exequatur.
1027 4483 1095 4543 In
1120 4487 1255 4544 Cod.
1285 4487 1424 4543 Just.
1458 4490 1513 4541 1|.
1543 4502 1594 4541 c.
1629 4486 1701 4541 ita
1728 4494 1933 4543 mutata
1960 4495 2082 4543 est:

485 4558 707 4614 Abalitia
738 4559 1075 4630 prtesentibus
1096 4557 1328 4631 partibus
1350 4575 1511 4613 causa
1536 4559 1861 4631 cognitanon
1882 4576 1914 4614 a
1941 4559 2086 4631 prin-

485 4632 599 4714 cipe
622 4672 638 4696 ,
668 4629 760 4685 sed
787 4647 821 4684 a
846 4629 1149 4714 competenti
1174 4631 1354 4714 judice
1393 4629 1658 4714 postulari.
1675 4630 1819 4684 debet
1847 4646 1864 4686 :
1973 4641 2046 4684 est
2064 4672 2078 4697 ,
2111 4630 2166 4691 D

483 4704 530 4755 si
556 4718 647 4770 per
672 4718 893 4757 errarem
920 4701 1011 4757 seu
1051 4701 1380 4757 temeritatem
1405 4743 1420 4767 ,
1450 4718 1537 4756 seu
1577 4701 1799 4756 calorem
1826 4701 1896 4755 ad
1923 4717 2049 4756 accu
2066 4733 2081 4744 -

484 4775 733 4828 sationem
760 4774 1051 4844 prosiluerit
1081 4790 1100 4828 :
1131 4776 1227 4828 hoc
1273 4774 1407 4827 enim
1451 4784 1724 4827 accusator
1754 4772 2041 4842 explanatis
2062 4814 2077 4836 ,

487 4845 752 4923 abolitiani
778 4845 947 4900 locum
969 4847 1140 4917 faciet.
1163 4845 1260 4901 Sin
1291 4853 1459 4923 autem
1481 4862 1572 4923 per
1591 4845 1939 4923 deceptipncm
1958 4887 1972 4908 ,
1998 4846 2079 4899 vel

488 4918 719 4988 pecuniis
753 4933 787 4970 a
818 4932 905 4970 reo
934 4916 1204 4987 corruptus
1250 4917 1319 4970 ad
1366 4916 1725 4988 postulandum
1752 4916 2078 4971 abolitionem

487 4986 623 5043 uenit
650 5004 669 5042 :
698 4986 1338 5058 redemptat—competens
1361 4989 1639 5059 ingeratur.
1674 4986 1745 5040 Ηι
1766 4998 1934 5041 autem
1954 5030 1969 5049 ,
1993 4988 2081 5057 qui

488 5076 635 5114 suam
664 5075 971 5128 suarumque
1000 5060 1246 5131 injuriam
1290 5060 1599 5130 defendant,
1632 5060 1796 5131 etqai
1838 5071 2080 5130 cognatas

483 5147 606 5187 suos
646 5133 701 5185 in
718 5130 1094 5186 accusationem
1120 5131 1377 5185 deducunt
1398 5147 1418 5187 :
1440 5130 1729 5185 omnimodo
1753 5131 2080 5186 abolitionem

487 5212 657 5275 petere
675 5219 776 5275 non
804 5202 1156 5275 prohibentur.

558 5256 599 5311 ni
627 5274 660 5328 6
691 5273 774 5329 Ill.
804 5256 865 5331 δι
900 5316 913 5342 ,
947 5256 1049 5343 ss,
1072 5256 1276 5332 sntit.
1296 5256 1438 5330 Cod.
1464 5273 1603 5329 Just.
1634 5271 1773 5330 XVI.
1803 5271 1866 5328 L.
1906 5271 1971 5327 ιι.
2012 5271 2076 5331 U.

394 5434 397 5437 ‘
485 5345 969 5496 fg'l_.ige§t‘leriqne
994 5417 1152 5496 codd.
1173 5434 1195 5496 :_
1207 5417 1251 5496 4
1273 5458 1306 5496 ,_
1318 5416 1450 5496 edd.
1478 5416 1614 5496 God.
1631 5415 1782 5496 Just.
1806 5413 2073 5496 .Serdicte.

482 5488 558 5618 g2
586 5489 851 5615 Syrdiﬁite.
882 5486 962 5546 ’20
984 5530 1001 5558 ,
1032 5489 1104 5546 59
1124 5531 1141 5559 ,
1167 5487 1241 5543 45
1267 5488 1490 5546 Sirdice.
1518 5486 1593 5543 42
1622 5486 1861 5545 Serditie.
1893 5487 1928 5545 8
1962 5502 2074 5545 om.

534 5577 586 5615 er
629 5578 747 5616 .—e
773 5603 787 5617 .

562 5641 587 5669 ο
616 5632 672 5718 In
706 5632 985 5717 permultis
1010 5632 1170 5689 codd.
1198 5646 1312 5689 om.
1344 5633 1407 5686 A.
1438 5641 1532 5688 aut
1566 5631 1653 5715 νη
1855 5705 1866 5717 .

485 5712 590 5834 Bri:
612 5702 868 5828 1hdeest
896 5721 951 5761 tn
980 5704 1102 5763 cod.
1137 5705 1193 5771 4,
1223 5701 1353 5760 Cod.
1387 5702 1525 5761 Just.
1555 5713 1612 5761 et
1641 5718 1693 5758 tn
1714 5702 1900 5762 multis
1919 5702 2078 5761 codd.

539 5791 581 5828 Γ.
612 5791 703 5828 ΑΙ.

557 5856 583 5896 ιι
609 5844 971 5922 6-48,_10,18,
998 5848 1090 5906 alii
1110 5846 1268 5908 codd.
1300 5848 1362 5906 Si
1385 5848 1616 5920 quis.....
1639 5848 2083 5908 criminanter.....

2262 1915 2720 1971 laruarum/mo.
2748 1914 3011 1971 Delatares
3027 1915 3289 1985 dicuntur,
3306 1919 3397 1988 qui
3412 1929 3502 1973 aut
3527 1920 3773 1989 facultates

2188 2008 2504 2079 prodiderint
2543 2009 2769 2074 alienas,
2812 2020 2900 2062 aut
2937 2019 3090 2077 caput
3133 2010 3441 2081 impetierint
3467 2020 3496 2049 ιι
3535 2012 3768 2067 alienum.

2195 2104 2516 2174 Quicumque
2563 2103 2760 2158 delator
2808 2103 3078 2173 cuiuslibet
3124 2105 3198 2159 rei
3228 2113 3253 2141 ο
3280 2106 3553 2173 exstiterit,
3601 2107 3651 2160 in
3677 2107 3775 2176 ipsa

2187 2198 2494 2267 proditionis
2549 2198 2695 2253 initio
2740 2208 2768 2248 Ρ
2807 2215 2840 2252 a
2871 2198 3053 2272 judice
3098 2197 3197 2254 laci
3242 2209 3510 2271 correptus
3555 2200 3773 2254 continuo

2187 2290 2559 2365 stranguletur,
2590 2301 2637 2347 et
2658 2293 2705 2347 ei
2731 2302 2758 2344 (ι
2787 2292 2950 2349 incisa
2971 2292 3217 2349 radicitus
3256 2294 3438 2367 lingua
3482 2294 3703 2362 tollatur,
3726 2302 3773 2349 ut

2186 2510 2251 2565 de
2282 2510 2455 2566 id.....
2490 2518 2707 2582 poterat.
2740 2509 2915 2567 Etiam
2941 2509 3014 2567 20
3044 2520 3259 2583 poterat.
3285 2511 3351 2567 21
3379 2514 3583 2584 poterit.
3604 2511 3670 2577 42
3690 2528 3768 2579 pa-

2185 2591 2371 2638 luerat.

2261 2664 2289 2692 εί
2319 2653 2374 2721 6,
2407 2655 2439 2708 7
2465 2653 3207 2711 cancenerint.....accusator.

2257 2726 2288 2767 δ
2318 2725 2495 2782 Noun.
2525 2726 2682 2781 codd.
2715 2743 2853 2782 eum.

2264 2803 2285 2830 ο
2317 2797 2380 2852 21
2415 2799 2803 2868 carreptianem.
2857 2797 3003 2854 Sich.
3047 2798 3432 2853 correctionem.
3466 2800 3521 2863 7,
3554 2799 3587 2855 8
3612 2815 3764 2854 aecus.

2186 2868 2531 2942 corruptione,
2561 2870 2655 2924 sed
2681 2871 2731 2924 in
2765 2870 2797 2942 7
2824 2884 2855 2924 a
2882 2885 2991 2924 sec.
3020 2887 3092 2924 m.
3119 2881 3248 2925 rest.
3276 2871 3420 2941 vulg.
3445 2871 3630 2942 script.

2258 2938 2286 2977 δ
2312 2938 2367 3005 6,
2401 2942 2432 2995 7
2457 2942 2727 3010 suscipiat.
2753 2941 2820 2996 21
2854 2943 3093 3009 accipiat.

2261 3020 2285 3086 ς
2435 3013 2522 3086 sil.
2553 3013 2713 3068 codd.
2742 3012 2891 3069 Sich.
2928 3012 3065 3086 Imp.
3096 3012 3465 3086 Causlantintts
3492 3013 3558 3069 Α.

2262 3080 2283 3120 τ
2333 3083 2401 3139 16
2425 3082 2811 3152 Camprematur
2856 3094 2912 3140 et
2938 3080 3046 3140 om.
3079 3101 3254 3140 unum.
3290 3086 3361 3142 20
3400 3082 3464 3141 C.
3497 3104 3549 3141 u.
3597 3085 3769 3140 malum

2185 3171 2328 3210 mox.
2352 3157 2405 3209 It.
2438 3164 2488 3209 υ.
2519 3154 2817 3211 dilatarum.

2107 3222 2154 3287 C
2188 3296 2219 3301 λ
2262 3236 2316 3301 ελ
2344 3226 2507 3301 8on1.
2528 3228 2857 3301 exsecranda.
2894 3227 2961 3301 10
2982 3229 3278 3301 exsecrandi
3306 3237 3358 3301 et
3381 3244 3492 3285 om.
3523 3228 3767 3301 pernicies.

2188 3296 2354 3373 Paulo
2372 3298 2508 3373 intra
2537 3299 2741 3373 invidia:
2766 3300 2919 3355 deest
2946 3300 3001 3355 in
3028 3300 3150 3357 cod.
3180 3299 3273 3355 20.
3306 3296 3764 3373 Ibidem'strangu-

2189 3372 2375 3424 lentur.
2408 3370 2443 3425 4
2470 3372 2853 3438 stranguiletur.

2262 3439 2291 3514 ιθ
2326 3442 2410 3508 14,
2437 3442 2508 3496 25
2529 3442 2788 3497 evellatur.
2825 3442 2980 3498 Rein.
3012 3444 3126 3498 vult
3150 3441 3378 3498 tollatur.
3417 3442 3539 3501 Viti.
3562 3444 3766 3514 interpr.

2268 3511 2285 3552 ί
2315 3514 2382 3568 21
2413 3530 2501 3568 nec
2528 3514 2755 3587 linguam
2778 3530 2866 3570 nec
2885 3529 3073 3570 vocem.
3123 3514 3244 3571 Mox
3275 3529 3438 3571 ttonn.
3472 3516 3626 3572 codd.
3647 3511 3769 3587 defe-

2190 3595 2358 3639 rentes
2365 3626 2378 3639 .

2268 3657 2282 3708 l
2317 3655 2376 3725 4,
2407 3658 2479 3712 45
2503 3659 2591 3711 sed
2629 3657 2676 3711 si
2699 3658 2820 3728 qui;
2848 3657 2943 3714 sed
2966 3658 3017 3712 in
3049 3657 3169 3713 cod.
3209 3659 3262 3713 4.
3309 3659 3462 3715 rubr.
3497 3660 3600 3716 col.
3632 3672 3761 3714 corr.

2191 3728 2281 3804 s_e_d
2306 3729 2351 3783 si
2369 3730 2576 3804 quis,et
2603 3730 2672 3804 ita
2705 3730 2904 3804 habent
2918 3729 2972 3797 9,
2994 3730 3084 3796 ‘20,
3109 3730 3309 3797 21,25,
3335 3730 3563 3788 Siclt.—
3582 3730 3767 3804 Lugd.;

2193 3799 2263 3856 15
2291 3802 2379 3855 sed
2402 3802 2548 3866 quis;
2574 3800 2692 3855 rell.
2723 3815 2834 3855 om.
2861 3803 2924 3856 si.

2263 3869 2289 3909 ¹ί
2317 3872 2370 3937 6,
2405 3872 2459 3941 7,
2486 3874 2574 3937 10,
2600 3872 2688 3936 18,
2714 3873 2805 3936 20,
2829 3872 2921 3938 21,
2947 3871 3020 3929 25
3047 3874 3314 3928 sententia.
3339 3873 3411 3931 20
3431 3876 3765 3948 subjungetar.

2268 3959 2286 4000 ι
2322 3961 2609 4035 δέει-12,
2650 3963 2729 4027 tt,
2764 3964 2853 4030 16,
2881 3963 2973 4027 eo,
3011 3964 3103 4032 2t,
3134 3964 3226 4033 29,
3255 3965 3495 4034 st—ss,
3527 3965 3769 4035 38,42—

2190 4033 2282 4100 41,
2316 4034 2465 4105 Sich.
2492 4033 2552 4089 L.
2577 4051 2665 4105 ap.
2692 4035 2784 4091 Be.
2808 4036 2933 4091 add.
2960 4035 3098 4091 Divi.
3122 4039 3193 4094 55
3222 4033 3550 4095 Marciaaiet
3572 4033 3640 4093 40
3658 4036 3769 4093 Tro-

2183 4106 2320 4181 jani.
2344 4101 2707 4181 Craterum-in
2758 4123 2922 4181 noun.
2956 4108 3115 4181 codd.
3157 4127 3264 4163 uttt.
3300 4120 3345 4164 et
3394 4121 3518 4181 post
3555 4111 3694 4175 Dab,
3721 4108 3764 4181 in

2190 4176 2314 4232 aliis
2343 4177 2477 4233 infra
2505 4188 2592 4233 aut
2630 4176 2690 4232 V.
2716 4187 2771 4234 ct
2790 4176 2848 4234 C.
2881 4187 2974 4234 aut
2992 4179 3127 4235 alter
3148 4190 3326 4236 utrum
3353 4176 3444 4238 aut
3473 4180 3533 4238 ϐ.
3552 4182 3695 4238 Cass.
3719 4179 3764 4233 ltt

2191 4250 2318 4324 cod.
2341 4250 2405 4324 17
2433 4249 2583 4324 deest
2608 4259 2772 4305 et.....
2791 4249 2938 4305 Cass.
2966 4250 3027 4324 L.
3055 4250 3124 4324 Β.
3158 4253 3367 4324 U.Data
3389 4253 3498 4309 Ital.
3523 4255 3662 4324 Sept.
3685 4250 3763 4324 21.

2192 4319 2262 4376 lll
2298 4321 2403 4376 Ital.
2434 4320 2580 4377 Multi
2619 4332 2876 4391 praeterea
2920 4323 3046 4378 edd.
3093 4322 3293 4380 habent
3331 4319 3645 4380 Constantia.
3674 4323 3763 4379 ϐυ.

2192 4391 2331 4465 hanc
2373 4393 2545 4465 legem
2576 4393 2800 4465 retrahit
2847 4392 2913 4465 ad
2947 4409 3074 4449 ann.
3105 4396 3234 4463 512,
3276 4395 3377 4452 hac
3403 4396 3471 4452 de
3503 4412 3677 4459 causa,
3719 4394 3764 4448 ni

2194 4464 2373 4530 fallor,
2405 4463 2528 4533 quia
2556 4480 2683 4520 ann.
2709 4463 2812 4520 519
2858 4463 3241 4523 Constantinus
3278 4484 3384 4522 non
3424 4468 3611 4524 Romm
3657 4465 3761 4530 fuit,

2194 4536 2372 4610 sedin
2405 4536 2705 4610 Pannonia,
2736 4551 2912 4607 neque
2938 4538 3097 4608 igitur
3136 4539 3251 4593 hate
3280 4540 3364 4594 lex
3395 4541 3566 4610 potuit
3594 4539 3762 4594 Roma:

2193 4607 2328 4679 dari,
2348 4607 2491 4679 quod
2510 4617 2564 4663 et
2580 4607 2975 4679 demonstrate.
2994 4625 3083 4663 un.
3104 4610 3167 4666 C.
3192 4610 3295 4664 Th.
3320 4607 3572 4668 de'Bonis
3593 4610 3762 4665 deaur.

2192 4677 2284 4749 (V,
2314 4677 2716 4754 2)eodem_die
2762 4677 2957 4754 Sirmio
2983 4681 3126 4754 data.
3174 4680 3758 4754 SetliquamquamAGo.

2191 4760 2342 4827 recte
2360 4749 2568 4805 videtur
2590 4749 2658 4805 de
2686 4750 2811 4804 lassa
2839 4750 2998 4827 hujus
3023 4749 3431 4827 subscriptionis
3479 4749 3761 4825 integritate

2190 4822 2547 4896 gitiSIintasse,
2583 4831 2890 4896 tamengego
2935 4826 2989 4877 in
3031 4822 3252 4896 reliquis
3280 4826 3544 4881 dissentio
3580 4822 3646 4881 ab
3684 4837 3759 4878 eo.

2189 4891 2436 4969 Fitenim
2463 4893 2577 4948 hmo
2595 4908 2646 4949 c.
2671 4893 2940 4969 antiquior
2966 4891 3222 4969 prima'lt.
3248 4907 3286 4969 t.
3321 4897 3464 4968 lege,
3492 4897 3629 4969 quod
3649 4910 3761 4969 eon—

2187 4965 2306 5020 cedi
2346 4981 2449 5018 non
2479 4973 2678 5039 potest.
2710 4966 2810 5020 nisi
2846 4965 3107 5039 ponamus
3123 4968 3233 5038 jam
3260 4968 3314 5039 in
3347 4965 3461 5039 ipsa
3492 4965 3603 5039 lege
3636 4967 3759 5039 diem

2187 5045 2496 5107 corruptum
2520 5034 2704 5100 fuisse,
2737 5036 2879 5107 quod
2912 5053 3017 5092 non
3048 5034 3323 5108 probabile
3342 5034 3446 5096 est.
3482 5034 3762 5095 verisimile

2186 5108 2457 5181 estigitur
2486 5118 2693 5181 partem
2720 5110 2929 5164 subscr.
2958 5124 3077 5166 exc.
3102 5122 3226 5181 pust
3253 5110 3380 5165 Dat.
3409 5113 3463 5166 in
3485 5112 3757 5181 codicibus.

2190 5187 2249 5233 ut
2278 5178 2506 5235 fortasse
2534 5180 2723 5235 eodem
2750 5195 2892 5235 anno
2920 5182 3024 5237 519
3053 5178 3177 5236 data
3206 5184 3276 5237 sit
3306 5182 3390 5238 lex
3420 5181 3628 5249 Sirmio,
3655 5180 3762 5236 Ser-

2187 5250 2324 5325 dica,
2358 5251 2580 5325 Sabatia
2604 5260 2697 5325 aut
2739 5250 2979 5325 denique
2997 5250 3188 5308 Naisso
3217 5263 3273 5310 et
3298 5264 3480 5324 postea
3511 5250 3761 5325 preposita

2185 5320 2387 5378 Ranae.
2419 5321 2572 5392 Quod
2599 5322 2644 5378 si
2670 5331 2790 5393 est,
2821 5320 2922 5381 nec
2969 5324 3022 5380 in
3052 5339 3103 5381 c.
3134 5330 3163 5382 1
3195 5328 3247 5381 ιι.
3271 5320 3313 5381 ιζ
3342 5325 3459 5383 ιιωο
3501 5320 3592 5383 lex
3612 5320 3758 5380 'indi-

2184 5404 2360 5467 83"":-

2259 5475 2301 5505 ω
2326 5465 2383 5522 In
2401 5466 2522 5524 cod.
2547 5465 2615 5523 21
2640 5465 2763 5524 add.
2785 5466 2876 5523 Ill.

2260 5567 2290 5636 ιτ
2314 5557 2459 5636 _6,]_,
2479 5559 2586 5636 to,
2615 5560 2683 5615 18
2717 5559 2933 5636 impetit.
2958 5561 3019 5636 Δει,
3059 5559 3132 5617 so
3161 5559 3345 5634 (supr.
3383 5562 3522 5636 lin.),
3552 5561 3639 5617 21.
3665 5555 3758 5616 Alii

2191 5629 2351 5705 codd.
2385 5629 2530 5687 Sich.
2562 5629 2831 5705 itttpetuitt,
2855 5629 2925 5687 42
2949 5629 3216 5705 ίηιρειαηί.

2263 5710 2288 5738 ο
2315 5702 2371 5756 ln
2412 5719 2577 5758 nonn.
2609 5702 2769 5759 codd.
2799 5718 2912 5760 om.
2938 5702 3032 5761 rei.

2261 5784 2289 5824 P
2314 5772 2416 5844 Ap.
2446 5775 2595 5830 Sich.
2633 5775 2756 5830 add.
2781 5791 2918 5831 reus.

2263 5856 2291 5895 (ι
2321 5846 2375 5915 6,
2405 5847 2437 5899 7
2462 5860 2570 5903 om.
2600 5848 2645 5903 ei
2666 5847 2834 5906 Paulo
2863 5857 2990 5906 ante
3024 5848 3091 5906 21
3123 5853 3524 5925 «stranguletur.
