3948 6310
421 249 532 309 205

1669 241 2126 304 CONSTANTINI
2166 242 2379 302 MAGNI

3624 241 3729 300 201

421 364 585 424 Mart.
622 362 806 438 Crispo
832 361 876 421 ll
907 373 953 420 et
982 362 1320 421 Constantina
1340 362 1388 422 ll
1418 372 1466 420 η.
1488 362 1643 421 Ctess.
1672 362 1818 420 Cass.
1849 363 2023 438 (321).
2056 364 2101 424 Α
2133 361 2279 434 quid,
2312 360 2455 434 quod
2483 359 2638 432 plena
2665 359 3019 419 instructione
3045 360 3284 437 indigeat
3310 368 3358 418 ³.
3382 358 3506 417 Dat.
3538 362 3675 436 prid.
3700 362 3731 401 ιτ

566 495 635 535 DE
670 492 955 535 CASTBENSI
984 493 1189 535 OIMUII
1218 494 1600 536 νΔιΑτικοιιωι
1627 493 1871 535 PECULIO.
1928 478 1935 481 κ

493 573 638 646 Imp.
670 573 1035 629 Constantinus
1058 574 1119 629 Α.
1159 575 1229 629 ad
1277 576 1518 631 Severum
1571 573 1637 629 Ρ.
1696 573 1764 630 U.
1822 573 2023 630 Omnes

421 665 720 734 Palatinos,
770 680 909 738 quos
935 666 1107 722 Edicti
1139 668 1309 723 nostri
1335 666 1651 738 jamdudum
1680 675 1827 723 certa
1860 666 2022 738 privi-

419 758 558 831 legia
590 758 1005 831 superfundunt,
1043 776 1181 829 rem,
1224 762 1267 815 si
1300 776 1482 831 quam,
1534 760 1661 815 dum
1711 759 1764 814 in
1816 759 2022 814 Palatio

416 862 608 910 nostro
638 861 930 921 motantnr,
961 854 1046 909 vel
1081 854 1405 924 parcittmnia
1439 854 1653 922 promis
1685 851 2017 923 quzcsierint,

417 946 505 1002 vel
529 946 686 1003 donis
716 948 915 1003 nostris
942 946 1144 1003 fuerint
1170 945 1449 1003 consecuti
1482 965 1493 1001 :
1527 957 1586 1002 ut
1615 954 1896 1003 castrense
1928 962 2021 1017 pe-

417 1040 620 1098 culium
651 1039 855 1098 habere
882 1041 1247 1112 prmcipimus.
1300 1039 1439 1110 Quid
1489 1040 1634 1095 enim
1692 1049 1799 1095 tam
1831 1055 1898 1097 ex
1928 1054 2020 1096 ca-

415 1135 548 1191 stris
576 1145 679 1200 est,
713 1150 871 1207 quam
901 1133 1043 1207 quod
1072 1135 1232 1191 nobis
1279 1135 1537 1203 consciis,
1594 1151 1657 1192 ac
1703 1150 1874 1207 prope
1917 1136 2018 1192 sub

416 1226 798 1299 conspectibus
821 1227 1020 1283 nostris
1049 1226 1348 1298 aquiritur?
1390 1227 1495 1284 Sed
1531 1241 1634 1283 nec
1661 1228 1819 1283 alieni
1840 1236 1964 1284 sunt
1985 1244 2017 1284 a

414 1322 643 1392 pulvere
672 1330 727 1377 et
754 1320 941 1378 labore
969 1332 1295 1388 Castrorum,
1338 1323 1428 1392 qui
1458 1323 1610 1393 signa
1642 1330 1824 1378 nostra
1853 1324 2018 1378 comi-

413 1423 619 1479 tantur,
650 1413 742 1484 qui
775 1422 970 1483 praesto
994 1421 1121 1469 sunt
1144 1428 1362 1484 semper
1390 1414 1618 1481 actibus,
1661 1428 1798 1484 quos
1841 1415 2018 1471 inten-

412 1513 520 1572 tos.
554 1517 607 1562 ct
634 1506 875 1564 eruditos
905 1504 1116 1575 studiis,
1155 1506 1408 1563 itinerum
1434 1507 1735 1579 prolixius,
1776 1516 1831 1562 et
1851 1522 2016 1578 espe-

414 1600 678 1656 ditionum
711 1598 1005 1656 difﬁcultas
1033 1586 1276 1657 exercet.
1306 1599 1539 1673 Ideoque
1559 1601 1789 1658 Palatini
1820 1603 2012 1672 nostri,

412 1697 504 1766 qui
538 1693 832 1765 privilegiis
862 1691 1039 1750 Edicti
1070 1696 1148 1749 uti
1176 1702 1489 1766 potuerunt,
1522 1695 1729 1766 peculia
1754 1711 1850 1753 sua
1875 1712 2016 1769 pra:-

2126 452 2214 508 Id.
2234 466 2255 492 ο
2284 451 2411 509 Jan.
2444 453 2637 509 Sirmio
2669 449 2720 524 ά,
2752 450 2936 527 Crispo
2976 453 3040 511 ll.
3071 464 3094 494 ο
3126 465 3172 510 et
3193 454 3537 511 Constantina
3580 451 3602 493 ί
3634 453 3729 510 [1.3

2126 545 2269 602 Cass.
2305 544 2335 585 ιι
2370 545 2544 621 (521).

2196 641 2641 700 INTERPBE‘I'ATIO.
2669 642 2846 699 Iudex
2872 659 2987 699 cum
3015 659 3253 699 caussam
3281 643 3467 699 audire
3498 642 3723 715 cleperit,

2124 736 2441 808 litigatorum
2484 738 2790 792 assertiones
2818 738 2895 793 vel
2923 739 3280 811 responsiones
3320 737 3572 809 patienter
3597 737 3725 791 acci-

2124 830 2233 902 piat
2259 842 2304 885 et
2333 831 2507 885 omnia
2526 832 2679 904 plena
2704 832 3021 887 discussione
3060 834 3343 905 perquirat.
3383 830 3497 886 Nec
3534 833 3551 868 ί
3587 831 3728 904 prius

2124 921 2444 993 litigantibus
2461 938 2558 977 sua
2576 924 2822 978 sententia
2842 925 2959 979 velit
2972 924 3192 994 obviare,
3219 924 3317 979 nisi
3337 923 3546 996 quando
3564 923 3663 993 ipsi
3681 921 3695 973 i
3712 965 3726 989 ,

2123 1015 2343 1086 peractis
2380 1017 2637 1083 omnibus,
2660 1018 2772 1085 jam
2798 1015 2825 1055 ιι
2852 1018 2984 1073 nihil
3011 1018 3231 1090 amplius
3264 1015 3284 1057 1
3316 1019 3370 1073 in
3411 1017 3732 1072 contentione

2121 1107 2409 1177 habuerint,
2434 1109 2571 1180 quod
2601 1120 2891 1183 prapanant
2912 1127 2930 1167 :
2955 1119 3003 1166 et
3027 1120 3130 1165 tam
3147 1110 3237 1165 diu
3264 1092 3399 1166 actio
3427 1109 3728 1177 aentiletur,

2119 1218 2219 1274 qua
2247 1219 2403 1275 usque
2426 1204 2501 1259 rei
2521 1204 2708 1260 veritas
2736 1206 2989 1261 invenitur
3022 1216 3082 1275 ιιι,
3115 1205 3402 1278 frequenter
3425 1203 3735 1276 interrogari

2120 1303 2340 1366 oportet,
2389 1312 2452 1351 ne
2497 1297 2697 1368 aliquid
2735 1300 3134 1370 prwterniissum
3181 1301 3400 1372 fortasse
3430 1307 3737 1355 remaneat:

2120 1390 2243 1460 quia
2310 1390 2355 1445 si
2421 1392 2565 1462 apud
2633 1393 2804 1464 ipsum
2864 1393 3091 1463 ﬁnienda
3148 1409 3332 1449 caussa
3403 1403 3508 1460 est,
3574 1402 3735 1449 totum

2119 1485 2264 1542 debet
2310 1504 2604 1560 agnoscere.
2662 1488 2761 1545 Sin
2814 1498 2843 1525 ιι
2890 1506 3007 1545 vero
3062 1490 3134 1544 ita
3198 1506 3280 1545 res
3333 1490 3493 1562 exigit
3536 1500 3563 1525 ο
3591 1531 3608 1559 ,
3679 1499 3733 1546 ut

2118 1578 2188 1634 ad
2236 1580 2486 1653 principis
2531 1582 2767 1636 notitiam
2835 1581 3099 1654 deferatur
3142 1591 3170 1631 P
3198 1622 3215 1649 ,
3288 1580 3440 1654 plena
3493 1582 3739 1638 discussis

2120 1673 2359 1743 omnibus
2405 1675 2527 1729 data
2586 1675 2836 1730 relatione
2882 1662 3039 1731 debet.
3073 1691 3180 1732 esse
3221 1675 3476 1747 suggestio
3514 1683 3570 1743 tt,
3627 1684 3731 1730 etc.

412 1788 571 1861 cipua
597 1788 865 1844 retineant
895 1804 908 1841 :
971 1804 1091 1859 quae
1111 1786 1239 1844 dum
1283 1795 1335 1845 in
1370 1789 1568 1859 palatio
1596 1798 1785 1846 nostra
1812 1791 2015 1848 consti-

2192 1763 2332 1837 Imp.
2349 1763 2736 1822 Constantinus.
2750 1764 2818 1823 Α.
2832 1767 2901 1822 ad
2914 1766 3198 1823 Maximum
3212 1765 3305 1840 Pf.
3326 1765 3425 1823 Ur.
3440 1765 3523 1821 Ad
3542 1767 3731 1822 locum.

410 1884 512 1939 tuti
541 1893 687 1951 sunt,
718 1890 811 1938 aut
838 1880 1024 1938 labore
1049 1881 1132 1955 (ut
1160 1882 1360 1939 dictum
1391 1882 1499 1954 est)
1532 1884 1774 1954 proprio,
1807 1893 1900 1940 aut
1920 1882 2020 1941 do-

409 1976 634 2032 natione
662 1986 845 2031 nostra
875 1974 1209 2046 quaesierint.
1264 1973 1385 2031 PP.
1440 1976 1507 2032 X.
1550 1976 1673 2032 Kal.
1724 1974 2020 2049 Jun.hCan-

413 2070 641 2126 stamina
667 2070 732 2126 A.
763 2068 851 2127 Vl.
878 2079 926 2125 et
952 2069 1248 2127 Constantia
1277 2068 1336 2126 C.
1385 2071 1528 2128 Cass.
1581 2071 1709 2133 520.
1753 2070 1865 2145 (Ea:
1884 2071 2016 2130 Cod.

414 2163 585 2238 Just.)

980 2261 1122 2310 Anno
1140 2258 1338 2312 Domini
1359 2259 1471 2312 521.

651 2364 834 2442 Crispo
860 2367 906 2426 II
933 2378 981 2425 et
1006 2367 1343 2426 Constantina
1372 2367 1416 2425 ll
1447 2367 1607 2426 Ctess.
1641 2371 1785 2427 Cass.

1021 2502 1089 2544 ne
1112 2502 1331 2543 sumens
1359 2484 1413 2543 ι).

483 2598 623 2681 Imp.
654 2602 1019 2665 Constantinus
1045 2604 1110 2659 Α.
1163 2604 1233 2659 ad
1275 2602 1565 2660 Maximum
1590 2615 1635 2659 ο.
1677 2603 2018 2662 Judicantem

412 2710 631 2775 Oportet
650 2710 845 2759 cuncta
874 2699 1061 2757 rimari
1089 2708 1144 2755 et
1167 2698 1413 2754 ordinem
1444 2714 1623 2755 rerum
1658 2700 1813 2770 plena
1843 2700 2021 2771 inqui-

398 2797 612 2853 sitione
637 2795 935 2863 discutere,
987 2792 1355 2864 interrogandi
1404 2808 1467 2848 ac
1518 2794 1854 2865 proponendi
1885 2794 2022 2867 adji-

412 2889 700 2960 ciendique
726 2885 753 2925 ἀ
783 2885 1039 2959 patientia
1068 2886 1292 2956 praedita
1318 2886 1386 2941 ab
1411 2901 1477 2942 eo
1511 2896 1533 2924 ο
1561 2905 1575 2942 :
1608 2896 1686 2953 ut,
1738 2888 1829 2943 ubi
1879 2888 2022 2945 actio

412 2981 648 3053 partiam
681 2977 700 3018 ί
749 2980 974 3035 limitata
1000 2988 1025 3027 ϐ
1052 2980 1123 3035 sit
1143 2977 1194 3047 ιλ,
1237 2980 1614 3037 contentiones
1657 2997 1765 3038 non
1793 2997 2024 3039 occursu

410 3075 632 3149 judicis,
663 3073 757 3130 sed
787 3073 1038 3130 satietate
1064 3073 1439 3129 altercandum
1481 3084 1653 3131 metas
1676 3089 2021 3147 compresse-

2120 1857 2280 1925 Eum,
2300 1858 2392 1932 qui
2412 1860 2590 1916 sciens
2608 1859 2812 1931 judicio
2834 1860 3028 1917 adesse
3051 1861 3367 1934 neglexerit,
3386 1868 3736 1917 utcontuma-

2119 1966 2240 2008 cem
2284 1952 2447 2009 index
2490 1953 2791 2010 mulctabit.
2852 1953 2977 2010 Dat.
3027 1954 3096 2010 X.
3149 1953 3276 2010 Kal.
3317 1952 3447 2011 Jun.
3498 1953 3735 2023 Sirmio,

2118 2043 2384 2102 Prabiana
2411 2056 2458 2102 et
2484 2045 2701 2104 Iuliana
2723 2045 2869 2104 Cass.
2922 2047 3097 2133 (δαὶ).
3312 2040 3315 2047 ’

2632 2202 2701 2243 ne
2723 2182 3233 2246 nrnunomnus.

2195 2317 2704 2394 Imp.Constantintts
2726 2323 2788 2378 Α.
2818 2323 2886 2379 ad
2900 2322 3207 2380 Maximum.
3219 2364 3255 2379 ..
3274 2322 3406 2380 Post
3416 2325 3523 2380 alia
3535 2324 3738 2382 :Nemo

2120 2416 2175 2471 in
2197 2417 2524 2474 refutatione
2544 2417 2743 2489 aliquid
2785 2427 3064 2490 congerat,
3087 2418 3231 2490 quod
3273 2432 3517 2476 asserere
3550 2420 3735 2477 inten-

2123 2508 2271 2566 tione
2293 2511 2589 2581 neglexerit
2612 2517 2658 2566 ³.
2682 2510 2837 2580 Quod
2859 2510 3074 2583 quidem
3097 2525 3242 2583 saepe
3264 2510 3326 2567 ﬁt
3346 2512 3632 2579 industria,
3656 2512 3734 2582 si,

2120 2600 2263 2672 quod
2290 2602 2413 2673 quis
2436 2602 2650 2672 probari
2693 2616 2850 2673 posse
2871 2603 3144 2672 deSperet,
3171 2603 3222 2657 in
3248 2604 3501 2674 praesenti
3523 2604 3738 2676 discep-

2122 2693 2325 2750 tatione
2364 2694 2700 2763 dissimulet,
2742 2702 2955 2761 certus,
2980 2711 3039 2751 se
3080 2710 3201 2751 esse
3239 2695 3667 2766 revincendum,
3690 2697 3734 2753 si

2123 2787 2490 2843 commentitia
2530 2794 2586 2842 et
2611 2786 2734 2843 ficta
2771 2788 3119 2858 suggesserit.
3163 2786 3394 2859 Propter
3431 2787 3579 2860 quod
3617 2789 3732 2861 cogi

2123 2882 2285 2938 etiam
2305 2882 2548 2953 singulos
2568 2881 2837 2950 oportebit
2859 2880 2927 2937 ad
2951 2878 3275 2955 proferenda
3297 2881 3351 2937 in
3382 2881 3591 2953 judicio
3615 2882 3732 2938 uui-

2200 3078 2225 3106 λ
2256 3067 2359 3125 Gn.
2389 3068 2477 3125 Ri.
2506 3067 2570 3124 Ri
2598 3073 2639 3124 ’.
2672 3068 2884 3141 indiget.
2940 3067 2993 3123 In
3042 3067 3178 3126 Cod.
3234 3066 3374 3125 Just.
3424 3067 3542 3126 haec
3572 3084 3625 3127 c.
3664 3068 3739 3127 ita

412 3140 525 3225 rint
551 3167 596 3238 ί,
618 3140 828 3238 saepius
878 3167 1206 3237 requiratur.
1256 3175 1321 3222 ει·
1359 3166 1549 3223 crebra
1599 3140 2022 3240 interrosalione
2050 3140 3740 3240 (1ΕΨΕΨΕΞέέίέίθθὲῨῙΤΒῩἾΞῘῘΞἾΞΤΫῙῖίηὲἶέέίξῖλέξέἷξέῗξα

409 3263 609 3336 judicis
662 3262 1075 3334 frequenteturi
1107 3304 1124 3330 ,
1175 3277 1304 3318 num
1326 3259 1354 3299 ιι
1385 3262 1512 3334 quid
1563 3264 1687 3319 novi
1714 3262 1733 3303 1
1762 3266 2024 3336 resideat,

416 3357 560 3431 quod
582 3358 794 3414 annecti
821 3354 1233 3427 allegationibus
1256 3356 1309 3410 in
1327 3355 1607 3427 judiciaria
1624 3358 1970 3416 contentione
1982 3369 2022 3398 ω

416 3452 740 3509 conveniat?
784 3466 908 3507 cum
960 3450 1025 3505 ad
1070 3459 1098 3486 ιι
1155 3450 1474 3506 alterutrum
1508 3460 1533 3488 ο
1583 3452 1687 3510 hoc
1738 3454 2021 3524 proﬁciat,

416 3546 535 3601 sive
560 3542 865 3601 deﬁnienda
899 3544 971 3598 sit
998 3557 1188 3597 caussa
1214 3558 1312 3614 per
1345 3542 1609 3615 judicem,
1659 3547 1773 3602 sive
1803 3547 1867 3602 ad
1897 3562 2023 3602 nos-

413 3648 554 3696 tram
598 3637 880 3695 scientiam
911 3635 1193 3693 referenda
1218 3644 1264 3691 P.
1294 3636 1404 3694 Nec
1431 3638 1499 3696 ad
1527 3655 1626 3695 nos
1656 3641 1898 3697 mittatur
1923 3641 2023 3697 ali-

489 3785 515 3814 ει
547 3775 610 3832 11
637 3773 757 3830 Acut
776 3801 848 3814 ——
876 3770 1099 3839 Crispoti
1128 3781 1175 3827 et
1196 3768 1623 3828 Constantiniana
1654 3774 1699 3829 Il
1722 3791 1772 3828 α.
1813 3775 1915 3831 G0.
1950 3807 2021 3816 —

414 3848 514 3904 Be.
543 3862 652 3904 om.
684 3861 882 3901 annum
913 3851 1033 3914 post
1057 3843 1309 3914 Serdicae.
1343 3844 1505 3900 Fabr.
1540 3845 1788 3900 Serdicw.
1820 3848 1881 3900 A.
1912 3844 2015 3902 CC.

413 3919 632 4001 VIII:-
658 3917 723 3973 ll.
760 3912 1105 4001 (ριιιζϐίεδε.)
1149 3912 1293 3970 Cass.
1342 3920 1469 3972 Aur.
1509 3917 1677 3989 Lugd.
1719 3916 2019 3974 Constantio

412 4006 514 4063 pro
539 3989 896 4046 Constantino.

486 4062 515 4101 ιι
549 4066 677 4142 aur.
708 4060 891 4142 Lugd;
916 4060 1073 4142 igniti.
1105 4057 1399 4142 Iudicibus.

443 4133 695 4274 ὀὦςιιωί
719 4130 811 4203 Pr;
845 4131 911 4187 U.
943 4131 1064 4187 Vid.
1095 4145 1146 4186 c.
1182 4130 1291 4187 lC.
1327 4130 1428 4186 Th.
1459 4131 1529 4188 de
1556 4130 1818 4203 Respons.
1858 4133 2013 4205 prud.

469 4247 484 4269 ,
601 4219 669 4259 no
703 4247 710 4256 .
747 4221 794 4259 θ.

469 4247 484 4269 ,
509 4212 569 4269 4-)
601 4212 710 4259 not.
747 4221 794 4259 θ.

416 4204 484 4278 (1,
509 4205 569 4274 ὦ)
601 4212 710 4259 not.
747 4221 794 4259 θ.

488 4272 515 4313 ά
548 4276 638 4342 10,
673 4275 741 4329 18
769 4284 858 4327 aut
881 4290 963 4344 pr.
986 4272 1379 4344 adhibendique.

491 4356 515 4383 ο
547 4345 603 4409 6,
634 4348 689 4409 7,
725 4346 792 4400 14
820 4346 1036 4414 probita.
1059 4347 1131 4399 ’55
1150 4361 1257 4399 om.
1287 4346 1351 4399 ab
1377 4345 1747 4401 eo—limitata.

492 4416 513 4455 τ
548 4419 639 4479 19.
670 4417 743 4473 20
788 4428 842 4470 ut
889 4417 1106 4484 abjectia
1144 4434 1196 4484 p.
1228 4415 1329 4472 G0.
1364 4417 1450 4471 Ri.
1504 4417 1631 4472 Ri'.
1686 4418 1816 4475 Ben.
1876 4419 2010 4478 Lev.

417 4487 569 4547 Grut.
603 4489 692 4543 ibi.
715 4487 816 4544 ϐο.
841 4486 1002 4542 scribi
1033 4487 1147 4541 vult
1173 4497 1220 4541 et
1240 4486 1327 4542 ibi.

492 4572 515 4609 ε
550 4560 697 4615 Sich.
733 4560 783 4614 iu
818 4575 889 4612 m.
917 4558 1112 4612 limata.

491 4632 519 4669 ιι
552 4633 620 4689 15
651 4631 774 4708 add.
806 4640 873 4695 et,
907 4646 1012 4683 non
1044 4629 1202 4684 male.
1218 4629 1426 4708 (ἳγςμξῇ.Δ
1436 4632 1612 4708 fuerit,
1638 4640 1702 4687 et.
1729 4632 1817 4689 W.
1853 4649 2013 4708 prop.

422 4714 468 4759 et
500 4707 961 4759 cantentioncsnau
991 4718 1231 4755 occursus
1255 4702 1475 4770 judicis,
1507 4705 1598 4758 sed
1618 4708 1825 4761 satietas
1855 4702 2011 4763 alter-

422 4782 650 4830 cnntium
704 4776 757 4827 in
808 4782 967 4846 metas
989 4775 1384 4846 ﬁcantpresserit,
1415 4785 1505 4829 aut
1535 4776 1858 4846 ejiciendum
1892 4794 2015 4836 esse

421 4856 571 4917 putat
604 4854 780 4899 uictas.
813 4843 920 4917 Sed
946 4843 1091 4917 nihil
1114 4845 1423 4899 mutandum
1457 4854 1558 4901 est.

510 4928 527 4955 ι
562 4919 655 4972 20.
688 4917 832 4971 Sicln.
858 4914 980 4968 add.
1017 4916 1092 4968 vel
1115 4919 1538 4985 contempserint,
1586 4919 1701 4975 sed.
1751 4919 1901 4980 Sich.
1957 4922 2010 4978 in

419 5003 508 5065 nt._
531 4988 1195 5065 drrepsit‘iitcontegtum
1248 4988 1477 5065 aliunde.
1522 4990 1590 5046 19
1640 4995 2007 5065 compresserit.

494 5061 508 5110 i
547 5056 713 5141 ﬁ—8,
748 5058 836 5126 10,
870 5056 1079 5113 16--18
1117 5056 1914 5134 requirantur—frequentemur.
1947 5066 2013 5122 M

418 5140 697 5240 reqkuirant.
1055 5198 1066 5211 '
1355 5202 1368 5215 .

524 5202 605 5282 _$,
640 5200 726 5282 10,
764 5200 854 5257 90.
1013 5197 1168 5282 Stch._
1192 5210 1250 5282 et
1270 5199 1391 5282 Cu):
1544 5206 1670 5282 Aur.
1726 5206 1895 5282 Lugd.
1927 5224 2012 5274 ne,

418 5275 612 5346 probb.
658 5274 758 5329 ϐο.
803 5282 859 5328 et
902 5272 1024 5337 RL;
1074 5271 1170 5328 sed
1209 5271 1412 5345 Cujﬁi.
1445 5276 1575 5332 Aur.
1614 5271 1890 5348 Lugdfin
1939 5271 2011 5335 ιιι.

419 5363 565 5401 num.
2029 5362 2035 5368 ’

492 5414 510 5456 ι
545 5417 599 5481 6,
634 5417 685 5481 7,
720 5415 786 5471 16
814 5415 976 5469 nobis.
1010 5414 1077 5470 10
1098 5420 1242 5471 naue.
1280 5420 1347 5475 18
1376 5436 1559 5474 novere
1587 5420 1782 5476 sedeat.

448 5560 460 5573 .
486 5499 525 5525 ιιι
558 5488 623 5544 19
637 5488 763 5561 jud,
786 5486 1100 5542 discussione
1124 5506 1172 5543 c.
1203 5488 1295 5558 20,
1338 5491 1486 5548 Siclt.
1523 5502 1657 5548 cont.
1698 5495 1776 5549 vel
1810 5493 2009 5551 discus-

414 5577 555 5616 atoue
578 5577 671 5613 COli
681 5577 725 5612 υ.

488 5640 514 5667 υ
550 5631 613 5684 15
646 5629 728 5684 Ne
757 5629 844 5683 ad.
874 5627 1053 5696 -19,
1081 5629 1172 5700 20,
1204 5632 1276 5689 55
1303 5648 1412 5689 om.
1436 5636 1523 5691 ad.

489 5711 514 5736 ο
542 5701 616 5775 βξ
639 5702 1176 5775 αιφγυινοῖμηιιᾼυιυ.
1196 5702 1367 5775 Lugd.
1397 5708 1634 5765 alterum.

484 5781 513 5822 Ρ
538 5770 610 5827 20
638 5771 761 5826 add.
790 5783 851 5825 et.
879 5771 998 5828 Mox
1021 5770 1093 5830 20
1120 5770 1456 5848 referendam.

2035 4574 2092 4639 1)
2135 4641 2143 4643 Α
2194 4572 2207 4622 i
2247 4572 2319 4627 [tn
2345 4575 2398 4639 8,
2424 4572 2480 4641 9,
2502 4571 2595 4642 ω,
2634 4573 2747 4643 alii,
2776 4574 2929 4633 Sich.
2961 4575 3035 4632 Cu

2128 3214 2316 3283 inquis.
2348 3212 2561 3282 discut.,
2587 3223 2634 3268 et
2660 3212 2780 3268 tunc
2825 3222 3092 3283 utramque
3142 3223 3338 3285 partem
3364 3215 3557 3283 stepius
3579 3212 3739 3270 inter-

2128 3301 2312 3357 rogare
2356 3302 2374 3340 :
2417 3303 2537 3357 num
2586 3285 2709 3356 quid
2756 3285 2874 3339 navi
2911 3286 3100 3339 addere
3154 3285 3450 3339 desideret?
3494 3301 3618 3341 cum
3646 3288 3742 3342 hoc

2128 3358 2299 3427 ipsum
2327 3357 2395 3411 ad
2420 3356 2720 3412 alterutram
2750 3364 2946 3428 partem
2992 3356 3251 3428 proﬁciat,
3299 3357 3401 3411 siue
3439 3359 3743 3426 deﬁnienda

2129 3445 2314 3483 caussa
2342 3446 2433 3512 per
2422 3428 2703 3555 d’udicem,
2748 3427 2858 3507 sive
2887 3427 2955 3482 ad
2997 3427 3246 3496 majorem
3273 3438 3574 3500 potestatem
3603 3434 3744 3504 refe-

2129 3500 2290 3554 renda
2315 3510 2399 3555 sit.
2471 3500 2509 3554 Γ.
2545 3499 2769 3555 Dirksen
2792 3499 2828 3552 l.
2862 3514 2912 3554 c.
2944 3516 2997 3555 ι).
3030 3500 3157 3555 408.

2128 3515 2290 3554 renda
2315 3515 2399 3555 su.
2422 3515 2509 3555 UI.
2545 3515 2769 3555 Ull‘KSen
2792 3515 2828 3552 1.
2862 3515 2912 3554 οο
2944 3516 2997 3555 Ι).
3030 3515 3157 3555 ὦυδ.

2198 3516 2290 3554 νιαα
2315 3516 2399 3555 su.
2422 3516 2509 3556 ω.
2545 3516 2769 3555 Uirxsen
2792 3516 2828 3552 ι.
2862 3516 2912 3554 c.
2944 3516 2997 3570 p.
3030 3516 3157 3555 sua.

2198 3570 2227 3609 b
2256 3570 2463 3644 l9_,_20_,
2494 3572 2644 3627 Sicli.
2670 3571 2786 3644 Cuj.
2814 3571 2866 3625 1.
2897 3573 3030 3644 Aur.
3074 3570 3250 3644 Lugd.
3273 3568 3433 3638 IIII,
3463 3572 3560 3628 sed
3585 3572 3741 3630 Sich.

2129 3644 2183 3716 in
2207 3658 2280 3697 In.
2306 3640 2392 3716 II:
2418 3642 2648 3716 Prid._et
2670 3642 2875 3716 Cnsz
2896 3643 3043 3716 Aur.
3072 3640 3242 3716 Lugd.
3269 3645 3323 3700 in
3354 3660 3429 3699 ut.
3464 3644 3609 3716 prid.
3648 3644 3742 3716 36,

2124 3713 2196 3771 40
2217 3730 2326 3770 om.
2355 3714 2481 3769 Dat.
2512 3714 2648 3781 prid.
2678 3711 2768 3767 Id.
2785 3712 2857 3769 26
2884 3711 3004 3768 III.

2202 3798 2223 3825 ο
2258 3785 2347 3853 15,
2374 3785 2468 3853 24,
2500 3786 2570 3841 55
2592 3783 2696 3840 Ital.

2196 3855 2329 3929 {ita
2348 3858 2468 3929 sive
2505 3857 2713 3929 Syrmia
2758 3855 2920 3912 codd.
2951 3866 3007 3929 et
3044 3857 3171 3929 edd.
3202 3857 3501 3916 Sict—Ri
3524 3861 3604 3929 ‘.;
3640 3861 3740 3919 Be.

2124 3937 2180 3985 et
2198 3927 2290 3985 W.
2330 3927 2621 3985 Sirmiiﬂt
2647 3927 2913 3984 Remedia.
2944 3928 3016 3985 55
3046 3928 3199 3985 Iiam.

2199 4012 2222 4038 ο
2255 4000 2343 4068 10,
2376 4000 2443 4055 18
2474 3998 2559 4054 Cr.
2585 3998 2704 4053 IlI.

2202 4072 2220 4109 τ
2257 4071 2404 4126 Multi
2439 4070 2594 4127 codd.
2632 4068 2955 4127 Constantia.

2196 4153 2221 4187 κ
2244 4143 2308 4218 9,
2341 4144 2395 4218 ἶ,
2428 4144 2516 4218 10,
2561 4142 2927 4218 ,1.6,-18,ΔΤῙΙ.
2954 4143 3078 4200 add.
3118 4138 3241 4218 γῑζ.
3290 4144 3395 4203 CC.
3440 4156 3496 4204 et
3522 4147 3617 4216 27,
3645 4150 3738 4218 58,

2121 4213 2310 4338 λέξων.
2340 4212 2401 4270 C.
2423 4213 2516 4285 24,
2546 4212 2618 4271 40
2645 4212 2747 4273 CC.
2782 4214 2927 4274 Cass.
2958 4232 3057 4288 pro
3082 4217 3144 4273 II
3178 4216 3323 4275 Cass.
3356 4218 3486 4291 ch.
3517 4212 3739 4278 ιιζεςζ

2144 4302 2267 4341 ιοδε.

2199 4354 2225 4394 ιι
2254 4357 2397 4434 Cod1
2414 4357 2548 4434 Just.
2577 4356 2777 4416 Licinia
2813 4357 2877 4416 V.
2903 4369 2950 4415 et
2979 4358 3161 4434 Crispo
3186 4359 3359 4432 Cass.,
3385 4372 3445 4420 ut
3468 4362 3740 4423 referatur

2119 4427 2186 4483 ad
2211 4444 2336 4484 ann.
2368 4430 2493 4487 518.

2199 4499 2214 4539 ί
2247 4501 2318 4557 20
2345 4518 2425 4556 ne.

2194 4576 2207 4622 i
2247 4576 2319 4627 [tn
2345 4576 2398 4639 8,
2424 4576 2480 4641 9,
2502 4576 2595 4642 η,
2634 4576 2747 4643 alii,
2776 4576 2929 4633 Sich.
2961 4576 3079 4632 Cu'.
3116 4576 3342 4650 l—Cuj.
3365 4577 3463 4634 2‘.
3494 4577 3569 4637 43
3596 4581 3732 4654 ipse.

2119 4641 2173 4711 6,
2192 4643 2494 4730 ‘_7,A20,‘alii
2525 4646 2682 4730 codd.
2713 4656 2766 4702 ct
2795 4648 2896 4705 Go.
2922 4646 3007 4703 Ri.
3039 4594 3109 4704 ili
3133 4652 3174 4705 ‘.
3197 4651 3346 4724 ipsis.

2192 4713 2215 4791 ξ
2372 4717 2519 4791 Sich.
2542 4718 2730 4791 sijam.

2195 4783 2497 4868 ll’leriqne
2539 4783 2721 4868 ctidd”
2770 4790 2919 4848 Sich.
2970 4791 3178 4868 Cttst
3227 4797 3361 4850 Aur.
3409 4792 3582 4867 Lugd.
3611 4796 3732 4868 jam

2120 4857 2254 4945 (om.
2286 4857 2426 4945 nillil
2445 4862 2691 4945 amplius)
2722 4874 2985 4945 cantanan
3021 4857 3140 4918 lt'ab.
3188 4882 3239 4933 q.
3265 4857 3564 4937 proponant
3590 4857 3729 4942 (om.

2122 4941 2169 4984 et
2192 4940 2294 5006 tam
2322 4931 2412 5006 diu
2435 4935 2574 5006 actia
2604 4933 2892 5006 ventiletur)
2920 4953 2930 4987 :
2965 4952 3063 5006 quo
3091 4931 3268 5004 usque.

2176 5002 2323 5083 mdia
2344 5003 2497 5083 6,_7_;
2519 5002 2564 5083 _8
2593 5021 2658 5083 v._
2682 5002 2990 5083 invenietur;
3024 5007 3111 5074 10,
3148 5002 3215 5083 18
3242 5008 3455 5083 inuenit,
3497 5010 3590 5083 alii
3614 5029 3735 5083 per-

2119 5074 2345 5152 uenitur.
2384 5074 2531 5152 Multi
2562 5076 2719 5131 codd.
2748 5087 2801 5131 et
2826 5077 2950 5133 edd.
2990 5080 3331 5151 perveniatur.
3360 5074 3481 5152 Cu}.
3509 5081 3562 5137 1.
3594 5074 3731 5140 Aur.

2126 5143 2819 5274 Luna-"stram-

2393 5234 2408 5271 l
2578 5258 2590 5271 .
2674 5238 2711 5274 ι.

2393 5234 2590 5273 ιεοαιι.
2625 5234 2711 5274 δι.

2198 5296 2221 5323 ο
2250 5286 2426 5365 Euan.
2462 5289 2618 5365 codd.
2649 5291 2889 5365 exigitur,
2911 5290 3001 5347 alii
3026 5293 3258 5365 exigerit.

2195 5367 2222 5408 Ρ
2253 5358 2428 5436 genu.
2462 5358 3168 5436 Codd.,ref'eratur—datu'r.

2191 5436 2219 5477 (Ι
2251 5430 2409 5505 Sicli.
2429 5435 2710 5505 suggessia,
2725 5430 2852 5490 'err.
3322 5488 3325 5491 .

2191 5510 2228 5583 τ.
2259 5503 2506 5583 Dignith
2526 5503 2678 5583 deest
2704 5507 2756 5583 in
2780 5506 2909 5583 god.
2934 5506 3072 5583 Just.
3098 5506 3200 5565 Go.
3231 5508 3357 5567 add.
3392 5511 3506 5566 vult
3530 5508 3597 5565 P.
3638 5512 3729 5583 V.,

2115 5574 2268 5661 prob.
2314 5576 2408 5661 B'e.
2438 5576 2518 5631 Ci.
2550 5591 2599 5631 c.
2791 5577 2893 5661 Tli.
2924 5580 2993 5635 de
3034 5581 3325 5661 lleSponsis
3350 5583 3507 5655 prud.
3535 5583 3610 5659 (Ι,
3637 5574 3729 5659 4);

2112 5653 2225 5701 not.
2258 5664 2304 5721 ᾳ.
2340 5648 2607 5721 Lacunam
2643 5648 2872 5721 indicavi
2906 5654 3137 5721 punctis.

2185 5726 2209 5755 ³
2251 5718 2427 5775 Mcnd.
2479 5719 2577 5775 Go.
2621 5718 2971 5792 neglexerat-it.
3015 5724 3181 5780 idem.
3224 5742 3352 5782 ann.
3381 5743 3394 5781 :
3424 5746 3444 5781 ι
3480 5726 3540 5785 Id
3566 5730 3732 5788 estin

2110 5789 2497 5864 disceptatione,
2521 5800 2580 5849 ut
2608 5789 2735 5849 mox
2763 5792 2977 5864 dicitur,
3007 5810 3104 5852 seu
3131 5797 3183 5851 in
3214 5798 3441 5866 judicia.
3480 5818 3502 5853 ι
