3948 6310
239 267 344 326 209

239 478 284 536 si
313 478 534 534 maritos
560 477 640 533 eis
670 487 694 515 ί·
725 488 912 532 natura.
933 519 946 544 ,
990 494 1095 533 non
1127 494 1280 549 ιιωιιὶ]
1309 480 1622 536 subduxerit
1655 479 1715 546 ι);
1742 495 1834 536 ca-

240 570 486 644 pacitatis
503 570 792 642 privilegio
815 571 1065 627 videlicet
1089 581 1144 627 et
1165 572 1324 629 modo
1349 573 1613 644 inspecto,
1631 583 1690 629 ut
1707 589 1836 630 cnn-

239 664 526 732 sideretur,
557 665 683 736 quid
707 679 903 735 capere
948 665 1140 736 potuit.
1174 665 1202 738 §
1235 666 1283 721 1.
1320 677 1341 704 ο
1370 665 1426 723 Si
1449 666 1577 738 quid
1603 668 1763 723 etiam
1783 667 1835 722 in

239 764 603 832 emancipatos
631 761 830 816 liberos
859 768 985 816 ante
1014 769 1228 831 tempus
1260 762 1508 818 criminis
1547 777 1610 817 ac
1656 769 1837 818 reatus

238 863 444 927 patrem
489 853 783 910 contulisse
829 853 1105 920 claruerit,
1152 853 1419 925 integrum
1474 854 1662 910 iisdem
1709 852 1735 891 ά
1784 863 1838 910 et

237 951 364 1009 citra
410 949 834 1021 inquietudinem
871 961 1200 1004 reservetur.
1235 948 1344 1020 §2.
1375 949 1530 1019 Quod
1561 964 1688 1004 vero
1737 963 1838 1005 nec

239 1060 375 1102 uxor
424 1055 449 1082 ι’
492 1060 594 1102 nec
639 1043 964 1115 emancipati
1011 1043 1164 1100 liberi
1214 1047 1489 1115 potuerint
1539 1044 1834 1113 vindicare,

235 1148 447 1210 captum
477 1146 534 1194 et
561 1137 964 1208 incorporatum
993 1136 1067 1192 ita
1102 1135 1121 1176 ί
1151 1137 1218 1192 ad
1250 1153 1336 1194 me
1364 1137 1552 1194 referri
1585 1136 1838 1210 speciali-

234 1242 315 1291 ter
337 1247 564 1302 censeo,
592 1241 651 1289 ut
676 1232 806 1288 illud
836 1247 1051 1304 quoque
1077 1231 1328 1298 addatur,
1361 1243 1540 1288 utrum
1571 1232 1710 1287 ﬁlios
1742 1231 1840 1286 ha-

236 1327 378 1394 beat,
413 1311 511 1398 qui
555 1325 840 1382 damnatus
870 1332 990 1392 est,
1021 1324 1286 1396 simulque
1315 1325 1619 1396 adjiciatur,
1659 1336 1837 1380 utrum

233 1417 390 1476 iidem
416 1429 443 1467 κ
474 1418 621 1492 apud
651 1433 712 1476 se
747 1433 814 1475 ex
840 1432 1003 1474 causa
1028 1417 1338 1474 donationis
1367 1417 1567 1490 aliquid
1595 1417 1836 1474 vindica-

230 1511 354 1567 rint.
404 1509 434 1583 §
478 1511 536 1567 5.
570 1506 601 1548 ιι
631 1509 735 1568 Sed
777 1511 829 1566 in
867 1509 972 1577 his,
1014 1510 1104 1580 qui
1142 1509 1420 1566 ﬁscalibus
1456 1509 1666 1566 actibus
1713 1510 1839 1566 nexi

229 1615 370 1673 sunt,
399 1614 458 1662 et
487 1621 589 1678 pro
614 1606 910 1662 ratiociniis
934 1605 1344 1677 proscribuntur
1387 1614 1443 1661 et
1467 1605 1836 1662 condemnan-

228 1709 314 1758 tur
328 1701 558 1774 placuit,
587 1701 633 1757 si
656 1701 782 1774 quid
811 1702 1086 1772 preprium
1119 1716 1255 1756 uxor
1282 1699 1469 1756 habuit
1498 1698 1512 1738 ί
1550 1700 1635 1755 vel
1666 1715 1695 1754 a
1725 1715 1838 1755 ma-

1336 266 1654 324 DECRETA
1693 267 1782 325 ET
1820 266 2429 327 CONSTITUTIONES.

237 385 360 457 quia
383 380 653 456 pudicitiae
673 382 893 454 prmmio
913 382 1079 440 cessit
1105 361 1440 440 observanda
1455 393 1559 454 est,
1582 394 1834 457 tanquam
1863 387 1917 448 Α

3435 266 3541 325 210

2411 403 2480 443 DE
2511 401 2832 445 PRIVILEGIIS
2853 403 3056 444 εοιιυιι.

2011 477 2152 550 Imp.
2188 478 2552 536 Constantinus
2594 484 2662 537 A.
2711 481 2780 535 ad
2831 480 3036 536 Julium
3064 479 3253 538 Verum
3283 480 3545 536 Vicarium

1939 572 2132 629 Italiw.
2165 573 2419 630 Palatinis
2461 576 2693 644 nostris,
2726 578 2815 649 qui
2848 578 2918 634 ob
2972 586 3269 648 spectatum
3301 577 3544 632 laborem

1939 669 2051 724 otio
2079 667 2262 723 donati
2291 677 2418 724 sunt
2439 711 2451 734 ,
2477 669 2576 724 sub
2604 671 2827 727 obtentu
2852 669 3293 740 pensitationum,
3318 686 3436 742 quae
3457 685 3544 726 re-

1941 761 2259 832 praesentari
2303 771 2662 830 consuerunt,
2706 763 2990 819 tolerantia
3035 779 3321 819 munerum
3364 763 3543 818 sordi-

1937 854 2132 910 dorum
2173 864 2335 926 atque
2377 855 2580 926 indigni
2628 857 2810 913 oneris
2848 855 3203 928 quorumdam
3242 857 3548 913 temeritate

1940 947 2252 1018 imponitur.
2283 947 2434 1016 Quod
2459 947 2687 1017 facinus,
2706 949 2832 1006 licet
2859 950 3106 1018 graviore
3130 965 3285 1021 poena
3308 935 3549 1020 plecten-

1939 1039 2069 1095 dum
2101 1050 2214 1106 cst,
2251 1050 2428 1095 tamen
2452 1042 2524 1096 ita
2559 1041 2808 1097 volumus
2838 1043 3152 1110 emendari,
3203 1052 3261 1098 ut
3311 1043 3549 1115 gravitas

1939 1139 2030 1188 tua
2060 1149 2126 1187 ex
2153 1132 2334 1189 ofﬁcio
2375 1135 2641 1198 rationum
2672 1136 2797 1191 teris
2827 1137 3063 1206 speciem
3097 1136 3362 1206 postulet,
3396 1145 3450 1191 et
3493 1135 3550 1192 in

1943 1224 2154 1280 tabulas
2195 1224 2245 1279 ei
2288 1223 2530 1281 formata:
2561 1233 2587 1262 α
2617 1227 2750 1297 legis
2778 1225 2939 1297 hujus
2996 1227 3178 1297 apices
3236 1228 3550 1297 imprimat,

1941 1328 2020 1384 ut,
2049 1318 2094 1373 si
2123 1318 2248 1389 quid
2277 1318 2380 1374 tale
2403 1319 2724 1396 sustineant,
2749 1319 2814 1374 ad
2837 1334 2929 1375 eas
2956 1319 3121 1386 illico,
3147 1319 3301 1390 quasi
3328 1319 3396 1373 ad
3420 1335 3554 1390 pra:-

1940 1413 2116 1468 sentia
2144 1411 2405 1479 remedia,
2436 1398 2770 1483 perfugiant,
2812 1422 2975 1484 atque
2996 1412 3064 1468 ab
3085 1412 3351 1469 intentato
3381 1429 3552 1469 onere

1940 1504 2261 1560 liberentur.
2294 1503 2402 1560 PP.
2437 1495 2505 1558 Id
2528 1503 2688 1560 Mart.
2722 1503 2906 1574 Crispo
2937 1503 3002 1573 ll,
3035 1515 3080 1560 et
3112 1503 3448 1561 Constantino
3477 1505 3544 1563 ll.

1941 1596 2048 1655 CC.
2073 1597 2219 1654 Cass.
2236 1596 2264 1636 δ
2295 1597 2473 1668 (521).
2822 1601 2827 1605 ⁴

2060 1710 2128 1748 DE
2167 1708 2608 1761 SUSCEPTOBIBUS,
2651 1709 2971 1751 PBEPOSITIS
3010 1712 3077 1752 ΕΤ
3116 1712 3360 1752 ARCARHS
3393 1708 3441 1752 θ.

228 1794 329 1852 rito
366 1793 586 1862 datutn,
615 1795 668 1849 in
699 1803 958 1862 quantum
989 1808 1187 1863 capere
1215 1794 1391 1863 potuit
1419 1796 1432 1844 1
1471 1803 1597 1848 ante
1624 1793 1834 1848 initium
1868 1818 1916 1880 Β
2016 1785 2155 1857 Imp.
2194 1785 2559 1843 Constantinus
2594 1793 2656 1841 A.
2690 1789 2758 1842 ad
2788 1788 3031 1844 Edictum
3060 1786 3108 1843 d.
3143 1790 3200 1847 Si
3231 1806 3388 1861 quem
3430 1807 3551 1846 sus-

230 1896 375 1944 actus
400 1886 452 1953 ‘i,
489 1903 558 1943 ex
581 1903 690 1958 quo
725 1887 874 1957 origo
921 1885 1123 1941 fraudis
1153 1900 1214 1940 ac
1242 1886 1354 1940 vitii
1377 1885 1428 1940 in
1450 1885 1714 1956 judicium
1745 1886 1840 1942 de-

233 1978 386 2034 ducta
418 1987 534 2045 est,
563 1979 606 2033 si
635 1978 762 2050 quid
794 1977 988 2033 deinde
1017 1977 1070 2032 in
1096 1977 1467 2047 emancipatos
1498 1977 1634 2032 tilios
1668 1977 1838 2032 dona-

232 2071 374 2126 tione
412 2070 722 2138 collatum,
770 2079 1058 2140 antequam
1118 2067 1137 2107 ι
1189 2079 1310 2124 orto
1355 2084 1494 2124 nexu
1550 2067 1838 2140 suffugium

233 2164 406 2237 potius
428 2179 596 2235 quam
631 2162 997 2218 munificentia
1035 2161 1287 2232 frausque
1325 2169 1580 2230 tentetur,
1613 2162 1840 2219 inteme-

231 2267 401 2314 ratum
421 2255 572 2328 apud
588 2256 1092 2328 accipientiumjura
1115 2255 1421 2326 persistere;
1444 2258 1840 2328 necquicquam

231 2352 358 2409 ﬁsco
388 2353 443 2408 in
495 2352 741 2424 qualibet
765 2367 924 2408 causa
954 2363 1196 2408 teneatur
1222 2352 1539 2418 obnoxium,
1571 2350 1672 2406 nisi
1699 2348 1841 2421 quod

235 2446 284 2504 in
311 2446 564 2503 dominio
593 2447 832 2518 proprio,
861 2462 982 2501 cum
1007 2445 1230 2516 obligari
1258 2453 1410 2500 ortus
1430 2454 1535 2510 est,
1569 2445 1756 2499 habuit
1776 2454 1838 2513 ω,

235 2541 316 2598 vel
345 2541 494 2612 quod
535 2556 703 2610 agens
731 2550 758 2577 ιι
789 2551 898 2596 tam
935 2556 1032 2595 suo
1057 2555 1218 2612 quam
1262 2540 1445 2594 uxoris
1485 2539 1570 2595 vel
1609 2538 1840 2594 liliorum

238 2637 317 2692 vel
335 2636 733 2706 cujuscumque
754 2645 1012 2704 praeterea
1031 2635 1248 2689 nomine
1263 2633 1645 2703 comparavitO.
1679 2631 1706 2704 §
1732 2633 1787 2687 4.
1814 2642 1841 2681 ι)

237 2727 493 2800 Exceptis
543 2727 802 2784 duntaxat
844 2726 1165 2782 Caesarianis
1189 2736 1240 2792 (ι,
1276 2724 1367 2796 qui
1411 2728 1479 2779 ab
1523 2725 1670 2779 omni
1703 2723 1843 2794 juris

240 2824 501 2881 beneﬁcio
539 2821 898 2878 excluduntur
927 2833 974 2888 τ,
1013 2820 1113 2876 nisi
1146 2821 1366 2891 probata
1397 2834 1428 2872 a
1460 2833 1546 2874 me
1588 2826 1840 2888 purgata-

240 2933 341 2990 que
364 2915 661 2973 ratiocinia
697 2915 915 2980 fuerint,
950 2924 1028 2981 ut,
1057 2913 1199 2985 quod
1232 2913 1450 2969 innoxie
1479 2920 1500 2946 ³
1533 2911 1839 2977 habuerint,

241 3007 647 3066 transmittendi
666 3009 875 3079 copiam
901 3007 1154 3063 habeant.
1175 3005 1299 3060 Dat.
1327 3005 1411 3060 Ill.
1427 3006 1532 3059 kal.
1555 3003 1844 3060 Mart.Ser-

242 3102 405 3170 dica‘,
430 3099 622 3172 Crispo
637 3099 701 3156 ΙΙ.
729 3109 778 3156 et
794 3098 1134 3156 Constantino
1155 3098 1220 3154 ll.
1249 3096 1422 3154 Cuess.
1457 3103 1602 3152 Loss.
1631 3097 1840 3170 (521)“.

309 3268 336 3296 “
363 3274 414 3315 c.
437 3259 513 3312 24
534 3256 669 3312 Cod.
693 3256 828 3313 Just.
849 3257 944 3313 cit.
971 3255 1286 3311 observanda
1302 3254 1681 3310 sit—maritum
1709 3256 1840 3324 ejus.
1870 3221 1916 3286 C

307 3329 335 3370 ³³
356 3345 403 3386 c.
431 3329 512 3386 24
539 3328 671 3384 ϐοά.
715 3328 854 3384 Just.
899 3330 994 3384 cit.
1025 3327 1342 3382 subduxerit.
1377 3325 1474 3381 Sin
1518 3336 1687 3380 autem
1713 3343 1848 3397 aqua

244 3413 288 3458 et
310 3403 414 3475 igni
441 3404 492 3458 ei
520 3402 846 3456 interdictum
865 3403 983 3466 erit,
1011 3401 1088 3454 vel
1115 3398 1402 3475 deportatio
1430 3397 1572 3475 illata
1595 3440 1608 3461 ,
1639 3413 1739 3475 non
1762 3408 1846 3452 ta-

245 3469 350 3528 men
377 3491 522 3530 mors
544 3489 608 3528 ea:
631 3489 778 3544 paena
804 3475 1103 3526 subsecuta:
1129 3469 1427 3524 denationes
1453 3487 1486 3523 a
1509 3469 1616 3522 viro
1641 3470 1695 3544 in
1715 3485 1848 3524 uxo-

242 3561 343 3601 rem
375 3546 618 3609 collatae,
669 3545 837 3598 adhuc
884 3544 937 3598 in
993 3544 1233 3611 pendenti
1277 3551 1516 3595 maneant
1547 3556 1565 3594 :
1593 3543 1710 3610 quia
1758 3557 1847 3594 nec

244 3618 628 3672 matrimonium
651 3618 704 3670 in
735 3617 1028 3689 hujusmodi
1059 3613 1258 3668 casibus
1285 3613 1601 3674 dissolvitur,
1625 3613 1697 3666 ita
1723 3613 1848 3689 utsi

245 3704 395 3760 usque
413 3689 484 3744 ad
513 3692 632 3744 vitae
657 3705 766 3742 sua:
790 3686 988 3757 ientpus
1027 3689 1238 3760 maritus
1272 3702 1356 3739 eas
1385 3701 1485 3737 non
1507 3686 1843 3760 revocaverit,

246 3755 495 3816 ex'morte
525 3762 638 3833 ejus
661 3755 1031 3827 confirmentur
1051 3759 1220 3833 :_ﬁsco
1244 3769 1418 3833 nostra
1447 3756 1515 3807 ad
1543 3755 1743 3809 easdem
1767 3771 1848 3810 res

247 3834 436 3887 nullam
461 3835 520 3887 in
547 3829 808 3903 posterum
833 3831 1234 3903 conniiuttioiieitt
1264 3829 1520 3903 habituro.

317 3905 505 3976 °_ﬂinc
530 3899 618 3959 inc
641 3901 694 3976 §.
728 3904 751 3958 1
785 3919 837 3976 c.
859 3901 902 3976 9_
918 3899 1052 3956 Cod.
1081 3900 1347 3976 Justueit.

314 3974 341 4015 ἀ
361 3983 395 4034 4
422 3976 534 4033 Til.
559 3968 759 4032 —Bi‘.
786 3974 1002 4030 hisdem.
1054 3988 1102 4028 c.
1145 3973 1178 4030 9
1204 3971 1342 4028 Cod.
1369 3970 1508 4027 Just.
1537 3969 1635 4026 cit.
1667 3968 1848 4024 iisdem

249 4047 389 4104 citra.

321 4130 343 4159 ε
365 4121 486 4177 Fol.
521 4119 592 4175 62
613 4129 640 4158 ει
668 4118 792 4174 cod.
819 4119 876 4174 4.
1779 4161 1786 4170 .

321 4194 341 4230 τ
370 4209 421 4249 c.
451 4192 487 4249 9
507 4191 644 4246 ϐοά.
672 4190 811 4245 Just.
836 4192 930 4244 cit.
963 4199 1166 4261 captum
1191 4205 1222 4240 α
1253 4187 1469 4261 publicis
1496 4185 1726 4261 personis
1752 4185 1846 4261 ita.

319 4273 343 4311 ε
373 4265 426 4331 4,
459 4262 764 4333 Til.—Cuj.
789 4261 867 4316 2‘.
913 4262 997 4317 lii.
1024 4256 1138 4316 ΒΓ.
1169 4256 1324 4314 idem.
1368 4259 1466 4314 ϐο.
1498 4259 1636 4325 item,
1671 4257 1766 4312 sed
1793 4256 1848 4312 itt

253 4344 358 4391 nol.
381 4338 560 4392 iidem.

319 4405 348 4446 ιι
375 4410 514 4464 Hinc
542 4409 646 4462 inc.
676 4407 704 4479 §
734 4405 769 4460 2
791 4420 838 4460 c.
861 4406 901 4479 79
925 4402 1063 4479 ϐοά.
1093 4402 1232 4459 Just.
1259 4403 1354 4458 cit.

327 4480 342 4518 ί
372 4497 420 4536 c.
446 4482 481 4536 9
513 4479 648 4535 Cod.
677 4476 818 4534 Just.
845 4476 1095 4532 habuerit.

325 4564 338 4603 ι
374 4554 431 4608 In
457 4552 594 4607 Cod.
622 4550 761 4607 Just.
800 4551 851 4613 1,
881 4565 929 4604 c.
957 4563 1064 4602 om.
1093 4548 1144 4601 in
1169 4563 1220 4611 ιι.
1249 4562 1296 4599 c.
1329 4562 1382 4615 p.

1945 1889 2219 1952 ceptorem
2243 1882 2508 1938 evertisse
2534 1883 2840 1938 constiterit
2863 1885 3148 1950 rationem,
3176 1895 3230 1940 ct
3254 1885 3321 1939 ad
3342 1886 3559 1941 solven-

1945 1971 2071 2028 dum
2096 1989 2203 2028 non
2226 1989 2348 2030 esse
2373 1973 2648 2038 idoneum,
2678 1989 2890 2031 creator
2911 1977 3030 2046 ejus
3058 1979 3157 2032 hac
3187 1987 3209 2014 ε
3236 1978 3558 2033 necessitate

1947 2074 2215 2133 teneatur,
2241 2077 2319 2135 ut,
2342 2067 2593 2138 quicquid
2616 2068 2708 2123 ille
2727 2067 3062 2139 dilapidat'it,
3092 2070 3207 2140 ipse
3231 2069 3299 2125 de
3327 2072 3558 2140 propriis

1944 2158 2108 2216 rebus
2136 2159 2418 2223 instauret,
2453 2161 2918 2232 compellaturque
2959 2161 3214 2217 damnum
3245 2177 3407 2218 omne
3436 2177 3557 2217 sar-

1946 2252 2081 2319 cire,
2110 2251 2252 2322 quod
2287 2251 2308 2290 ί
2346 2262 2493 2308 esset
2533 2253 2762 2320 illatum,
2796 2255 2841 2309 si
2885 2254 2938 2309 in
2977 2253 3184 2308 idoneis
3219 2255 3560 2309 nominandis

1945 2355 2264 2416 competens
2307 2347 2604 2404 adhibitum
2633 2357 2779 2403 esset
2822 2359 2846 2396 ις
2879 2363 3127 2404 etamen.
3161 2347 3282 2403 Dat.
3321 2347 3427 2403 Vll.
3466 2347 3554 2404 Id.

1947 2441 2118 2512 April.
2148 2439 2330 2512 Crispo
2357 2441 2420 2498 Il.
2447 2453 2497 2497 et
2518 2442 2856 2498 Constantino
2883 2443 2944 2498 ll.
2976 2445 3087 2498 ΛΑ.
3125 2441 3150 2481 ιι
3192 2443 3336 2498 Coss.
3383 2444 3558 2518 (524.)

2077 2553 2145 2592 DE
2183 2552 2302 2603 HIS,
2345 2552 2432 2602 QUI
2473 2553 2671 2592 VENIAH
2709 2553 2917 2592 ΑΞΤΑἸῚΒ
2955 2553 3331 2594 IIIPETRARUNT
3373 2538 3417 2592 ί.

2020 2629 2160 2700 Imp.
2204 2626 2574 2684 Constantinus
2601 2631 2666 2684 Α.
2699 2631 2768 2684 ad
2819 2629 3067 2684 Verinum
3093 2633 3139 2684 1.
3167 2628 3369 2686 Omnes
3414 2631 3548 2686 ado-
3607 2679 3616 2686 .

2021 2753 2047 2781 ιι
2076 2743 2177 2800 ϐο.
2219 2760 2325 2821 em.
2367 2744 2670 2813 efformalte.
2711 2745 2840 2802 Mihi
2878 2745 3058 2817 placet
3094 2750 3206 2820 ejus
3245 2745 3361 2821 (sc.
3403 2749 3557 2821 wris)

1949 2820 2182 2888 formate
2212 2815 2357 2888 legis.

2021 2887 2048 2928 b
2069 2888 2189 2965 Cuj.
2227 2887 2434 2965 1Z—Be.
2472 2888 2735 2965 Consulib.
2758 2888 2940 2965 decx
2969 2901 3119 2965 otenu
3135 2891 3303 2962 (corr.
3329 2892 3558 2965 obtentu)

1947 2989 2018 3001 —-
2038 2959 2356 3033 plectendum
2385 2961 2644 3033 ——7iliquo
2670 2991 2741 3002 —
2762 2963 2876 3033 abq.
2910 2965 2972 3016 ab
2996 2964 3090 3017 int.

2025 3043 2046 3070 ε
2078 3030 2112 3084 4
2143 3033 2432 3100 preposilis.
2465 3032 2640 3086 Noun.
2683 3030 2848 3102 codd;
2887 3033 3203 3098 Pronositis,
3237 3034 3324 3088 alii
3355 3035 3553 3088 Archa-

1948 3105 2061 3176 riis.
2089 3103 2209 3176 (iuj.
2239 3104 2294 3169 2,
2327 3105 2384 3157 2'
2423 3104 2476 3158 in
2517 3104 2628 3159 ind.
2680 3107 2761 3158 lit.
2795 3107 3012 3160 arcaris.
3055 3106 3123 3160 '54
3155 3120 3263 3159 om.
3301 3107 3477 3176 Prwp.
3513 3118 3559 3161 et

1950 3175 2074 3230 Arc.
2104 3175 2254 3231 Sich.
2294 3175 2346 3229 in
2381 3192 2452 3229 tu.
2485 3176 2676 3230 indicis
2716 3177 2822 3231 titt.
2862 3177 2987 3231 huic
3017 3177 3153 3232 libro
3191 3177 3393 3247 praeﬁxi
3421 3175 3474 3232 et
3506 3180 3556 3233 in

1951 3263 2025 3300 ιιι.
2051 3247 2278 3301 rubrica:
2315 3247 2474 3316 hujus
2525 3247 2663 3301 tituli
2689 3249 2756 3301 ad
2783 3264 2832 3300 ν.
2864 3247 3170 3311 Prmpositis
3194 3266 3211 3303 :
3232 3261 3278 3302 et
3328 3249 3556 3304 Exacto—

1949 3319 2094 3374 ribus
2125 3328 2170 3372 et
2226 3319 2452 3372 Arcariis
2492 3319 2622 3386 reip.
2681 3319 2734 3372 In
2769 3319 2890 3374 cod.
2935 3320 3006 3374 45
3045 3336 3107 3374 ex
3147 3320 3376 3389 Explan.
3428 3322 3553 3376 add.

1950 3391 2046 3444 hoc
2066 3406 2114 3515 et.
2133 3400 2423 3515 factorum
2447 3389 2664 3460 publica:
2689 3391 2818 3445 citra
2840 3393 3200 3447 conscientiam
3218 3394 3416 3465 judicis
3443 3395 3557 3463 ﬁeri

1950 3479 2053 3515 non
2111 3481 2135 3515 e
2172 3479 2272 3515 ere.

1949 3479 2053 3517 non
2074 3479 2272 3517 ηεσενε.

2021 3530 2047 3570 (³
2074 3533 2234 3588 Reiu.
2257 3549 2384 3588 ann.
2413 3549 2426 3586 :
2457 3533 2494 3588 ι.
2514 3533 2581 3587 ad
2611 3532 2879 3588 Ecdicium
2908 3551 2928 3588 :
2955 3535 3032 3589 vel
3059 3533 3290 3590 Ecducu.
3325 3551 3344 3590 :
3392 3535 3456 3590 ν.
3488 3537 3556 3588 ad

1951 3604 1988 3658 ι.
2027 3605 2080 3658 2.
2113 3606 2174 3677 (1.
2209 3607 2286 3675 5.}
2321 3606 2383 3659 de
2410 3608 2671 3659 extraord.
2705 3616 2751 3659 et
2776 3607 2918 3662 sord.
2943 3623 3141 3662 muner.
3187 3607 3307 3661 Viti.
3333 3623 3382 3663 c.
3433 3607 3556 3662 '5dc

1954 3677 2238 3803 Exltrbaord.
2298 3692 2345 3732 s.
2399 3677 2546 3732 sord.
2589 3693 2802 3734 muner.
2831 3677 2964 3751 -(Xl,
3014 3679 3108 3750 16)
3151 3688 3207 3736 et
3255 3678 3321 3746 V,
3360 3679 3449 3744 14,
3499 3680 3552 3744 1,

1954 3763 2020 3803 uo
2109 3791 2121 3803 .

1949 3759 2044 3804 llOl
2071 3759 2121 3803 ο.

2027 3830 2051 3893 ξ
2078 3824 2109 3893 4
2135 3839 2216 3890 ac,
2249 3823 2416 3878 rubro
2443 3823 2547 3878 col.
2575 3820 2700 3876 add.
2734 3821 2767 3874 h
2796 3837 2944 3893 supr.
2978 3841 3030 3877 a.

2028 3889 2048 3929 ί
2078 3891 2180 3949 ϐο.
2203 3889 2326 3949 addi
2349 3895 2458 3948 vult
2483 3902 2576 3949 aut
2605 3910 2705 3946 non
2727 3902 2819 3949 aut
2840 3889 3006 3950 rescr.
3028 3893 3263 3948 dilatum.
3293 3893 3426 3950 Illud
3448 3893 3550 3950 Gn.

1951 3964 2191 4033 prtefert,
2227 3966 2418 4035 probat
2449 3967 2541 4020 Be.
2573 3975 2626 4019 et
2654 3980 2775 4035 ego.

2027 4045 2052 4107 ἐς
2084 4036 2206 4093 Sec.
2235 4036 2334 4093 ϐο.
2368 4053 2464 4107 pro
2495 4037 2693 4106 fuisset.

2020 4103 2050 4179 ξι
2083 4108 2188 4162 Til.
2218 4138 2290 4150 -—
2319 4103 2585 4179 Ιιιιεάζᾼ.
2621 4108 2785 4164 Recte
2816 4109 2908 4165 Be.
2940 4123 3037 4177 pro
3063 4109 3176 4164 AA.
3209 4124 3327 4179 rep.
3353 4108 3407 4164 in
3437 4120 3552 4166 not.

1952 4175 2053 4234 CC.
2085 4179 2204 4249 Cuj.
2237 4181 2274 4235 2
2300 4211 2373 4223 —-
2403 4175 2488 4234 Ri.
2515 4175 2668 4234 Cons.
2695 4190 2746 4234 et
2772 4179 2887 4234 Rit.
2912 4175 3039 4234 421.

2032 4250 2049 4289 ί
2082 4249 2402 4321 Complures
2431 4251 2614 4315 codd.,
2648 4251 2700 4305 in
2735 4252 2837 4305 titt.
2878 4251 2990 4306 ind.
3021 4251 3144 4307 edd.
3180 4252 3328 4310 Sich.
3362 4263 3417 4309 et
3446 4253 3552 4308 Til.

1952 4322 2086 4378 Cod.
2115 4322 2703 4398 Just.iimpetraverunt.
2748 4323 2802 4391 9,
2825 4322 2898 4378 4'2.
2922 4324 3214 4394 impetrant.
3277 4325 3344 4381 19
3392 4326 3552 4398 impe-

1954 4397 2220 4468 traverint.
2253 4397 2324 4453 20
2370 4395 2711 4468 imperabunt.

2032 4467 2157 4540 r58
2176 4484 2294 4540 ppo.
2319 4465 2456 4540 Cod.
2481 4467 2626 4540 Just.
2651 4465 2794 4533 PP.,
2821 4467 3053 4537 improb.
3085 4468 3214 4534 ϐο.,
3237 4468 3328 4540 qui
3359 4468 3452 4539 Pr.
3481 4467 3548 4523 II.

1957 4539 2082 4608 poni
2113 4539 2244 4601 vult,
2275 4539 2417 4612 quod
2447 4539 2731 4612 15_lrabet,
2757 4548 2812 4594 et
2843 4540 2895 4592 in
2926 4540 3137 4612 subscr.
3171 4541 3550 4612 cprrigendum

323 4622 350 4663 ¹ί
382 4624 457 4680 Ita
486 4624 583 4679 Be.
627 4639 691 4677 ex
727 4609 862 4677 ϐοά.
903 4621 1040 4677 Just.
1067 4635 1081 4682 ;
1113 4617 1148 4672 4
1173 4609 1420 4673 Til.—illi
1444 4620 1485 4672 '.
1514 4627 1707 4670 actum.
1743 4615 1846 4672 ϐο.
1877 4623 1930 4684 D
1956 4626 2076 4684 esse
2107 4619 2258 4684 putat
2281 4609 2464 4684 Crispo
2494 4609 2580 4665 Ill.
2609 4619 2656 4663 et
2691 4609 3024 4666 Constantino
3052 4610 3143 4666 Ill.
3179 4609 3360 4676 Cossf,
3390 4613 3438 4684 id
3469 4621 3554 4667 est

259 4713 360 4752 em.
383 4699 587 4752 initum.
617 4695 919 4751 Sunttnaria
940 4691 1074 4747 ϐοά.
1102 4690 1310 4745 'l‘heod.
1343 4706 1395 4760 p.
1426 4689 1483 4743 11
1513 4700 1630 4742 ante
1653 4688 1854 4744 initium

259 4771 485 4823 actionis.

291 4786 519 4896 61:08:31.1.
554 4839 696 4895 Just.
724 4839 759 4894 Ι.
815 4853 864 4892 c.
909 4834 1154 4913 collatum
1195 4842 1290 4913 est“
1309 4842 1432 4913 ante
1467 4847 1622 4913 quam
1663 4831 1854 4912 crimen

263 4913 450 4968 oriatur
491 4915 886 4974 intemeratum,
913 4907 1109 4962 omissa
1131 4948 1144 4967 ,
1171 4913 1231 4958 ut
1252 4903 1351 4960 ϐο.
1383 4901 1541 4967 dicit,
1570 4901 1854 4972 elegantis-

263 4983 390 5040 sima
417 4984 648 5047 ratione,
675 4999 794 5051 qua:
827 4983 913 5034 hic
946 4977 1272 5033 continetur.
1312 4974 1666 5044 Til.—Lugd.
1690 4975 1854 5028 colla-

268 5065 366 5110 tum
389 5068 526 5123 ante,
557 5071 728 5126 quam.
760 5052 846 5107 Ri.
878 5052 994 5126 Rif.
1020 5051 1286 5126 collatum,
1312 5058 1453 5126 ante,
1483 5062 1656 5126 quam.

333 5137 370 5164 ω
398 5118 530 5184 ϐοά.
559 5118 698 5184 Just.
722 5127 757 5178 l.
781 5141 831 5179 c.
857 5122 1073 5192 obligari
1091 5121 1269 5190 erepit,
1300 5118 1550 5192 habuerit.

334 5207 360 5236 ιι
384 5199 418 5253 4
439 5217 579 5271 ages.
604 5198 699 5254 sed
720 5213 828 5271 em.
855 5188 1098 5271 agensab
1123 5188 1579 5271 ipSo,‘u‘t‘videtur
1605 5188 1846 5271 librario.

339 5279 363 5306 ο
391 5261 521 5326 Cod.
551 5271 689 5326 Just.
721 5270 758 5322 I.
793 5282 842 5323 c.
872 5261 1048 5321 uxoris
1072 5280 1180 5319 sate
1207 5261 1285 5318 vel
1304 5261 1848 5334 ﬁl.——comparaverit.

337 5353 365 5392 P
386 5343 500 5398 Fol.
531 5343 603 5399 ϐξ
625 5341 653 5380 ι)
681 5339 804 5396 cod.
833 5340 887 5394 4.

339 5424 364 5465 τι
387 5415 440 5469 1n
462 5415 593 5470 Cod.
613 5413 752 5469 Just.
780 5411 818 5466 Ι.
843 5426 892 5466 c.
923 5408 1046 5463 add.
1071 5407 1149 5463 vel
1176 5405 1562 5462 Catholicianis.

342 5495 363 5522 τ
393 5487 508 5555 (Iuj.
538 5488 595 5552 2,
627 5487 684 5540 2°
708 5485 1045 5547 extuduntur,
1076 5480 1354 5555 mendose.

342 5564 363 5591 ⁸
381 5557 415 5612 4
429 5552 630 5614 innoxie
662 5557 884 5621 buerint,
903 5556 996 5610 sed
1020 5568 1128 5607 em.
1151 5552 1220 5607 ab
1240 5561 1354 5607 aut.
1383 5567 1544 5607 manu
1563 5552 1850 5607 habuerint.

347 5630 363 5664 ί
401 5646 451 5684 c.
489 5630 556 5685 24
581 5630 717 5687 Cod.
745 5628 883 5686 Just.
911 5626 1005 5683 cit.
1037 5625 1320 5691 Sardinite,
1346 5624 1505 5681 male.
1543 5623 1600 5692 4,
1637 5623 1760 5680 edd.
1789 5622 1852 5680 C.

277 5700 372 5757 Th.
401 5701 645 5758 Serdica.

344 5783 370 5812 υ
392 5789 442 5829 c.
465 5773 533 5830 24
555 5774 687 5832 Cod.
723 5773 858 5830 Just.
887 5787 996 5828 om.
1031 5771 1197 5826 Caess.
1228 5783 1275 5825 c.
1303 5769 1338 5824 9
1365 5767 1501 5827 Cod.
1524 5767 1662 5828 Just.
1695 5767 1858 5828 habet

281 5846 477 5902 subscr.
507 5861 557 5904 c.
592 5846 662 5906 15
687 5845 742 5901 lt.
778 5854 816 5900 t.
844 5845 976 5901 Anr.
1004 5842 1176 5914 Lugd.
1205 5845 1358 5900 'const

1961 4682 2087 4747 524,
2117 4682 2258 4752 quod
2288 4692 2341 4736 et
2379 4681 2481 4736 hoc
2505 4697 2648 4734 anno
2671 4726 2685 4750 ,
2717 4699 2822 4736 non
2863 4693 3042 4736 autem
3087 4699 3232 4738 anno
3262 4684 3359 4738 521
3407 4683 3552 4738 Cnn-

1961 4754 2227 4826 stautiuus
2253 4753 2654 4826 Thessalonicge
2683 4761 3046 4826 commoratus
3072 4767 3156 4826 est
3185 4755 3317 4826 (vid.
3351 4771 3400 4810 c.
3432 4754 3466 4808 4
3487 4754 3550 4809 ϐ.

1959 4825 2061 4880 Th.
2115 4825 2181 4880 de
2205 4825 2470 4897 ,Navicul.
2503 4823 2658 4892 X111,
2700 4827 2739 4880 -5
2762 4824 2780 4897 )
2803 4865 2816 4888 ,
2848 4834 2901 4878 et
2928 4825 3056 4880 Luc.
3090 4823 3321 4881 Verinus
3354 4826 3446 4894 Pf.
3483 4826 3553 4882 V.

1958 4899 2077 4960 fuit,
2113 4896 2255 4953 unde
2285 4899 2445 4951 etiam
2478 4897 2724 4952 inscr.'et
2752 4896 2961 4960 subscr.
2989 4911 3038 4951 c.
3068 4898 3089 4950 1
3127 4898 3187 4952 ϐ.
3219 4897 3322 4954 Th.
3357 4898 3549 4954 Famil.

1959 4969 2109 5023 lierc.
2144 4967 2260 5039 (ll,
2301 4968 2369 5023 24
2395 4966 2421 5040 )7
2457 4967 2846 5040 enitendandam
2887 4983 3010 5022 esse
3052 4981 3261 5025 censet.
3304 4972 3434 5036 Quae
3477 4972 3549 5040 ('j.

1958 5039 2606 5112 quamquamprobabilis
2629 5053 2707 5094 est
2739 5081 2752 5105 ,
2783 5050 2959 5093 tamen
2985 5055 3092 5094 non
3127 5042 3299 5110 potuit
3326 5058 3410 5097 me
3439 5039 3557 5097 mo-

1958 5111 2105 5179 Vere,
2131 5123 2189 5167 ιιι
2215 5111 2498 5184 quicquam
2546 5122 2806 5168 mutarem
2833 5151 2848 5176 ,
2894 5126 3018 5184 cum
3058 5128 3127 5167 ne
3167 5128 3308 5168 unus
3337 5114 3554 5184 quidem

1957 5184 2129 5240 codex
2167 5181 2460 5254 neque’hic
2501 5198 2678 5252 neque
2708 5185 2760 5239 in
2789 5200 2835 5237 ο.
2865 5184 2891 5238 1
2927 5181 3079 5240 Fam.
3116 5184 3262 5241 here.
3299 5181 3393 5241 cit.
3426 5187 3557 5240 sub-

1957 5252 2308 5326 scriptionem
2352 5270 2381 5309 a
2427 5252 2528 5311 ϐο.
2561 5255 2894 5324 pr0positam
2935 5255 3249 5324 conﬁrmet;
3284 5257 3428 5326 quod
3459 5273 3558 5312 au-

1957 5337 2068 5384 tem
2101 5327 2169 5382 15
2195 5344 2338 5398 ppm.
2378 5328 2520 5382 urbis
2559 5327 2777 5382 exhibet
2798 5343 2905 5382 non
2945 5329 3077 5382 tanti
3116 5337 3234 5396 est,
3267 5337 3326 5390 ut
3366 5339 3556 5384 contra

1960 5400 2201 5455 omnium
2238 5398 2423 5464 codd.,
2469 5399 2842 5454 auctoritatem
2881 5399 2994 5469 alia
3033 5401 3223 5454 subscr
3248 5438 3264 5454 .
3305 5404 3558 5469 ponenda

1961 5472 2053 5543 sit.
2077 5471 2174 5528 Bc.
2198 5483 2288 5543 aut
2311 5469 2456 5543 PPf.
2492 5469 2559 5526 U.
2590 5469 2726 5543 addi
2743 5468 3010 5543 aut__Coss.
3041 5471 3239 5526 mutari
3269 5468 3423 5538 vult,
3455 5472 3554 5528 sed

1961 5542 2195 5600 Verinus
2233 5542 2393 5614 hujus
2415 5540 2554 5597 ἐιηηὶ
2589 5541 2658 5597 Ρ.
2691 5542 2783 5614 Pf.
2819 5540 2909 5614 Us
2933 5558 3197 5614 nusquam
3225 5558 3559 5598 commemo-

1963 5627 2134 5679 ratur,
2158 5613 2390 5671 Maximo
2421 5613 2801 5671 Praefecturam
2831 5613 2981 5669 urbis
3005 5613 3063 5686 h.
3097 5630 3147 5669 a.
3181 5625 3424 5686 gerente.
3450 5615 3558 5671 Mo-

1963 5688 2204 5746 nendum
2237 5695 2494 5759 praeterea
2520 5697 2604 5742 est
2627 5729 2642 5755 ,
2675 5687 2728 5742 in
2763 5703 2814 5742 c.
2857 5687 2883 5740 1
2912 5687 3004 5759 cit.
3034 5685 3226 5759 deesse
3247 5686 3553 5743 Tliessaton.

1967 5756 2250 5817 Caeterum
2281 5769 2611 5815 memoratur
2656 5756 2998 5814 Constantini
3042 5757 3109 5814 ad
3158 5757 3405 5815 Verinum
3437 5759 3554 5814 Vis.

1971 5832 2164 5902 Africa:
2189 5832 2506 5902 rescriptum
2548 5830 2614 5887 Α.
2647 5829 2715 5890 Ι).
2742 5830 2845 5888 521
2875 5830 2929 5886 in
2966 5827 3257 5890 collatibne
3285 5829 3568 5904 Carthagié
