3948 6310
224 328 349 445 iii

1312 359 1629 416 DECRETA
1674 358 1759 415 ET
1797 357 2410 417 CONSTITUTIONES.

3414 355 3521 413 218

221 473 308 548 jus
331 477 630 535 liberorum
652 492 759 535 non
799 477 1056 545 habenti,
1086 477 1484 534 interveniente
1511 487 1535 515 ι
1564 476 1690 533 licet
1719 490 1816 547 pa-
1846 478 1896 540 Α
1926 475 2292 548 beneﬁcium).
2344 477 2510 543 illico,
2554 486 2612 530 ut
2658 476 2760 531 sibi
2807 473 3001 529 delatm
3026 482 3050 510 ιι
3097 472 3360 545 portionis
3403 472 3519 529 dies

228 578 348 624 truo
379 570 735 642 ueterisque,
768 571 909 627 inter
949 586 1087 643 quos
1132 569 1433 642 agmttionis
1455 568 1483 607 ι»
1513 571 1824 639 incorrupta

221 663 342 736 jura
364 682 464 738 per
492 668 739 725 ordinem
774 669 1139 740 porriguntur,
1181 676 1235 723 et
1260 677 1282 705 ο
1314 668 1642 738 quicumque
1668 663 1822 720 dein-

223 771 355 829 ceps
395 759 596 831 agnati,
624 768 802 826 erunt,
857 775 885 813 a
934 759 1130 831 quibus
1178 756 1660 828 consanguinitatis
1700 757 1823 827 jure

222 862 400 908 mater
429 862 643 923 poterat
688 852 934 919 excludi,
982 853 1155 921 placet
1190 852 1429 907 omnium
1474 849 1568 905 lilii
1594 848 1621 887 ά
1647 851 1820 907 bono-

223 960 367 1011 rum,
390 947 838 1020 quotiescumque
858 947 926 1002 ab
952 948 1207 1003 intestato
1228 948 1460 1013 venitur,
1486 945 1685 1002 deferri
1714 954 1824 1001 ter-

223 1038 352 1095 tiam
381 1040 724 1112 portionem;
756 1041 919 1095 etiam
937 1049 960 1077 ι’
993 1048 1185 1110 patruo
1206 1039 1430 1110 ejusque
1458 1038 1569 1094 lilio
1594 1048 1649 1094 et
1684 1038 1823 1094 dun-

222 1139 371 1187 taxat
404 1133 590 1204 nepoti
620 1131 665 1199 ί,
706 1133 994 1204 agnatione
1038 1131 1298 1187 minime!
1330 1132 1558 1188 durante
1586 1132 1652 1197 (si
1684 1130 1824 1187 forte

220 1239 320 1298 per
347 1225 841 1297 emancipationem
885 1225 1201 1296 cujusquam
1235 1223 1395 1279 fuerit
1442 1221 1824 1294 consanguini-

220 1327 302 1375 tas
327 1320 594 1376 diminuta
622 1317 683 1394 δ)
712 1319 979 1376 beneflcio
1021 1320 1135 1391 pari
1169 1318 1370 1376 deferri
1399 1316 1413 1356 ί
1447 1318 1662 1374 tertiam
1695 1331 1819 1388 por-

216 1414 427 1471 tionem
456 1414 504 1482 Ι,
537 1413 665 1470 licet
692 1413 885 1468 habeat
908 1422 1080 1468 mater
1101 1412 1192 1484 jus
1222 1412 1539 1468 liberorum.
1578 1411 1689 1468 Nec
1721 1410 1822 1466 im-

216 1506 443 1571 merito,
480 1508 526 1562 si
550 1506 773 1579 quando
800 1521 962 1577 supra
996 1496 1142 1561 dictu
1172 1503 1195 1542 κ
1230 1505 1460 1561 subnixa
1495 1513 1672 1565 mater
1703 1505 1820 1560 fue-

217 1599 287 1656 rit
309 1599 645 1671 privilegio,
691 1600 980 1671 agnatione
1031 1599 1296 1670 dirempta
1337 1594 1355 1636 ι
1417 1598 1558 1653 ultra
1608 1598 1822 1670 nepotis

213 1693 445 1766 gradum
484 1704 728 1749 nostrum
764 1692 1084 1748 beneficium
1110 1701 1150 1729 ιη
1192 1692 1413 1747 minime
1440 1700 1465 1727 η
1497 1692 1696 1762 placuit
1721 1707 1819 1746 ex-

218 1786 408 1852 tendi,
440 1801 509 1843 ne
532 1794 582 1854 ο,
630 1785 810 1840 multis
843 1785 1091 1855 personis
1140 1785 1377 1852 vocatis,
1413 1785 1531 1854 plus
1577 1784 1816 1839 ablatum

1926 572 2217 639 exstiterit,
2240 571 2480 626 aditione
2508 568 2773 641 simplici,
2804 578 3023 639 arrepto
3060 582 3239 624 rerum
3280 567 3523 638 quolibet

1925 680 2153 737 corpore
2176 706 2193 733 ,
2224 666 2313 721 vel
2340 663 2506 719 animi
2546 663 2908 720 destinatione
2945 661 3210 734 patefacta
3236 703 3253 728 ,
3300 661 3520 732 plenum

1925 758 2201 814 dominum
2245 757 2439 814 delatre
2481 757 2583 812 sibi
2620 755 2884 828 portionis
2914 753 3401 825 consequanturh,
3445 754 3521 809 fa-

1924 851 2127 907 cultate
2149 850 2227 906 eis
2258 860 2517 921 perpetua
2538 892 2553 918 ,
2579 848 2706 904 dum
2733 848 3038 904 advixerint
3061 858 3084 887 ο
3104 888 3118 913 ,
3142 846 3425 903 tribuenda
3461 846 3515 903 in

1929 942 2178 999 adeunda
2206 957 2468 998 concessa
2500 941 2601 997 sibi
2647 948 2799 1013 parte
2827 940 3209 997 successionis.
3239 941 3349 996 Nec
3376 942 3519 998 enim

1924 1036 1995 1092 ad
2026 1051 2139 1101 eos,
2166 1036 2255 1108 qui
2274 1035 2587 1091 eorumdem
2608 1033 2986 1092 successores‘l
3009 1043 3191 1101 erunt,
3217 1035 3319 1090 nisi
3341 1034 3472 1106 ipsis
3495 1043 3519 1072 °

1925 1130 2098 1201 prius,
2126 1144 2262 1201 quos
2282 1129 2633 1201 indulgentiae
2667 1141 2866 1186 nostrae
2900 1131 3040 1186 ratio
3070 1130 3448 1201 complectitur
3471 1127 3519 1198 τ,

1923 1224 2146 1297 quaesita
2167 1223 2327 1281 fuerit
2350 1225 2659 1293 hmreditas,
2687 1227 2919 1282 transire
2943 1226 3517 1298 quicquamjubemus,

1923 1317 2017 1373 sed
2054 1332 2217 1388 penes
2244 1334 2337 1373 eos
2359 1335 2581 1375 manere
2601 1328 2626 1367 8
2653 1319 2792 1390 apud
2830 1334 2966 1391 quos
2997 1329 3123 1376 ante
3151 1320 3308 1375 istam
3347 1321 3518 1390 legem

1924 1411 2166 1468 residere
2204 1416 2469 1483 potuisset
2499 1412 2544 1467 ιι.
2579 1413 2702 1468 Dat.
2735 1414 2876 1471 XIV.
2911 1413 3038 1471 Kal.
3070 1415 3202 1470 Jun.
3243 1414 3259 1454 ί
3288 1414 3507 1470 Sirmiii

1923 1494 2106 1572 Crispo
2132 1504 2192 1560 II.
2220 1503 2244 1543 ¹¹
2275 1515 2323 1561 et
2350 1504 2684 1560 Constantino
2710 1504 2777 1563 11.
2808 1503 2825 1545 ι
2859 1505 3017 1561 Cwss.
3050 1506 3196 1562 Cass.
3227 1505 3406 1578 (521).

1994 1596 2449 1653 Ιετειιιικετλτιο.
2482 1596 2544 1654 Si
2569 1609 2733 1653 mater
2752 1601 2844 1672 jus
2872 1600 3148 1655 liberorum
3185 1617 3286 1655 non
3308 1600 3512 1665 habeat,

1922 1690 2019 1745 hoc
2047 1701 2143 1757 est,
2168 1692 2212 1747 si
2232 1692 2457 1763 ingenua
2481 1700 2583 1746 tres
2604 1701 2785 1765 partus
2815 1693 2951 1748 vivos
2970 1704 3018 1747 et
3039 1702 3080 1730 ω
3106 1692 3341 1749 libertina
3368 1702 3519 1764 quat-

1923 1795 2041 1841 tuor
2084 1803 2183 1841 non
2207 1795 2233 1824 ιι
2266 1774 2482 1842 ediderit
2523 1796 2571 1842 et
2616 1788 2824 1842 unicum
2868 1788 3037 1859 ﬁlium
3072 1790 3370 1845 intestatum
3412 1789 3524 1860 {or-

212 1879 402 1948 matri,
438 1878 618 1934 minus
646 1876 888 1933 additum
918 1888 943 1928 P
987 1876 1281 1934 videretur.
1323 1876 1451 1933 Sive
1492 1877 1653 1949 igitur
1678 1893 1820 1934 unus
1853 1885 1895 1946 Β
1926 1890 2058 1934 tasse
2085 1890 2109 1915 υ
2139 1880 2444 1951 perdiderit,
2473 1890 2519 1935 et
2557 1881 2698 1951 ﬁlius
2727 1882 2949 1938 moriens
2982 1891 3225 1953 patruum
3255 1899 3413 1937 unum
3444 1884 3523 1939 vel

215 1972 495 2030 exstiterit
520 1982 549 2023 ιι
615 1972 867 2042 pluresve
918 1971 1091 2042 patrui
1118 2013 1133 2036 ,
1187 1985 1482 2042 eorumque
1528 1971 1669 2026 lilius
1723 1979 1819 2027 aut
1920 1974 2094 2046 plures
2119 1983 2207 2028 aut
2239 1984 2374 2029 certe
2397 1975 2567 2046 patrui
2595 1985 2622 2026 P
2657 1975 2734 2030 vel
2773 1986 3077 2046 patruorum
3112 1977 3251 2047 ﬁlios
3274 1978 3401 2032 vrlq
3428 1994 3520 2033 nc-

214 2066 382 2121 etiam
414 2064 512 2119 lilii
546 2073 569 2102 τ
601 2072 658 2119 et
686 2074 919 2135 nepotes
941 2072 1219 2133 neptesve,
1260 2078 1365 2117 non
1402 2063 1631 2134 amplius
1655 2080 1814 2135 quam
1921 2077 2064 2139 potes
2095 2068 2268 2139 plures
2298 2085 2416 2123 cum
2446 2080 2610 2124 matre
2636 2069 2938 2143 reliquerit,
2966 2070 3055 2142 qui
3091 2078 3261 2126 tamen
3297 2070 3519 2125 emanci-

208 2159 325 2216 sola
358 2158 522 2215 tertia
570 2158 949 2214 universorum
995 2156 1258 2211 bonorum
1303 2156 1463 2212 simul
1509 2156 1808 2212 omnibustl

210 2252 295 2309 vel
322 2250 557 2324 singulis
578 2266 676 2322 pro
704 2251 819 2307 suis
844 2249 1145 2321 quibusque
1180 2249 1435 2321 gradibus
1462 2250 1479 2286 ί
1523 2248 1815 2306 deferenda

207 2357 312 2404 est.
342 2346 458 2402 Ειιι
501 2345 693 2402 eodem
730 2359 951 2416 genere,
990 2345 1037 2401 si
1070 2346 1252 2415 plures
1283 2354 1513 2411 erunt",
1553 2362 1582 2400 a
1622 2345 1816 2416 quibus

210 2450 393 2498 mater
415 2439 591 2512 possit
617 2437 859 2506 excludi,
895 2454 1000 2493 non
1043 2439 1163 2510 plus
1191 2455 1351 2509 quam
1396 2440 1551 2494 tertia
1577 2448 1601 2475 ι
1643 2438 1815 2494 bnno-

206 2551 330 2593 tum
359 2533 521 2590 matri
544 2543 573 2584 γ
598 2533 860 2590 adversus
887 2546 1078 2591 omnes
1107 2542 1418 2603 competere
1443 2532 1681 2589 debebit.
1712 2532 1816 2588 Sn-

206 2644 306 2703 pra
335 2628 502 2686 dicta:
523 2643 655 2699 ergo
675 2626 897 2699 originis
919 2627 1307 2683 exsistentibus
1332 2636 1354 2663 π
1379 2627 1626 2698 personis
1651 2642 1816 2697 agna-

208 2726 282 2781 tis
322 2724 378 2780 iu
430 2722 725 2791 inﬁnitum,
770 2722 928 2777 matri
972 2720 1233 2776 adversus
1276 2736 1467 2776 onmes
1504 2720 1815 2776 censuimus

205 2816 672 2891 subveniendum,
694 2816 821 2871 licet
847 2829 952 2870 non
982 2814 1232 2870 omnibus
1262 2813 1523 2869 adversus
1561 2823 1812 2881 matrem,

205 2912 311 2970 sed
361 2910 531 2967 certis
584 2908 831 2980 superius
867 2915 926 2945 ⁸⁸
954 2907 1363 2982 comprehensis
1415 2908 1660 2976 personis
1712 2906 1816 2964 hoc
1864 2914 1871 2921 '

200 3005 473 3062 auxilium
507 3003 803 3068 tribuatur;
834 3000 906 3056 ita
938 3010 1017 3067 ut,
1045 3016 1146 3056 nec
1179 3000 1343 3072 petita
1382 3000 1650 3056 bonorum
1690 3015 1816 3071 pos-

198 3096 457 3156 sessione
510 3095 784 3167 (quoniam
814 3094 975 3167 hujus
1011 3093 1176 3166 legis,
1211 3108 1318 3149 non
1364 3091 1609 3165 praetoris
1637 3089 1697 3132 δι’
1728 3100 1816 3149 est

278 3339 312 3370 ³
330 3329 463 3385 Aur.
496 3325 670 3396 Lugd.
698 3324 1072 3380 intervenienti.

262 3400 308 3441 ι)
330 3401 508 3456 Νοηιι.
540 3398 698 3454 codd.
733 3397 1035 3469 agnitionis.

270 3484 309 3512 ο
332 3473 399 3528 15
429 3473 557 3543 jura
588 3466 867 3543 perdurant
900 3479 964 3523 et.
995 3468 1052 3543 8,
1097 3467 1184 3530 Il).
1334 3468 1425 3535 14,
1459 3467 1706 3536 16-18,
1735 3467 1808 3527 20

196 3540 561 3615 corriguntur,
590 3542 685 3598 sed
714 3540 962 3615 ittsnpr.
1000 3540 1094 3594 litt.
1128 3541 1480 3611 porriguntur.

259 3614 307 3656 ·-·¹
338 3611 405 3673 19
436 3615 638 3683 placeat
665 3630 716 3667 ο.
744 3611 885 3678 ﬁliis.

264 3698 303 3728 ο
328 3682 678 3757 I0,I~2—I5,
707 3684 776 3740 I8
801 3684 952 3771 etiam
968 3688 1074 3743 Ott
1107 3692 1153 3737 ct
1173 3684 1307 3755 jam.
1349 3682 1491 3739 Bell.
1522 3695 1576 3740 et
1601 3684 1727 3742 edd.
1761 3696 1808 3742 ct

203 3772 403 3889 muti-na
432 3826 897 3910 6—10-4273”,
924 3824 1152 3910 16-21.
1192 3824 1259 3879 15
1290 3826 1399 3910 lilio
1429 3837 1478 3881 et
1492 3845 1621 3910 ζηερ.
1654 3829 1805 3884 dum-

203 3915 339 3961 taxat
371 3921 500 3972 agn.
546 3901 681 3958 Edd.
729 3900 859 3969 ﬁlio,
907 3916 1059 3970 quam
1104 3908 1150 3972 et
1192 3899 1392 3965 nepoti,
1438 3898 1614 3953 minus
1659 3913 1807 3957 recte

202 3970 428 4047 propter
453 3990 574 4045 sqq.
604 3974 741 4028 ultra
766 3974 962 4047 nepotis
987 3970 1207 4043 gradum
1241 3980 1471 4024 nostrum
1501 3972 1803 4042 bene/icium

204 4045 415 4104 minime
446 4047 636 4110 placuit
657 4045 880 4100 extendi.

271 4131 296 4168 It
328 4120 410 4174 20
435 4118 695 4173 accionem
722 4119 878 4181 enim,
906 4113 999 4169 sed
1030 4127 1193 4180 supra
1234 4111 1353 4178 lin.,
1384 4121 1441 4169 ut
1476 4111 1581 4169 hic.

267 4190 297 4230 δ
321 4191 509 4247 Noun.
541 4188 723 4253 codd.,
755 4188 798 4242 'l‘
802 4188 857 4243 il.
884 4186 1167 4240 deminuta.

275 4264 290 4303 ί
325 4263 402 4318 16
429 4261 564 4332 patri
585 4260 823 4331 deferret.

270 4338 286 4389 i
326 4332 520 4402 19,20
537 4332 663 4388 add.
697 4341 765 4387 et.

271 4406 296 4447 ¹ι
331 4408 410 4462 I9
438 4407 753 4473 supradicta.

274 4477 292 4518 ι
324 4478 471 4536 Fere
490 4472 680 4533 oinnes
704 4473 859 4530 codd.
887 4472 1111 4540 direpta.

271 4561 312 4589 ω
344 4549 500 4607 Siclt.
527 4547 746 4620 gradum
762 4547 965 4618 jurium
985 4544 1098 4599 ben.
1130 4543 1197 4599 I9
1217 4552 1389 4599 nostra
1416 4543 1685 4617 beneﬁcio.

271 4631 300 4661 ιι
326 4624 401 4678 15
428 4636 541 4676 om.
562 4620 789 4674 minime.

1992 2259 2018 2288 ιι
2048 2251 2141 2318 21,
2173 2249 2321 2307 Sich.
2356 2260 2410 2305 ut
2438 2252 2481 2306 si
2508 2250 2663 2307 dulce.
2688 2251 2747 2316 9,
2777 2250 2864 2316 I9,
2894 2249 2967 2307 20
3010 2259 3066 2306 ut
3102 2251 3147 2307 si
3183 2250 3387 2321 delatae,
3420 2251 3518 2309 sed

1918 2320 1990 2394 20
2020 2338 2182 2394 super
2212 2323 2307 2379 lin.
2342 2322 2445 2378 ubi.
2483 2323 2586 2391 10,
2623 2323 2690 2380 18
2720 2333 2773 2378 ut
2814 2324 2858 2378 si
2888 2323 3082 2378 dilatae.
3132 2323 3201 2379 I5
3241 2339 3352 2379 om.
3376 2320 3513 2380 sibi.

1917 2393 2023 2465 Sed
2054 2393 2162 2450 vid.
2197 2396 2513 2465 sequentia.-

1989 2464 2018 2505 ι)
2049 2466 2125 2521 Ita
2156 2468 2210 2530 9,
2250 2464 2339 2532 I5,
2374 2467 2459 2531 I9.
2493 2466 2585 2526 20.
2619 2466 2711 2524 Bc.
2744 2466 2812 2524 de
2854 2467 2927 2537 ej.
2960 2466 3060 2523 ϐο.
3086 2507 3102 2535 ,
3148 2476 3204 2524 et
3234 2467 3323 2525 W.
3371 2467 3515 2524 Rcll.

1918 2547 2307 2605 consequentur,
2342 2539 2501 2610 impr.
2536 2538 2627 2595 W.

1994 2620 2016 2649 ο
2053 2610 2120 2664 12
2149 2627 2258 2663 om.
2293 2612 2385 2665 eis.
2421 2608 2489 2666 I9
2518 2612 2750 2664 vixerint.
2784 2610 2930 2665 Sich.
2964 2610 3067 2664 'l'il.
3095 2608 3214 2680 Cuj.
3267 2612 3294 2666 I
3323 2612 3516 2667 (luniad

1916 2682 2151 2736 vixerint.
2185 2680 2286 2738 Gn.
2314 2682 2435 2736 dum
2462 2682 2530 2735 ad
2555 2683 2785 2737 vixerint.
2804 2680 2886 2735 CI.
2910 2680 3181 2750 Cuiacius,
3203 2681 3332 2737 ΟΙιε.
3366 2682 3509 2748 VIII,

1917 2753 2010 2825 56,
2039 2768 2197 2821 quem
2230 2753 2452 2825 corrigit
2478 2754 2576 2811 Go.
2613 2755 2666 2808 in
2701 2761 2813 2808 not.
2839 2753 2893 2809 h.
2926 2754 2989 2820 l.,
3017 2761 3071 2810 et
3102 2753 3418 2811 lleincccius
3444 2756 3511 2811 ad

1917 2824 2250 2881 Brissonium
2283 2824 2336 2881 h.
2366 2824 2419 2880 v.
3104 2844 3121 2861 ο

1987 2895 2015 2932 ιι
2044 2896 2116 2952 20
2143 2898 2484 2954 successiones
2508 2939 2523 2964 ,
2553 2897 2646 2954 sed
2686 2911 2836 2968 supr.
2872 2898 2969 2954 lin.
3018 2913 3352 2955 successores.
3387 2899 3503 2957 An-

1917 2974 2003 3023 tea
2035 2968 2069 3023 6
2090 2984 2199 3040 sute
2223 2970 2467 3024 cessionis
2498 2985 2595 3040 pro
2625 2970 2976 3025 successionis.

1992 3049 2015 3113 ἶ
2048 3039 2212 3113 6-8,
2248 3041 2335 3108 10,
2370 3041 2583 3098 18-20
2610 3042 2730 3113 ipsi.
2824 3103 2848 3113 _

1992 3109 2015 3150 ί
2049 3112 2281 3169 Restitui
2323 3109 2692 3183 complectitur,
2725 3121 2780 3167 et
2821 3112 2892 3168 ita
2919 3112 3136 3184 quidem
3170 3112 3368 3170 habent
3397 3114 3511 3172 fere

1916 3195 2104 3238 omnes
2133 3184 2289 3256 codd.
2317 3194 2372 3240 et
2400 3183 2521 3250 Be.,
2539 3195 2682 3241 auct.
2715 3183 3341 3256 Co.pro'coniplectetur,
3362 3189 3507 3255 quod

1916 3263 1999 3327 est
2030 3256 2082 3311 in
2107 3255 2229 3311 cod.
2261 3255 2326 3310 21
2362 3266 2416 3310 et
2444 3272 2531 3327 ap.
2557 3257 2706 3314 Siclt.
2735 3255 2955 3315 —Ri‘.:
2990 3255 3056 3311 W
3078 3255 3102 3323 ⁷,
3144 3257 3231 3312 cui
3264 3256 3505 3315 futurum

1915 3324 1971 3380 h.
2007 3327 2043 3383 Ι.
2072 3327 2231 3401 longe
2258 3324 2492 3400 gravius
2505 3344 2627 3386 esse
2656 3329 2885 3396 videtur,
2919 3328 3112 3385 iterum
3138 3329 3225 3385 ed.
3249 3331 3508 3401 complec-

1917 3407 2079 3454 tetur.

1987 3479 2013 3542 β
2044 3469 2116 3526 21)
2146 3487 2297 3539 supr.
2331 3471 2423 3526 lin.
2457 3482 2643 3528 tenere.
2675 3471 2817 3529 Idem
2851 3475 3013 3542 penis.

1984 3538 2012 3579 ¹³
2044 3543 2119 3599 Ita
2150 3538 2283 3610 7.78,
2318 3544 2405 3608 10,
2441 3545 2528 3609 15,
2564 3543 2652 3611 14,
2685 3545 2772 3607 17,
2809 3538 2875 3601 18
2905 3557 2959 3602 et
2994 3545 3105 3611 W.,
3133 3544 3286 3616 jnbh.
3313 3545 3415 3603 ϐο.
3451 3556 3501 3603 et

1912 3612 2085 3688 Be.‘in
2116 3617 2276 3670 notis.
2308 3616 2344 3671 9
2375 3619 2622 3687 potuisse.
2669 3616 2807 3672 Rell.
2850 3612 3146 3686 potuissent,
3191 3618 3351 3688 impr.
3396 3617 3511 3680 W.,

1912 3686 2015 3740 nisi
2051 3686 2278 3742 fortasse
2303 3689 2551 3757 superius
2580 3689 2781 3745 excidit
2828 3705 2876 3743 ν.
2916 3692 3107 3753 omnia,
3143 3700 3197 3743 ut
3236 3686 3385 3744 esset
3422 3691 3513 3744 sed

1911 3759 2084 3832 omnia
2130 3775 2283 3828 penes
2332 3776 2435 3814 eos.
2469 3761 2574 3816 Sed
2623 3775 2768 3830 saepe
2816 3763 2885 3816 ab
2928 3761 3343 3832 imperatoribus
3390 3772 3514 3831 post

1909 3831 2183 3903 quicquam
2231 3839 2284 3884 et
2328 3832 2506 3887 simile
2550 3831 3236 3903 prortomeirmllectivuut
3294 3835 3512 3903 ponitur

1916 3900 2176 3973 pluralis;
2209 3916 2379 3971 quare
2411 3918 2510 3957 nec
2542 3900 2826 3973 potuissent
2851 3902 3043 3959 falsum
3075 3914 3178 3959 cst.

1991 3970 2005 4010 ί
2040 3971 2114 4027 Ila
2144 3970 2288 4026 corr.
2313 3983 2373 4037 et
2396 3970 2785 4043 perniultorum
2816 3975 2974 4030 codd.
3023 3976 3180 4030 fidem
3217 3986 3438 4031 secutus
3459 3984 3515 4031 et

1912 4042 2306 4117 postulantibus
2354 4042 3237 4117 constitutionilms,nquihuscum
3290 4047 3407 4104 huic
3458 4062 3509 4103 c.

1905 4115 2179 4187 jnngenda
2212 4126 2313 4170 est.
2351 4115 2521 4183 Vulgo
2553 4116 2667 4170 PP.
2696 4116 2833 4172 XIV.
2864 4115 3137 4173 KalJan.
3167 4118 3235 4173 15
3266 4117 3360 4172 ιν.
3407 4123 3513 4175 An.

1911 4186 2169 4260 optauit.
2194 4202 2283 4257 ap.
2313 4186 2414 4260 Co.
2440 4187 2556 4242 XV.
2592 4188 2712 4260 (111.
2748 4188 2913 4252 XIV.,
2949 4190 3096 4260 err.)
3125 4191 3197 4244 20
3230 4189 3366 4245 XIII.
3401 4189 3505 4246 Go.

1911 4258 1964 4312 in
1994 4258 2199 4314 Chron.
2231 4277 2243 4312 :
2275 4278 2295 4312 ι
2333 4257 2401 4313 Χ.
2435 4260 2510 4314 al.
2544 4259 2680 4315 XIII.
2726 4279 2744 4313 s
2779 4257 3151 4316 Memorahi'lis
3180 4272 3263 4315 est
3294 4264 3507 4318 subscr.

1911 4330 1964 4384 in
1991 4329 2149 4385 codd.
2183 4330 2275 4396 56,
2322 4329 2394 4385 41)
2424 4341 2478 4386 et
2507 4349 2594 4401 up.
2634 4331 2781 4387 Siclt.
2812 4336 2866 4387 in
2891 4348 2965 4388 m.
2992 4352 3006 4387 :
3041 4333 3157 4389 XII.
3194 4331 3318 4388 Kal.
3358 4332 3511 4389 Maii.

1987 4402 2001 4453 i
2038 4401 2114 4457 Ita
2134 4402 2325 4474 scripsi
2355 4411 2497 4457 auct.
2524 4403 2684 4459 codd.
2717 4404 2815 4469 15,
2846 4403 2938 4469 Ib,
2971 4405 3036 4460 I7
3063 4415 3118 4460 et
3148 4406 3513 4475 flagitantibus

1911 4473 2141 4547 legibus,
2168 4473 2494 4547 quibuscum
2529 4475 2669 4547 hanc
2691 4490 2743 4531 c.
2767 4476 3199 4547 eunjungemlani
3224 4473 3355 4532 esse
3374 4476 3507 4532 dixi.

1913 4545 2051 4600 Ilell.
2086 4546 2244 4600 codd.
2270 4545 2438 4601 Roma
2465 4557 2555 4601 aut
2583 4546 2735 4601 Rom.
2769 4546 2822 4602 In
2853 4545 3012 4602 codd.
3044 4548 3134 4604 30.
3170 4548 3257 4615 55,
3285 4548 3358 4602 51
3396 4564 3509 4603 om.

1912 4615 2073 4690 Sirnt.
2105 4616 2243 4673 Edd.
2285 4616 2434 4672 Rom.
2461 4619 2555 4674 Est
2590 4634 2723 4689 ergo
2754 4621 2806 4673 in
2839 4618 3003 4674 codd.
3035 4620 3232 4690 duplex
3266 4620 3424 4690 hujus
3455 4635 3506 4674 c.

273 4702 298 4731 °
323 4695 397 4751 I9
418 4737 434 4762 ,
470 4692 544 4749 20
574 4708 683 4747 nec.
723 4689 846 4747 Mox
880 4704 1047 4746 noun.
1080 4685 1241 4743 codd.
1281 4688 1460 4744 matris
1494 4697 1549 4745 et
1586 4691 1620 4747 8
1662 4690 1809 4749 obla-
1832 4694 1888 4757 D
1913 4689 2154 4762 subscr.,
2182 4705 2408 4760 quarum
2442 4690 2555 4757 illa,
2587 4685 2708 4762 quae
2736 4707 2765 4743 a
2799 4691 2955 4746 nobis
2983 4685 3196 4762 recepta
3222 4685 3513 4762 estfspec-

207 4773 404 4896 m:d5
433 4845 482 4891 et
512 4836 683 4890 minus
712 4834 934 4889 aditum.

274 4920 302 4961 ει
325 4910 402 4966 15
432 4907 558 4964 add.
590 4916 823 4976 patruus.

276 4991 298 5020 ι’
332 4983 425 5041 15.
464 4981 528 5035 21
564 4975 838 5050 eorumque
865 4976 961 5050 lilii
986 4976 1068 5031 vel
1102 4975 1437 5050 etiamﬁlt'a’.
1484 4976 1553 5032 15
1579 4975 1712 5050 (om.
1746 4994 1799 5033 ν.

210 5053 379 5126 etiam)
413 5068 588 5122 nepos.
616 5046 766 5126 Multi
796 5048 953 5105 codd.
984 5046 1296 5126 neptisve._.§I
1322 5064 1478 5126 nepos
1510 5046 1794 5126 nepotesve.

208 5121 276 5179 2ο
299 5118 577 5190 eorumque
597 5123 731 5185 ﬁlios
753 5128 883 5176 —et
903 5120 1146 5191 neptisve.
1173 5118 1281 5176 Alii
1302 5119 1461 5175 codd.
1492 5122 1654 5191 ﬁlios,
1679 5138 1800 5179 cre-

208 5192 298 5249 bra
326 5206 519 5252 mutat.
544 5196 644 5250 litt.
669 5211 705 5247 u
729 5203 783 5249 et
807 5209 858 5249 ο.

279 5277 301 5306 ι
327 5267 451 5338 Cuj.
478 5270 502 5322 I
533 5296 603 5307 —
622 5265 739 5322 Ri“.
758 5260 1020 5338 Abonoruin
1053 5262 1240 5332 simul,
1275 5262 1530 5321 omnibus.
1562 5264 1629 5320 21
1673 5266 1793 5323 bon.

213 5339 343 5396 univ.
380 5336 469 5403 I0,
503 5338 573 5394 18
602 5353 713 5392 om.
746 5336 1014 5391 bonorum.

285 5413 303 5448 ι
336 5411 411 5469 20
439 5411 651 5475 defensa
681 5425 777 5478 pro
806 5407 1148 5479 defendenda.
1183 5405 1251 5462 I9
1280 5421 1390 5463 om.
1423 5409 1691 5479 gradibus.

282 5491 310 5519 ιι
340 5483 429 5549 10,
462 5481 555 5551 15,
588 5481 656 5538 18
686 5495 796 5538 om.
829 5478 919 5536 Et.

280 5563 309 5592 ν
340 5554 406 5609 14
435 5564 597 5610 erant.

285 5635 309 5663 ³
340 5627 513 5683 Noun.
545 5624 705 5683 codd.
739 5626 960 5682 tertiam.

285 5706 313 5747 γ
343 5699 413 5754 16
439 5715 545 5754 om.
581 5698 732 5752 matri
762 5699 901 5753 —in
921 5697 1197 5760 infinitum.
1234 5696 1301 5754 18
1332 5712 1503 5753 omnes
1528 5696 1797 5756 adversus.

287 5777 311 5806 ³
344 5770 432 5833 I9,
459 5770 533 5826 20
562 5769 704 5824 debet
729 5799 801 5810 —
831 5770 1162 5826 exstantibus.

287 5846 341 5915 ff
378 5842 444 5915 12
469 5855 680 5897 matrem
704 5844 909 5900 secretis
939 5843 1189 5915 superius.
1222 5842 1293 5898 I5
1321 5858 1390 5897 m.
1424 5841 1517 5898 sub
1544 5843 1713 5897 certis.

286 5902 344 5947 δι’
382 5912 441 5966 12
470 5915 711 5984 petitoris.

1918 4770 1993 4816 tat
2013 4770 2066 4817 ct
2095 4761 2162 4817 ad
2187 4770 2399 4829 tempus
2430 4771 2486 4816 et
2514 4762 2579 4816 ad
2614 4761 2786 4816 locum
2810 4804 2825 4828 ,
2866 4777 2975 4828 quo
3010 4761 3135 4817 data
3168 4772 3253 4817 est
3290 4761 3404 4831 lex,
3436 4762 3516 4816 al-

1913 4833 2159 4917 teraglmc
2173 4847 2351 4917 usque
2377 4833 2593 4904 cognita
2614 4834 2679 4888 ad
2706 4842 2993 4904 tempuset
3018 4836 3219 4903 locum,
3250 4848 3359 4906 quo
3386 4848 3514 4907 pro-

1911 4915 2083 4978 postta
2104 4915 2207 4962 est.

1979 4975 2006 5015 ¹ί
2036 4976 2212 5032 Noun.
2246 4976 2405 5032 codd.
2437 4976 2549 5043 111.,
2580 4976 3297 5047 negligentialibrariorum.

1985 5048 2001 5087 ι
2035 5050 2089 5116 6,
2124 5050 2177 5114 7,
2212 5047 2417 5115 15,14,
2453 5049 2631 5114 16,1“Ι
2658 5046 2768 5103 oni.
2801 5046 2945 5104 etC.
2976 5048 3044 5104 Il.
3075 5051 3129 5104 8.
3161 5050 3230 5105 12
3254 5065 3363 5105 om.
3389 5060 3510 5105 et—

1907 5120 2053 5177 Coss.
2090 5120 2178 5187 I0,
2214 5120 2281 5176 I8
2326 5137 2435 5174 om.
2464 5130 2606 5175 et—-
2635 5118 2794 5185 Ca'ss.
2844 5132 2897 5176 et
2937 5122 3027 5183 56.
3079 5120 3151 5176 40
3195 5121 3259 5177 Il.
3313 5122 3407 5183 55,
3439 5122 3511 5177 54

1908 5192 2185 5249 Constante
2226 5202 2280 5248 et
2306 5207 2415 5246 om.
2453 5191 2516 5247 ll.
2549 5190 2706 5247 Ctvss.
2734 5193 2805 5247 42
2839 5209 2949 5247 om.
2994 5190 3151 5249 Ctess.
3200 5204 3256 5247 et
3282 5194 3315 5249 9
3348 5191 3507 5248 Class.

1907 5264 2051 5320 Coss.
2085 5263 2356 5321 Caeterum
2386 5263 2477 5326 29.
2508 5264 2578 5320 59
2609 5262 2930 5335 Constantio.
2962 5264 3019 5320 In
3041 5265 3162 5335 cod.
3200 5264 3267 5319 I5
3295 5268 3514 5334 ponitur

1908 5337 2119 5392 subscr.
2164 5351 2215 5392 c.
2248 5350 2332 5407 sq.
2378 5354 2392 5390 :
2428 5352 2579 5404 prop.
2624 5336 2717 5407 ly.
2780 5334 2854 5391 K.
2901 5337 3030 5392 Jan.
3063 5334 3512 5407 Constantinopoli

1914 5402 2363 5464 Valentiniano-et
2396 5402 2601 5463 Victore
2647 5402 2789 5464 Cass.
2823 5407 2927 5463 Til.
2976 5425 3086 5463 om.
3131 5402 3414 5463 Constantf
3444 5406 3509 5462 Il.

1907 5480 2177 5538 Caeterum
2209 5479 2359 5537 Sich.
2382 5509 2454 5520 -—
2478 5479 2585 5535 Ri'.
2615 5477 2748 5535 Cres.
2781 5480 2854 5536 20
2881 5497 3075 5536 cesare.

1981 5562 2021 5591 ω
2042 5563 2089 5607 et
2112 5567 2231 5609 exc.
2250 5568 2340 5625 ap.
2365 5552 2449 5608 lii.
2468 5550 2604 5622 Ri‘.,
2622 5551 2718 5609 sed
2738 5552 2865 5609 add.
2898 5554 2950 5607 in
2972 5567 3118 5609 corr.
3142 5549 3319 5606 Νυιιιι.
3345 5549 3505 5606 codd.

1903 5625 2186 5682 libertinos.
3018 5644 3025 5651 ‘

1976 5706 2004 5734 ιι
2031 5699 2084 5753 6.
2114 5698 2144 5753 7
2167 5712 2277 5752 om.
2300 5715 2425 5754 non.

1976 5778 2001 5805 ο
2024 5769 2116 5843 511,
2140 5768 2233 5839 40,
2262 5769 2411 5843 Sicb.
2440 5769 2561 5841 Cuj.
2596 5770 2622 5824 I
2654 5800 2724 5812 —
2751 5769 2925 5843 Lugd.
2950 5773 3057 5842 for.
3078 5767 3176 5822 int.

1974 5851 2002 5891 P
2031 5841 2207 5897 Noun.
2237 5842 2396 5913 codd.
2421 5850 2692 5913 patruum.

1973 5917 1999 5960 (³
2032 5914 2192 5981 εἰη-8,
2231 5911 2319 5975 to,
2352 5909 2550 5982 18,21,
2577 5913 2668 5970 alii
2694 5928 2804 5969 om.
2838 5911 3128 5971 vel.Noun.
3154 5909 3500 5982 calidi/ilius.
