3948 6310
226 285 326 339 255

221 492 475 564 adstringi
495 508 714 547 uxorem
741 510 753 546 :
777 507 898 548 cum
928 493 1169 563 paternis
1192 494 1521 550 maternisve
1543 533 1558 557 ,
1588 509 1654 549 ac
1684 508 1810 564 pro-

221 589 345 659 priis
373 587 526 642 bonis
553 586 658 642 frui
683 602 802 644 eam
830 588 1040 658 integro
1062 587 1262 658 Legum
1283 597 1484 644 statuto
1505 588 1811 657 religiosum

219 680 334 734 sit:
373 688 430 736 et
465 678 683 736 donatio
737 681 999 736 maritalis
1027 691 1153 738 ante
1198 690 1410 753 tempus
1455 680 1698 737 criminis
1749 695 1813 736 ac

218 782 393 829 reatus
412 773 600 828 collata
623 773 677 828 in
701 789 924 830 uxorem
951 817 964 841 ,
988 775 1112 846 quia
1136 774 1405 845 pudicitia.-
1442 774 1666 845 prazmio
1695 788 1815 830 ces-

219 867 303 931 sit,
333 865 669 924 observanda
694 867 782 935 sit,
820 877 1074 938 tanquam
1105 869 1150 924 si
1179 868 1428 924 maritum
1449 867 1567 938 ejus
1597 876 1810 934 natura,

219 976 318 1017 non
350 977 507 1032 pinna
536 961 876 1019 subduxerit.
909 963 1004 1019 Sin
1035 972 1214 1018 autem
1257 977 1394 1034 aqua
1425 971 1480 1018 et
1509 962 1614 1033 igni
1647 963 1695 1016 ei
1729 963 1815 1017 in-

220 1053 497 1110 terdictum
529 1055 656 1121 erit,
685 1055 773 1111 vel
797 1055 1100 1125 deportatio
1123 1055 1291 1122 illata,
1327 1069 1434 1110 non
1460 1064 1637 1110 tamen
1668 1069 1815 1110 mors

219 1162 277 1203 ex
319 1161 478 1217 ptena
523 1148 855 1203 subsecuta:
887 1147 1208 1204 donationes
1247 1164 1278 1202 a
1325 1148 1442 1202 viro
1492 1148 1543 1202 in
1593 1162 1813 1202 uxorem

217 1242 436 1307 εοιιειω,
469 1241 648 1298 adhuc
695 1243 746 1297 in
794 1242 1047 1313 pendenti
1093 1252 1348 1298 maneant
1377 1261 1390 1296 :
1424 1243 1546 1313 quia
1578 1258 1678 1298 nec
1704 1258 1816 1298 rna-

219 1333 522 1389 trimoninm
549 1334 602 1389 in
633 1333 936 1405 hujnsmodi
980 1335 1195 1390 casibus
1221 1335 1554 1401 dissolvitur,
1585 1335 1654 1389 ita
1685 1343 1741 1389 ut
1769 1334 1816 1389 si

219 1443 376 1500 usque
399 1427 467 1483 ad
494 1428 616 1483 vita:
637 1443 751 1484 sua:
773 1438 986 1499 tempus
1014 1428 1241 1484 maritus
1267 1443 1360 1484 eas
1389 1444 1495 1484 non
1525 1429 1814 1493 revocarit,

219 1537 275 1577 ex
302 1531 473 1577 morte
503 1521 620 1592 ejus
649 1525 1040 1579 conﬁrmentur
1068 1540 1080 1577 :
1108 1523 1240 1578 ﬁsco
1271 1533 1458 1578 nostro
1489 1522 1556 1578 ad
1595 1521 1814 1578 easdem

219 1629 298 1670 res
318 1615 520 1671 nullam
546 1618 601 1673 in
628 1627 900 1688 posterum
926 1617 1363 1673 communionem
1392 1616 1660 1672 habituro.
1688 1613 1814 1669 Dat.

219 1708 296 1764 III.
327 1709 543 1765 Calend.
580 1709 740 1765 Mart.
773 1710 1056 1777 Sardiniaz,
1085 1709 1250 1765 Crisio
1278 1709 1320 1765 II
1348 1719 1396 1765 et
1425 1707 1721 1765 Constantia
1747 1709 1814 1765 ll.

219 1799 350 1858 Cass.
374 1801 556 1875 (521.)
600 1803 711 1875 (Ea:
735 1801 864 1858 Cod.
894 1802 1062 1873 Just.)
1421 1787 1425 1792 ’

800 1913 868 1955 DE
905 1913 1233 1954 COXCUBINIS.

279 1990 416 2064 Imp.
449 1991 821 2049 Constantinus
846 1993 911 2047 Α.
944 1993 1014 2047 ad
1047 1991 1334 2064 Populum.
1361 1990 1572 2048 Nemini
1603 1991 1816 2048 licentia

219 2085 560 2155 concedatur,
577 2095 864 2143 constante
889 2085 1236 2142 matrimonio
1265 2086 1621 2142 concubinam
1651 2101 1818 2158 penes

219 2194 272 2235 se
298 2180 524 2236 habere.
577 2179 700 2235 Dat.
733 2179 920 2236 XVIII.
961 2178 1075 2233 Cal.
1105 2177 1219 2233 Jul.
1265 2179 1644 2247 Constantinis,
1675 2189 1819 2252 patre

221 2281 262 2328 et
283 2272 408 2343 ﬁlio,
442 2272 597 2329 Cass.
629 2271 751 2344 (521
776 2282 868 2327 aut
889 2270 1042 2344 524.)
1074 2270 1183 2344 (Ea:
1213 2272 1340 2326 Cod.
1362 2271 1532 2344 Just.)

612 2381 659 2423 8|
689 2382 967 2422 PENDENTE
993 2380 1414 2422 APPELLATIONB.

281 2460 416 2534 Imp.
437 2446 809 2516 Constantinus
831 2459 896 2515 Α.
919 2459 988 2514 ad
1011 2457 1228 2514 Bassum
1249 2459 1400 2530 praef.
1419 2459 1534 2514 urbi
1555 2467 1667 2532 post
1689 2459 1813 2514 alia.

222 2557 270 2614 Si
299 2572 431 2614 unus
457 2573 535 2614 ex
567 2555 924 2628 litigatoribus
945 2554 1124 2611 adhuc
1151 2553 1424 2626 pendente
1452 2553 1818 2624 appellatione

219 2650 496 2708 defunctus
532 2649 630 2705 sit:
667 2665 774 2706 non
805 2649 1081 2705 residuum
1115 2655 1322 2703 tantum
1348 2647 1611 2717 temporis
1641 2645 1817 2701 haereo

220 2743 306 2801 des
329 2744 442 2817 ejus
474 2744 752 2810 habeant,
804 2742 900 2799 sed
929 2744 1088 2798 etiam
1130 2742 1267 2798 alios
1298 2751 1530 2813 quatuor
1579 2757 1814 2796 menses.

220 2837 303 2895 Sin
321 2849 498 2894 autem
521 2837 590 2892 ad
612 2837 1061 2894 deliberationem
1086 2837 1418 2893 litereditatis
1447 2845 1652 2892 certum
1679 2845 1817 2890 tem-

224 2947 312 3002 pus
347 2931 663 3002 indulgetur
685 2971 700 2996 ,
733 2938 854 3002 post
884 2929 1092 3000 lapsum
1137 2930 1254 3002 ejus
1302 2930 1562 3000 temporis
1591 2935 1820 2999 quatuor

223 3029 470 3084 mensium
502 3027 878 3084 numerabitur
907 3024 1184 3100 (spatium)
1212 3043 1225 3079 :
1257 3041 1328 3082 ne
1372 3025 1684 3096 ignorantes
1714 3039 1815 3080 ne-

224 3121 407 3192 gotium
426 3164 441 3189 ,
470 3120 566 3176 vel
587 3120 747 3176 etiam
771 3118 1181 3192 superadcunda
1230 3117 1546 3174 haereditate
1569 3117 1820 3173 dubitan-

1317 280 1632 338 DECRETA
1676 279 1765 336 ET
1803 277 2404 338 CONSTI'I‘UTIONES.

219 398 452 454 illibatas
469 410 584 453 esse
613 396 889 468 praccipio,
920 411 1020 454 nec
1048 396 1212 455 alieni
1241 398 1482 454 criminis
1513 398 1805 454 infortunio
1832 402 1885 460 Λ

3404 287 3513 344 25-1-

2360 411 2590 453 ΓΛΜῙΜΕ
2630 411 2966 454 ΕΒΟΙΞΟΗΝΙΜΕ
2975 438 2989 454 .

1987 488 2127 559 Imp.
2179 487 2445 545 Constant.
2492 491 2557 544 A.
2606 491 2673 544 ad
2698 489 2935 547 Bassum.
2988 490 3106 547 PP.
3137 491 3283 549 Inter
3321 509 3512 552 omnes

1915 582 2173 638 duntaxat
2217 584 2462 641 bmredes
2512 599 2676 651 suos,
2719 587 2809 656 qui
2861 601 2925 642 ex
2956 587 3196 658 quolibet
3231 590 3514 646 venientes

1915 675 2113 745 gradu,
2148 685 2328 732 tamen
2361 692 2518 747 pares
2543 677 2798 734 videntur
2818 693 2938 735 esse
2960 720 2975 745 ,
3007 681 3094 734 vel
3117 681 3509 752 emancipatos,

1915 784 2052 838 quos
2105 770 2314 825 Praetor
2359 770 2426 826 ad
2471 770 2870 828 successionem
2908 783 3104 830 vocat:
3136 776 3249 830 sive
3275 787 3516 846 coeptum

1916 879 2091 935 neque
2143 865 2420 934 impletum
2476 875 2892 936 testamentum,
2941 869 3027 924 vel
3053 869 3366 936 codicillus,
3417 886 3517 928 seu

1916 961 2142 1031 cpistola
2170 963 2408 1033 parentis
2437 979 2562 1020 esse
2591 975 2956 1031 memorctur,
3009 965 3122 1022 sive
3170 981 3516 1038 quocumque

1917 1053 2024 1108 alio
2049 1053 2209 1109 modo
2237 1057 2521 1126 scriptura:
2552 1058 2986 1129 quibuscumque
3016 1058 3198 1113 verbis
3225 1101 3238 1124 ,
3269 1059 3352 1114 vel
3378 1059 3518 1114 indi-

1917 1144 2016 1200 ciis
2047 1146 2389 1202 inveniantur
2425 1149 2631 1205 relicta:
2663 1192 2677 1216 ,
2717 1150 2920 1220 judicio
2941 1150 3160 1205 familia:
3183 1152 3516 1208 erciscundae

1922 1235 2087 1309 (licet
2116 1239 2184 1293 ab
2216 1240 2469 1298 intestato
2499 1242 2565 1297 ad
2595 1244 2994 1299 successionem
3027 1243 3180 1299 liberi
3213 1243 3512 1316 vocentur)

1919 1341 2132 1386 servato
2161 1330 2262 1388 SC.
2291 1334 2494 1389 auxilio
2514 1376 2527 1400 ,
2557 1335 2792 1391 defuncti
2821 1336 3103 1406 dispositio
3137 1339 3472 1394 custodiatur
3498 1381 3512 1405 ,

1918 1426 2081 1482 etiam
2113 1427 2156 1481 si
2182 1428 2524 1484 solemnitate
2557 1430 2733 1500 legum
2766 1431 3068 1500 linjusmodi
3091 1432 3376 1503 dispasitio
3399 1434 3516 1490 fuc-

1919 1519 1989 1576 rit
2015 1521 2292 1576 destituta.
2315 1522 2369 1578 Si
2401 1539 2531 1579 vero
2558 1525 2610 1578 in
2644 1525 2946 1594 bujusmodi
2966 1527 3242 1582 voluntate
3269 1527 3518 1600 designa-

1920 1614 1992 1666 tis
2018 1613 2203 1670 liberis
2251 1615 2356 1669 alia
2395 1616 2464 1670 sit
2493 1617 2656 1672 mixta
2695 1633 2924 1689 persona
2953 1661 2966 1684 ,
3021 1629 3232 1676 certum
3261 1629 3345 1676 cst
3399 1637 3522 1676 eam

1918 1705 2251 1763 voluntatem
2281 1749 2296 1774 ,
2341 1719 2599 1778 quantum
2651 1709 2718 1766 ad
2748 1711 2890 1766 illam
2941 1711 3201 1768 duntaxat
3230 1730 3517 1785 personam

1847 1803 1896 1864 B
1923 1797 2244 1867 permixtam
2273 1842 2287 1866 ,
2322 1816 2420 1871 pro
2448 1802 2590 1858 nulla
2613 1801 2820 1860 haberi.
2849 1804 2973 1858 Dat.
3009 1804 3210 1862 Rome.
3265 1806 3367 1863 kal.
3402 1808 3516 1864 Cri-

1917 1909 2012 1965 spo
2041 1893 2104 1948 II.
2135 1903 2184 1949 et
2203 1893 2540 1952 Constantina
2565 1897 2698 1954 Caes.
2733 1898 2798 1954 II.
2832 1899 2977 1955 Cass.
3005 1899 3182 1972 (521).

1994 1986 2050 2041 In
2079 1986 2341 2042 Autbent.
2375 1988 2442 2045 de
2473 1989 2654 2046 trient.
2688 2001 2743 2047 et
2771 1994 2989 2048 semiss.
3036 1993 3064 2066 §
3097 2003 3153 2050 et
3182 1996 3324 2066 quod
3349 2012 3517 2070 sa‘pe,

1919 2081 2026 2140 col.
2059 2085 2111 2139 5.
2139 2083 2220 2139 tit.
2250 2082 2304 2138 5.
2333 2085 2534 2140 novell.
2570 2086 2656 2142 18.
2693 2101 2819 2158 .cap.
2849 2088 2900 2142 7.

1992 2178 2055 2235 Si
2080 2180 2231 2234 modo
2260 2181 2570 2254 subjiciatur
2598 2181 2717 2237 huic
2743 2185 3018 2254 scripturw
3040 2227 3054 2252 ,
3113 2187 3193 2242 vel
3223 2187 3386 2261 ipsius
3426 2206 3521 2260 pa-

1918 2274 2077 2329 rentis
2101 2316 2114 2341 ,
2145 2275 2224 2329 vel
2251 2277 2478 2330 omnium
2502 2317 2518 2343 ,
2550 2277 2684 2332 inter
2703 2294 2828 2347 quas
2858 2279 2916 2348 ﬁt
2940 2281 3152 2351 partitio
3175 2323 3192 2351 ,
3240 2285 3522 2342 liberorum

1920 2369 2250 2441 subscriptio.
2281 2370 2301 2440 (
2317 2367 2400 2424 Ex
2425 2368 2547 2424 cod.
2572 2368 2710 2425 Just.
2737 2368 2756 2442 )

2483 2461 2624 2512 Anno
2646 2460 2845 2515 Domini
2861 2463 2970 2516 522.

2336 2543 2603 2600 Probiano
2632 2556 2678 2601 et
2711 2547 2925 2603 Iuliana
2953 2548 3097 2605 Cass.

2439 2654 2507 2694 DE
2532 2655 2992 2699 ACCUSATIONIBUS.

1993 2730 2132 2804 Imp.
2152 2731 2516 2790 Constantinus
2531 2737 2592 2789 Α.
2607 2736 2676 2790 ad
2696 2737 3065 2808 Agricolanum
3080 2749 3174 2796 ει...
3201 2740 3335 2797 Cum
3351 2741 3376 2782 ι)
3398 2742 3518 2813 jus°

1921 2825 2143 2882 evidens
2165 2835 2326 2897 atque
2348 2827 2688 2884 manifestum
2711 2831 2800 2897 sit,
2824 2840 2883 2886 ut
2901 2833 3252 2890 intendendid
3282 2837 3522 2895 criminis

1921 2919 2120 2990 publici
2163 2921 2467 2978 facultatem
2494 2938 2597 2978 non
2622 2924 2721 2980 nisi
2745 2941 2812 2980 ex
2833 2929 2998 2983 certis
3035 2930 3240 2984 caussis
3269 2932 3524 2988 mulieres

1923 3011 2189 3081 babeant,
2221 3013 2322 3070 boc
2352 3024 2434 3070 est
2463 3016 2508 3070 si
2539 3031 2691 3071 suam
2723 3033 3054 3091 suorumque
3103 3021 3350 3092 injuriam
3399 3039 3524 3094 per-

1921 3116 2262 3179 sequantur,
2337 3109 2613 3165 observari
2683 3112 2977 3184 antiquitus
3032 3125 3227 3170 statuta
3284 3127 3521 3187 oportet.

225 3222 296 3271 ιεε
316 3257 330 3282 ,
363 3216 680 3286 priusquam
707 3213 920 3286 aliquod
947 3212 1290 3269 commodum
1317 3212 1572 3278 sentiam,
1604 3211 1816 3266 damnis
1845 3197 1890 3262 C
1921 3199 2106 3272 Neque
2142 3202 2284 3257 enim
2322 3202 2402 3258 fas
2431 3215 2534 3271 est,
2563 3214 2624 3259 ut
2651 3207 2850 3277 passim
2877 3208 3190 3266 mulieribus
3232 3211 3525 3267 accusandi

224 3303 352 3359 afﬁci
381 3303 799 3375 compellantur.
835 3290 938 3358 Ρβ.
983 3301 1069 3357 15.
1102 3300 1217 3355 Cal.
1251 3300 1379 3354 Jun.
1410 3299 1592 3355 Sirmii
1637 3297 1818 3369 Crispo

226 3398 280 3456 ll.
307 3410 348 3457 et
377 3400 719 3457 Constantino
747 3399 813 3454 II.
837 3397 939 3454 CC.
969 3395 1113 3452 Cass.
1149 3395 1325 3470 (521.)
1350 3394 1460 3466 (Ea:
1490 3393 1618 3450 Cod.
1652 3391 1820 3466 Just.)

702 3535 770 3576 DE
801 3533 1060 3575 EDIFICIIS
1080 3531 1342 3572 PRIVATIS.

290 3637 423 3711 Imp.
454 3636 825 3694 Constantinus
854 3634 920 3689 Α.
952 3633 1162 3702 Elpidio
1202 3632 1372 3704 agenti
1411 3631 1569 3685 ricem
1601 3627 1718 3683 PP.
1761 3627 1818 3684 Si

229 3733 336 3802 quis
353 3743 470 3804 post
499 3732 644 3788 hanc
669 3731 842 3802 legem
873 3729 1095 3784 civitate
1125 3727 1378 3798 spoliata,
1409 3733 1658 3780 ornatum
1690 3724 1822 3791 (boc

229 3835 303 3880 est
338 3841 650 3892 marmora,
697 3825 783 3880 vel
827 3822 1129 3893 columnas)
1170 3822 1235 3876 ad
1279 3835 1404 3876 rura
1445 3817 1817 3886 transtulerit,

233 3918 450 3988 privetur
482 3934 552 3976 ea
589 3917 954 3989 possessione,
979 3931 1139 3988 quam
1174 3915 1244 3968 ita
1287 3912 1580 3969 ornaverit.
1613 3911 1666 3967 Si
1699 3911 1820 3982 quis

232 4022 394 4068 autem
421 4027 487 4068 ex
517 4011 627 4067 alia
659 4011 712 4066 in
740 4010 900 4065 aliam
923 4009 1194 4064 civitatem
1227 4005 1521 4062 labentium
1554 4004 1817 4076 parietum

234 4117 487 4160 marmora
525 4103 612 4158 vcl
642 4102 922 4159 columnas
956 4100 1023 4155 de
1063 4098 1294 4171 prapriis
1323 4097 1574 4152 domibus
1610 4095 1662 4150 in
1693 4110 1820 4167 pro-

234 4197 364 4266 prias
407 4196 703 4254 transferre
755 4195 1024 4264 voluerit,
1071 4194 1325 4264 quoniam
1375 4191 1659 4263 utrobique
1701 4189 1820 4244 hrec

237 4305 343 4348 esse
381 4293 654 4363 publicum
683 4291 848 4346 decus
875 4299 978 4358 est,
1008 4289 1234 4345 licenter
1255 4287 1358 4344 hoc
1384 4287 1563 4343 faciat.
1595 4287 1728 4341 Data
1747 4286 1821 4341 si-

236 4385 417 4440 militer
443 4385 696 4440 facultate
716 4383 878 4438 etiam
898 4381 966 4438 de
998 4381 1342 4452 possessione
1361 4387 1610 4435 ornatum
1633 4377 1820 4448 hujus-

238 4470 364 4525 modi
402 4472 466 4524 ad
507 4469 905 4540 possessionem
943 4469 1103 4523 aliam
1144 4465 1530 4528 transferendi,
1570 4464 1819 4536 quamvis

237 4577 322 4634 per
346 4579 549 4630 muros,
577 4562 660 4617 vel
688 4563 847 4617 etiam
875 4576 972 4632 per
1000 4559 1230 4616 mediam
1261 4559 1534 4614 civitatem
1555 4573 1617 4612 ea
1642 4567 1816 4612 trans-

239 4655 352 4711 ferri
373 4673 592 4714 necesse
617 4657 688 4712 sit
712 4673 725 4710 :
754 4657 824 4710 ita
847 4665 904 4711 ut
929 4670 991 4710 ea
1013 4653 1375 4718 solummodo,
1397 4669 1516 4722 quae
1539 4653 1683 4708 illata
1705 4651 1820 4707 fue-

239 4749 335 4804 rint
364 4751 692 4812 civitatibus,
739 4757 1112 4820 exportentur.
1162 4745 1283 4800 Dat.
1329 4745 1382 4800 6.
1431 4745 1646 4799 Calend.
1687 4741 1814 4798 Jun.

246 4836 522 4909 Viminacii,
554 4829 735 4910 Crispo
759 4839 818 4894 ll.
849 4847 895 4892 et
923 4835 1098 4893 Const.
1126 4836 1190 4891 11.
1221 4824 1364 4890 Cass.
1395 4831 1567 4904 (521).

684 4973 751 5013 DE
772 4968 1121 5021 REQUIRENDIS
1141 4966 1281 5006 REIS.

307 5072 817 5146 lmp.Cans!antinus
847 5072 908 5125 Λ.
934 5069 1003 5124 ad
1033 5066 1362 5122 Ianuarium.
1395 5064 1726 5135 Quicumque
1752 5077 1818 5118 ex

245 5179 302 5222 eo
323 5167 426 5236 die,
469 5183 575 5239 quo
604 5183 728 5224 rcus
754 5164 914 5220 fuerit
939 5164 989 5218 in
1031 5161 1234 5232 judicio
1263 5159 1483 5232 petitus,
1529 5159 1666 5214 intra
1691 5157 1819 5212 anni

250 5259 458 5326 spatium
484 5259 716 5315 noluerit
743 5255 935 5312 adesse
967 5253 1192 5324 judicio,
1220 5268 1311 5308 res
1348 5251 1466 5319 ejus
1498 5249 1627 5304 ﬁsco
1647 5247 1820 5302 vindi-

249 5352 564 5406 centur.Etsi
587 5360 770 5422 postea
799 5356 1069 5420 repertus,
1092 5360 1294 5401 nocens
1327 5345 1488 5400 fuerit
1516 5341 1818 5414 deprehen-

247 5450 347 5505 sus,
368 5443 620 5498 severiori
643 5440 925 5497 sententia:
941 5438 1276 5510 subjugetnr.
1301 5437 1405 5494 Sed
1423 5437 1466 5491 si
1489 5431 1819 5506 argumentis

251 5533 561 5593 evidentibus
579 5546 634 5593 et
660 5535 978 5606 probatione
1003 5531 1237 5589 dilucida
1270 5529 1635 5587 innocentiam
1664 5541 1817 5583 suam

251 5631 557 5699 purgaverit,
598 5629 947 5685 nihilominus
979 5626 1259 5683 facultates
1289 5625 1407 5695 ejus
1434 5638 1602 5694 penes
1628 5621 1815 5676 ﬁscum

256 5733 564 5780 remaneant.
599 5724 719 5779 Dat.
754 5723 841 5779 Id.
887 5722 1012 5777 Jan.
1047 5720 1384 5777 Constantina
1415 5719 1478 5774 A.
1524 5717 1575 5774 5.
1606 5726 1651 5772 et
1679 5714 1820 5771 Lici-

256 5813 438 5872 niaCC.
463 5818 601 5874 Cass.
636 5818 810 5890 (521.)
842 5817 943 5888 (Ex
969 5816 1101 5874 Cod.
1125 5813 1311 5886 Just.).

511 5913 780 5976 Punoc.
833 5910 996 5973 VIII.

1923 3296 2185 3364 permissa
2238 3295 2462 3352 facultas
2515 3298 2633 3364 sit;
2699 3299 2937 3371 alioquin
2998 3303 3051 3357 in
3107 3304 3334 3373 publicis
3391 3306 3522 3361 olim

1921 3389 2309 3458 qumtionibus
2358 3388 2626 3444 interdum
2677 3400 2770 3446 aut
2823 3392 3098 3448 admissa"
3152 3396 3399 3466 probatio
3443 3409 3528 3455 est

1922 3490 2014 3534 aut
2052 3481 2356 3536 accusantis
2393 3483 2706 3538 auctoritas.
2742 3484 2977 3555 Patroni!
3005 3486 3166 3542 etiam
3213 3505 3526 3548 caussarum

1923 3574 2178 3630 monendi
2207 3583 2364 3638 sunt,
2408 3590 2476 3629 ne
2507 3584 2754 3645 respectu
2783 3578 3090 3647 compendii
3122 3578 3350 3638 feminas
3387 3583 3404 3620 ί
3439 3599 3525 3640 sc-

1922 3669 2150 3724 curitate
2195 3668 2420 3723 forsitan
2453 3683 2616 3724 sexus
2660 3670 2713 3724 in
2764 3670 3077 3726 actioncms
3121 3674 3358 3732 illicitam
3401 3694 3526 3749 pro-

1923 3771 2140 3818 ruentes
2180 3771 2383 3818 temere
2432 3763 2750 3834 suscipiant.
2785 3763 2903 3819 PP.
2951 3765 3017 3819 V.
3042 3765 3174 3821 Id.h
3211 3767 3362 3826 Febr.
3392 3771 3526 3828 Pra-

1924 3841 2075 3910 biano
2103 3865 2147 3910 et
2172 3854 2385 3910 Iuliana
2403 3853 2546 3910 Cass.
2580 3854 2594 3892 ί
2634 3855 2804 3928 (522).

1992 3950 2448 4005 ΙΝτειιΡιιετΑτιο.
2470 3948 2701 4006 Feminis
2730 3952 2829 4005 nisi
2853 3953 2905 4007 in
2930 3970 3025 4009 sua
3046 3973 3351 4024 suarumque
3373 3978 3526 4016 caus-

1996 4092 2020 4167 ξι
2061 4083 2116 4152 4,
2142 4082 2244 4167 'I‘il.
2271 4083 2754 4167 Africalanuntﬁo,
2781 4083 3252 4167 %5_a_griculatittnt.
3285 4093 3356 4149 42
3385 4098 3526 4167 agri-

1923 4157 2113 4212 culam.
2144 4157 2247 4210 An.
2279 4155 2402 4210 add.
2439 4155 2596 4210 Recte
2619 4155 2822 4211 Prom?
2857 4157 2973 4212 Viti.
3009 4159 3108 4216 Go.
3153 4163 3203 4216 in
3245 4175 3354 4220 not.

1995 4226 2023 4267 ι)
2063 4229 2218 4284 Prior
2249 4227 2398 4309 b_._c.
2432 4242 2554 4298 pars
2585 4226 2728 4309 inﬁc.
2761 4226 2981 4309 l‘2_Co_d.
3014 4231 3154 4309 Just.
3184 4233 3400 4309 deAIIis,
3433 4241 3526 4309 qui

1922 4316 2035 4357 acc.
2065 4318 2118 4354 n.
2169 4315 2221 4370 p.
2249 4298 2460 4352 videtur
2490 4299 2796 4361 transiisse;
2836 4300 3028 4370 legitur
3055 4305 3199 4359 enim
3230 4307 3299 4362 ibi
3323 4298 3528 4367 abii-1i-

1924 4373 2000 4428 tio
2024 4373 2097 4450 ita
2118 4390 2137 4450 _:
2162 4369 2238 4424 De
2257 4371 2468 4425 crimine
2491 4371 2626 4439 quod
2655 4369 2975 4450 publicarunt
3004 4378 3159 4450 fuerit
3179 4380 3523 4450 judiciarum,

1923 4446 2128 4500 mulieri
2173 4459 2414 4497 accusare
2443 4459 2543 4496 non
2589 4445 2936 4512 permittitur:
2961 4448 3059 4500 nisi
3089 4445 3236 4504 certis
3266 4469 3329 4507 ea:
3355 4445 3527 4510 causis

1922 4517 1977 4590 id
2004 4525 2073 4571 est
2103 4517 2146 4570 si
2176 4531 2320 4590 suam
2360 4529 2665 4590 suarumque
2696 4526 3027 4587 persequatur
3056 4521 3299 4590 injuriam
3337 4543 3526 4582 secun-

1844 4605 1899 4664 D
1924 4588 2047 4642 dum
2077 4587 2648 4664 antiquijuris-statuta
2669 4596 2885 4664 tantum,
2914 4599 3016 4664 etc.

1999 4669 2020 4698 ο
2063 4662 2117 4726 4,
2141 4658 2246 4714 Til.
2280 4674 2391 4712 om.
2415 4661 2528 4730 jus,
2557 4658 2651 4712 sed
2689 4659 2740 4712 in
2763 4657 2944 4730 eud.4
2979 4675 3126 4730 supr.
3154 4663 3249 4720 lin.
3273 4667 3397 4724 add.
3455 4671 3525 4728 ab

1922 4739 2035 4805 ant.
2063 4745 2241 4805 manu.
2262 4730 2338 4805 12
2360 4729 2682 4805 ejus._Paulo
2717 4741 2839 4805 post
2861 4729 2962 4805 (in.
2981 4729 3342 4805 manifestum.

1993 4801 2020 4840 ἀ
2060 4801 2230 4883 Codd.
2261 4800 2350 4883 Br.
2493 4801 2776 4883 ittten‘tandi
2809 4811 2864 4855 ut
2886 4802 3058 4883 Sicli.,
3165 4809 3523 4883 intempmndi,

1921 4873 2206 4955 intemtanti
2235 4882 2288 4928 et
2317 4871 2666 4955 indendandi.
2700 4889 2824 4955 quze
2860 4877 3037 4930 omnia
3065 4871 3523 4955 _tlivt3rsas'ejtisd:

1923 4961 1975 4999 v.
2011 4945 2198 5000 forma:
2229 4952 2372 4999 sunt.
2416 4944 2498 4998 Ri.
2536 4944 2690 5013 prob.
2722 4960 2772 4998 ν.
2807 4946 3113 5002 intentandi.
3149 4949 3327 5008 liettn.
3361 4944 3530 5014 i'nten-

1924 5018 2096 5101 dendi.
2115 5015 2247 5101 ‘Vid:
2262 5017 2496 5101 321th.
2525 5026 2564 5101 t_.
2608 5017 2651 5101 si
2675 5058 2690 5081 ,
2731 5018 3184 5101 quodintenderit,
3209 5041 3307 5101 non
3334 5030 3527 5101 proba-

1923 5090 2048 5144 verit
2078 5097 2201 5144 etc.
2228 5087 2296 5142 15
2323 5088 2378 5140 Il.
2413 5094 2454 5144 t.
2477 5088 2771 5141 intendendi
2795 5091 2997 5158 quidem
3017 5095 3287 5151 examinis.

2000 5170 2023 5200 ο
2064 5161 2118 5224 9,
2153 5161 2238 5245 1.9,
2278 5159 2349 5213 20
2379 5159 2588 5245 amissa.
2622 5158 2800 5245 Impr.
2831 5160 2931 5218 Go.
2980 5163 3032 5216 in
3061 5179 3258 5225 comm.
3285 5185 3402 5240 eos,
3433 5174 3527 5245 qui

1925 5248 2031 5305 ent.
2070 5231 2296 5305 probitas
2314 5246 2436 5305 Apro,
2455 5232 2706 5305 probatio.

2000 5303 2019 5342 ῐ
2071 5303 2276 5382 ξ8-1Ο,
2305 5303 2391 5361 Ii.
2420 5303 2489 5382 lii
2512 5303 2722 5376 respecti
2742 5312 2796 5359 et
2818 5305 2882 5361 16
2911 5306 3121 5378 femina.
3152 5308 3223 5365 20
3251 5326 3400 5382 supr.
3427 5318 3523 5376 lin.

1925 5377 2187 5432 severitate
2211 5390 2304 5443 pro
2326 5375 2610 5428 securitate.

1999 5458 2023 5495 8
2060 5447 2131 5524 ‘29
2151 5447 2452 5524 accessione,
2467 5447 2712 5524 sc_d._cm.
2737 5449 2948 5503 actione.
2974 5446 3042 5505 15
3075 5452 3126 5504 in
3147 5460 3246 5508 act.
3271 5458 3531 5524 publicam

2155 5520 2374 5551 ἶυι-Ιὸη-ηη
2426 5519 2445 5551 Ι
2459 5519 2490 5551 0
2519 5519 2662 5551 ὅηΙέηἶ

1925 5535 2067 5592 prar.
2093 5520 2127 5574 6
2149 5520 2396 5572 inclitam.
2426 5517 2490 5572 I9
2519 5519 2734 5575 inlicita.
3271 5517 3281 5524 ’

1997 5589 2098 5664 ¹ιι8
2124 5590 2195 5645 kl.
2223 5590 2508 5664 prqidﬂb
2535 5593 2671 5662 prid.
2697 5591 2766 5649 40
2787 5597 2863 5664 pf.
2884 5591 2985 5662 reb.
3008 5592 3098 5659 28,
3122 5592 3194 5650 40
3219 5610 3330 5653 om.
3353 5601 3416 5658 V.
3434 5604 3520 5662 Id.

1925 5665 1993 5736 με)
2021 5662 2121 5736 Id.
2141 5666 2269 5736 febr.
2292 5661 2365 5716 X.
2391 5661 2488 5736 Pr.

1931 5734 1938 5736 “
1962 5738 2032 5863 9;)
2065 5735 2136 5791 42
2158 5748 2202 5789 et
2230 5734 2585 5859 Valentiniano
2611 5754 2656 5790 ο.
2682 5736 2781 5792 Gn.
2813 5736 3057 5792 consulto
3083 5737 3367 5814 adscripsit
3390 5765 3515 5808 asin.

1927 5810 1997 5863 5..
2019 5807 2054 5863 ’.
2079 5809 2235 5863 inmr.
2316 5807 2349 5860 i.

1927 5823 2054 5876 b‘zo,
2079 5823 2235 5877 Impr.
2269 5823 2349 5860 tu.

2957 5901 2996 5962 8
