3948 6310
273 323 382 382 241

1360 312 1683 371 DECRETA
1721 310 1812 369 ET
1847 308 2457 370 CONSTITUTIONES.

3474 304 3584 363 242

269 445 389 518 ejus
434 442 602 498 aetatis
652 449 699 497 et
728 455 879 495 sexus
911 438 1034 492 dare
1052 444 1264 510 cogatur
1277 445 1327 503 α,
1357 434 1463 491 illis
1484 435 1537 489 in
1560 432 1868 489 condemna-
1893 432 1951 493 Α
1971 430 2053 486 vel
2071 438 2096 468 α
2126 429 2263 501 quod
2288 429 2351 484 ab
2393 428 2473 482 his
2494 426 2521 466 ι’
2552 428 2604 483 in
2631 437 2653 467 ο
2701 428 2902 500 peculio
2950 429 3200 502 reposcit,
3253 427 3578 502 satisfaciat,

271 540 412 596 tione
437 536 467 576 ι’
502 554 607 593 non
662 533 1063 590 annunterandis
1087 534 1168 587 his
1194 574 1209 599 ,
1237 532 1326 604 qui
1352 573 1367 597 ,
1394 530 1519 585 dum
1548 544 1731 585 caussa
1754 543 1876 600 pro-

269 632 516 696 trahitur,
547 630 601 684 in
629 629 752 684 litec
784 629 893 683 nati
922 644 1032 682 esse
1059 631 1361 698 probantur.
1383 624 1534 691 Quod
1555 619 1642 678 sid
1673 638 1739 678 ea:
1765 622 1869 690 his,

269 722 361 797 qui
387 722 458 776 ad
486 721 783 778 servitutem
812 729 1058 775 vocantur
1076 761 1091 785 ,
1127 719 1249 773 dum
1279 734 1373 789 per
1409 725 1711 773 assertorem
1744 724 1768 752 (³
1790 730 1870 769 re-

266 814 575 886 quirendum
601 822 691 867 aut
727 813 831 867 alia
857 809 1162 866 occasionef
1193 826 1375 865 caussa
1407 808 1743 880 protrahitur,
1774 807 1872 861 ali-

266 908 357 978 qui
382 907 738 973 morianturs,
765 914 811 959 et
853 904 1081 961 hazredes
1108 920 1284 959 eorum
1323 913 1512 958 statum
1545 901 1872 973 ingenuitatis

265 999 616 1065 obtinuerint,
646 1014 742 1071 pro
787 997 928 1052 illius
956 1013 1195 1070 persona,
1242 1011 1358 1068 qua:
1407 992 1509 1049 iuh
1538 996 1627 1050 lite
1669 1003 1871 1049 ntortua

264 1105 363 1161 est,
382 1091 673 1148 Ineredibus
705 1092 809 1147 suis
833 1091 948 1159 eius
975 1090 1337 1159 compensatio,
1371 1089 1503 1142 sicut
1531 1095 1576 1143 et
1604 1103 1699 1160 pro
1722 1086 1866 1154 vivis,

261 1206 295 1244 α
324 1187 565 1262 pulsante
605 1186 871 1241 reddenda
905 1195 1001 1243 est.
1033 1183 1097 1241 Si
1125 1201 1242 1239 vero
1264 1185 1355 1238 ille
1378 1184 1659 1250 moriatur,
1688 1182 1779 1255 qui
1804 1182 1870 1236 li-

262 1283 410 1340 beros
436 1271 722 1337 conabatur
746 1280 987 1336 addicere
1010 1278 1053 1347 ί,
1086 1289 1133 1334 et
1160 1280 1297 1349 ﬁlios
1321 1289 1409 1333 aut
1440 1278 1666 1333 luet-edes
1686 1278 1864 1331 dimit-

260 1388 357 1447 tat,
379 1379 463 1434 sii
506 1377 790 1452 persequik
827 1375 1080 1431 voluerint
1107 1390 1373 1440 caussam,
1407 1389 1562 1437 quam
1593 1381 1741 1444 pater
1778 1380 1868 1426 aut

258 1483 441 1529 auctor
459 1468 479 1509 ι
508 1470 855 1529 inchoaverat.
885 1478 934 1524 et
964 1468 1086 1523 victi
1108 1468 1320 1541 fuerint,
1344 1465 1413 1520 ad
1437 1482 1595 1538 supra
1622 1466 1867 1539 scriptam

258 1566 663 1637 satisfactionem
685 1562 889 1619 tenendi
914 1571 1056 1629 sunt,
1083 1571 1136 1616 ut
1167 1563 1273 1615 alia
1294 1570 1334 1598 ιιι
1356 1572 1429 1616 tot
1450 1561 1708 1631 mancipia
1732 1560 1868 1641 male

260 1633 483 1730 pulsatis
516 1656 865 1728 satisfaciant.
908 1655 970 1712 Si
1010 1671 1124 1709 vero
1146 1671 1299 1727 agere
1324 1655 1599 1719 noluerint,
1632 1670 1723 1708 nec
1750 1633 1866 1727 per1

260 1754 407 1823 sequi
436 1767 522 1806 eos
547 1752 871 1815 tentaverint,
902 1752 992 1804 sed
1013 1751 1231 1804 etiamin
1250 1748 1535 1804 custodiam
1560 1751 1622 1803 ab
1650 1757 1861 1802 auctore

259 1844 542 1900 redactosn
568 1842 879 1898 absolverint
910 1846 956 1906 °,
992 1850 1138 1897 erunt
1166 1851 1239 1895 ar
1269 1841 1517 1895 mulctteq
1553 1840 1869 1895 condemna-

260 1941 400 1993 tione
415 1936 607 2001 securi,
631 1936 754 2007 quia
767 1952 868 1989 natt
884 1935 937 1989 in
956 1934 1180 1989 auctoris
1196 1934 1277 1989 sui
1288 1934 1410 1988 vitio
1425 1943 1447 1971 ι·
1467 1935 1796 2005 perstiterunt
1816 1942 1863 1986 ⁸.

265 2031 418 2101 Quod
442 2032 488 2087 si
514 2035 534 2069 τ
565 2032 701 2103 forte
728 2030 951 2084 minores
973 2029 1097 2098 sint,
1123 2039 1170 2083 et
1202 2038 1343 2083 tutor
1362 2037 1391 2065 ἰ
1421 2045 1599 2084 eorum
1617 2028 1693 2083 vel
1713 2043 1870 2083 cura-

262 2137 346 2185 tor
365 2143 577 2182 caussas
602 2142 780 2181 eorum
800 2124 1045 2181 adversus
1074 2124 1438 2196 ingenuitatem
1473 2124 1760 2197 prosequi"
1783 2140 1867 2179 ve-

266 2220 350 2287 lit,
381 2230 430 2275 et
457 2219 618 2289 fuerit
638 2229 932 2292 superatus,
966 2219 1076 2291 ipse
1093 2217 1157 2272 de
1188 2217 1402 2290 propria
1430 2215 1677 2286 facultate
1695 2216 1763 2271 ad
1783 2233 1865 2271 sa-

262 2312 607 2386 tisfactionem
634 2310 881 2366 tenendus
913 2318 1007 2365 est.
1041 2308 1101 2365 Si
1124 2324 1241 2363 vero
1270 2319 1386 2381 post
1411 2307 1686 2362 secundant
1712 2324 1866 2381 repa-

261 2407 518 2461 rationem
541 2414 767 2460 assertor
789 2404 1020 2458 inventus
1040 2402 1267 2476 periculo
1285 2417 1379 2456 suo
1400 2410 1425 2438 κ
1455 2400 1649 2455 addicti
1665 2410 1694 2449 γ
1720 2416 1870 2455 caus-

262 2515 377 2556 sam
397 2497 675 2553 crediderit
712 2496 1083 2567 replictmdam,
1113 2504 1188 2560 ut,
1213 2496 1257 2549 si
1292 2495 1524 2548 vincatur
1547 2502 1594 2560 κ,
1610 2492 1867 2563 peculium

264 2602 353 2649 aut
365 2592 575 2647 servitia
586 2601 641 2629 αα
655 2600 1003 2662 susceptorum
1014 2588 1075 2628 δι’
1092 2589 1169 2644 vel
1193 2591 1333 2659 ipsos
1350 2600 1371 2628 ο
1382 2599 1403 2627 ο
1418 2587 1631 2643 reddere
1653 2586 1833 2642 debeat
1849 2604 1869 2642 :

265 2684 506 2741 similiter
523 2694 571 2739 et
592 2684 700 2752 ille,
723 2685 813 2756 qui
834 2684 1026 2753 pulsat,
1046 2684 1166 2736 dato
1196 2680 1498 2754 ﬁdejussore
1509 2675 1566 2716 δά
1603 2680 1870 2748 promittat

266 2796 321 2837 se
333 2778 637 2852 praedictum
663 2793 930 2833 numerum
951 2776 1028 2831 vel
1049 2773 1286 2830 nteritum
1311 2783 1367 2811 9°
1390 2772 1767 2846 mancipiorum
1787 2769 1807 2810 τ
1820 2769 1839 2809 ί
1848 2812 1865 2840 ,

274 3004 285 3011 “
340 3008 368 3037 ι
399 2998 492 3065 10,
518 2998 605 3062 18.
628 2998 719 3067 42,
748 2997 839 3053 alii
871 3012 981 3051 om.
1012 2995 1093 3051 his
1115 3002 1442 3067 —-cogatur.

338 3071 369 3112 ιι
394 3061 549 3127 Sich.
580 3061 716 3142 Cuj.'
739 3073 761 3127 1
789 3100 861 3111 -
884 3068 1068 3142 Lugd.
1102 3067 1171 3120 ad
1196 3061 1694 3142 condemnationem.
1722 3064 1865 3142 6,_7,

267 3142 333 3198 21
365 3144 434 3198 ad
467 3159 598 3199 serv.
631 3137 877 3199 vocabant
900 3137 1097 3194 -—’illis
1132 3154 1233 3192 non
1262 3139 1316 3191 in
1344 3152 1390 3189 c.
1419 3137 1829 3190 adnumerandis
1848 3176 1864 3204 ,

268 3216 479 3287 quidum
508 3232 699 3287 caussa
719 3215 955 3287 trahitur.
1009 3210 1260 3280 Plerique
1279 3206 1439 3265 codd.
1470 3206 1707 3261 trahitur.

344 3298 367 3326 ε
394 3287 544 3344 Multi
569 3286 727 3343 Codd.
752 3287 808 3340 in
830 3286 988 3339 litem.

338 3356 369 3397 ἀ
403 3359 584 3415 Noun.
634 3358 793 3414 codd.
843 3356 996 3421 Quod
1022 3354 1154 3426 (om.
1185 3353 1276 3425 si).

344 3444 370 3471 ο
400 3430 624 3487 Vocatur
651 3431 707 3486 d.
732 3446 827 3499 pro
846 3438 1118 3484 assertore.

347 3506 370 3549 τ
393 3503 448 3572 6,
472 3504 505 3559 7
547 3512 636 3558 aut
663 3494 821 3558 aliam
858 3500 1196 3557 occasionem.
1236 3498 1307 3555 44
1332 3512 1423 3568 per
1450 3494 1609 3551 aliatu
1637 3494 1867 3550 occasio-

276 3589 403 3629 nem.

345 3656 370 3719 β
392 3646 642 3719 Plerique
666 3645 827 3719 codd.
859 3644 1165 3700 moriuntur.

344 3716 373 3756 ιι
398 3716 741 3775 Μιιιιῖεοάά.
759 3733 871 3775 om.
898 3718 973 3772 in.

351 3810 366 3849 ί
403 3811 525 3880 Cui.
552 3812 580 3867 l
604 3840 676 3853 -—-
699 3812 869 3883 Lugd.
897 3811 1171 3865 adducere.
1207 3806 1263 3864 lu
1311 3805 1562 3877 exemplo
1601 3818 1723 3861 meo
1741 3802 1861 3875 Cuj.

279 3882 355 3940 ia
386 3898 549 3939 manu
577 3899 690 3939 rec.
720 3882 862 3939 corr.
891 3884 1158 3937 abducere.

347 3957 362 4027 ξ
395 3955 567 4027 Noun.
593 3954 752 4012 codd.
779 3956 1031 4027 prosequi.

344 4025 372 4065 ι
399 4026 471 4082 44
497 4028 621 4084 add.
645 4045 751 4083 eos.

350 4096 368 4137 ι
397 4100 545 4155 Sich.
577 4116 700 4156 cum
729 4098 912 4155 multis
930 4097 1087 4155 codd.
1119 4107 1281 4152 actor.

346 4179 387 4208 ³³
410 4171 558 4228 Sich.
582 4182 701 4228 sunt
729 4188 749 4228 :
769 4180 857 4226 aut
877 4171 1000 4235 alia,
1029 4170 1122 4226 sed
1151 4169 1203 4224 iu
1226 4183 1300 4223 m.
1320 4175 1396 4222 ut.

344 4250 372 4279 ιι
400 4244 549 4300 Multi
577 4245 737 4300 codd.
765 4245 818 4299 in
838 4243 1071 4298 custodia
1094 4241 1155 4296 ab
1178 4250 1347 4295 actore
1366 4238 1618 4293 redactus.

345 4346 370 4376 ο
398 4337 532 4393 Hinc
581 4339 773 4396 iterum
820 4336 1005 4407 incipit
1028 4334 1155 4391 cod.
1185 4331 1279 4391 20.
1304 4330 1428 4389 Vid.
1459 4330 1517 4388 C.
1548 4330 1658 4388 'l‘lt.
1692 4329 1864 4388 tit.de

275 4405 479 4484 Nuptiis
508 4409 619 4484 (Ill,
651 4410 729 4483 7),
763 4425 811 4466 c.
839 4410 896 4480 2,
920 4405 1031 4465 not.
1066 4426 1121 4480 p.

343 4490 370 4532 P
396 4480 467 4538 2O
496 4480 609 4538 om.
659 4480 710 4537 α’.

343 4563 369 4604 (ι
389 4553 566 4609 Νοηη.
592 4554 752 4611 codd.
799 4555 979 4609 ntulta.

346 4633 367 4663 τ
399 4624 453 4686 6.
479 4627 535 4694 7,
559 4626 649 4687 21.
680 4627 768 4692 42,
802 4627 889 4681 alii
917 4626 1114 4681 vitium.

272 4757 281 4767 ,
344 4705 367 4735 ³
399 4696 546 4752 Multi
568 4698 727 4753 codd.
758 4699 1099 4768 prestiterunt.

346 4769 363 4804 ί
390 4768 553 4834 6—9.
588 4770 677 4837 12,
714 4762 800 4836 ll,
834 4770 920 4836 l7,
951 4768 1018 4825 19
1048 4779 1101 4826 et
1123 4765 1277 4824 multi
1299 4764 1391 4822 alii
1412 4762 1535 4821 Nisi
1563 4767 1714 4836 forte.

340 4847 368 4877 ιι
394 4840 466 4896 20
490 4857 652 4912 supra
685 4843 779 4897 litt.
803 4853 998 4897 auctor.

337 4922 367 4951 ν
396 4913 469 4968 20
498 4915 747 4985 persequi.

262 5034 265 5037 .
340 4993 368 5022 ι
393 4985 537 5042 6-8
564 4987 665 5041 sui.
693 4987 764 5045 20
785 4986 996 5058 periculi
1021 4985 1123 5041 sui.

338 5088 368 5127 ῖ
394 5078 517 5150 Cuj.
550 5080 580 5135 1
609 5109 680 5120 -
702 5079 873 5150 Lugd.
924 5080 975 5134 in
1004 5094 1078 5133 ιη.
1110 5075 1340 5150 adducti.
1370 5074 1428 5131 In
1460 5070 1713 5144 exemplo
1740 5084 1868 5127 meo

268 5149 389 5223 Cuj.
427 5153 450 5207 l
477 5149 510 5207 s
544 5167 689 5206 man.
716 5167 829 5207 rec.
862 5166 1007 5207 corr.
1030 5149 1253 5206 abducti.

343 5253 369 5281 ι
399 5243 474 5298 tta
522 5243 576 5303 6.
605 5244 660 5310 7,
689 5244 783 5310 20,
816 5241 909 5309 42,
943 5241 1037 5308 44,
1069 5241 1185 5309 alii,
1219 5237 1550 5313 Sicb.Cuj.i
1573 5267 1644 5278 —-
1665 5233 1865 5308 Lugd,

268 5314 429 5387 prob.
460 5314 547 5371 Ri.
582 5314 722 5371 Bell.
755 5316 1066 5370 vindicatur.

340 5415 402 5445 ⁸⁸·
434 5405 614 5463 Noun.
645 5406 803 5463 codd.
838 5402 1117 5462 servitium.

338 5498 402 5540 δι’
432 5499 504 5556 26
531 5500 951 5570 subscriptorum,
976 5499 1072 5555 sed
1093 5515 1123 5554 a
1141 5513 1285 5554 man.
1305 5513 1416 5555 sec.
1438 5511 1581 5552 corr.
1605 5504 1871 5568 suscepto-

268 5590 407 5628 rum.
433 5572 499 5628 21
536 5582 913 5645 suscepturum,
946 5572 1042 5629 sed
1068 5572 1121 5627 iu
1146 5588 1219 5626 tu.
1247 5579 1620 5645 susceptorum.

345 5676 403 5738 ξιξ
433 5664 506 5738 20
532 5665 696 5734 ipsas.
718 5664 1213 5738 Siclt.ipsa.Nonu.
1235 5651 1546 5738 codd.ipsu.

340 5732 403 5773 δά
433 5732 610 5807 Noun.
643 5736 804 5791 codd.
837 5732 971 5792 datis
991 5736 1402 5807 fidejussoribus.

347 5816 406 5879 ff
433 5806 555 5879 Cuj.
585 5807 857 5879 t—Lugd.
883 5806 1102 5867 om.ve[
1109 5809 1365 5865 meritum.

348 5876 369 5915 ί
382 5876 403 5916 ί
437 5876 795 5935 12'servnrum'
794 5908 807 5933 .

1887 4626 1944 4687 D

1972 538 2091 579 cum
2115 522 2268 593 fuerit
2291 530 2560 602 superatus
2581 520 2632 575 ιι.

2080 678 2147 718 DE
2177 674 2679 718 CONSTITUTIONIBUS
2706 670 2728 699 ⁸
2762 677 3046 718 PRINCIPUII
3086 677 3157 721 ΕΤ
3187 676 3397 718 EDICTIS
3422 657 3469 715 τ.

2042 800 2069 855 ι
2078 817 2183 873 mp.
2243 802 2606 858 Constantinus
2638 802 2696 857 Α.
2739 802 2809 858 ad
2828 800 3103 858 Lusitanos
3123 812 3169 857 Β.
3195 801 3253 857 Si
3281 817 3384 873 qua
3415 809 3566 875 post-

1970 894 2072 951 hac
2098 895 2128 932 ιι
2158 893 2336 951 edicta
2371 895 2387 935 ί
2419 896 2532 952 sive
2578 897 2994 952 constitutiones
3046 894 3202 952 siuei
3240 895 3329 951 die
3357 903 3414 951 et
3435 910 3572 951 cou-

1968 989 2087 1046 sule
2118 988 2318 1046 fuerint
2345 990 2677 1062 deprehensa
2705 992 2758 1059 ιι,
2790 990 3115 1048 auctoritate
3162 997 3402 1046 careant.
3440 988 3559 1043 Dat.

2043 1167 2070 1195 ³
2101 1157 2352 1214 Nonnulli
2384 1160 2601 1216 codices
2634 1169 2743 1216 aut.

2041 1227 2070 1267 ι’
2102 1229 2248 1285 Multi
2282 1230 2441 1286 codd.
2476 1232 2558 1286 iis.

2046 1311 2066 1375 ξ·
2099 1301 2190 1375 20,
2225 1301 2288 1357 21
2310 1304 2379 1375 Ain
2423 1320 2522 1369 m.,
2544 1303 2707 1373 jSich.
2739 1303 2860 1374 Cuj.
2895 1304 2919 1359 1
2956 1334 3029 1346 -
3059 1302 3230 1375 Lugd.
3278 1302 3341 1358 de
3371 1317 3468 1373 pro
3496 1302 3573 1368 in,

1968 1371 2066 1445 sed
2098 1374 2256 1445 inm.
2292 1373 2413 1444 Cuj.
2454 1379 2473 1429 1
2509 1371 2582 1417 -—F
2615 1375 2781 1445 Lugd.
2816 1371 2889 1431 in.

2042 1440 2069 1481 ἀ
2099 1443 2192 1507 44,
2227 1440 2521 1517 εἰοιιξϐιιὶ.
2548 1448 2572 1501 1
2596 1477 2668 1487 —
2687 1440 2855 1517 Lugd.
2891 1448 3131 1517 reposcit,
3155 1463 3271 1500 cum
3292 1447 3446 1516 fuerit
3466 1447 3570 1500 vic-

1969 1518 2196 1590 lassatis
2218 1518 2395 1590 faciat.
2424 1517 2485 1590 6,
2510 1520 2541 1574 7
2568 1520 2790 1588 reposcit
2831 1520 3124 1590 satisfacere
3159 1535 3273 1571 cum
3313 1518 3353 1586 f.
3395 1534 3570 1590 super.

2043 1597 2066 1624 ο
2093 1586 2226 1643 llttic
2269 1588 2423 1661 titulo
2475 1589 2527 1645 in
2576 1586 2665 1644 Br.
2707 1591 2791 1645 Al.
2823 1586 3169 1661 pt'mtitittitur
3210 1589 3573 1661 communitu-

1967 1656 2134 1723 rium,
2166 1660 2307 1729 quod
2358 1676 2680 1732 quamquam
2729 1656 2840 1716 non
2868 1661 2933 1714 ad
2965 1662 3206 1716 codicem
3238 1660 3574 1732 Theodosia-

1965 1744 2095 1807 uutn
2132 1732 2384 1807 pertinet,
2419 1731 2598 1788 tamen
2631 1741 2848 1807 prOpter
2875 1732 3373 1807 interpretationem
3399 1731 3567 1807 Vi‘sig.

1897 1832 1945 1892 Β
1972 1800 2026 1856 in
2052 1801 2152 1857 hac
2195 1803 2436 1892 editione
2468 1800 2744 1887 receptam
2785 1804 2841 1892 in
2872 1800 3221 1892 attito-latione
3264 1800 3570 1892 addendum

1973 1888 2094 1947 esse
2124 1875 2305 1944 putavi
2350 1891 2415 1930 ex
2447 1876 2763 1931 recensione
2783 1875 2965 1931 Garuli
2990 1875 3057 1930 de
3083 1875 3337 1947 Savigny.
3372 1876 3567 1929 Atarici

1969 1946 2104 2019 regis
2152 1948 2417 2019 exemplar
2444 1948 2788 2002 auctoritatis.
2824 1947 2891 2019 In
2920 1949 3015 2001 hoc
3041 1962 3252 2019 corpore
3290 1946 3568 2019 continen-

1972 2023 2056 2091 tur
2087 2018 2220 2091 leges
2244 2018 2348 2073 sive
2368 2021 2563 2088 species
2584 2020 2724 2091 juris
2744 2019 2809 2073 de
2831 2018 3146 2091 Teodosiano
3178 2029 3225 2073 et
3264 2018 3476 2072 diversis
3502 2018 3571 2091 li;

1970 2085 2074 2142 bris
2094 2085 2516 2164 electaa_et,sicut
2543 2085 2850 2164 prwceptum
2875 2098 2969 2155 est,
3002 2090 3312 2164 explanatis,
3335 2106 3471 2164 anno
3494 2088 3567 2164 22

1971 2170 2215 2234 regnante
2243 2161 2450 2216 domino
2499 2160 2707 2234 Alarico
2755 2178 2892 2234 rege,
2937 2162 3209 2234 ordinante
3227 2162 3335 2234 viro
3360 2160 3569 2216 inlustri

1972 2230 2211 2286 Goiarico
2241 2234 2450 2287 Comite.
2490 2233 2768 2297 Exemplar
2814 2230 3158 2289 auctoritatis.
3216 2231 3566 2289 Commonito-

1944 2297 2106 2356 'rium
2139 2302 2404 2359 Timotheo
2442 2304 2500 2358 V.
2535 2305 2594 2361 S.
2628 2305 2829 2360 Comiti.

2047 2373 2303 2449 Utilitates
2329 2377 2508 2449 populi
2551 2382 2712 2435 nostri
2757 2376 2978 2449 propitia
3029 2375 3569 2449 divinitate_tractan-

1973 2446 2193 2521 tesuhoc
2221 2446 2417 2521 quoque
2437 2490 2457 2521 ,ξ
2498 2448 2636 2519 quod
2657 2449 2732 2521 in,
2757 2448 2950 2521 legibus
2992 2448 3279 2521 videbatur
3308 2447 3564 2521 iniquum,

1970 2517 2171 2571 nteliori
2197 2517 2558 2573 deliberatione
2602 2517 2926 2589 corrigimus,
2976 2528 3031 2571 ut
3056 2520 3221 2573 omnis
3262 2519 3428 2590 legum
3458 2518 3565 2572 Ro-

1971 2604 2243 2663 manarum
2288 2601 2334 2643 et
2383 2590 2584 2663 antiqui
2611 2593 2752 2663 juris
2776 2591 3087 2663 obscuritas,
3117 2590 3562 2663 adhibitissacer-

1973 2658 2175 2732 dotibus
2220 2676 2280 2715 ac
2311 2660 2565 2715 nobilibus
2594 2658 2734 2725 viris,
2766 2663 2818 2714 in
2885 2661 3045 2714 lucem
3072 2660 3423 2732 intelligentia:
3451 2676 3564 2715 me-

1973 2729 2117 2804 lioris
2140 2732 2356 2804 deducta
2373 2734 2712 2804 resplendeat,
2738 2741 2784 2786 et
2808 2731 2938 2785 nihil
2968 2732 3214 2786 habeatur
3240 2729 3559 2799 ambiguum,

1971 2803 2110 2875 unde
2135 2820 2189 2857 se
2217 2803 2463 2858 diuturna
2487 2813 2574 2858 aut
2601 2805 2799 2858 diversa
2836 2804 3163 2875 jurgantium
3188 2804 3452 2874 impugnet
3472 2804 3564 2856 ob-

1962 2874 2141 2943 jectio.
2179 2874 2374 2940 Quibus
2395 2875 2624 2929 omnibus
2651 2874 3097 2944 enucleatis’atque
3114 2875 3167 2928 in
3193 2891 3351 2927 unum
3373 2874 3561 2927 librum

1972 2947 2301 3013 prudentiunt
2321 2948 2563 3002 electione
2604 2947 2851 3013 collectis,
2875 2947 2983 3000 haec
3009 2961 3126 3014 quae
3163 2955 3401 3015 excerpta
3421 2955 3562 3011 sunt,

1970 3018 2053 3090 vel
2102 3018 2311 3072 clariori
2360 3018 2775 3090 interpretatione
2800 3058 2813 3082 ,
2866 3018 3145 3090 composita
3198 3017 3562 3072 venerabilium

1971 3088 2327 3161 episcOporum
2348 3090 2425 3144 vel
2444 3088 2715 3145 electorum
2747 3088 3138 3161 provincialium
3158 3098 3454 3161 nostrorum
3474 3105 3560 3161 ro-

1973 3158 2165 3231 boravit
2209 3163 2475 3215 adsensus.
2514 3162 2577 3215 Et
2614 3158 3117 3231 ideo'subscriptttm
3148 3160 3352 3220 librum.
3378 3160 3562 3231 quiin

1891 3227 1936 3290 C
1970 3230 2157 3286 tabulis
2189 3232 2404 3286 habetur
2427 3232 2689 3297 collectus,
2747 3227 2990 3288 Goiarico
3030 3233 3202 3286 comiti
3230 3248 3321 3297 pro
3349 3227 3562 3285 distrin-

1967 3302 2146 3379 gendis
2174 3304 2414 3379 _negoti_is
2466 3316 2640 3379 nostra
2678 3305 2840 3379 jussit
2890 3304 3161 3379 clementia
3210 3301 3485 3379 destinari,
3505 3313 3561 3355 ut

1956 3375 2117 3445 juxta
2136 3376 2249 3441 ejus
2272 3374 2456 3430 seriem
2478 3374 2712 3432 universa
2753 3392 3025 3431 causarum
3049 3375 3280 3443 sopiatur
3305 3374 3518 3428 intentio
3538 3390 3558 3429 :

1966 3461 2059 3517 nec
2082 3446 2227 3501 aliud
2255 3447 2459 3501 cuilibet
2481 3456 2569 3501 aut
2602 3448 2666 3501 de
2712 3446 2924 3517 legibus,
2970 3455 3059 3500 aut
3079 3446 3142 3499 de
3187 3447 3303 3510 iure
3329 3444 3476 3517 liceat
3504 3449 3559 3499 in

1966 3516 2381 3589 disceptationem
2408 3533 2710 3589 praponere,
2731 3516 2832 3573 nisi
2857 3518 2994 3587 quod
3020 3518 3197 3571 directi
3222 3516 3341 3571 libri
3370 3526 3415 3571 et
3436 3516 3559 3571 sub-

1966 3588 2145 3661 scripti
2186 3590 2283 3643 viri
2318 3590 2620 3661 spectabilis
2666 3591 2855 3644 Aniani
2904 3605 3083 3655 manu,
3114 3589 3244 3643 sicut
3282 3589 3555 3661 jussimus,

1967 3659 2095 3713 ordo
2154 3660 2527 3732 complectitur.
2562 3660 2838 3715 Providere
2890 3676 3009 3732 ergo
3040 3669 3086 3713 te
3137 3659 3386 3724 convenit,
3419 3668 3474 3712 ut
3504 3660 3559 3732 in

1968 3734 2081 3804 foro
2108 3741 2193 3786 tuo
2235 3732 2381 3787 nulla
2431 3731 2538 3786 alia
2564 3732 2648 3787 lea:
2693 3748 2852 3803 neque
2869 3732 3011 3804 juris
3060 3732 3286 3802 formula
3337 3731 3563 3804 proferri

1966 3802 2048 3856 vel
2069 3804 2225 3875 recipi
2254 3813 2612 3872 praesumetur.
2639 3802 2790 3869 Quod
2817 3802 2879 3857 si
2901 3807 3097 3873 factum
3123 3803 3340 3871 fortasse
3365 3803 3552 3875 consti-

1969 3874 2104 3941 terit,
2129 3873 2217 3928 aut
2261 3875 2332 3928 ad
2358 3876 2638 3942 periculum
2659 3876 2845 3946 capitis
2870 3877 2967 3942 tui,
2999 3884 3088 3928 aut
3114 3875 3183 3927 ad
3231 3873 3558 3940 dispendium

1966 3953 2171 4030 tuarum
2197 3948 2404 4030 noveris
2420 3944 2740 4030 facultatum.
2796 3944 2946 4001 Hanc
2973 3961 3089 4000 vero
3114 3945 3559 4030 praeceptionem

1968 4016 2173 4088 directis
2212 4017 2355 4072 libris
2380 4014 2627 4088 iussimus
2656 4018 2934 4083 cohaerere,
2962 4027 3017 4071 ut
3041 4014 3302 4072 universos
3337 4014 3553 4088 ordina-

1969 4087 2124 4143 tionis
2175 4087 2385 4144 nostra!
2410 4098 2459 4144 et
2506 4089 2782 4162 disciplina
2827 4098 2994 4145 teneat
3039 4098 3085 4143 et
3115 4104 3263 4160 paena
3300 4087 3558 4142 constrin-

1966 4169 2074 4232 gat.

1974 4228 1984 4285 Ϊ
2039 4232 2271 4286 Anianus
2290 4233 2367 4287 vir
2386 4231 2681 4302 spectabilis
2700 4249 2764 4289 ea:
2793 4230 3220 4302 prteceptioneD.
3249 4228 3324 4286 N.
3354 4228 3559 4285 Glorio-

1967 4303 2058 4359 sis.
2090 4303 2284 4359 Alarici
2320 4306 2456 4377 regis
2485 4306 2618 4359 hunc
2645 4305 2871 4360 codicem
2898 4304 2962 4377 de
2989 4303 3334 4377 Theodosiani
3360 4302 3557 4377 legibus

1966 4386 2119 4444 atque
2145 4373 2405 4430 sententiis
2437 4377 2576 4446 juris
2606 4377 2681 4432 vel
2720 4376 2930 4432 diversis
2958 4375 3100 4430 libris
3127 4375 3344 4446 electum
3370 4373 3561 4427 Aduris

1967 4463 2104 4501 anno
2131 4446 2217 4520 22_
2228 4463 2285 4502 eo
2309 4444 2571 4520 regnante,
2602 4448 2741 4520 edidi
2765 4458 2917 4520 atque
2958 4444 3560 4520 subscripsi_._Recogno-

1966 4520 2148 4592 vimus.
2179 4517 2303 4592 Dat.
2332 4515 2425 4574 sub
2447 4520 2530 4574 die
2552 4522 2605 4574 4.
2640 4519 2784 4592 Non.
2812 4518 2913 4592 feb.
2935 4534 3071 4592 anno
3096 4517 3188 4592 22.
3213 4516 3434 4592 Alarici_
3425 4515 3562 4585 regis

1966 4586 2192 4649 Tolosae.
2224 4589 2293 4645 Et
2308 4592 2489 4662 iterum
2508 4607 2645 4662 anno
2668 4591 2740 4647 20
2759 4584 3003 4662 regnante
3025 4588 3223 4662 Garolo
3241 4603 3359 4659 rege
3383 4584 3561 4640 Fran~

1968 4677 2146 4717 eorum
2196 4673 2243 4717 et
2296 4661 2757 4732 Langobardorum
2805 4661 2851 4715 et

1964 4730 2486 4861 Pluradinveuies‘in
2516 4734 2754 4791 editione
2791 4731 3049 4789 Breviarii
3081 4730 3373 4788 Alariciani
3413 4745 3444 4785 a
3471 4742 3562 4785 mo

1964 4819 2128 4861 naran
2171 4822 2222 4861 a.

1963 4819 2222 4875 paranda.

2910 4661 3124 4730 patricio
3180 4658 3557 4714 Romanorum.

2043 4875 2061 4915 ί
2090 4875 2126 4931 5
2154 4892 2265 4933 om.
2296 4876 2587 4934 rubricam.
2618 4875 2753 4932 Cod.
2784 4875 2922 4932 Just.
2957 4873 3032 4929 De
3077 4873 3271 4946 legibus
3308 4881 3356 4928 et
3379 4871 3497 4928 cod.
3520 4882 3568 4926 et

1962 4946 2088 5002 edit.

2041 5028 2068 5067 Β
2094 5020 2150 5087 8,
2181 5019 2273 5087 26,
2313 5019 2691 5087 28,‘Lusianos
2722 5037 2742 5085 ;
2782 5019 2873 5075 alii
2923 5016 3227 5084 Lusitanus,
3255 5015 3567 5071 Lusetanos.

1967 5089 2116 5149 Sich.
2144 5090 2449 5158 Lusianum,
2483 5094 2533 5146 in
2564 5106 2690 5155 ms.,
2721 5091 2993 5147 Lusitanos
3032 5088 3193 5155 ;cod.
3227 5087 3392 5153 Just.,
3417 5087 3572 5158 Lysi-

1968 5172 2161 5247 φηςι,-
2163 5164 2310 5247 quod
2329 5177 2447 5247 non
2463 5163 2723 5247 displicet
2743 5163 2829 5218 Ri.
2857 5163 2975 5247 Litt):
2993 5177 3098 5247 tus.
3127 5161 3264 5245 IfiSt.
3294 5158 3567 5247 Van,“

1968 5233 2091 5319 4:.2
2246 5234 2335 5319 ed.
2384 5229 2568 5319 Nbg.,:
2594 5234 2873 5319 Lisitanus.
2906 5231 3084 5319 Eon}.
3120 5233 3196 5319 ‘i'n
3238 5229 3566 5319 ms..‘_rel:ejrt,

1968 5300 2448 5433 :gosAiuscribere
2470 5300 2568 5362 ’σά
2618 5305 2842 5363 Bassum
2897 5304 2967 5361 P.
3007 5303 3077 5359 P.
3120 5302 3375 5360 Nonnulli
3405 5300 3566 5357 codd.

1969 5391 2081 5434 om.
2114 5391 2178 5433 Α.

2051 5447 2082 5488 ¹ι
2108 5450 2176 5522 t_9
2218 5465 2475 5522 om.qua.
2512 5450 2761 5522 Plerique
2813 5448 2975 5522 codd.
3003 5447 3111 5504 haec
3136 5455 3229 5503 aut
3272 5444 3384 5500 hec.
3415 5441 3568 5499 Sich.

1978 5520 2085 5599 Til.
2115 5520 2251 5599 13111.-
2267 5523 2294 5599 1
2320 5520 2657 5599 ξμς-.-μηδέ
2667 5520 3043 5599 ;Hiugm._htec.
3309 5586 3322 5599 _

2058 5591 2075 5631 ί
2109 5585 2318 5661 14:16,
2348 5595 2417 5652 30
2437 5585 2597 5660 dicta“,
2625 5595 2715 5662 59,
2743 5596 2816 5650 43
2839 5593 2975 5649 edita
3015 5600 3073 5648 et
3117 5603 3229 5643 om.
3275 5586 3449 5662 sive...
3500 5585 3570 5644 18

1976 5658 2346 5741 edita_sunt_32
2388 5681 2500 5741 om.
2522 5658 2901 5741 edicta'siveel
2927 5665 2961 5720 5
2987 5663 3093 5719 sive
3118 5658 3349 5741 consule.

2054 5740 2069 5809 ξ
2102 5737 2236 5795 Cod.
2260 5737 2399 5794 Just.
2429 5737 2492 5794 Si
2518 5755 2619 5809 qua
2639 5738 2881 5809 beneficia
2902 5731 3194 5809 personalia
3221 5731 3353 5809 si_n_e.
3394 5802 3409 5809 Α
3434 5802 3450 5809 _
3498 5803 3510 5809 _
3561 5801 3565 5809 ‘

2051 5802 2079 5847 ιι
2103 5810 2158 5877 8,
2185 5810 2240 5874 9,
2276 5802 2628 5881 lii—21,27,
2654 5802 2772 5881 so,‘
2800 5802 3017 5879 52,55,
3047 5805 3116 5862 37
3159 5826 3233 5847 α·-
3257 5802 3351 5874 39,
3381 5802 3456 5861 44
3474 5802 3571 5860 tle-3

1980 5875 2261 5949 prehensat.
2278 5875 2346 5934 14
2358 5875 2741 5951 comprehensat
