3948 6310
189 332 285 390 219

1282 321 1605 382 DECRETA
1647 324 1733 380 ET
1773 322 2381 386 CONSTITUTIONES.

3363 327 3475 386 250

187 455 567 518 tas,gestarttm
609 458 794 502 rerum
815 453 840 481 ει
864 443 932 500 ab
953 441 1146 499 eodem
1171 443 1309 498 ratio
1339 454 1500 514 atque
1526 440 1553 480 ι)
1589 456 1753 497 omne
1781 447 1832 508 Α
1862 443 2055 500 Mart.“
2101 443 2440 501 Dessalonica
2462 445 2511 514 ι),
2591 445 2780 502 Severo
2809 456 2857 501 et
2886 447 3076 518 Ruﬁno
3104 446 3254 503 Cass.
3286 446 3464 519 (525).

181 543 312 614 quod
362 541 689 597 debebiturc
736 547 1069 610 reposcatur,
1113 534 1225 593 utd
1259 538 1523 594 servitute
1573 537 1760 608 depul-

179 651 262 693 sus
282 646 328 701 θ,
371 635 460 704 qui
516 649 611 703 pro
656 633 878 688 domino
932 631 1202 704 quondam
1232 629 1252 670 τ
1282 629 1478 699 luerat,
1529 631 1756 698 habeat,

177 728 306 802 quod
322 739 550 784 utservo
562 727 766 783 domini
788 726 949 798 Ejure
973 725 1193 796 largitus
1217 734 1322 790 est,
1339 735 1392 780 et
1409 721 1436 761 ιι
1459 739 1576 796 qua:
1597 739 1662 779 ex
1676 738 1760 779 ea-

175 841 281 883 rum
311 822 528 880 rerumi
559 833 769 894 quaestu
801 836 862 876 ac
886 821 1144 876 fructibus
1173 819 1455 875 conciliata
1482 818 1496 869 i
1531 828 1681 883 sunt,
1703 825 1761 872 et

174 935 281 993 quze
307 919 330 957 ¹ι
357 919 426 974 de
447 917 659 973 furtivis
696 915 1033 988 compendiis
1055 914 1284 969 obscure
1314 910 1506 984 capta1
1543 927 1607 966 ac
1638 927 1759 982 par-

172 1022 220 1068 ta
238 1019 275 1047 ω
295 1021 438 1078 sunt,
464 1026 586 1066 cum
608 1009 836 1065 liberum
866 1022 990 1064 esse
1018 1022 1123 1062 non
1151 1013 1418 1077 oporteat,
1442 1004 1585 1076 quod
1613 1001 1756 1074 apud

171 1119 368 1160 servum
387 1102 639 1158 dominus
655 1103 844 1173 peculii
865 1102 1082 1157 nomine
1102 1109 1130 1136 η
1158 1099 1541 1155 collocaverat.
1563 1097 1592 1171 ᾗ
1615 1097 1754 1153 6.Ea

169 1211 304 1263 vero,
330 1213 452 1268 qua:
491 1205 818 1252 testamento
859 1203 954 1250 attt
975 1204 1000 1232 ο
1023 1194 1314 1250 donatione
1335 1193 1559 1264 quaesita
1587 1203 1752 1259 sunt,

169 1301 249 1346 aut
269 1302 294 1341 P
315 1307 436 1360 qua:
469 1306 535 1346 ex
556 1306 741 1346 earum
758 1305 936 1345 rerum
960 1288 1344 1346 emolumentis
1367 1299 1394 1338 ιι
1421 1296 1603 1358 empta
1625 1303 1756 1343 con-

168 1387 393 1456 lectaque
427 1395 595 1450 sunt,
639 1386 812 1441 eidem
844 1388 1078 1456 ingenuo
1115 1385 1458 1456 deputentur.
1487 1383 1514 1456 δ
1547 1386 1597 1437 7.
1621 1384 1754 1453 Quae

167 1487 325 1535 tamen
345 1479 600 1533 universa
629 1489 820 1534 exacto
842 1478 1110 1534 libertatis
1132 1478 1337 1548 judicio
1356 1478 1402 1544 ',
1433 1492 1539 1548 quo
1558 1487 1579 1515 ³
1605 1493 1633 1531 a
1665 1493 1754 1532 su-

165 1585 246 1642 pra
308 1569 466 1625 dictis
530 1571 691 1626 rebus
748 1570 1130 1626 discernuntur
1171 1568 1228 1636 ί,
1301 1570 1356 1625 in
1417 1569 1682 1641 sequestri
1725 1579 1754 1610 ιι

163 1676 270 1720 esse
319 1671 584 1734 oportet,
653 1671 750 1732 ut,
817 1664 900 1720 his
948 1675 976 1703 ν
1030 1663 1098 1719 ab
1147 1673 1378 1735 utroque
1430 1662 1673 1718 deductis
1724 1672 1749 1702 κ

162 1765 302 1827 atque
350 1755 402 1811 iu
453 1755 639 1811 medio
700 1757 823 1828 jure
900 1757 1088 1813 locatis
1133 1766 1183 1822 θ’,
1248 1761 1315 1811 ad
1376 1770 1560 1811 eorum
1625 1771 1751 1826 pro-

161 1848 422 1922 prietatem
465 1859 699 1922 uterque
749 1851 1044 1908 contendat

165 2071 224 2116 ta.
256 2079 274 2114 ι
317 2059 594 2117 Caeterum
626 2061 733 2116 Ri'.
759 2061 988 2116 libertus.
1015 2060 1114 2116 llic
1137 2062 1188 2115 in
1210 2059 1345 2116 Cod.
1369 2059 1508 2115 Just.
1534 2075 1564 2115 e
1585 2074 1748 2130 supe-

163 2133 373 2189 rioribus
411 2133 548 2188 add.
590 2134 833 2205 quoniam
853 2145 899 2189 et
940 2134 1088 2206 ipsis,
1119 2133 1210 2206 qui
1239 2133 1318 2188 his
1353 2149 1460 2188 rem
1481 2134 1747 2188 commise-

164 2215 287 2271 runt,
319 2206 632 2260 medendum
659 2217 751 2262 est.

223 2287 246 2315 δ
268 2278 331 2333 19
361 2277 496 2332 add.
521 2287 692 2346 atque.

219 2347 244 2387 δ
274 2349 358 2413 10,
383 2348 452 2404 18
473 2349 606 2404 add.
633 2351 745 2403 hoc.
780 2349 836 2413 6,
860 2349 890 2402 7
915 2364 1132 2402 omnem.

221 2419 468 2488 ε1ι1,19,
507 2421 600 2488 20,
623 2421 756 2476 Cod.
779 2420 916 2476 Jusl.
941 2420 1170 2476 debetur.

219 2490 242 2528 δ
262 2491 355 2548 Go.
381 2494 451 2562 cj.
477 2502 550 2547 et.

223 2564 315 2627 t=9,
340 2565 429 2630 15,
475 2564 572 2630 19,
619 2563 750 2620 Cod.
792 2563 932 2620 Just.
967 2564 1202 2634 depulsa.
1248 2562 1509 2620 Similiter
1546 2566 1665 2619 Bas.
1691 2575 1746 2620 et

164 2632 424 2690 Scholiast.
477 2635 556 2691 20
608 2637 834 2707 repulsa.
858 2635 903 2690 Α
943 2632 1044 2692 Go.
1069 2636 1372 2691 defenditur
1392 2637 1630 2691 servitute
1655 2637 1744 2691 de-

163 2707 337 2776 pulsus.
361 2707 488 2762 Mihi
539 2709 713 2777 placet
751 2708 987 2779 depulsa,
1031 2708 1171 2777 quod
1208 2725 1257 2763 ν.
1294 2707 1470 2778 aptius
1492 2711 1652 2764 esth.
1678 2709 1741 2774 l.,

162 2793 300 2851 quam
320 2779 590 2851 depulsus.

226 2849 329 2904 ‘20
347 2849 489 2921 quod
521 2853 694 2919 fuerat
723 2851 1105 2906 commendatus
1134 2851 1333 2906 habeat.

222 2932 244 2969 8
266 2921 788 2979 6-8.14.16.17.
811 2923 905 2979 20.
929 2922 1033 2979 Til.
1061 2923 1224 2979 Russ.
1259 2924 1311 2977 iu
1337 2938 1410 2976 m.
1434 2921 1570 2977 Cod.
1595 2921 1736 2978 Just.

1935 537 2386 595 INTERPRETATIO.
2430 538 2606 594 Minor
2652 539 2907 607 venditus,
2955 541 2999 594 si
3053 549 3169 611 post
3207 541 3386 612 viginti
3425 549 3472 595 et

1859 633 2082 704 quinque
2106 634 2272 688 (etatis
2301 648 2412 688 sua:
2435 648 2620 697 annos,
2646 634 2760 703 jam
2789 636 2958 706 major
2989 631 3205 698 effectus
3225 644 3248 673 ο
3281 632 3472 688 servie-

1860 729 1925 783 rit
1952 738 2042 784 aut
2077 731 2128 783 in
2161 729 2309 784 rebus
2343 729 2586 793 emptoris
2624 737 2767 783 actor
2804 737 2892 782 aut
2920 727 3190 802 cujuslibet
3220 726 3293 782 rei
3325 726 3471 782 ordi-

1861 832 2010 878 nator
2056 823 2208 893 fuerit
2245 823 2570 888 constitutus,
2601 837 2716 876 cum
2757 821 2821 876 de
2867 821 3180 892 ingenuitate
3220 836 3314 876 sua
3349 836 3471 892 pro-

1859 911 2223 981 clamaveritd,
2273 915 2384 968 sine
2426 913 2730 985 prazjudicio
2773 914 3025 980 serritiic,
3067 912 3203 985 quod
3231 913 3462 984 gesserit,

1859 1009 2127 1075 audiatur,
2180 1025 2272 1063 nec
2301 1010 2396 1063 hoc
2425 1010 2470 1063 ei
2499 1009 2862 1082 prarjudicium
2897 1017 3118 1079 generet,
3149 1008 3288 1078 quod
3329 1009 3465 1078 ejus,

1859 1119 1892 1157 a
1919 1120 2018 1175 quo
2047 1113 2245 1169 emptus
2266 1113 2361 1168 est,
2393 1103 2600 1156 domum
2640 1111 2730 1156 aut
2770 1102 3016 1157 utilitates
3043 1103 3095 1156 in
3118 1103 3271 1157 annis
3298 1103 3468 1174 majo-

1857 1194 2047 1250 ribusf
2105 1196 2298 1268 positus
2345 1197 2480 1250 visus
2544 1205 2620 1250 est
2668 1195 2951 1250 ordinasse.
3028 1194 3145 1250 Hoc
3195 1196 3348 1250 etiam
3403 1194 3468 1249 de

1859 1290 2054 1345 libertis
2081 1291 2164 1345 lex
2191 1291 2300 1345 haec
2339 1291 2579 1360 prtecepit
2631 1291 2902 1357 custodiri,
2929 1301 3003 1358 ut,
3032 1291 3122 1362 qui
3166 1293 3302 1346 intra
3341 1308 3470 1362 qua-

1859 1383 2141 1438 tuordecim
2167 1400 2332 1438 annos
2362 1385 2552 1455 fuerint
2598 1385 2895 1440 manumissi
2917 1395 2942 1433 tt
2975 1395 3020 1439 et
3063 1395 3234 1439 actum
3276 1385 3329 1438 in
3356 1401 3469 1439 ma-

1852 1478 1969 1550 jore
1996 1488 2144 1532 astate
2189 1477 2343 1548 positi
2368 1477 2617 1548 gesserint
2643 1485 3003 1546 patronorum,
3044 1477 3267 1532 libertati
3291 1493 3466 1532 eorum

1848 1582 2002 1628 actus
2051 1588 2155 1627 non
2204 1572 2504 1645 pratjudicet
2556 1571 2833 1637 servitutis,
2885 1572 2974 1627 sed
3022 1588 3139 1627 cum
3188 1571 3462 1641 voluerint,

1856 1681 1978 1720 suas
2025 1674 2116 1718 aut
2153 1660 2183 1700 ¹ι
2203 1665 2266 1718 de
2311 1664 2631 1735 ingenuitate
2671 1674 2759 1718 aut
2787 1664 2851 1718 de
2893 1661 3284 1734 ilibertinitate,
3325 1666 3466 1723 intra

1859 1766 2091 1830 tempora
2133 1757 2329 1828 legibus
2381 1758 2694 1824 constituta,
2745 1757 3010 1829 proferant
3059 1759 3304 1814 actiones.
3370 1759 3465 1816 Sic

1093 1861 1137 1905 ι.
1183 1850 1305 1907 Dat.
1361 1849 1409 1904 X
1423 1849 1487 1905 γ.
1531 1849 1755 1906 Kalend.
1789 1846 1835 1907 B
1863 1853 2038 1921 etiam,
2068 1853 2112 1907 si
2153 1854 2266 1924 quis
2295 1854 2464 1907 minor
2485 1855 2740 1923 ingenuus
2767 1869 2798 1906 α
2825 1853 3048 1924 quolibet
3076 1855 3230 1924 fuerit
3267 1855 3462 1910 educa-

1853 1955 1935 2001 tus
1988 1955 2055 2013 et,
2113 1947 2331 2000 liberum
2362 1963 2470 2002 esse
2518 1963 2572 2001 se
2619 1947 2870 2011 nesciens,
2930 1947 3084 2016 fuerit
3121 1964 3154 2003 a
3209 1947 3462 2004 nutritore

1851 2039 2162 2094 distractusi
2205 2048 2249 2094 et
2275 2050 2444 2094 actum
2471 2039 2550 2094 vel
2570 2039 2840 2094 utilitatem
2875 2039 3040 2107 illius,
3067 2057 3100 2095 α
3127 2057 3230 2112 quo
3255 2049 3458 2111 emptus

1851 2142 1946 2199 est,
1974 2141 2029 2186 ut
2069 2147 2246 2186 servus
2299 2132 2530 2203 gesserit,
2584 2132 2908 2202 priusquam,
2958 2131 3168 2204 triginta
3207 2147 3461 2187 annorum

1849 2225 2154 2298 prtejudieio
2205 2234 2452 2292 teneatur,
2510 2235 2809 2296 potestatem
2855 2225 3039 2280 habeat
3068 2222 3459 2294 reclamandil‘,

1848 2328 1898 2373 et
1951 2319 2098 2388 quasi
2140 2319 2306 2373 minor
2340 2319 2384 2372 is
2408 2359 2424 2383 ,
2476 2319 2773 2389 priusquam
2815 2327 3045 2388 tempora
3087 2319 3458 2391 suppleantur,

1847 2411 2092 2465 amissam
2127 2408 2380 2480 recipiat1
2414 2409 2717 2465 libertatem.
2751 2409 3006 2481 Quicquid
3041 2426 3156 2465 vero
3196 2410 3285 2465 ille
3307 2411 3400 2475 eis,
3429 2426 3461 2464 a

1847 2522 1948 2576 quo
1978 2507 2138 2576 empti
2166 2515 2304 2573 sunt,
2365 2505 2444 2559 vel
2487 2505 2700 2562 tradidit
2743 2507 2822 2559 vel
2851 2505 3060 2560 donavit
3094 2505 3173 2560 vel
3214 2522 3461 2577 quacum—

1846 2615 1944 2670 que
1967 2609 2006 2635 ιη
2029 2615 2092 2654 ea:
2121 2600 2192 2654 rei
2236 2615 2341 2653 sua:
2384 2598 2828 2652 administratione
2873 2601 3110 2670 profecit,
3140 2607 3301 2653 totum
3327 2601 3422 2654 reti
3433 2630 3450 2641 -

1847 2693 2003 2747 nendi
2033 2710 2095 2746 ac
2133 2692 2402 2747 revocandi
2440 2692 2619 2745 habeat
2674 2700 2992 2762 potestatem.
3029 2691 3094 2746 Si
3114 2707 3230 2746 vero
3275 2693 3460 2765 hujus-

1845 2788 1987 2842 modi
2047 2791 2280 2855 personis
2323 2797 2349 2824 η
2382 2787 2578 2857 aliquid
2631 2804 2661 2840 a
2700 2786 3095 2856 quibuscumque
3143 2787 3292 2852 aliis,
3366 2795 3458 2842 aut

1846 2889 2145 2936 testamento
2185 2889 2274 2935 aut
2311 2880 2588 2934 donatione
2635 2880 2876 2934 collatum
2921 2889 3015 2944 est,
3063 2880 3119 2933 id
3149 2880 3316 2934 solum
3361 2880 3460 2935 sibi

163 2963 334 3059 κῶλ’
1840 2975 1953 3044 jam
1987 2972 2136 3026 liberi
2159 2972 2416 3027 vindicent
2441 2988 2460 3026 :
2489 2989 2610 3026 nam
2637 2972 2775 3044 quod
2819 2972 2884 3027 de
2911 2989 2968 3027 re
2995 2973 3202 3042 patroni
3247 2972 3459 3027 libertus

163 3080 358 3122 servum.
392 3067 488 3131 10,
517 3068 581 3120 18
605 3077 660 3120 ut
695 3083 865 3122 servos
896 3066 1152 3120 dominus.
1184 3067 1271 3127 15,
1299 3067 1363 3120 15
1395 3076 1449 3118 ut
1477 3082 1619 3120 servo
1642 3066 1744 3121 do-

163 3137 307 3192 minus
320 3137 452 3192 Cod.
472 3137 615 3194 Just.
637 3139 871 3193 dominii.
890 3137 1075 3193 Schol.
1091 3139 1212 3193 Bas.
1233 3137 1407 3194 δικαίω
1420 3137 1736 3201 δεσποτείας.

164 3204 237 3280 W.
269 3221 442 3265 tuetur
465 3220 714 3265 nostram
743 3210 1084 3280 scripturam.

163 3277 247 3402 In;
261 3281 367 3402 "illi.
400 3284 467 3338 18
503 3281 722 3356 largitus
763 3277 915 3336 estin
944 3297 999 3336 re
1037 3292 1206 3354 atque.
1240 3282 1305 3339 19
1333 3280 1550 3353 largitus
1576 3285 1720 3353 [uera

177 3369 240 3406 tec
261 3370 369 3408 aue.

191 3367 242 3462 ei
427 3425 520 3481 Ri.
575 3425 700 3481 Ri'.
747 3441 855 3482 om.
886 3442 1080 3494 rerum,
1135 3441 1245 3482 err.
1293 3433 1434 3498 typ.,
1467 3425 1566 3482 sed
1614 3424 1743 3482 add.

163 3495 282 3566 apud
311 3497 392 3552 Ri.
426 3500 479 3552 in
521 3512 666 3553 corr.

227 3567 240 3642 ᾇ
284 3568 412 3642 90d.
442 3569 590 3642 Just.
625 3580 952 3642 congregata.

223 3637 244 3676 ¹ι
278 3639 473 3711 Copula
536 3641 689 3697 deest
722 3637 828 3696 'in'
867 3640 1118 3696 omnibus
1179 3640 1336 3696 codd.
1395 3649 1594 3711 praeter
1651 3641 1740 3697 15.

163 3708 300 3782 Deest
344 3708 511 3768 etiam
546 3715 597 3768 in
640 3713 764 3769 edd.
814 3713 961 3769 Sich.
987 3743 1058 3754 -—
1088 3713 1252 3782 Ri‘.;
1307 3708 1410 3769 Bel
1435 3723 1567 3768 rest.
1601 3723 1647 3768 et
1676 3729 1741 3770 ex

161 3780 272 3856 Cod.
303 3784 485 3850 Just.;
519 3784 620 3841 Co.
654 3786 724 3856 cj.
757 3801 985 3856 quicque.

223 3853 238 3892 1
280 3857 363 3919 10,
395 3861 461 3913 18
495 3868 666 3911 cauta.

219 3929 338 3994 1.1-9,
389 3929 478 3994 16,
539 3929 628 3993 19,
673 3927 762 3998 20,
813 3927 943 3983 Cod.
995 3927 1131 3985 Just.
1180 3940 1378 4000 parata.
1431 3927 1498 3982 14
1531 3930 1740 3998 partita.

160 3995 219 4052 20
241 4014 378 4070 supr.
412 4001 516 4055 lin.
549 3995 780 4070 pervasa.

219 4079 241 4105 ¹¹
290 4073 352 4128 10
378 4088 492 4128 om.
524 4074 746 4126 nomine.

221 4149 243 4175 ο
281 4143 359 4209 19,
394 4145 489 4211 20,
524 4142 660 4200 Cod.
691 4143 833 4200 Just.
865 4145 961 4200 vel.

220 4224 244 4262 Ρ
277 4217 308 4287 9
339 4226 393 4270 ut
422 4231 564 4287 quat.

221 4294 242 4333 η
281 4286 312 4340 8
354 4286 442 4342 aut
489 4288 582 4353 qui
623 4304 689 4342 ea:
738 4292 1014 4344 earundem
1046 4289 1119 4344 rei
1159 4286 1312 4343 emol.
1344 4289 1416 4347 20
1441 4289 1740 4345 earundem.

161 4354 208 4420 (ἱ,
231 4357 259 4411 7
288 4362 563 4414 earundem
588 4360 684 4414 rei.

224 4431 328 4503 f7,
359 4437 412 4498 8,
462 4433 558 4496 10,
616 4429 705 4496 14,
765 4431 1032 4496 16-18,
1062 4433 1166 4488 Til.
1220 4443 1397 4486 exacto
1448 4432 1744 4503 liberalique

156 4497 256 4568 jud.
303 4503 334 4555 6
381 4497 428 4557 e.
487 4503 808 4575 lihertatique
848 4505 974 4577 jud.
1007 4507 1040 4560 9
1076 4503 1212 4576 quod
1242 4515 1410 4560 tamen
1455 4521 1509 4560 u.
1540 4497 1742 4559 exactio

162 4570 454 4647 liberalitatis
499 4575 613 4639 iud.
648 4574 710 4631 21
759 4585 814 4631 et
858 4578 909 4630 in
943 4592 1014 4631 tu.
1059 4577 1177 4647 Cuj.
1218 4578 1340 4632 1-
1363 4576 1484 4647 Cuj.
1516 4575 1582 4630 2·
1614 4575 1740 4631 libe-

160 4644 372 4700 ralitatis.
402 4647 508 4702 ϐο.
536 4647 588 4701 in
614 4656 725 4702 nul.
758 4648 957 4703 liberali
977 4647 1098 4719 jud.

221 4741 241 4768 ‘
277 4736 309 4792 9
332 4739 504 4804 quod;
539 4738 666 4794 item
706 4739 793 4803 15,
825 4741 921 4795 sed
960 4755 1069 4795 om.
1109 4757 1160 4795 α.
1186 4738 1258 4794 20
1283 4757 1404 4810 gnta
1429 4756 1576 4810 supr.
1599 4739 1735 4795 Cod.

161 4801 277 4882 lost.
307 4801 577 4878 quatenus.
608 4810 699 4866 κν.
729 4801 882 4874 dicit,
910 4829 1009 4877 quo
1041 4829 1138 4882 pro
1175 4801 1361 4882 quoad,
1400 4801 1558 4866 donec
1586 4813 1734 4882 poni.

163 4873 244 4931 Co.
276 4873 366 4948 pro
393 4899 554 4953 usque
573 4900 672 4954 quo
697 4873 892 4954 accipit
913 4873 999 4939 vel
1026 4873 1147 4954 poni
1172 4873 1286 4939 vult
1311 4873 1504 4954 quoad.

225 4973 239 5004 ¹
281 4973 344 5026 15
375 4974 704 5029 discernitur.

220 5048 244 5076 “
275 5043 363 5125 15,
393 5044 527 5100 Cod.
557 5045 699 5102 Just.
744 5047 799 5102 in
827 5057 1105 5117 sequestro.
1148 5046 1221 5104 20
1266 5047 1404 5104 intra
1445 5048 1542 5104 lin.
1576 5050 1656 5106 vel
1681 5065 1740 5106 ro

161 5126 244 5174 tet.
276 5131 386 5190 t_._e.
418 5129 680 5190 sequestro
706 5136 786 5173 res
815 5130 1038 5190 Oportet.

221 5194 243 5220 ν
277 5185 415 5262 hjulti
445 5185 632 5262 cedd..
661 5191 810 5247 Sich.
842 5185 960 5262 Cuj.
997 5191 1188 5247 i—Ri.
1221 5191 1338 5248 hiis.
1373 5191 1496 5247 Ri‘.
1528 5193 1612 5248 iis.

222 5263 247 5292 ⁸
281 5257 377 5313 Go.
410 5261 482 5330 ej.
512 5262 758 5318 diductis.

222 5358 246 5397 ι
419 5370 543 5410 ann.
580 5373 592 5408 :
632 5375 652 5408 ι
686 5356 917 5432 Vulgata
951 5357 1003 5432 in
1029 5356 1162 5432 Cod,
1180 5359 1319 5432 Just.
1350 5357 1408 5432 in
1434 5358 1605 5432 medio
1630 5359 1738 5414 col-

165 5417 338 5492 locatis,
368 5441 476 5481 om.
528 5442 660 5482 voce
707 5417 840 5492 iure.
885 5429 991 5485 Sed
1039 5439 1094 5486 et
1136 5429 1320 5486 Schol.
1378 5429 1541 5484 Basil.
1594 5430 1630 5484 l.
1682 5446 1732 5486 c.

165 5488 407 5574 βαβρεένῇ
439 5501 577 5574 μέσῳ
630 5488 807 5574 divale)
837 5511 893 5556 et
919 5501 1101 5570 Cujac.
1142 5504 1402 5557 Observv.
1456 5501 1573 5566 Xll,
1600 5505 1632 5557 o‘
1681 5502 1732 5556 in

162 5567 598 5645 vett.Cnd.'Jt_ts't.
649 5567 806 5645 libris
853 5574 905 5628 in
959 5567 1128 5628 medio
1176 5576 1299 5645 jure
1354 5574 1457 5645 legi
1509 5583 1736 5630 testatur

163 5632 406 5763 :guewcue
446 5642 598 5698 allert
645 5644 821 5700 locum
862 5645 1116 5702 similem.
1153 5632 1326 5702 {Mox
1353 5632 1434 5701 20
1454 5661 1603 5718 supr.
1633 5646 1729 5702 lin.

170 5847 190 5921 ἱ
229 5808 249 5864 ε
282 5802 313 5856 9
338 5805 658 5884 Contendant.
694 5811 785 5890 19,
817 5812 889 5869 20
913 5814 1208 5871 concedant.
1258 5814 1446 5880 6-8,
1498 5814 1586 5885 10,
1637 5806 1725 5883 12,

199 5871 243 5921 ι.
270 5869 349 5921 l6.
379 5874 442 5921 tit
464 5878 718 5921 ἐηηροόηι.

199 5871 243 5936 1ο
270 5869 349 5938 lli,
379 5874 442 5932 18
464 5873 720 5936 concedat;

1845 3066 1922 3121 vel
1952 3066 2197 3135 emptoris
2254 3067 2529 3137 ingenuus,
2563 3067 2688 3120 dum
2735 3067 2964 3133 serviret,
2999 3066 3212 3137 profecit
3226 3067 3267 3131 ',
3305 3066 3458 3122 liber-

1845 3159 1939 3213 tati
1966 3159 2197 3214 redditus
2230 3159 2438 3214 libertus
2468 3170 2710 3232 patrono,
2765 3161 3017 3230 ingenuus
3061 3160 3277 3232 emptori
3304 3161 3455 3214 resti-

1725 3248 1812 3335 ,C
1847 3259 1976 3306 tuat.
2011 3249 2084 3304 Hi
2124 3267 2262 3317 vero,
2303 3251 2389 3322 qui
2417 3251 2514 3306 inp
2541 3253 2692 3306 annis
2719 3252 3000 3319 majoribus
3027 3252 3290 3306 constituti
3315 3261 3453 3320 sunt,

1849 3344 2062 3398 scientes
2114 3360 2168 3398 se
2217 3360 2324 3399 esse
2370 3344 2618 3416 ingenuos
2678 3345 2801 3399 velt!
2857 3345 3136 3411 libertinos,
3203 3345 3249 3399 si
3308 3347 3457 3400 vendi

1850 3435 2210 3507 acquieverint,
2257 3435 2311 3489 in
2357 3451 2437 3502 ea,
2481 3436 2549 3489 ad
2573 3447 2771 3508 quamr
2805 3437 3021 3491 scientes
3065 3453 3159 3492 sua
3198 3437 3458 3493 voluntate

1851 3535 2138 3597 transeunt,
2166 3527 2406 3583 servitute
2426 3536 2778 3600 permaneant.

1924 3672 1950 3700 ⁸
1989 3663 2046 3730 9,
2078 3661 2168 3726 15,
2198 3663 2287 3724 19,
2316 3663 2410 3725 24,
2443 3662 2532 3721 50.
2567 3664 2660 3728 3'5,
2687 3665 2776 3730 5i,
2805 3665 2895 3729 36,
2927 3665 3018 3726 40.
3050 3662 3140 3727 44,
3171 3664 3293 3732 Cuj.
3327 3665 3362 3720 2
3383 3696 3456 3707 ——

1850 3733 1914 3789 Ri
1935 3737 1972 3788 ‘.
2006 3745 2060 3790 et
2082 3736 2134 3788 in
2157 3751 2229 3806 nt.
2261 3734 2408 3806 Sich.
2441 3733 2561 3806 Cuj.
2597 3737 2618 3791 1
2645 3765 2714 3776 —
2737 3735 2906 3805 Lugd.
2933 3736 3060 3790 Jan.
3090 3736 3325 3794 27-29,
3353 3739 3446 3803 3|,

1849 3806 1944 3873 42,
1976 3821 2027 3861 c.
2082 3806 2150 3860 10
2181 3805 2313 3862 Cod.
2366 3805 2630 3862 Just.cit.
2678 3807 2773 3863 Be.
2824 3807 2988 3873 Jun.;
3042 3809 3134 3862 Re.
3186 3810 3238 3864 in
3289 3811 3452 3866 inscr.

1847 3878 2061 4004 ἒῗρῖιηί.
2090 3878 2204 3933 vult
2236 3876 2326 3949 Pf.
2379 3875 2446 3931 Ρ.
2497 3894 2593 3950 pro
2627 3877 2714 3951 Pf.
2772 3879 2862 3947 U.,
2897 3881 3056 3951 impr.
3091 3877 3180 3936 W.
3233 3881 3304 3937 35
3331 3881 3449 3936 Jul.

2009 3967 2081 4004 at.

2009 3967 2081 4004 αι.

1922 4019 1949 4058 ι’
1990 4021 2065 4075 Ita
2115 4021 2360 4092 plerique
2403 4021 2597 4088 codd.;
2634 4023 2684 4076 in
2727 4037 2893 4077 noun.
2941 4037 3050 4076 om.
3097 4021 3278 4078 Thess.
3309 4021 3451 4078 Rell.

1849 4091 2031 4147 Thess.
2062 4091 2154 4147 aut
2194 4092 2455 4155 Thessal.,
2505 4103 2561 4147 ut
2591 4093 2714 4150 cdd.
2746 4104 2870 4148 ante
2897 4092 3012 4158 W.,
3045 4094 3134 4162 qui
3187 4095 3301 4163 ipse
3329 4109 3451 4148 cum

1850 4163 1984 4237 god.
2019 4163 2158 4219 Just.
2210 4164 2604 4220 Thessalonicae.
2652 4165 2817 4220 Paulo
2863 4175 2985 4236 post
3029 4165 3234 4237 aliquot
3283 4165 3446 4222 codd.

1849 4234 1989 4306 Rufo
2020 4251 2114 4304 pro
2145 4237 2356 4302 Ruﬁno.

1926 4319 1947 4348 ε
1989 4307 2150 4372 6—9,
2181 4308 2410 4372 19-21,
2444 4308 2531 4370 42,
2556 4307 2648 4369 44,
2675 4309 2764 4363 alii
2796 4307 2922 4362 add.
2947 4309 3010 4362 si.

1920 4377 1947 4417 ά
1988 4382 2040 4441 9,
2075 4379 2161 4445 10,
2194 4379 2259 4435 18
2287 4397 2395 4434 om.
2426 4380 3058 4451 constitutus—prodam.

1924 4462 1947 4488 υ
1988 4451 2133 4506 Sich.
2164 4453 2440 4508 servitutis.

1925 4521 1945 4560 ί
1986 4524 2078 4588 20,
2111 4522 2174 4577 21
2212 4524 2262 4578 iu
2292 4541 2365 4580 m.
2394 4524 2694 4580 minoribus.

1921 4603 1945 4641 Β
1985 4595 2159 4670 Noun.
2210 4595 2373 4670 codd.
2429 4613 2580 4664 quam
2632 4598 2743 4668 ejus
2795 4596 3452 4670 utilitatibus—princip“

1767 4661 1822 4722 D
1844 4667 2100 4742 custodire
2150 4678 2237 4742 aut
2290 4669 2377 4739 qui
2404 4661 2473 4710 —¥
2503 4661 3334 4742 fuerit'manumissus—gesserit
3378 4661 3452 4726 20

1844 4739 2117 4807 prapositi.
2154 4738 2309 4822 [dein
2349 4738 2512 4809 paulo
2535 4749 2655 4810 post
2699 4750 2974 4809 patronum
3000 4738 3160 4812 (corr.
3197 4749 3449 4809 patrono-

1841 4808 2411 4883 rum)7-prtejudtcent.
2443 4812 2566 4882 Cuj.
2603 4811 2660 4875 2,
2691 4813 2745 4866 2·
2780 4810 2914 4883 Xlll.
2950 4828 3046 4880 pro
3075 4810 3221 4867 XIV.
3285 4881 3293 4883 Α

1914 4829 2660 4939 Ζ⁸²ἷνὸ⁶⁸¹ἑ⁴ϐ¹⁶ἕῗδέῖι¹¹³ξιιῖ
2690 4829 3297 4939 ξέαλὲἓαβτῗηῖῗνέοα
3353 4883 3415 4942 ει

1921 4953 1937 4989 ί
1983 4953 2054 5009 20
2076 4969 2184 5007 om.
2218 4955 2298 5008 de.

1919 5024 1934 5076 i
1985 5024 2160 5080 Noun.
2184 5025 2341 5082 codd.
2374 5027 2623 5099 ingenuus
2653 5026 3139 5083 minor—liberum
3178 5044 3232 5083 se
3251 5043 3358 5085 esse
3377 5057 3445 5070 —-

1843 5097 2122 5152 detractus.
2432 5097 2439 5099 ⁷
3291 5123 3298 5130 ~

1917 5166 1944 5244 li
1982 5170 2053 5244 20
2068 5170 2467 5244 ρι’ρςιαηιαηάὶ,
2502 5169 2624 5244 Mox
2652 5169 2715 5225 21
2748 5172 2898 5244 quasi
2932 5172 3144 5228 minoris
3169 5190 3222 5244 p.

1919 5238 1937 5279 ι
1980 5241 2036 5305 6,
2067 5238 2119 5298 'l.
2147 5241 2238 5304 20,
2271 5243 2336 5297 21
2367 5243 2635 5309 recipiant.

1911 5321 1953 5349 ω
1984 5313 2149 5388 _6—9,
2181 5313 2273 5388 20,
2301 5314 2394 5378 21,
2419 5314 2509 5381 42,
2537 5312 2607 5367 41
2637 5315 2709 5368 eis
2731 5315 3242 5388 ille—quacumque.

1911 5392 1938 5420 ιι
1978 5383 2049 5456 20
2088 5386 2306 5454 pro/icer
2325 5417 2395 5427 -—-
2416 5403 2650 5456 persona.

1913 5463 1938 5530 ξ’
1977 5455 2157 5530 Noun.
2190 5458 2350 5513 codd.
2385 5455 2742 5513 testamentum
2763 5467 2852 5513 aut
2882 5460 3298 5515 donationem—
3321 5476 3440 5530 pro-

1836 5527 1968 5598 ﬁcit.
1999 5527 2063 5584 21
2097 5530 2306 5583 libertis.

1908 5609 1936 5650 P
1975 5599 2095 5654 Ri'.
2130 5599 2180 5655 li
2210 5617 2326 5656 vero

1910 5672 2046 5754 SWQO
2225 5675 2319 5754 uel.
2344 5674 2541 5754 ξεῖ-19,
2567 5674 2658 5754 18,
2687 5674 2774 5729 alii
2800 5674 3015 5754 codices
3043 5689 3153 5730 om.
3187 5676 3438 5749 ingenuos

1834 5742 1912 5796 vel
1931 5743 2020 5798 lib.
2055 5743 2110 5809 6,
2135 5747 2188 5808 7,
2233 5745 2324 5811 20,
2351 5747 2442 5810 21,
2472 5745 2620 5802 Sich.
2648 5748 2702 5800 in
2740 5763 2812 5801 tu.
2840 5746 3064 5802 libertos.

1908 5815 1930 5851 θ
1972 5816 2042 5870 20
2066 5817 2298 5890 vendenti
2317 5844 2390 5860 -ι
2411 5820 2464 5874 in
2485 5818 2660 5874 eadem
2695 5817 2814 5887 adq.
2843 5817 2908 5872 21
2945 5819 2991 5875 si
3020 5818 3270 5878 vendendi
3292 5863 3306 5890 ,
3338 5819 3434 5881 sed

2351 5603 2438 5672 qui
2465 5611 2518 5658 et
2545 5616 2656 5655 om.
2690 5603 2765 5656 in.

1703 5882 1716 5963 έ
1828 5882 1885 5941 in
1910 5900 1982 5941 tn.
2010 5902 2062 5939 se
2089 5886 2254 5941 venrllt
