3948 6310
540 269 654 329 255

1838 269 2296 329 CONSTANTINI
2337 271 2552 328 MAGNI
3690 283 3772 341 εδδ

533 387 778 464 ἴχοντας.
808 393 917 447 νυνί
947 389 1001 448 δέ
1039 393 1121 448 καί
1149 393 1334 467 μᾶλλον
1357 393 1784 468 έπιφανεστέραις
1813 391 2033 467 πράξεσι
2071 412 2118 446 γε

2229 444 2233 450 ,
2263 389 2331 445 tis
2385 389 2556 447 multo
2603 387 3005 460 illustrioribus,
3039 399 3149 447 tum
3186 391 3514 452 dubitationis
3538 397 3680 469 ipsius
3702 404 3774 457 ab-

532 485 892 562 κατορθώμασι
918 487 1319 564 λαμπροτέροις,
1351 486 1408 542 τό
1447 506 1503 541 τε
1537 494 1630 548 τῆς
1675 485 1972 558 ἀμφιϐολίας
2021 480 2138 539 ἄλο·

530 600 620 654 γον
649 578 1030 644 ἀποδέδεικται,
1082 584 1165 636 καὶ
1212 581 1380 640 ὁπόση
1426 586 1508 642 τίς
1557 581 1694 637 ἐστιν
1730 581 1762 639 ή
1799 584 1890 634 τοῦ
1916 577 2136 653 μεγάλου

531 679 658 729 Θεοῦ
685 671 918 747 δύναμις,
943 675 1088 732 ήνίκα
1110 681 1222 735 τοῖς
1373 680 1572 734 πιστῶς
1601 673 1686 728 τόν
1714 671 2020 745 σεμνότατον
2049 672 2138 726 σέ·

534 767 693 825 ϐουσι
713 768 885 842 νόμον,
930 770 1020 823 καί
1053 766 1209 841 μηδὲν
1235 775 1335 823 τῶν
1375 767 1821 844 παραγγελμάτων
1858 764 2140 842 παραλύειν

529 865 812 939 τολμῶσιν,
843 862 1032 939 ἄφθονα
1080 867 1147 921 τά
1189 866 1375 939 ἀγαθά,
1424 866 1663 942 καὶπρὸς
1691 864 1784 924 τάς
1813 864 2140 939 ἐγχειρήσεις

529 960 695 1031 ἰσχύς
723 960 932 1034 ἀρίστη,
964 962 1048 1014 καί
1080 957 1192 1030 μετ’
1220 955 1432 1013 ἐλπίδων
1479 958 1674 1031 ἀγαθῶν
1702 957 2009 1011 ἀπαντῶσα⁶
2031 961 2138 1014 τοῖς

527 1049 587 1109 δέ
624 1057 717 1112 τήν
747 1053 908 1113 ἀσεϐῆ
952 1052 1174 1108 λαϐοῦσι
1217 1055 1421 1126 γνώμην
1448 1094 1464 1118 ,
1515 1061 1647 1130 πρὸς
1683 1052 1779 1112 τάς
1815 1051 2139 1126 προαιρέσεις

527 1145 772 1200 ἀκόλουθα
815 1147 896 1200 καί
941 1146 1010 1200 τά
1056 1146 1428 1202 ἀποϐαίνοντα.
1487 1148 1566 1206 τίς
1611 1146 1712 1221 γάρ
1743 1144 1932 1218 ἀγαθοῦ
1978 1143 2138 1214 τύχοι

533 1240 691 1303 τινός,
719 1239 808 1294 τόν
830 1244 930 1293 τῶν
961 1240 1160 1313 ἀγαθῶν
1177 1237 1335 1294 αἴτιον
1350 1241 1470 1296 Θεὸν
1488 1235 1606 1292 οὔτε
1626 1239 1902 1314 γνωρίζων,
1928 1231 2045 1290 οὐτε
2071 1235 2136 1290 τά

523 1333 847 1406 προσήκοντα
893 1329 1060 1385 σέϐειν
1101 1330 1308 1396 ἔθέλωνς
1364 1332 1542 1386 πίστιν
1612 1337 1688 1404 τῷ
1720 1329 1920 1404 ῥηθέντι
1945 1331 2030 1383 καί
2071 1328 2139 1383 τά

524 1417 650 1498 ἔργα
674 1418 908 1477 δίδωσιν.

2243 482 2499 545 surditas,
2529 494 2640 537 tum
2668 492 2862 554 quanta
2895 484 2967 538 sit
3012 486 3206 539 summi
3245 486 3333 541 Dei
3365 491 3598 558 polentia,
3623 492 3766 550 deela-

2247 589 2420 633 ratur.
2453 577 2664 649 Quippe
2691 578 2773 634 his
2802 579 3019 648 quidem
3051 581 3140 651 qui
3187 583 3529 639 venerandam
3558 585 3704 656 legem
3731 589 3775 642 li-

2245 669 2438 726 deliter
2484 671 2688 736 colunt,
2741 671 3056 742 nullumque
3110 673 3226 743 ejus
3275 686 3573 746 pratceptum
3619 681 3776 737 audent

2245 761 2568 831 dissolvere,
2614 766 2855 819 omnium
2903 765 3168 820 bonorum
3214 767 3384 837 copia,
3427 779 3475 823 et
3503 769 3562 824 ad
3587 785 3640 825 ea
3683 789 3774 843 qua:

2247 857 2486 926 aggressi
2514 866 2640 910 sunt
2665 857 2989 927 perﬁcienda
3017 859 3160 915 vires
3183 859 3386 915 idonea:
3427 877 3540 917 cum
3565 865 3682 919 bona
3703 881 3774 936 spe

2247 963 2313 1002 ac
2343 948 2535 1006 ﬁducia
2561 960 2874 1020 suppetunt.
2902 950 2972 1006 lis
3004 967 3133 1008 vero
3160 954 3248 1022 qui
3278 954 3483 1024 impiam
3510 960 3774 1014 sententiam

2245 1042 2477 1112 amplexi
2510 1054 2655 1109 sunt,
2689 1045 3076 1099 convenientes
3099 1050 3288 1100 "rerum
3347 1054 3556 1101 eventus
3575 1051 3773 1119 contige-

2245 1145 2390 1192 runt.
2423 1136 2554 1193 Nam
2580 1139 2699 1210 quis
2729 1148 2832 1207 est,
2865 1139 2958 1209 qui
3006 1153 3129 1194 cum
3161 1139 3325 1194 Deum
3353 1140 3597 1196 bonorum
3634 1153 3777 1197 aucto-

2245 1243 2361 1285 rem
2390 1245 2494 1285 non
2527 1241 2806 1302 agnoscat,
2837 1247 3070 1303 eumque
3099 1233 3280 1289 debito
3307 1234 3446 1290 cultu
3476 1235 3690 1289 venerari
3712 1251 3775 1290 re-

2243 1333 2395 1380 cuset
2441 1313 2726 1396 quicquam
2779 1325 2903 1380 boni
2985 1341 3216 1397 unquam
3288 1335 3672 1398 consequatur:
3711 1341 3776 1383 res

2243 1429 2390 1476 certe
2422 1419 2554 1490 ipsae
2582 1421 2744 1477 dictis
2767 1421 2966 1475 nostris
2995 1420 3156 1477 ﬁdem
3187 1420 3409 1477 faciunt.

1699 1531 1986 1574 EXEIPLUI
2015 1533 2050 1573 Α
2075 1531 2333 1574 νετυετιε
2355 1533 2704 1575 TEIPORIBUS.

521 1629 529 1640 ’
594 1627 653 1668 ll.
667 1615 848 1688 Είγοῦν
868 1637 948 1678 τις
959 1616 1031 1677 εἰς
1042 1616 1163 1680 τούς
1177 1612 1361 1670 ἄνωθεν
1371 1617 1459 1671 καί
1478 1616 1549 1677 εἰς
1569 1612 1716 1693 δεῦρο
1727 1617 2133 1692 παρατείναντας
2162 1617 2210 1677 Β

522 1704 746 1783 χρόνους
793 1705 1077 1784 ἀναδράμοι
1133 1715 1207 1782 τῷ
1245 1716 1336 1782 νῷ,
1367 1711 1455 1763 καί
1478 1709 1571 1769 τάς
1594 1707 1840 1785 πρότερον
1867 1709 2132 1782 γενομένας

517 1800 734 1875 πράξεις
755 1797 949 1855 κατίδοι
984 1807 1058 1875 τῷ
1084 1800 1338 1876 λογισμῷ,
1383 1803 1581 1864 πάντας
1607 1795 1667 1857 ἀν
1696 1801 1837 1879 εὕροι
1873 1804 1995 1865 τούς
2039 1803 2130 1874 μὲν

517 1892 634 1952 ὅσοι
678 1895 867 1953 δικαίαν
893 1900 977 1953 καί
1010 1899 1198 1972 ἀγαθήν
1227 1898 1698 1971 προκατεϐάλλοντο
1735 1905 1837 1954 τῶν
1884 1899 2128 1974 πραγμά-

517 2009 620 2047 των
645 1990 897 2068 κρηπῖδα,
921 1993 992 2053 είς
1021 1992 1198 2064 ἀγαθὸν
1225 1994 1310 2047 καί
1355 1991 1739 2068 προαγαγόντας
1763 1993 1858 2053 τάς
1885 1990 2125 2066 ἐγχειρήο

518 2107 654 2149 σεως
678 2084 977 2164 πέραςξκαί
996 2082 1096 2141 οἷον
1116 2087 1218 2142 ἀπό
1237 2087 1381 2162 ῥίζης
1404 2089 1535 2147 τινὸς
1565 2083 1737 2147 ἡδείας
1754 2087 2124 2158 κομισαμένους

516 2183 603 2235 καὶ
645 2180 732 2235 τὸν
762 2182 956 2258 καρπὸν
979 2179 1186 2258 γλυκύν
1216 2179 1340 2240 τούξ
1369 2178 1413 2235 δ’
1449 2177 1640 2240 ἀδίκοις
1685 2181 2125 2254 ἐπιχειρήσαντας

513 2271 746 2345 τόλμαις,
773 2277 862 2329 καί
887 2271 1081 2350 ή-πρός
1118 2273 1178 2329 τὸ
1218 2279 1449 2349 κρεῖττον
1485 2274 1711 2333 ἀνοήτως
1739 2272 2061 2345 έκμανέντας,
2093 2271 2124 2333 ἦ

513 2367 647 2443 πρὸς
671 2367 730 2422 τὸ
751 2368 1059 2444 ἀνθρώπινον
1073 2367 1213 2441 γένος
1233 2367 1476 2440 λογισμὸν
1491 2363 1630 2422 ὅσιον
1652 2364 1824 2422 οὐδένα
1849 2366 2118 2427 λαϐόντας’

511 2457 640 2514 ἀλλά
664 2461 850 2532 φυγάς,
877 2460 1108 2531 ἀτιμίας,
1135 2456 1435 2532 δημεύσεις,
1462 2464 1686 2533 σφαγάς,
1711 2463 1928 2514 τοιαῦτα
1961 2457 2123 2515 πολλά

509 2551 892 2624 τολμήσαντας·
923 2556 1009 2608 καί
1038 2551 1158 2608 οὐδέ
1205 2554 1640 2627 μεταμεληθέντας
1682 2555 1829 2618 ποτέ,
1872 2551 1987 2609 οὐδέ
2041 2554 2122 2608 τόν

509 2650 628 2701 νοῦν
657 2645 1069 2724 ἐπιστρέψαντας
1096 2648 1227 2722 πρὸς
1248 2648 1314 2703 τά
1341 2647 1545 2711 καλλίω,
1566 2644 1692 2702 ἴσων
1737 2648 1822 2703 καί
1848 2654 1947 2702 τῶν
1969 2648 2109 2720 ἀμοι-

513 2739 667 2795 ϐαίων
696 2740 977 2813 τυχόντας·
1005 2744 1091 2797 καί
1115 2744 1281 2799 ταῦτά
1314 2763 1372 2817 γε
1417 2742 1503 2798 οὐκ
1551 2740 1850 2809 ἀπεικότως,
1900 2739 2009 2798 οὐδ’
2059 2737 2118 2797 άν

508 2833 610 2892 ἀπὸ
631 2833 780 2911 λόγου
811 2835 1113 2910 συμϐαίνοι.

2308 1631 2366 1670 ιι.
2397 1615 2550 1682 Quod
2572 1617 2615 1671 si
2637 1617 2758 1688 quis
2776 1619 3056 1690 superiora
3087 1629 3328 1691 tempora
3359 1620 3424 1677 ad
3438 1637 3527 1677 nos
3547 1636 3692 1694 usque
3709 1621 3778 1678 de.

2243 1708 2402 1765 ducta
2432 1711 2756 1782 cogitatione
2777 1723 3006 1782 repetat,
3040 1725 3091 1769 et
3121 1731 3208 1771 res
3237 1715 3364 1770 olim
3396 1725 3562 1786 gestas
3586 1726 3779 1772 contem-

2240 1804 2432 1874 pletur.
2460 1809 2661 1872 auium,
2689 1807 2910 1864 omnino
2935 1810 3202 1878 reperiet;
3245 1826 3338 1867 eos
3362 1811 3565 1882 quidem
3585 1812 3662 1882 qui
3687 1811 3771 1882 jus-

2239 1899 2412 1954 titiam
2446 1916 2509 1956 ac
2536 1901 2857 1971 probitatem
2899 1902 3304 1959 fundamentum
3332 1906 3429 1960 sibi
3457 1922 3620 1960 rerum
3644 1920 3775 1975 agen-

2234 1989 2423 2045 darum
2471 1995 2912 2061 constituerunt,
2970 1995 3183 2052 felicem
3234 1998 3569 2053 consiliorum
3612 1997 3773 2053 exitum

2232 2084 2454 2140 sortitos
2485 2101 2627 2154 esse,
2681 2096 2738 2143 et
2789 2097 3038 2160 tanquam
3089 2105 3154 2144 ex
3200 2089 3344 2145 dulci
3383 2091 3597 2162 quodam
3634 2089 3776 2145 radice

2229 2181 2611 2235 suavissimum
2659 2197 2874 2252 quoque
2917 2182 3146 2239 fructum
3177 2187 3504 2256 percepisse.
3544 2185 3652 2242 Illos
3672 2197 3774 2239 vero

2227 2276 2318 2344 qui
2352 2275 2542 2346 injusta
2577 2275 2812 2331 facinora
2868 2293 3002 2333 ausu
3035 2282 3330 2336 temerario
3382 2283 3686 2345 attentariut,
3733 2290 3773 2334 et

2227 2367 2317 2439 qui
2366 2369 2630 2424 adversus
2676 2371 2842 2428 Deum
2893 2372 3064 2442 ipsum
3117 2373 3341 2430 vesania
3396 2379 3582 2430 mentis
3619 2372 3774 2429 fuerint

2225 2460 2374 2528 elati,
2399 2462 2710 2534 nullumque
2757 2465 2971 2534 pietatis
3001 2481 3126 2537 erga
3157 2483 3332 2538 genus
3377 2469 3645 2524 humanum
3671 2483 3772 2523 sen-

2225 2568 2343 2610 sum
2372 2554 2657 2612 habueriut
2687 2574 2702 2624 ;
2735 2558 2828 2612 sed
2879 2558 3060 2624 exilia,
3114 2560 3410 2630 infamiam,
3439 2563 3676 2618 bonorum
3700 2577 3772 2632 pu-

2223 2649 2562 2718 blicationes,
2583 2650 2760 2706 cmdes
2781 2660 2833 2706 et
2851 2651 3158 2722 lmjusmodi
3188 2655 3415 2724 plurima
3434 2655 3772 2728 irrogaverint;

2222 2744 2420 2819 quique
2470 2759 2568 2799 nec
2621 2745 2992 2814 paenitentiam
3044 2748 3253 2817 egerint
3311 2764 3575 2819 unquam,
3617 2761 3701 2803 nec
3721 2745 3772 2800 ad

2221 2839 2501 2895 meliorem
2545 2835 2750 2909 frugem
2799 2837 3038 2892 animum
3083 2853 3240 2894 suum
3301 2840 3670 2903 revocaverint.
3698 2851 3773 2907 pa-

2219 2947 2336 2988 rem
2359 2947 2574 3004 quoque
2606 2929 2909 2986 mercedem
2943 2929 3212 2986 retulisse.
3241 2933 3419 3003 Atque
3447 2930 3557 2988 hazc
3583 2944 3673 2986 non
3699 2927 3774 2984 ab-

2148 3014 2194 3078 C
2224 3025 2408 3093 surde,
2440 3040 2538 3080 nec
2569 3032 2763 3094 prmter
2785 3023 3046 3078 rationem
3078 3024 3359 3080 eveniunt.

1251 3141 1318 3181 DE
1342 3140 1406 3182 IIS
1434 3140 1520 3190 QUI
1564 3140 2009 3183 PERSECUTIONEI
2037 3139 2118 3180 PA!

2229 3139 2365 3186 iUNT,
2406 3137 2475 3176 ΕΤ
2514 3137 2581 3176 οε
2619 3135 3090 3176 Ρειιεεοιιτοιιιιιυε.

505 3226 515 3254 ¹
578 3235 656 3279 ιιι.
678 3218 828 3280 Ὀσοι
851 3224 941 3296 μέν
972 3222 1071 3300 γάρ
1099 3223 1231 3296 μετά
1246 3220 1442 3284 δικαίας
1467 3225 1667 3298 γνώμης
1689 3224 1921 3285 έπίτινας
1937 3221 2121 3302 ἔρχον-

504 3338 593 3374 ται
617 3317 847 3382 πράξεις,
877 3319 962 3372 καὶ
993 3317 1080 3372 τόν
1097 3322 1189 3372 τοῦ
1218 3318 1504 3393 κρείττονος
1524 3316 1674 3388 φόϐον
1705 3314 1941 3378 διηνεκῶς
1959 3315 2118 3389 ἔχου-

505 3431 590 3467 σιν
619 3410 670 3465 έν
696 3417 787 3484 νῷ,
816 3409 1028 3482 βεϐαίαν
1077 3414 1169 3470 τήν
1198 3413 1320 3486 περί
1350 3411 1506 3467 αὐτόν
1541 3410 1868 3483 φυλάττοντες
1901 3413 2078 3466 πίστιν
2098 3449 2113 3472 ,

502 3505 588 3558 καί
625 3504 749 3563 τούς
777 3502 1042 3580 παρόντας
1080 3501 1266 3574 φόϐους
1305 3522 1362 3558 τε
1409 3503 1495 3558 καί
1522 3500 1782 3564 κινδύνους
1811 3503 1899 3558 οὐκ
1927 3499 2115 3576 ἄγουσι

502 3601 606 3650 τῶν
633 3593 920 3667 μελλουσῶν
965 3595 1162 3649 ἐκείνων
1207 3591 1421 3649 έλπίδων
1463 3595 1889 3674 προτιμοτέρους’
1936 3589 2032 3666 κᾷν
2070 3597 2115 3648 εἰ

503 3687 638 3761 πρὸς
673 3686 848 3762 καιρὸν
895 3684 1174 3764 δυσχερῶν
1217 3693 1365 3742 τινῶν
1406 3689 1707 3765 πειραθεῖεν,
1755 3696 1831 3762 τῷ
1884 3689 2109 3756 μείζονας

504 3778 705 3840 έαυτοῖς
739 3780 1032 3836 ἀποκεῖσθαι
1074 3780 1337 3835 πιστεύειν
1383 3780 1555 3852 τιμάς,
1607 3777 1718 3835 οὐδέ
1768 3781 1836 3836 τά
1880 3801 2112 3856 προσπε-

504 3872 661 3930 σόντα
687 3872 888 3950 βαρέως
915 3871 1145 3947 ἤνεγκαν,
1198 3871 1324 3927 ἀλλά
1365 3868 1584 3945 τοιούτῳ
1609 3871 1968 3949 λαμπροτέρας
1995 3871 2110 3930 ἕτυο

503 3987 604 4039 χον
630 3965 870 4028 εὐκλείας,
902 3961 1010 4039 ὅσῳ
1055 3968 1136 4019 καί
1173 3964 1472 4042 βαρυτέρων
1505 3970 1605 4021 τῶν
1640 3965 1886 4037 χαλεπῶν
1905 3967 2108 4043 ἐπειρά-

501 4060 678 4119 θησαν.
735 4054 845 4114 ὅσοι
885 4055 941 4115 δέ
993 4058 1052 4113 τό
1081 4059 1266 4118 δίκαιον
1293 4060 1490 4132 άτίμως
1516 4056 1773 4136 παρεῖδον,
1798 4058 1829 4120 ἦ
1853 4059 1911 4115 τὸ
1937 4065 2110 4134 κρεῖτ-

501 4170 586 4204 τον
608 4152 695 4204 οὐκ
714 4147 964 4224 ἔγνωσαν,
989 4154 1074 4207 καί
1101 4153 1224 4212 τούς
1251 4157 1404 4206 τοῦτο
1419 4159 1619 4212 πιστῶς
1634 4150 1895 4223 μετιόντας
1921 4150 2108 4228 ὕϐρεσι

501 4246 583 4299 καί
611 4244 880 4300 κολάσεσιν
907 4248 1196 4308 ἀνηκέστοις
1220 4247 1494 4303 ὑποϐαλεῖν
1541 4247 1839 4320 ἐτόλμησαν,
1879 4251 1966 4302 καί
2002 4247 2104 4318 οὐχ

502 4337 716 4398 έαυτούς
761 4340 853 4410 μέν
891 4339 1091 4400 ἀθλίους
1117 4340 1190 4414 ἐφ’
1217 4335 1289 4400 οἷς
1319 4337 1405 4395 διά
1445 4342 1542 4400 τάς
1584 4341 1830 4399 τοιαύτας
1878 4339 2108 4404 ἐκόλαζον

2299 3233 2376 3272 ιιι.
2405 3215 2534 3271 Nam
2567 3215 2890 3285 quicumque
2924 3231 3044 3269 cum
3071 3214 3218 3284 justo
3239 3216 3406 3272 animi
3441 3214 3690 3288 proposito
3722 3210 3774 3266 ad

2221 3312 2490 3384 agendum
2521 3312 2819 3378 accedunt,
2867 3320 2921 3366 ct
2971 3310 3218 3368 timerem
3275 3313 3369 3369 Dei
3425 3322 3662 3384 perpetuo
3687 3324 3773 3380 pra:

2219 3406 2392 3462 oculis
2445 3404 2687 3472 habent,
2749 3413 3088 3460 constantem
3139 3419 3265 3475 erga
3328 3405 3476 3461 illum
3523 3409 3774 3459 retinentes

2220 3499 2413 3567 ﬁdem;
2463 3500 2659 3570 quique
2700 3500 2991 3572 praesentis
3034 3500 3159 3556 vitm
3209 3501 3387 3557 minas
3431 3517 3492 3556 ac
3553 3498 3771 3570 pericula,

2217 3592 2334 3664 spei
2394 3592 2693 3649 futurorum
2738 3593 3002 3649 bonorum
3054 3593 3276 3674 minime
3333 3606 3691 3667 anteponunt:
3734 3592 3774 3647 hi

2189 3687 2466 3758 quamvis
2512 3687 2674 3742 multa
2729 3687 2920 3743 acerba
2971 3701 3035 3742 ac
3073 3687 3303 3745 molesta
3367 3689 3513 3746 brevi
3560 3686 3774 3758 temporis

2217 3781 2393 3851 Spatio
2418 3782 2624 3852 experti
2671 3780 2798 3845 sint,
2833 3788 3010 3836 tmnen
3047 3794 3145 3850 spe
3176 3781 3445 3850 majorum
3474 3783 3773 3854 prmmiorum

2217 3889 2336 3946 quae
2359 3873 2460 3929 sibi
2486 3873 2760 3929 recondita
2801 3887 2920 3928 esse
2947 3872 3257 3929 ﬁrmissime
3282 3874 3532 3940 credunt,
3562 3875 3775 3943 ingruen-

2218 3966 2291 4023 tia
2343 3967 2480 4021 mala
2514 3981 2852 4037 nequaquam
2911 3981 3056 4037 aegro
3086 3965 3268 4021 animo
3323 3969 3666 4039 pertulerunt.
3690 3964 3774 4022 Sed

2216 4074 2325 4130 quo
2375 4059 2652 4130 graviores
2679 4058 2889 4130 experti
2918 4067 3047 4113 sunt
3098 4057 3459 4126 calamitates,
3507 4075 3570 4116 eo
3615 4056 3775 4113 clario-

2218 4168 2334 4210 rem
2365 4152 2590 4224 gloriam
2620 4161 2985 4222 reportarunt.
3011 4150 3113 4220 Qui
3137 4167 3266 4208 vero
3286 4153 3545 4225 justitiam
3569 4160 3618 4209 et
3634 4149 3775 4220 tequi-

2214 4255 2378 4302 tatem
2403 4255 2888 4316 contempserunt,
2923 4256 2972 4301 et
3003 4246 3093 4316 qui
3141 4261 3241 4302 nec
3279 4247 3452 4304 Deum
3499 4247 3594 4317 ipsi
3637 4256 3774 4315 agno-

2211 4349 2428 4408 verunt,
2461 4354 2560 4395 nec
2605 4354 2700 4394 eos
2744 4337 2835 4410 qui
2864 4339 3032 4394 Deum
3065 4338 3301 4396 fideliter
3327 4341 3587 4405 colerent,
3616 4345 3776 4395 contu-

500 4431 783 4505 προφάσεις
810 4428 1025 4510 ἔκριναν.
1056 4430 1354 4505 εὐδαίμονας
1380 4429 1436 4488 δέ
1457 4434 1546 4488 καί
1569 4433 1918 4508 μακαριστούς
1938 4475 1952 4498 ,
1987 4435 2107 4494 τούς

2229 4434 2391 4489 neliis
2411 4448 2475 4488 ac
2501 4433 2777 4505 suppliciis
2808 4432 3176 4488 acerbissimis
3203 4432 3430 4492 afﬁcere
3456 4433 3770 4490 dubitarunt:

1896 4523 2170 4582 VALESll
2207 4524 2438 4583 NOT/E.

573 4627 1017 4709 narenpfomrtxéc
1067 4617 1307 4709 ἔχοντας.
1363 4616 1895 4709 codexullledicmus
1951 4619 2112 4676 habet

501 4687 646 4762 ἴχιιν
672 4687 944 4758 ἐθέλοντας,
967 4687 1341 4762 ηυοάἰ·εοιίιιε
1370 4689 1504 4746 mihi
1531 4688 1760 4745 videtur.

575 4785 664 4836 Καὶ
690 4785 757 4838 τὰ
785 4783 1146 4839 ἀποϐαίνοντα.
1201 4782 1384 4854 Longe
1433 4781 1634 4854 rectior
1660 4792 1744 4838 est
1770 4781 1968 4838 codicis
1999 4782 2110 4839 Me-

499 4850 654 4906 diemi
704 4854 999 4924 Scriptura.
1053 4855 1143 4910 Sic
1194 4850 1343 4924 enim
1371 4852 1870 4911 habet:‘Azd)tou6a
1916 4858 2000 4911 καί
2045 4858 2110 4912 τὰ

501 4921 846 4981 ἀποϐαίνοντα
871 4923 946 4987 ἦν.
971 4929 1059 5003 τίς
1083 4929 1186 5000 γάρ
1286 4928 1475 5003 ἀγαθοῦ
1492 4999 1499 5003 _
1514 4925 1678 5000 τύχοι
1700 4929 1837 4989 τινὸς
1859 4969 1874 4993 ,
1905 4939 2011 4983 etc.
2045 4929 2108 4982 Et

503 5004 625 5078 post
699 5012 910 5078 voccm_
963 4999 1161 5053 ἐθέλων
1209 4999 1372 5054 habet
1432 4999 1621 5052 etiam’
1664 5014 1786 5070 quae
1841 5007 1964 5054 nota
2025 5008 2109 5054 est

502 5069 962 5139 interrogationis.
1686 5069 1691 5070 “
1932 5107 1936 5113 -

575 5165 748 5236 Πίστιν
774 5171 866 5235 τῷ.
901 5162 1082 5236 Longe
1100 5162 1400 5234 elegantius
1429 5161 1601 5218 codex
1623 5162 1910 5220 Medicaeus
1939 5165 2109 5236 scrip-

504 5243 616 5290 tum
646 5233 996 5291 habetat-ictu
1022 5233 1076 5290 δέ
1100 5243 1175 5308 τῷ
1199 5236 1418 5310 ῥηθέντι.

572 5325 786 5402 νᾼνωθεν
815 5330 900 5383 καί
928 5328 1000 5402 είς
1019 5325 1186 5402 δεῦρο.
1214 5327 1472 5382 Particula
1501 5331 1588 5402 καὶ
1620 5325 1773 5402 deest
1823 5327 1875 5383 in
1893 5399 1902 5402 _
1922 5328 2109 5402 codice

502 5399 780 5464 Medicam,
809 5414 909 5454 nec
938 5399 1226 5454 admodum
1249 5401 1550 5471 necessaria
1573 5409 1672 5454 est.
1705 5399 1825 5453 Mox
1853 5399 1943 5453 ubi
1973 5401 2108 5471 legi-

502 5480 591 5551 tur
614 5490 627 5528 :
660 5474 745 5551 καὶ
768 5473 860 5534 τάς
884 5471 1134 5551 πρότερον
1161 5473 1446 5551 γενομένας,
1467 5469 1604 5524 idem
1633 5473 1803 5551 codex
1831 5471 1992 5551 habet
2018 5469 2107 5551 καί

499 5546 596 5619 τάς
619 5548 824 5601 πώποτε
853 5569 904 5618 γ.
926 5542 1061 5602 ltetti
1091 5542 1190 5613 pro
1213 5542 1564 5619 ἐγχειρήσεως
1583 5543 1763 5619 πέρας³
1791 5542 1979 5619 scribit
2012 5547 2104 5606 τὰς

504 5617 831 5695 έγχειρήσεις
859 5612 1052 5695 πέρας.
1094 5612 1374 5695 (Ιιιοιῐίρόξὶ
1405 5613 1571 5668 etiam
1600 5612 1659 5668 in'
1684 5612 1902 5669 schedis
1932 5619 2104 5687 scrip-

503 5683 616 5741 tum
648 5683 843 5758 reperi,
873 5683 1003 5743 et'iu
1032 5683 1218 5742 codice
1248 5683 1382 5741 Fuk.

578 5761 667 5812 Καὶ
870 5760 1261 5836 τὸρᾷνθρᾴεπινον
1307 5756 1714 5836 γένοςηΜυρίιιιε
1738 5763 1869 5836 λεῖοι
1899 5755 1984 5812 hic
2007 5757 2104 5836 1οτ

507 5827 621 5894 bns,
651 5827 830 5899 qui'ex
861 5827 1053 5888 codice'
1077 5827 1331 5887 Medicae
1362 5830 1432 5884 ita
1476 5827 1688 5885 restitui
1721 5829 1877 5887 debet
1914 5832 2039 5885 ιιιάι
2067 5831 2098 5888 ἢ

2213 4623 2345 4698 πρὸς
2361 4624 2436 4702 τὸ.
2454 4631 2682 4702 κρεῖττον
2711 4625 2932 4702 ἀνοήτως
2955 4625 3356 4702 ἐκμανέντᾲαῇή
3377 4627 3510 4702 πρὸς
3535 4627 3590 4681 τό
3618 4623 3772 4699 ἀνθρώ-

2212 4693 2522 4780 πινονξγένός
2546 4696 2786 4780 λογισμόν
2816 4693 2953 4780 ὅσιον
2980 4693 3172 4780 μηδένα
3189 4693 3595 4780 λαϐόνταςηοιο.
3644 4769 3654 4780 Ι
3695 4693 3704 4699 ⁷
3731 4758 3747 4780 ⁴

2283 4766 2396 4819 Οὐκ
2418 4766 2715 4828 ἀπεικότως.
2738 4766 2792 4821 1η
2822 4766 3008 4821 codice
3038 4767 3292 4824 Medicmo
3322 4770 3573 4824 scribitur
3609 4769 3688 4822 οὐκ
3726 4766 3772 4816 ἆν

2212 4837 2516 4914 ἀπεικότως,
2541 4837 2644 4914 οὐδ’
2676 4834 2735 4893 ἂν
2777 4840 2879 4895 ἀπὸ
2913 4840 3067 4914 λόγου⁸
3092 4841 3395 4914 συμϐαίνοι.
3437 4838 3591 4896 Certe
3631 4834 3770 4892 codex

2210 4911 2391 4981 regius
2419 4910 2692 4981 συμϐαίνοι
2722 4926 2934 4980 quoque
2963 4910 3222 4980 Scriptum
3256 4913 3442 4967 habet.

2279 4977 2544 5058 ξφσοι-μξν
2568 4983 2686 5058 γάρ.
2720 4977 3140 5058 5b_his_verbis
3171 4983 3273 5039 hoc
3309 4999 3434 5056 cap.
3460 4981 3692 5039 inchoavi
3717 4992 3770 5033 ex

2207 5050 2394 5124 Codice
2422 5050 2556 5124 Fitk.
2575 5050 2645 5124 ἐἰ
2670 5053 2886 5108 schedis
2915 5052 3048 5124 Reg.

2279 5119 2508 5198 'Og-otdé
2539 5127 2596 5181 τὸ
2625 5123 2810 5181 δίκαιον
2836 5119 3050 5198 agripw}.
3093 5125 3310 5198 [lectius
3344 5127 3397 5198 in
3427 5127 3606 5183 codice
3631 5120 3771 5179 Medi-

2209 5208 2324 5250 cazo
2352 5195 2547 5267 legitur
2591 5197 2693 5250 hoc
2749 5195 2949 5251 modo:
2982 5195 3094 5252 ὅσοι
3123 5197 3177 5253 δέ
3217 5198 3247 5258 ἢ
3280 5201 3340 5254 τὸ
3381 5197 3567 5256 δίκαιον
3608 5199 3772 5267 ἀτίμως

2212 5266 2474 5344 παρεῖδον,
2498 5267 2617 5344 ᾖτό
2652 5274 2881 5344 κρεῖττον
2923 5270 3014 5323 οὐκ
3069 5267 3329 5344 ἔγνωσαν.
3363 5271 3476 5326 lloc
3531 5279 3610 5344 tjsl
3646 5264 3771 5344 tium]

2213 5339 2373 5407 supra
2401 5340 2537 5392 dixit
2564 5341 2615 5391 in
2647 5339 2766 5408 cap.
2796 5340 2961 5403 25,ut
2981 5339 3140 5406 supra
3158 5343 3358 5406 notavi,
3390 5346 3512 5404 τούς
3537 5341 3580 5398 δ’
3608 5339 3771 5396 ἀδίκοις

2214 5409 2645 5491 ἐπιχειρήσαντας
2673 5411 2907 5491 τολμαῖς,
2929 5414 3015 5491 καί
3042 5411 3072 5471 ἢ
3098 5415 3227 5491 πρὸς
3247 5417 3303 5491 τὸ
3331 5423 3559 5490 κρεῖττον
3576 5415 3772 5491 ἀνοήτως

2209 5480 2534 5560 έκμανέντας..
2562 5481 2593 5542 ἢ
2621 5480 2836 5560 πρὸςτὸ
2862 5480 3166 5559 ἀνθρώπινον
3203 5486 3342 5560 γένος
3364 5480 3618 5560 ’λογισμὸν
3655 5480 3772 5538 ὅσιον

2203 5533 2378 5608 οὐδένα
2400 5533 2668 5617 λαϐόντας]

2277 5622 2524 5704 Ἰξκόλαζον
2549 5629 2850 5704 προφάσεις.
2871 5627 2950 5704 Δ1η
2977 5627 3164 5684 codice
3209 5627 3483 5704 Medicam:
3501 5626 3682 5704 legitur
3713 5619 3772 5703 3'9:

2203 5693 2507 5779 g{§_3ea't_fdr
2529 5693 2789 5779 τοιαύτας·
2814 5699 3096 5779 κολάξοιντο
3133 5703 3407 5779 προφάσεις
3431 5741 3446 5767 ,
3470 5693 3482 5698 ⁷
3501 5693 3688 5779 rectius
3705 5693 3771 5779 Atii

2203 5766 2379 5844 fallor.
2396 5767 2511 5844 M‘ox
2528 5769 2666 5844 idem
2683 5769 2861 5844 codex
2877 5771 3053 5839 habet,
3084 5779 3142 5829 ut
3162 5766 3214 5829 i'n
3241 5766 3402 5843 snpra
3430 5766 3602 5841 posito
3622 5772 3768 5828 ιοιιυι

2209 5836 2574 5910 ειερςὶσκίστην
2596 5834 2761 5903 ἔληξαν
2783 5837 2953 5895 ἧτταν-
