4046 6302
290 215 390 273 961

292 332 490 388 Filium
521 332 614 391 Dei
629 349 659 389 a
679 334 879 392 sacculo
900 342 956 392 et
983 336 1036 392 in
1058 336 1273 393 sucula.
1295 338 1560 399 Prarterea
1593 345 1888 402 secundum
1919 352 1969 413 Α

289 418 408 496 ejus
436 424 729 482 adventum
757 428 997 484 conliteri
1036 444 1066 485 c
1097 427 1342 489 doctrina
1373 434 1514 489 sacri
1545 434 1885 506 baptismatis

291 516 596 575 didicimus.
632 525 667 575 Λ
680 537 823 576 men.

292 630 599 673 ειτρειιιοῐιιε
648 634 915 677 31⁷⁸18τοιῶ
962 637 1092 679 NUH-
1142 622 1201 690 2,
1236 641 1409 682 VERBA
1437 643 1504 683 EX
1534 644 1898 688 INTERPRETA-

366 725 525 766 TIOSE
552 727 780 776 ANTIQUA
808 728 1031 771 CONCILII
1058 733 1300 775 EPHESINI
1323 735 1459 776 APUD
1484 737 1747 780 BALUZIUI
1774 739 1895 781 NOV.

365 818 517 860 COLL.
550 819 785 874 conca”
816 822 869 862 τ.
906 823 944 875 l,
971 824 1022 863 ι).
1053 807 1180 866 467.

293 915 426 973 Julii
462 919 770 976 sanctissimi
810 924 1036 993 episcopi
1077 924 1256 981 Ronan:
1293 928 1357 982 de
1397 929 1612 999 epistola
1640 930 1709 984 ad
1738 929 1899 987 Pros-

980 1017 1208 1076 decium.

366 1102 698 1162 Prmdicatur
737 1116 915 1165 autem
940 1151 954 1175 ,
986 1110 1051 1166 ad
1093 1111 1482 1183 plenitudinem
1528 1117 1673 1183 ﬁdei,
1714 1126 1769 1174 et
1811 1119 1895 1175 in-

294 1207 548 1254 carnatus
573 1199 640 1256 dc
668 1201 873 1271 virgine
896 1203 1060 1259 Maria
1082 1205 1174 1261 Dei
1201 1205 1389 1276 Filius,
1412 1217 1466 1265 et
1489 1209 1817 1267 inhabitasse
1843 1212 1896 1269 in

294 1288 623 1362 hominibus,
669 1296 860 1349 nonin
905 1296 1124 1353 homine
1168 1308 1456 1370 operatus;
1506 1304 1606 1360 hoc
1648 1305 1792 1360 enim
1842 1305 1896 1361 in

297 1380 581 1454 Pmphetis
624 1395 678 1440 et
717 1389 995 1457 apostolis.
1050 1390 1329 1448 Perfectus
1377 1394 1514 1451 Dens
1561 1397 1612 1450 in
1658 1412 1821 1452 carne
1843 1406 1919 1453 et‘

296 1472 458 1530 homo
489 1477 759 1548 perfectus
785 1482 837 1535 in
866 1483 1053 1553 spiritu
1083 1500 1188 1539 non
1224 1485 1332 1542 duo
1369 1488 1481 1543 ﬁlii.
1508 1488 1659 1546 Unus
1685 1490 1899 1562 quidem

1365 224 1792 283 FRAGMENTA
1833 228 2283 295 SCRIPTORUM
2320 233 2512 295 IUL".

3488 247 3599 307 962

1999 375 2088 430 lib.
2113 376 2178 431 de
2200 377 2366 432 Sectis
2392 387 2491 432 act.
2515 376 2568 445 8,
2597 387 2740 446 (este,
2772 381 3199 453 pseudepistolam
3225 382 3357 442 Julii
3379 387 3449 442 ad
3473 387 3604 445 Dio-

2000 473 2200 544 nysium
2239 475 2447 548 synodo
2490 476 2774 547 Ephesinac
2824 479 3078 536 insertam
3124 492 3395 553 asserunt;
3425 496 3596 557 atque,

2004 568 2081 622 uti
2106 566 2409 637 Facundos,
2442 570 2529 625 lib.
2547 587 2587 640 ι,
2608 572 2728 640 c.5,
2757 574 2933 642 tradit,
2960 575 3010 631 iu
3038 578 3394 636 assertionem
3422 582 3602 637 vanis-

2002 661 2123 716 simi
2151 661 2233 717 sui
2261 664 2462 719 erroris
2486 663 2669 721 dicant
2693 665 2888 722 Iulium
2933 667 3231 725 Romanum
3279 671 3464 727 nescio
3512 673 3604 729 ubi

2005 756 2350 826 rescripsisse
2372 758 2510 826 quod
2532 775 2632 813 una
2653 759 2721 815 sit
2741 759 2941 818 Christi
2970 773 3158 819 natura
3180 780 3195 829 ;
3221 781 3306 820 eos
3329 765 3448 821 inde
3466 783 3606 822 men-

2006 849 2143 903 dacii
2165 851 2416 905 convincit
2441 850 2575 906 idem
2598 850 2909 920 Facundos,
2940 856 3154 928 quodin
3203 858 3387 914 eadem
3422 868 3606 917 sancta

2003 942 2211 1016 synodo
2243 943 2509 1014 Ephesina
2543 944 2644 1001 hoc
2664 946 2836 1002 solum
2857 947 3024 1018 ipsius
3052 949 3178 1006 Julii
3206 957 3389 1008 contra
3417 951 3608 1009 Nesto-

2004 1035 2143 1090 rium
2188 1035 2469 1091 recitatum
2510 1036 2672 1094 fuerit
2715 1054 2785 1095 ex
2825 1039 3051 1110 cpistola
3106 1042 3172 1098 ad
3229 1043 3603 1113 Prosdoclum,

2005 1128 2349 1199 praedicatur.
2377 1128 2491 1197 Quo
2528 1132 2812 1188 testimonio
2836 1134 3090 1206 descripto
3110 1136 3255 1192 addit
3280 1153 3300 1193 :
3325 1137 3439 1194 Non
3462 1139 3607 1197 aliud

2006 1231 2205 1293 prccter
2240 1224 2378 1282 hanc
2419 1226 2485 1282 ad
2521 1227 2870 1285 Prosdocium
2918 1232 3199 1301 epistolam
3239 1249 3302 1290 ex
3344 1235 3502 1292 dictis
3539 1237 3601 1294 Β.

2002 1314 2129 1371 Julii
2160 1317 2211 1372 in
2238 1317 2321 1372 illa
2354 1320 2561 1392 synodo
2594 1323 2859 1392 prolatum
2889 1333 3000 1389 est,
3031 1326 3075 1381 si
3103 1343 3205 1399 qua
3244 1327 3463 1386 forsitan
3499 1331 3607 1388 alia

2003 1410 2238 1481 scripsit,
2263 1428 2436 1485 neque
2465 1430 2532 1471 ex
2564 1415 2663 1472 hac
2692 1419 2913 1489 cpisrola
2957 1420 3156 1493 aliquid
3186 1425 3436 1496 amplius.
3469 1424 3608 1483 Hinc

2004 1504 2228 1575 suspicio
2250 1506 2393 1561 nobis
2423 1524 2523 1562 non
2549 1509 2707 1578 deest,
2741 1510 2941 1567 Leontii
2970 1513 3156 1569 librum
3195 1527 3373 1573 contra
3416 1518 3607 1576 Nesto-

293 1568 511 1640 proprie
538 1569 680 1627 ﬁlius
708 1589 990 1631 assumens
1022 1575 1293 1634 hominem
1317 1622 1330 1645 ,
1362 1580 1500 1637 alter
1528 1593 1705 1639 autem
1751 1601 1901 1641 mor-

297 1661 414 1684 e_.l!-
447 1674 678 1684 --_--_-A.
710 1683 736 1684 η
852 1670 886 1684 ιι
1105 1672 1118 1684 1
1390 1676 1400 1684 .
1513 1677 1525 1684 .
1657 1679 1668 1684 -
1828 1681 1837 1684 -

2007 1597 2141 1651 rium
2167 1608 2215 1654 et
2243 1598 2509 1672 Eutychen
2540 1620 2645 1658 non
2666 1605 2892 1676 ejusdem
2920 1624 3048 1678 esse,
3082 1611 3229 1684 cujus
3256 1622 3373 1665 sum
3398 1613 3516 1669 libri
3547 1615 3612 1671 de

297 1661 416 1717 talis
443 1674 749 1737 assumptus
786 1684 816 1722 a
852 1670 991 1736 Deo;
1025 1672 1120 1728 sed
1150 1689 1287 1729 unus
1314 1676 1616 1748 uuigcnitus
1656 1679 1706 1735 in
1741 1681 1899 1749 cmlo,

295 1755 604 1828 unigenitus
636 1758 689 1814 in
714 1766 854 1816 terra
877 1761 1038 1819 Deus.

296 1888 474 1930 EADBI
510 1890 684 1931 VERBA
721 1893 790 1932 EX
841 1894 1339 1939 INTERPRETATIONE
1383 1900 1530 1941 MAR"
1563 1902 1901 1947 IERCATORIS

514 1985 649 2027 seua
676 1988 891 2029 neuneu
922 1990 1206 2045 aawzwu,
1238 1993 1360 2034 IBID.
1398 1995 1515 2036 me.
1556 1981 1681 2037 613.

292 2083 428 2143 Julii
447 2089 753 2144 sanctissimi
771 2090 997 2163 episc0pi
1014 2090 1194 2148 Romae
1213 2094 1431 2165 epistola
1447 2096 1516 2150 ad
1539 2095 1897 2153 Prosdocium.

369 2199 704 2256 Precdicatur
725 2212 904 2260 autem
934 2203 1000 2259 ad
1028 2208 1549 2264 consummationem
1581 2209 1703 2266 ﬁdei
1736 2221 1787 2266 et
1820 2212 1901 2268 in-

295 2302 548 2351 carnatus
576 2311 641 2351 ex
665 2296 870 2367 virgine
896 2296 1058 2353 Maria
1090 2300 1182 2356 Dei
1218 2301 1358 2357 filius
1396 2320 1412 2359 :
1439 2304 1526 2374 qui
1559 2303 1817 2361 habitavit
1846 2307 1898 2362 in

296 2383 629 2455 hominibus,
678 2404 786 2444 non
833 2390 884 2445 in
935 2390 1155 2449 homine
1190 2404 1477 2465 operatus;
1514 2396 1615 2452 hoc
1656 2400 1800 2453 enim
1831 2399 1899 2455 dc

296 2477 583 2550 PrOphetis
614 2491 697 2536 est
736 2490 791 2538 ct
822 2482 1120 2552 Apostolis.
1166 2484 1444 2543 Perfectus
1479 2488 1621 2545 Deus
1650 2490 1700 2545 in
1738 2507 1901 2549 carne

296 2584 353 2632 et
389 2577 550 2633 homo
580 2576 848 2648 perfectus
876 2580 928 2635 in
958 2581 1148 2650 Spiritu
1181 2598 1286 2638 non
1316 2584 1422 2639 duo
1454 2584 1571 2652 lilii,
1603 2600 1738 2641 unus
1776 2586 1899 2658 qni-

296 2668 419 2724 dem
445 2670 705 2726 naturalis
724 2670 864 2728 ﬁlius
885 2672 971 2744 qui
992 2675 1280 2747 assumpsit
1300 2676 1593 2745 hominem,
1616 2678 1751 2735 alter
1771 2696 1900 2735 vero

297 2758 460 2817 homo
479 2764 725 2820 mortalis
746 2775 1052 2837 assumptus
1082 2782 1111 2822 a
1140 2768 1278 2836 Deo;
1310 2768 1407 2827 sed
1438 2786 1574 2827 unus
1597 2771 1901 2844 unigenitus

297 2853 350 2908 iu
379 2854 539 2921 coelo,
569 2856 874 2928 unigenitus
901 2859 952 2914 in
979 2870 1117 2918 terra
1144 2861 1304 2917 Deus.

348 2985 529 3043 εᾳυει
558 2988 728 3028 VERBA
758 2989 827 3029 EX
858 2989 1120 3043 FACUNDO,
1153 2992 1256 3032 LIB.
1285 2993 1326 3046 Ι,

295 3080 431 3141 Julii
457 3087 761 3143 sanctissimi
791 3090 1017 3162 episcopi
1048 3090 1271 3147 Romani
1298 3110 1363 3149 ea:
1387 3096 1603 3167 epistola
1634 3099 1703 3153 ad
1735 3098 1896 3157 Pros-

984 3183 1207 3241 docium.

370 3271 701 3330 Praedicator
738 3292 865 3332 vero
906 3276 972 3332 ad
1004 3280 1437 3349 supplementum
1471 3281 1591 3340 ﬁdei
1631 3294 1686 3341 et
1718 3285 1897 3344 incar-

300 3373 458 3423 natus
487 3382 555 3423 εχ
589 3367 754 3424 Maria
781 3369 984 3441 virgine
1019 3370 1184 3439 ﬁlius,
1222 3384 1275 3429 ct
1303 3373 1551 3433 habitans
1584 3376 1637 3434 in
1668 3377 1901 3438 homini-

297 3462 419 3535 bus,
466 3481 570 3520 non
601 3466 651 3520 in
682 3466 899 3524 homine
926 3478 1180 3540 operatus
1206 3485 1222 3536 ;
1256 3469 1360 3527 hoc
1399 3472 1541 3528 enim
1571 3475 1622 3529 in
1656 3474 1902 3547 Prophe-

300 3558 368 3613 lis
405 3558 578 3615 fuerat
616 3568 671 3616 et
709 3561 1001 3631 Apostolis.
1044 3563 1319 3619 Perfectus
1364 3565 1501 3621 Deus
1545 3568 1597 3622 io
1647 3584 1809 3626 carne
1847 3580 1901 3626 et

298 3650 467 3707 homo
493 3652 762 3723 perlectus
788 3655 839 3708 in
864 3654 1055 3723 Spiritu
1084 3671 1189 3712 non
1222 3657 1331 3714 duo
1361 3657 1481 3725 ﬁlii,
1514 3676 1652 3717 unus
1682 3662 1898 3734 quidem

298 3746 551 3816 proprius
577 3747 714 3801 Illius
740 3761 1025 3804 assumens
1052 3749 1352 3817 hominem,
1379 3752 1518 3807 alter
1542 3765 1672 3809 vero
1700 3764 1899 3810 morta-

300 3840 368 3896 lis
392 3850 673 3912 susceptus
696 3857 726 3897 a
752 3843 890 3909 Deo;
916 3842 1009 3899 sed
1039 3860 1173 3902 unus
1197 3846 1501 3918 unigenitus
1518 3846 1570 3903 in
1594 3846 1753 3917 caelo,
1778 3847 1899 3904 uui-

296 3935 513 4006 geuitus
538 3935 685 3991 Deus
714 3935 766 3990 in
801 3946 966 3993 terra.

505 4025 823 4084 CENSURA
866 4028 1272 4087 FRAGMENTI
1311 4030 1718 4102 SEQUENTIS.

371 4119 415 4176 Ι.
463 4117 573 4174 Iloc
598 4124 941 4194 fragmentum
971 4124 1114 4178 nobis
1137 4127 1413 4180 asset-navit
1445 4124 1770 4195 Ephrtemius
1797 4131 1902 4187 An-

298 4211 564 4269 tiochenus
589 4213 730 4285 apud
755 4211 1019 4283 Photium,
1052 4216 1169 4271 cod.
1196 4215 1325 4285 229,
1361 4217 1449 4273 ubi
1474 4219 1666 4277 absona
1691 4240 1902 4294 prorsus

296 4306 516 4361 habetur
536 4311 645 4382 ejus
672 4309 1021 4380 interpretatio
1047 4310 1229 4366 latina.
1255 4310 1405 4366 Idem
1425 4315 1479 4369 in
1505 4316 1710 4389 vulgato
1736 4317 1903 4374 Leon-

2005 1691 2151 1745 sertis
2177 1700 2225 1746 et
2252 1704 2430 1748 contra
2458 1696 2667 1768 fraudes
2705 1697 3216 1770 Apollinaristarum.
3243 1702 3299 1761 Is
3320 1723 3443 1762 sane
3461 1723 3613 1764 accu-

2005 1786 2164 1838 ratior
2202 1796 2333 1853 erat,
2374 1804 2530 1859 quam
2577 1800 2631 1845 ut
2678 1794 3059 1862 auctoritatem,
3091 1796 3155 1851 tle
3192 1814 3293 1867 qua
3338 1800 3512 1857 nullus
3557 1802 3613 1859 in

2005 1875 2269 1948 Ephesina
2294 1882 2491 1952 synodo
2516 1900 2683 1941 sermo
2709 1896 2806 1950 est,
2840 1889 2911 1942 ibi
2934 1889 3188 1959 prolatam
3210 1910 3320 1948 esse
3346 1895 3610 1965 scriberet,

2006 1972 2226 2026 maxime
2247 1990 2360 2027 cum
2394 1974 2525 2030 libro
2551 1977 2616 2032 de
2652 1979 2822 2047 sectis,
2847 1989 2946 2035 act.
2972 1980 3028 2051 8,
3056 1982 3191 2039 Julii
3215 1987 3419 2042 nomine
3446 1989 3611 2045 solam

2002 2063 2056 2118 in
2080 2064 2178 2119 hoc
2198 2066 2418 2121 concilio
2442 2068 2649 2124 citatam
2675 2087 2785 2127 esse
2809 2085 3052 2131 memoret
3067 2077 3330 2149 epistolam
3352 2083 3421 2135 ad
3443 2080 3610 2137 Pros-

2004 2156 2229 2213 docium.
2256 2156 2403 2215 Idem
2423 2178 2623 2234 quoque
2644 2164 2897 2222 oculatior
2919 2177 3093 2225 eratet
3113 2174 3432 2228 secernendis
3452 2174 3612 2248 Apol-

2003 2247 2351 2306 linaristarum
2377 2255 2582 2325 scriptis
2601 2258 3041 2331 assuetior,qnam
3074 2271 3128 2316 ut
3159 2266 3495 2322 testimonimn
3522 2269 3609 2325 in-

2002 2342 2120 2413 festi
2178 2345 2399 2401 duarum
2451 2348 2645 2405 Christi
2695 2362 2998 2410 naturarum
3050 2357 3250 2425 hostis,
3300 2361 3388 2432 qui
3440 2363 3612 2420 carnis

2010 2432 2174 2492 Verbo
2217 2439 2374 2494 unita:
2411 2442 2988 2505 consubstantialitatem
3020 2466 3137 2505 cum
3166 2450 3276 2507 Deo
3304 2453 3428 2510 data
3456 2472 3612 2527 opera

2003 2543 2311 2602 prapugnat,
2357 2552 2449 2604 pro
2492 2536 2781 2595 indubitata
2820 2543 3093 2600 orthodoxi
3120 2562 3272 2618 papte
3307 2551 3612 2608 auctoritate

2003 2635 2231 2695 poneret,
2259 2630 2386 2684 adeo
2413 2640 2469 2685 ut
2488 2631 2621 2688 illud
2647 2651 2764 2691 cum
2791 2637 2909 2694 aliis
2935 2640 3237 2711 prolaturus
3256 2686 3271 2709 ,
3299 2644 3396 2701 hoc
3421 2648 3612 2719 pra’lo-

2001 2718 2090 2789 qui
2112 2736 2211 2775 non
2238 2721 2487 2778 dubitaret
2518 2741 2531 2780 :
2560 2724 2676 2781 Non
2710 2728 3059 2799 produximus
3089 2718 3461 2793 auctoritatem
3493 2754 3580 2796 am
3601 2776 3616 2788 -

2002 2811 2345 2883 biguam,ant
2371 2832 2488 2886 qua:
2512 2817 2799 2891 dupliciter
2815 2824 2982 2893 accipi
3011 2828 3195 2896 possit,
3219 2845 3318 2886 nec
3349 2830 3610 2902 ignobiles

2002 2902 2191 2960 Patres
2239 2913 2402 2963 testes
2447 2909 2783 2979 citavimus;
2828 2916 2921 2971 sed
2971 2919 3151 2990 potius
3197 2920 3527 2982 clarissimos
3555 2935 3612 2983 ct

1359 2994 1476 3034 CAP.
1510 2979 1564 3048 5,
1594 2997 1714 3040 PAG-
1746 2981 1839 3041 4ο-
1925 2987 1969 3052 C
2003 3001 2092 3073 qui
2127 3002 2794 3079 fueruutsplendidissima
2822 2979 3200 3074 orbislumina
3230 3018 3298 3074 ad
3322 2979 3608 3080 dicendum

2007 3096 2372 3155 testimonium
2421 3103 2750 3171 vocarimus,
2795 3107 3254 3182 produximusquc
3304 3115 3610 3172 testimonia

2002 3190 2440 3250 manifestissima
2489 3205 2543 3252 ct
2592 3196 2813 3255 minimc
2853 3200 3032 3258 dubia.
3075 3202 3183 3259 Sed
3223 3204 3287 3261 de
3323 3207 3614 3265 sinceritate

2004 3282 2159 3351 tituli,
2188 3302 2288 3356 quo
2319 3286 2445 3343 liber
2473 3299 2649 3345 contra
2681 3290 2977 3348 Nestorium
3012 3305 3059 3349 et
3100 3296 3365 3371 Eutychen
3395 3299 3612 3359 Leontio

2003 3379 2330 3448 adscribitur,
2356 3385 2489 3439 hanc
2508 3385 2775 3442 dubitandi
2788 3405 2995 3445 causam
3017 3396 3345 3464 proposuisse
3363 3400 3609 3469 contenti,

2003 3487 2113 3525 eam
2161 3474 2282 3528 aliis
2327 3474 2544 3542 penitius
2590 3480 2945 3537 excutiendam
2983 3485 3344 3553 permittimus.
3389 3487 3612 3548 Interim

2003 3579 2134 3635 Opus
2163 3567 2315 3634 illud,
2348 3584 2411 3623 ea:
2467 3585 2566 3641 qua
2602 3571 2885 3630 subnexum
2929 3580 3273 3650 fragmentum
3316 3581 3614 3657 decerptum

2004 3668 2099 3726 est,
2128 3660 2207 3714 uel
2235 3678 2298 3717 ex
2325 3663 2475 3719 titulo
2497 3666 2543 3720 ei
2564 3666 2726 3723 indito
2750 3670 2896 3727 nobis
2925 3682 3120 3730 constat
3140 3677 3296 3750 fuisse
3325 3679 3492 3748 putidi
3515 3682 3615 3738 ali-

2004 3751 2153 3823 cujus
2193 3751 2512 3826 Apollinaris
2559 3760 2802 3829 discipuli
2841 3762 3036 3837 (quales
3064 3778 3209 3823 eraut
3250 3768 3514 3830 Polemius
3564 3783 3613 3830 et

2007 3841 2349 3917 Timotheus),
2372 3849 2460 3919 qui
2486 3866 2690 3908 carnem
2708 3851 2898 3910 Christi
2926 3870 3038 3928 post
3058 3860 3342 3917 unitiouem
3368 3862 3479 3921 Deo
3499 3883 3616 3923 con-

2003 3938 2388 3998 substantialem
2423 3962 2532 4001 esse
2559 3950 2934 4022 contendebat;
2974 3973 3124 4026 quem
3153 3974 3377 4016 errorem
3424 3962 3615 4021 Valen-

2006 4034 2150 4091 tinus
2169 4036 2359 4109 aliique
2389 4042 2541 4096 etiam
2569 4043 2889 4114 Apollinario
2934 4048 3129 4104 addicti
3170 4052 3379 4110 assecla:
3398 4054 3616 4113 ditesta-

2004 4127 2208 4186 bantur.
2245 4132 2572 4205 Ephrtemius
2610 4139 2816 4211 quidem
2857 4142 3203 4205 Antiochenus
3250 4152 3428 4208 euhoe
3472 4158 3616 4227 frag-

2006 4236 2176 4281 mento
2202 4229 2533 4300 perspicuum
2569 4250 2677 4290 esse
2713 4246 2879 4306 putat,
2902 4244 3174 4311 quomodo
3194 4243 3252 4303 S.
3277 4244 3449 4304 Iulius
3481 4248 3616 4308 duas

2007 4325 2230 4375 naturas
2247 4318 2474 4379 fateatur
2487 4340 2501 4384 ;
2516 4324 2733 4397 indeque
2743 4341 3059 4401 compertum
3075 4334 3249 4392 haberi
3260 4337 3439 4395 debere
3449 4349 3623 4398 censet

297 4397 363 4452 tii
386 4397 515 4454 libro
536 4399 701 4470 primo
727 4409 902 4455 contra
932 4400 1231 4458 Nestorium
1254 4402 1317 4457 'et
1360 4401 1631 4478 Eutychen
1672 4410 1745 4464 ita
1787 4411 1901 4467 lau-
1929 4397 1984 4459 D
2008 4414 2240 4469 eumdem
2261 4431 2447 4486 papam
2466 4417 2521 4473 in
2540 4422 2791 4492 superiori
2810 4397 3026 4497 epistola
3042 4428 3113 4483 ad
3130 4427 3437 4504 Dionysium
3453 4450 3615 4494 unam

300 4490 457 4544 datur
487 4507 506 4545 :
535 4490 591 4548 S.
618 4490 744 4547 Julii
774 4494 1015 4566 episcopi
1045 4495 1301 4555 Romani.
1347 4497 1497 4556 Hauc
1522 4503 1900 4562 auctoritatem

2010 4518 2255 4565 naturam
2287 4526 2384 4581 pro
2413 4512 2687 4586 hypostasi
2717 4522 3014 4592 accepisse.
3046 4527 3107 4580 At
3133 4528 3414 4600 utrobique,
3440 4544 3618 4590 nostra

299 4581 536 4655 Cyrillus
559 4584 809 4654 produxit
838 4588 890 4641 in
921 4588 1126 4660 synodo
1155 4589 1445 4661 Ephesina.
1505 4592 1771 4668 Nusquam
1819 4609 1903 4653 ta-
2001 4602 2227 4674 judicio,
2249 4604 2427 4659 eadem
2448 4581 2656 4665 haeresis
2673 4627 2728 4667 se
2747 4581 2936 4684 prodit,
2960 4633 3075 4688 quin
3093 4628 3142 4675 et
3160 4581 3618 4684 unam.

300 4694 419 4732 men
452 4678 506 4732 in
541 4687 649 4734 toto
676 4676 935 4753 Ephesino
965 4683 1182 4738 concilio
1220 4696 1502 4754 comparet.
1555 4687 1734 4762 Neque
1764 4692 1902 4747 illud

301 4770 376 4826 ibi
406 4770 686 4828 Facundos
707 4773 833 4828 vidit
858 4790 877 4829 :
904 4790 1022 4830 nam
1049 4775 1167 4832 licet
1192 4777 1460 4851 Acephali,
1504 4780 1719 4838 Leontio
1760 4784 1897 4855 ipso,

2011 4703 2251 4750 naturam
2275 4707 2390 4770 post
2421 4699 2699 4757 unitiouem
2726 4708 3148 4780 comminiscitur,
3184 4722 3234 4769 et
3257 4731 3342 4771 eos
3367 4719 3620 4776 mendacii

2007 4788 2198 4860 arguit,
2229 4791 2319 4861 qui
2347 4794 2475 4850 duas
2495 4795 2729 4853 credunt.

1396 4895 1817 4957 FRAGMENTA
1864 4900 2311 4964 SCRIPTORUM
2348 4909 2521 4969 JULII

340 5005 397 5064 S.
425 5005 570 5064 iam
598 5022 831 5065 enseon
864 5008 1073 5066 Bonam
1104 5025 1155 5066 ιη
1184 5009 1436 5068 δεκιιουε
1464 5028 1531 5069 ne
1560 5011 1863 5073 Houousro.

378 5120 534 5179 Unde
564 5138 786 5180 necesse
813 5131 898 5181 est
923 5134 976 5180 et
1003 5140 1321 5196 corporeum
1340 5126 1408 5184 de
1436 5137 1549 5185 toto
1575 5137 1629 5185 et
1658 5128 1903 5189 divinum

302 5212 375 5270 de
401 5222 513 5270 toto
541 5215 664 5271 dici.
717 5216 782 5271 Et
823 5217 909 5287 qui
939 5233 1044 5272 non
1074 5227 1247 5289 potest
1270 5219 1321 5274 in
1352 5220 1513 5277 unitis
1538 5221 1912 5282 dili‘ercntibns

300 5322 634 5379 cognoscere
661 5309 788 5381 quid
813 5311 1087 5382 proprium
1118 5312 1394 5384 utriusque
1420 5314 1523 5380 sit,
1572 5316 1623 5372 in
1674 5317 1909 5377 absonas

304 5447 431 5531 clunt
458 5448 737 5531 inci-catam
767 5450 1114 5531 caelestemque
1142 5451 1330 5531 Christi
1356 5471 1595 5522 carnem,
1624 5460 1906 5531 aliquando

304 5519 483 5575 deitati
512 5522 656 5577 aiunt
686 5539 793 5577 esse
819 5519 1317 5592 consubstantialem,
1346 5543 1408 5583 ac
1438 5519 1603 5584 multa
1627 5519 1727 5585 alia
1749 5547 1899 5589 com-

304 5593 665 5666 miniscuntur
685 5594 947 5661 absurda,
972 5610 1200 5666 quorum
1229 5597 1432 5666 pudore
1462 5606 1784 5658 sententiam
1819 5605 1907 5661 vel

304 5671 539 5747 mutare,
574 5665 657 5719 vel
695 5666 916 5748 [uocibus
945 5665 1127 5736 specie
1161 5665 1442 5726 catholicis
1470 5674 1728 5748 obtegere
1758 5692 1905 5748 smpe

304 5736 479 5791 coacti
508 5736 1001 5811 sunILCathalicus
1037 5752 1214 5795 autem
1258 5756 1540 5811 personam
1578 5736 1779 5802 Christi
1810 5736 1905 5803 n'a-

308 5817 594 5880 turamque
621 5808 975 5882 distinguens,
1013 5811 1138 5868 dum
1173 5808 1277 5870 non
1314 5814 1478 5872 alium
1520 5817 1689 5875 ﬁlium
1732 5818 1906 5879 homi-

2078 5012 2261 5079 ίουὶίου
2287 5030 2546 5084 ἐπισκόπου
2574 5029 2750 5104 Ρὼμης
2776 5043 2822 5095 ἰν
2837 5052 2909 5113 τῳ
2933 5047 3052 5115 λόγῳ
3073 5069 3146 5119 τῳ
3176 5058 3283 5122 περὶ
3310 5055 3578 5121 ὁμοαυσίου.

2089 5125 2208 5193 ὅθεν
2234 5144 2285 5207 ἓξ
2304 5147 2511 5213 ἀνάγκης
2537 5151 2620 5203 καὶ
2654 5156 2712 5204 τὸ
2737 5166 3010 5224 ammentis
3030 5158 3144 5212 καθ’
3168 5162 3303 5229 ὅλου,
3326 5168 3409 5219 καὶ
3438 5176 3493 5224 τὸ
3520 5170 3621 5223 θεῖ·

2015 5237 2098 5283 κᾶν
2118 5232 2229 5284 καθ’
2251 5240 2360 5290 ὅλου
2390 5244 2624 5305 Nysaea.
2660 5246 2743 5297 uoti
2771 5246 2793 5295 ὃ
2814 5260 2885 5315 μὴ
2914 5252 3165 5320 δυνάμενος
3184 5262 3231 5311 ἓν
3250 5271 3348 5319 τοῖς
3370 5266 3623 5329 abruptius;

2016 5327 2261 5400 διαφόροις
2286 5333 2467 5385 sibimet
2497 5343 2546 5389 τί
2566 5344 2620 5391 τὸ
2649 5341 2769 5394 ἴδιον
2790 5347 3033 5416 iusti-ipso,
3058 5353 3105 5403 δν
3133 5354 3432 5421 civi-trimatum
3458 5327 3620 5428 desup-

2882 5487 3089 5557 credit,
3134 5501 3191 5547 ut
3219 5493 3392 5569 aliam
3435 5497 3621 5569 Verbi,

2014 5537 2173 5628 filiam
2206 5543 2402 5628 carnis.
2426 5549 2623 5605 sentiat
2664 5537 3411 5628 tiaturamfredtc.aflliula't

2016 5610 2252 5709 hominis
2273 5656 2299 5709 ,ι
2331 5616 2494 5673 etiam
2533 5636 2655 5708 cum
2695 5626 2746 5679 in
2783 5610 3625 5709 terrajest,‘

2012 5694 2800 5784 fitnisi-tinearnis‘aut
2827 5694 3104 5784 caelestem
3128 5746 3145 5774 ,
3178 5720 3271 5763 aut
3298 5694 3622 5784 inescatam:

2013 5758 2860 5854 degusubfstautialem
2883 5815 2898 5837 ,
2945 5758 3163 5854 sicutet

2020 5826 2179 5886 Verbi
2207 5831 2443 5908 tristitia,
2474 5835 2665 5898 dolore
2685 5856 2750 5900 ac
2780 5826 3273 5911 meite-affecla'in:
