4046 6302
534 276 642 332 967

1720 259 2035 322 SANCTUS
2072 256 2308 315 JULIUS
2348 253 2528 312 PAPA
2566 255 2606 311 I.
3692 244 3776 304 968

531 391 599 446 lis
644 405 707 446 ac
755 388 1005 461 baptismi
1053 388 1260 445 Domini
1299 387 1612 444 festivitates
1657 401 1928 458 nunquam
1958 399 1988 439 a
2023 383 2130 456 Cyv
2161 375 2210 435 Α
2241 371 2347 426 tina
2382 387 2444 426 cx
2477 368 2768 428 traditione
2793 363 3062 461 servabat-
3093 360 3432 461 τηιιίιὶοιιίςιΔ
3449 359 3599 432 huius
3629 361 3783 461 πῖοιξιῐ-

532 485 660 540 rillo
690 484 856 540 fuisse
878 495 1176 556 separatas.
1201 483 1352 553 Quod
1382 483 1594 554 probari
1631 491 1778 554 putat
1805 481 2128 536 novissimus

527 579 649 648 ejus
683 578 862 634 editor
895 578 1074 634 verbis
1101 577 1283 632 Basilii
1319 576 1677 633 Selcueiensis
1722 576 1774 630 in
1815 574 2032 629 homilia
2063 574 2130 630 de

529 669 588 727 S.
619 669 914 740 Stephano,
949 674 1000 726 in
1022 687 1136 742 'qua
1182 670 1428 725 laudatur
1457 668 1752 736 Juvenalis,
1788 685 1807 720 ι
1843 667 1984 740 quod
2015 668 2132 740 glo-

531 765 738 821 riosum
768 780 830 822 ac
860 767 1150 822 salutarem
1185 765 1393 821 Domini
1442 767 1674 821 natalem
1707 764 1985 821 celebrare
2021 779 2132 820 cae-

531 861 690 932 perit.
732 879 750 913 ι
798 860 875 916 11ιί
916 861 1057 917 enim
1102 863 1280 916 notari
1327 869 1536 927 censet,
1584 859 1777 914 natalis
1824 859 2031 913 Domini
2061 858 2134 914 25

531 953 844 1010 Decembris
869 953 956 1010 die
981 953 1289 1010 celebrandi
1323 969 1528 1010 morem
1560 953 1793 1026 primutn
1822 967 1851 1006 a
1873 951 2134 1008 Iuvenale

531 1045 586 1102 in
611 1045 1120 1118 Jerosolymitanam
1151 1047 1434 1102 ecclesiam
1466 1047 1740 1102 inductum
1771 1061 1911 1102 esse.
1955 1045 2012 1101 Si
2055 1053 2136 1101 ta-

532 1156 655 1196 men
683 1142 904 1212 antiquo
925 1141 1174 1212 scriptori
1205 1142 1418 1198 Cosmzn
1449 1141 1690 1209 nomine,
1711 1143 1798 1212 qui
1823 1140 2136 1198 Iustiniano

531 1233 830 1306 imperante
861 1235 1110 1304 florebat,
1143 1236 1300 1293 fidem
1333 1236 1622 1293 habeamus
1646 1279 1660 1304 ,
1689 1236 2135 1309 Jcrosolymitani

534 1343 742 1384 morem
779 1329 926 1385 illum
957 1329 1124 1401 ipsius
1153 1346 1291 1397 aavo,
1334 1329 1436 1386 hoc
1465 1339 1548 1387 est
1585 1331 1784 1386 saeculo
1812 1346 1866 1400 v,
1899 1330 2135 1385 nondum

537 1431 910 1494 susceperant.
937 1421 1026 1480 Sic
1055 1424 1200 1479 enim
1231 1424 1282 1478 ιιι
1308 1425 1598 1480 novissima
1619 1422 1996 1496 Cltrysostomi
2022 1423 2137 1478 edi-

536 1516 681 1572 tione
713 1525 751 1570 t.
780 1532 838 1584 ιι,
875 1533 927 1588 p.
954 1517 1078 1584 553,
1115 1517 1313 1573 citatus
1356 1518 1590 1590 loquitur
1619 1536 1632 1573 :
1667 1536 1686 1570 ι
1724 1516 1838 1573 Soli
1865 1516 2138 1589 .Ierosoly-

540 1607 728 1664 niitani
761 1625 825 1665 ex
854 1608 1162 1680 conjectura
1196 1610 1483 1681 probabili,
1514 1625 1620 1666 non
1661 1619 1837 1665 tatnen
1869 1624 1936 1664 cx
1975 1624 2136 1665 accu-

535 1715 650 1759 rata
679 1703 906 1773 ratione,
953 1705 1005 1760 in
1053 1705 1368 1777 Epiphaniis
1411 1705 1588 1759 natale
1629 1714 1816 1775 agunt.
1865 1723 1886 1758 s
1928 1703 2134 1760 Deinde

2235 481 2364 521 nere
2415 479 2536 518 cum
2592 460 2900 526 Januatins,
2953 459 3045 514 ubi
3097 458 3167 514 ab
3215 457 3505 528 Augustino
3532 455 3780 526 quaesivit:

2245 576 2262 609 4
2302 557 2413 612 Cur
2441 553 2848 610 anniversarios
2873 552 2988 607 dies
3023 548 3362 608 celebranda:
3393 547 3663 603 Dominicm
3688 564 3784 618 pas-

2233 650 2404 704 sionis
2431 665 2536 703 non
2577 648 2643 702 ad
2675 646 2925 703 eumdem
2972 645 3160 700 redeat
3188 642 3314 698 anni
3355 641 3516 705 diem,
3547 641 3670 695 sicut
3694 641 3787 694 ilics

2233 759 2337 815 qua
2384 757 2655 798 TRADITUR
2691 754 2884 807 unus,
2930 757 2950 791 ι
2985 747 3094 793 tum
3125 735 3453 808 Augustinus
3494 733 3576 788 ubi
3606 748 3789 802 respon-

2235 836 2326 891 det
2351 833 2592 908 (August.
2616 834 2762 904 epist.
2797 849 2884 886 an.
2914 831 3038 895 H9,
3067 846 3201 884 nunc
3228 829 3319 895 63,
3354 846 3406 883 ιι.
3433 827 3489 897 2)
3513 845 3527 881 :
3554 844 3573 878 ι
3603 825 3790 898 Oportet

2236 931 2452 987 noveris
2481 930 2623 985 diem
2651 928 2884 984 natalem
2916 926 3127 983 Domini
3159 943 3264 980 non
3299 928 3351 980 in
3377 933 3696 980 sacramento
3718 938 3788 978 ce-

2236 1025 2456 1091 lebrari,
2512 1022 2607 1080 sed
2654 1032 2861 1078 tantum
2919 1023 2971 1078 in
3023 1022 3338 1078 memoriam
3397 1019 3630 1076 revocari
3670 1017 3786 1088 quod

2237 1128 2394 1174 natus
2422 1117 2517 1186 sit,
2548 1131 2611 1173 ac
2653 1131 2749 1186 per
2785 1115 2889 1170 hoc
2928 1114 3002 1170 nil
3050 1130 3186 1186 opus
3211 1122 3347 1182 erat,
3389 1112 3492 1167 nisi
3532 1109 3792 1167 l'thtlttlttm

2235 1214 2362 1269 anni
2392 1213 2557 1277 diem,
2585 1227 2689 1278 ouo
2715 1225 2829 1266 [PSA
2858 1226 2955 1265 nas
2983 1225 3122 1266 seu
3147 1225 3262 1277 EST,
3293 1208 3427 1264 festa
3453 1207 3718 1264 devotione
3739 1206 3796 1259 si-

2236 1308 2413 1381 gnari.
2447 1326 2466 1360 ›
2505 1307 2677 1377 Hujus
2715 1314 2895 1361 autem
2937 1303 3240 1359 traditionis
3277 1303 3326 1357 vi
3370 1317 3582 1358 cessere
3617 1299 3796 1356 tandem

2237 1403 2548 1459 orientales.
2580 1401 2840 1468 QuocirCa
2871 1398 3290 1471 Chrysostomus
3327 1397 3505 1468 primo
3530 1409 3680 1461 anno,
3706 1411 3791 1463 quo

2242 1493 2527 1566 presbyter
2552 1503 2640 1550 est
2665 1493 3035 1563 inauguratus,
3065 1492 3308 1560 adeoque
3324 1506 3469 1545 anno
3493 1487 3678 1544 Christi
3697 1486 3797 1553 586.

2239 1589 2540 1647 Antiochia:
2584 1588 2635 1644 ιιι
2681 1585 2770 1643 die
2817 1586 2980 1643 natali
3028 1585 3239 1642 Domini
3283 1584 3594 1640 concionem
3635 1581 3801 1636 habens

2241 1701 2299 1740 tt.
2329 1683 2380 1748 1,
2411 1684 2480 1738 ita
2510 1682 2746 1752 loquitur
2778 1699 2792 1736 :
2829 1698 2848 1732 ‹
2885 1679 3135 1735 Nondum
3169 1679 3414 1734 decimus
3443 1691 3611 1732 annus
3637 1684 3723 1741 est,
3751 1688 3802 1729 es

536 1797 682 1869 quod
730 1798 797 1855 de
846 1769 1068 1855 invento
1099 1769 1329 1870 dosepbi
1371 1769 1763 1855 commentario
1801 1798 1943 1870 apud
1973 1798 2140 1854 Joan-

2245 1793 2353 1850 quo
2383 1777 2468 1832 hic
2494 1777 2611 1845 ipse
2639 1775 2756 1831 dies
2782 1773 3068 1830 manifeste
3098 1772 3253 1827 nobis
3291 1769 3541 1833 innotuit,
3579 1769 3641 1822 ab
3666 1782 3801 1821 exor-

538 1909 664 1949 nem
700 1892 982 1950 Nicaznum
1009 1893 1226 1961 dicitur,
1258 1905 1379 1966 post
1405 1892 1780 1966 Cltrysostomi
1823 1907 1983 1966 atque
2015 1910 2141 1950 mox

538 1985 665 2041 dicti
719 1984 930 2042 Cosmaa
987 1998 1230 2059 tempora
1279 1988 1637 2062 excogitatum
1684 2004 1828 2057 esse,
1883 1988 2140 2060 colligere

539 2087 623 2134 cst
648 2093 715 2135 ex
748 2078 814 2135 iis
838 2095 957 2150 quze
992 2080 1152 2136 ambo
1183 2080 1250 2136 de
1278 2081 1440 2137 natali
1475 2082 1687 2138 Domini
1713 2082 1802 2138 die
1839 2082 2136 2138 disserunt.

541 2173 647 2231 Pro
675 2184 826 2230 certo
855 2177 996 2231 enim
1021 2186 1308 2248 ponentes,
1332 2177 1579 2249 quamvis
1608 2187 1803 2248 praeter
1823 2179 2135 2246 veritatem,

540 2267 854 2324 Zachariam
893 2268 1058 2326 fuisse
1102 2285 1371 2326 summum
1415 2271 1774 2338 sacerdotem,
1813 2271 1974 2342 eique
2017 2285 2140 2326 cum

550 2361 604 2419 in
645 2372 831 2419 sancta
860 2371 1169 2420 sanctorum
1205 2363 1500 2428 introisset,
1535 2364 1786 2436 angelum
1820 2363 2034 2419 Domini
2065 2363 2145 2417 vi-

543 2473 662 2516 sum
691 2474 843 2528 esse,
874 2474 937 2514 ac
977 2457 1199 2516 Joannis
1239 2469 1416 2514 ortum
1449 2459 1824 2531 spopondisse,
1858 2457 1986 2516 hinc
2014 2473 2146 2515 con-

542 2553 695 2625 sequi
745 2561 1086 2624 putavcrunt,
1137 2561 1194 2608 ut
1242 2551 1450 2609 decima
1497 2553 1820 2625 septembris
1861 2552 1992 2620 die,
2037 2568 2143 2624 qua

544 2665 648 2705 una
698 2665 796 2722 per
841 2659 1008 2706 toturn
1052 2665 1252 2706 annum
1291 2664 1506 2705 summo
1552 2649 1820 2706 sacerdoti
1868 2651 1922 2707 in
1959 2659 2143 2708 sancta

544 2753 853 2799 sanctorum
893 2743 1103 2815 ingredi
1134 2743 1354 2811 licebat,
1381 2744 1668 2815 contigerit
1699 2743 1790 2800 illa
1823 2744 2140 2816 promissio;

550 2837 686 2895 adeo
708 2853 793 2910 iue
818 2837 1064 2894 Christus
1093 2847 1212 2909 post
1241 2853 1334 2893 sex
1364 2852 1581 2894 menses
1607 2847 1924 2908 conceptus,
1959 2853 2146 2894 mense

546 2932 856 3000 decembri,
910 2949 1016 2990 non
1071 2934 1324 3005 januario
1378 2947 1536 2991 natus
1583 2935 1674 2991 sit.
1725 2933 1879 3004 Quod
1925 2933 2146 3006 quidem

546 3028 968 3102 Chrysostontus
1010 3046 1132 3087 cum
1181 3031 1360 3088 dedita
1409 3046 1571 3104 opera
1624 3046 1686 3087 ac
1736 3030 1904 3086 multo
1957 3029 2145 3086 labore

547 3124 877 3194 persuadere
917 3123 1139 3190 nitatur,
1175 3124 1318 3180 istud
1349 3140 1456 3180 non
1487 3125 1652 3180 veluti
1691 3140 1806 3180 rem
1833 3139 1863 3178 a
1905 3123 2145 3195 .Iosepho

545 3214 658 3286 jam
691 3215 961 3285 traditam,
993 3215 1087 3271 sed
1127 3216 1290 3272 veluti
1331 3232 1527 3272 novum
1567 3224 1966 3287 argumentum,
2002 3212 2146 3285 quod

553 3312 668 3384 ipse
701 3316 905 3383 primus
945 3328 976 3368 e
1019 3312 1312 3382 Scripturis
1350 3312 1553 3380 eliciat,
1593 3310 1863 3383 proponit.
1899 3309 2148 3365 Cosmam

551 3420 786 3477 quoque,
831 3421 952 3461 cum
993 3405 1184 3462 eodem
1229 3416 1547 3476 argumento
1584 3407 1772 3472 utitur,
1812 3403 1942 3460 illud
1985 3419 2090 3458 non
2119 3417 2151 3459 e

554 3499 760 3572 pseudo
799 3498 922 3556 Julii
964 3499 1211 3572 epistola,
1241 3499 1334 3556 scd
1367 3514 1399 3556 e
1433 3498 1803 3571 Chrysostomi
1847 3498 2022 3570 potius
2049 3498 2150 3552 ho-

554 3593 700 3647 milia
723 3593 1020 3664 sumpsisse
1043 3593 1167 3649 inde
1185 3593 1529 3650 manifestqu
1555 3604 1656 3660 est,
1686 3610 1792 3649 tton
1823 3591 1982 3648 modo
2008 3589 2151 3663 quod

554 3686 760 3743 nullam
785 3685 1005 3760 Iosephi
1033 3686 1192 3744 faciat
1220 3691 1572 3755 mentionem,
1601 3687 1694 3744 sed
1721 3696 1777 3743 et
1802 3685 2154 3757 Jerosolymi-

557 3789 712 3837 tanos
740 3781 918 3838 natale
947 3780 1162 3839 Domini
1196 3782 1247 3837 in
1277 3781 1596 3854 Epipltaniis
1627 3781 1818 3854 agendi
1845 3795 1996 3837 more
2018 3795 2155 3835 non-

555 3875 682 3931 dum
714 3875 991 3934 abstitisse
1017 3876 1299 3948 conceptis
1332 3877 1508 3933 verbis
1532 3875 1727 3933 tradat.
1762 3873 1962 3948 Ignota:
1994 3873 2154 3946 igitur

555 3967 656 4040 ipsi
685 3979 838 4026 erant
857 3971 1240 4027 commentitite
1270 3972 1375 4028 illze
1396 3970 1587 4044 Cyrilli
1615 3970 1850 4043 Jnliique
1881 3969 2151 4042 epistohr,

555 4077 690 4134 quas
711 4063 914 4120 idcirco
936 4063 1334 4136 postseeculum
1362 4081 1420 4136 v,
1449 4063 1712 4122 confictas
1743 4080 1848 4121 non
1880 4064 2154 4120 immerito

555 4155 910 4226 suspicemur.

630 4248 719 4306 Vl.
750 4249 912 4317 Sane,
943 4259 999 4306 ut
1031 4260 1304 4308 taceamus
1332 4251 1628 4323 Josephnm
1661 4268 1766 4308 non
1799 4268 1921 4308 eum
1964 4250 2152 4320 fuisse,

557 4341 645 4414 qui
693 4341 1008 4399 Zachariam
1052 4344 1352 4416 simplicem
1401 4345 1739 4402 sacerdotem
1788 4363 1807 4398 ι
1860 4345 1914 4400 itt
1961 4343 2156 4401 ordine

556 4439 689 4495 vicis
736 4453 848 4494 sure
889 4457 910 4488 ι
945 4439 1247 4494 sacerdotio
1294 4441 1636 4511 fungentem,
1685 4451 1740 4497 et
1774 4458 1793 4492 ‹
1828 4448 1975 4497 sorte
2016 4459 2034 4494 ι
2070 4440 2155 4495 in-

557 4546 799 4602 gressum
832 4532 885 4588 in
927 4533 1186 4605 templum
1233 4533 1464 4600 Domini,
1512 4535 1650 4590 inter
1693 4549 1936 4591 summos
1967 4549 2152 4590 sacer-

558 4624 711 4681 dotes
740 4636 1105 4698 computaret,
1134 4628 1179 4683 si
1219 4627 1456 4701 Cyrillus
1488 4645 1678 4686 verum
1715 4629 1908 4685 natalis
1939 4627 2152 4684 Domini

557 4717 700 4774 diem
728 4719 963 4790 edoceri,
987 4737 1050 4777 ac
1076 4721 1210 4778 duas
1240 4721 1562 4780 festivitates
1593 4737 1702 4780 uno
1723 4722 1812 4780 die
1838 4721 2151 4779 celebrandi

557 4811 742 4869 labore
770 4814 932 4870 levari
957 4815 1181 4888 cupiens
1205 4817 1408 4874 Julium
1433 4817 1815 4885 consuluisset,
1845 4816 1992 4872 illius
2021 4829 2155 4872 con-

558 4907 832 4965 sultationi
863 4925 967 4966 non
997 4911 1348 4970 satisfecisset
1377 4914 1423 4972 is
1466 4929 1601 4986 papa
1640 4929 1707 4971 ex
1739 4914 1926 4986 ignoto
1967 4921 2151 4978 antea,

559 5019 662 5061 nec
686 5020 836 5061 nunc
864 5007 1034 5078 magis
1069 5018 1198 5063 noto
1227 5007 1447 5080 Josepbi
1487 5008 1899 5076 commentario,
1937 5022 2005 5064 ex
2045 5020 2154 5078 quo

558 5099 626 5156 ad
664 5116 932 5156 summum
971 5100 1088 5158 dies
1129 5117 1236 5173 quo
1263 5102 1499 5159 Joannes
1533 5105 1857 5176 promissus,
1896 5117 2005 5159 non
2044 5117 2151 5173 quo

559 5207 876 5270 conceptus,
907 5206 1000 5254 aut
1038 5213 1146 5270 quo
1181 5197 1426 5255 Christus
1453 5208 1611 5255 natus
1640 5211 1743 5270 εει,
1775 5210 1927 5257 certo
1956 5199 2151 5256 edisci-

560 5302 666 5350 tur.
701 5293 757 5351 Si
789 5309 917 5350 vero
947 5293 1320 5348 auctoritatem
1358 5293 1592 5364 aliquam
1622 5296 1862 5366 petiisset
1889 5291 2145 5367 Cyr-illus,

558 5390 612 5443 in
645 5398 891 5460 promptu
934 5397 1050 5445 erat
1076 5387 1239 5454 Julio,
1273 5395 1331 5443 ιιι
1367 5387 1783 5461 Chrysostomus
1822 5389 2149 5456 observavit,

560 5495 625 5537 ex
643 5479 899 5537 Romana:
918 5482 1066 5538 urbis
1088 5481 1307 5538 archivo
1330 5480 1574 5553 proferre
1596 5483 1916 5552 scripturam
1934 5497 2152 5547 census,

561 5574 713 5647 Cujus
739 5577 1024 5634 occasione
1053 5575 1214 5632 Maria
1255 5591 1378 5633 cum
1407 5589 1609 5647 sponso
1647 5590 1747 5632 suo
1778 5575 2054 5632 Bethleem
2095 5591 2155 5633 se

562 5671 866 5737 conferens,
900 5671 972 5726 ibi
1002 5668 1277 5727 Christum
1318 5669 1547 5744 peperit.
1582 5668 1690 5727 Sed
1719 5667 2156 5740 inquisitionibus

563 5762 649 5818 his
676 5766 897 5833 relictis,
922 5766 1157 5824 dubitari
1189 5768 1278 5822 vix
1316 5775 1495 5840 potest
1523 5767 1650 5839 quin
1682 5765 1860 5838 potius
1889 5772 2077 5821 auctor
2105 5765 2155 5822 ei

563 5857 772 5930 fuisset,
802 5871 858 5917 ut
884 5877 1087 5922 morem
1118 5873 1453 5935 sequeretur,
1482 5877 1643 5936 quem
1677 5871 1783 5921 tota
1807 5861 2047 5922 Ecclesia
2075 5861 2156 5919 1a-

2246 1872 2334 1928 dio
2360 1871 2424 1926 iis
2447 1869 2617 1942 quiin
2649 1868 2942 1926 Occidente
2971 1867 3215 1923 habitant
3241 1867 3543 1937 cognitus.»
3577 1862 3637 1918 Et
3661 1878 3708 1916 ιι.
3746 1861 3799 1914 9.:

2255 1985 2274 2020 ι
2311 1965 2538 2021 Romani
2562 1963 2733 2019 multo
2761 1971 2885 2018 ante
2914 1975 2967 2018 et
2993 1978 3065 2018 ex
3090 1976 3321 2026 annona
3334 1957 3801 2028 rnanrrtossipsum

2245 2061 2603 2127 celebrantes,
2634 2057 2702 2114 ad
2733 2075 2831 2114 nos
2864 2073 3033 2129 usque
3073 2056 3320 2112 notitiam
3353 2055 3502 2110 illius
3531 2052 3804 2108 transmise-

2253 2164 2401 2213 runt.
2445 2175 2464 2209 ι
2504 2153 2660 2211 Unde
2688 2153 2991 2220 conficitur,
3023 2161 3079 2206 ut
3119 2149 3458 2206 Antiochcna
3501 2146 3709 2203 ecclesia
3733 2159 3803 2198 na-

2248 2252 2354 2308 tale
2385 2249 2598 2307 Domini
2625 2249 2698 2306 25
2728 2247 3032 2304 decembris
3059 2246 3146 2301 die
3171 2244 3452 2300 celebrare
3481 2250 3672 2298 tantum
3694 2252 3805 2294 anno

2247 2345 2374 2413 576,
2432 2354 2526 2399 aut
2573 2343 2702 2410 577,
2752 2339 2998 2412 εωρειιίι.
3053 2337 3180 2394 Item
3234 2354 3302 2392 ex
3355 2336 3632 2402 concione,
3679 2347 3804 2404 quant

2248 2437 2590 2495 Alexandriae
2629 2435 2828 2491 Paulus
2860 2433 3161 2489 Emesenus
3190 2430 3484 2502 episc0pus
3522 2427 3592 2483 ‘25
3623 2427 3804 2482 decem-

2249 2531 2359 2587 bris
2387 2530 2474 2588 die
2503 2529 2628 2585 anni
2648 2527 2777 2596 452,
2809 2526 3013 2590 habuit,
3045 2539 3251 2580 morem
3279 2522 3532 2579 cumdetn
3568 2521 3621 2576 in
3645 2519 3722 2574 illa
3743 2518 3804 2572 ci-

2250 2629 2414 2682 vitate
2453 2636 2562 2680 tum
2617 2633 2893 2694 receptum
2945 2621 3111 2676 fuisse
3165 2619 3356 2691 liquet.
3398 2616 3681 2689 Gregorius
3708 2627 3807 2669 vero

2248 2717 2525 2792 Nyssenus
2554 2717 2740 2772 bomil.
2764 2715 2832 2772 de
2862 2714 2984 2770 Nat.
3012 2714 3160 2769 Dom.
3187 2712 3262 2767 ait
3287 2729 3300 2766 :
3330 2730 3350 2765 ‹
3378 2711 3536 2767 Nunc
3561 2725 3649 2782 per
3671 2716 3806 2763 totum

2249 2814 2437 2870 orbem
2489 2811 2785 2868 habitatum
2843 2809 2985 2864 diem
3044 2808 3240 2864 festum
3287 2827 3306 2860 ι
3351 2806 3572 2876 (natalis
3616 2799 3807 2873 Domini)

2256 2926 2274 2961 ι
2312 2906 2703 2963 celebrantium
2733 2919 2962 2962 concors
2991 2919 3157 2958 sonus
3187 2901 3424 2958 auditur.
3471 2921 3490 2955 ι
3528 2900 3622 2957 Cui
3665 2901 3807 2953 favere

2252 3001 2463 3057 videtur
2489 3009 2544 3056 et
2573 2996 2996 3070 Chrysostomus
3037 2996 3089 3050 in
3130 2993 3352 3051 homilia
3383 2993 3614 3050 laudata.
3645 2992 3808 3063 Grego-

2252 3098 2315 3154 rii
2348 3111 2562 3169 quoque
2594 3095 2915 3152 Nazianzcni
2939 3094 3237 3150 orationem
3261 3094 3329 3150 58
3372 3093 3630 3149 habemus
3651 3089 3708 3144 de
3729 3085 3808 3141 Na-

2173 3179 2219 3243 C
2254 3190 2460 3246 tivitate
2520 3189 2728 3245 Domini
2789 3187 3260 3258 Constantinopoli
3314 3185 3553 3252 editam,
3599 3196 3692 3254 qua
3732 3179 3810 3235 hoc

2257 3281 2450 3338 festum
2480 3283 2532 3337 in
2563 3282 2653 3337 illa
2689 3281 2822 3337 urbe
2849 3281 2923 3337 25
2950 3278 3256 3335 decembris
3281 3277 3368 3334 die
3404 3286 3587 3332 actum
3611 3289 3717 3330 esse
3737 3286 3810 3324 no-

2255 3377 2338 3432 bis
2371 3375 2744 3446 persuadetur.
2775 3375 2934 3431 Certe
2964 3372 3064 3429 sub
3085 3373 3203 3443 ejus
3232 3371 3390 3428 finem
3421 3371 3495 3426 de
3516 3380 3630 3425 ortu
3651 3361 3808 3423 Christi

2256 3469 2604 3541 pr.elocutus,
2637 3467 2819 3524 subdit
2849 3483 2862 3521 :
2904 3484 2922 3517 ι
2958 3464 3036 3521 Ac
3067 3465 3284 3535 quidem
3332 3464 3495 3535 paulo
3533 3472 3645 3534 post
3678 3456 3810 3514 etle-

2255 3577 2373 3618 sum
2402 3560 2719 3634 purgatione
2751 3574 2870 3616 mea
2897 3559 2951 3615 in
2978 3558 3213 3614 Jordane
3243 3555 3458 3630 purgari
3489 3552 3724 3612 videbis:

2499 3717 2825 3777 DECltETA
2871 3717 3042 3776 JULlI
3081 3715 3285 3774 PAPA'S
3325 3717 3345 3773 Ι
3391 3714 3620 3772 ΒΕΟΕΜ

2641 3871 2811 3913 ιυχτΑ
2835 3869 3144 3914 ϐΒΔΤΙΔΝυΜ
3173 3869 3240 3908 ΕΤ
3267 3867 3495 3908 IVONEI.

2876 3984 2881 3988 ’
2920 3990 3209 4048 PRIMUM.

2257 4097 2432 4171 Turpe
2454 4097 2657 4154 lucrum
2679 4096 2907 4170 sequitur
2933 4096 3019 4166 qui
3040 4098 3210 4150 minus
3240 4092 3358 4149 emit
3402 4101 3458 4149 ut
3484 4094 3597 4165 plus
3623 4088 3804 4151 vendat,

2793 4190 2872 4246 vel
2896 4187 3020 4261 quid
3047 4189 3112 4243 sit
3140 4204 3318 4244 usura.

2329 4307 2662 4378 Quicumque
2693 4314 2936 4376 tempore
2976 4303 3170 4359 messis
3189 4301 3276 4360 vel
3304 4300 3588 4357 vindemiae
3617 4313 3707 4354 non
3734 4308 3806 4349 ue-

2258 4402 2508 4459 cessitate
2523 4443 2538 4469 ,
2562 4400 2657 4457 sed
2678 4408 2900 4472 propter
2920 4397 3270 4469 cupiditatem
3296 4407 3570 4468 comparat
3587 4400 3804 4448 annonam

2259 4497 2342 4554 vel
2369 4497 2552 4553 vinum
2577 4538 2592 4563 ,
2620 4495 2770 4551 verbi
2797 4495 2967 4566 gratia
2993 4535 3009 4561 ,
3039 4491 3108 4549 de
3147 4491 3358 4547 duobus
3383 4491 3612 4546 nummis
3633 4495 3805 4554 compa-

2180 4595 2233 4656 D
2258 4603 2342 4649 rat
2374 4590 2611 4647 modium
2640 4604 2805 4645 unum
2825 4629 2841 4657 ,
2871 4597 2926 4644 ct
2952 4596 3134 4644 servat
3175 4585 3476 4658 usquedum
3504 4579 3805 4640 vennmdetur

2256 4684 2492 4743 denariis
2513 4692 2742 4756 quatuor
2761 4691 2856 4739 aut
2879 4696 2972 4738 sex
3003 4723 3019 4750 ,
3051 4691 3144 4735 aut
3165 4679 3394 4751 ampiius
3419 4719 3435 4748 ,
3467 4677 3567 4733 hoc
3595 4686 3726 4743 turpe
3746 4667 3805 4723 ιυ-

2256 4795 2406 4837 crum
2437 4777 2686 4835 dicimus.

2861 4863 3251 4926 SECUNDUM.

2333 4987 2471 5044 Reus
2501 4995 2572 5042 est
2613 4987 2902 5042 animarum
2941 4983 3222 5058 presbyter,
3249 4983 3340 5054 qui
3368 4979 3695 5054 ptenitentiam
3723 4987 3804 5026 mo-

2274 5063 2286 5070 ”
2808 5081 3054 5136 rientibus
3083 5078 3320 5151 abnegat.

2329 5202 2388 5259 Si
2411 5201 2694 5274 presbyter
2716 5199 3087 5271 paenitentiam
3107 5195 3460 5253 morientibus
3477 5187 3798 5263 abnegarcril.

2258 5313 2386 5354 reus
2412 5297 2516 5353 erit
2541 5296 2864 5358 animarum,
2896 5295 3018 5365 quia
3053 5292 3311 5349 Dominus
3337 5291 3500 5348 dicit:
3528 5289 3801 5356 Quacumque

2262 5393 2345 5448 die
2374 5408 2645 5447 conversus
2668 5389 2819 5464 fuerit
2847 5396 3080 5460 peccator
3106 5386 3175 5441 ad
3192 5386 3552 5458 pwnitentiam,
3581 5383 3671 5435 vita
3690 5374 3796 5432 viret.

2263 5497 2310 5545 et
2333 5503 2433 5541 non
2459 5485 2700 5539 morietur
2727 5481 2944 5555 (Ezeclt.
2972 5482 3069 5549 18;
3095 5479 3224 5534 Luc.
3254 5477 3368 5552 25).
3391 5477 3526 5535 Vera
3547 5474 3674 5531 enim
3699 5480 3797 5521 cor:-

2261 5579 2428 5636 feSsio
2459 5577 2650 5634 ultimo
2673 5584 2916 5645 tempore
2936 5589 3058 5630 esse
3088 5583 3296 5644 potest,
3321 5572 3443 5643 quia
3469 5566 3698 5624 Dominus
3717 5569 3794 5613 twn

2260 5673 2436 5730 solum
2461 5669 2718 5741 temporis
2735 5711 2751 5736 ,
2784 5667 2878 5725 sed
2895 5668 3056 5724 etiam
3079 5665 3260 5722 cordis
3286 5667 3554 5735 inspector
3573 5666 3645 5716 est
3661 5673 3672 5707 :
3691 5651 3794 5708 sicut

2262 5768 2402 5822 latro
2425 5806 2442 5834 ,
2482 5765 2642 5820 unius
2658 5762 2912 5820 momenti
2937 5760 3248 5833 poenitentia
3281 5801 3295 5825 ,
3328 5750 3700 5816 meruitesseiu
3725 5757 3792 5814 Ρθ·

2263 5857 2444 5917 radiso
2468 5858 2523 5916 in
2545 5855 2678 5916 hora
2702 5855 2905 5914 ultima:
2939 5851 3315 5912 confessionis.

3798 5957 3833 5993 ,λ
