4046 6302
319 244 427 306 aut)

965 357 1297 416 TERTIUM.

328 451 456 507 Post
508 461 720 508 ntortent
764 453 982 525 alicujus
1011 453 1185 509 nullus
1229 454 1292 508 de
1320 455 1434 527 ejus
1481 457 1922 528 consanguinitate

870 566 1110 621 sponsam
1136 551 1376 622 accipiat.

400 640 458 698 Si
487 640 608 712 quis
632 640 1043 712 desponsaverit
1073 660 1300 700 uxorem
1321 687 1336 711 ,
1390 646 1473 702 vel
1502 647 1874 703 subarraverit
1904 687 1920 713 ,

1550 246 1873 307 DEGIUSTA
1909 247 2079 306 JULll
2120 246 2324 308 ΡΜ)ῆῦ
2366 248 2406 308 l.

3513 261 3619 321 990

1944 370 1998 431 Α
2025 372 2267 435 tempore
2293 363 2539 420 sacriﬁcii
2568 371 2772 434 partem
2801 363 2919 438 ejus
2942 380 3076 438 aqua
3109 367 3288 427 lavare
3308 413 3323 436 ,
3355 381 3408 428 et
3435 372 3513 429 sic
3539 373 3622 429 of-

2025 457 2162 514 ferre
2187 474 2200 524 ;
2253 459 2394 530 quod
2425 475 2585 530 quam
2607 459 2677 515 sit
2705 461 3028 533 evangelica:
3068 471 3122 518 et
3150 465 3462 534 apostolica:
3489 466 3620 523 doc-

2027 555 2180 610 trina:
2237 556 2566 611 contrarium
2592 597 2606 622 ,
2630 567 2684 611 ct
2707 556 3082 613 consuetudini
3113 559 3493 616 ecclesiastica:
3523 561 3620 616 ad-

2025 663 2239 704 versum
2262 690 2276 714 ,
2299 663 2404 703 non
2427 647 2648 705 difficile
2677 651 2746 705 ab
2767 651 2884 720 ipso
2908 650 3053 706 fonte
3073 652 3313 708 veritatis
3341 653 3621 722 probatur,

327 743 383 790 et
407 731 522 790 sive
542 733 902 805 prteveniente
923 733 1011 791 die
1041 737 1264 802 mortis,
1297 737 1414 793 sive
1448 738 1778 795 irruentibus
1802 739 1925 796 aliis
2024 756 2056 796 a
2087 756 2192 811 quo
2212 740 2457 796 ordinata
2486 741 2602 812 ipsa
2629 753 3090 798 sacramentorum
3119 743 3370 815 mysteria
3402 761 3623 816 proces-

329 828 506 884 causis
529 868 545 891 .
592 826 813 884 minime
840 843 959 884 eam
985 830 1340 900 cognoverit,
1374 846 1548 902 neque
1593 832 1712 902 ejus
1731 848 1924 902 super-

326 932 438 979 stes
475 922 641 978 frater
670 959 687 989 ,
737 938 912 994 neque
958 923 1098 980 nllus
1142 924 1211 980 de
1257 926 1721 996 consanguinitate
1767 926 1925 998 ejus,

329 1015 576 1073 eamdem
607 1014 709 1072 sibi
734 1016 888 1072 tollat
913 1016 966 1071 in
1004 1032 1226 1073 uxorem
1259 1016 1370 1072 ullo
1393 1033 1627 1089 unquam
1661 1029 1923 1090 tempore.

961 1109 1315 1180 QUARTUM.

620 1204 760 1260 Licet
788 1219 930 1259 servo
956 1204 1282 1258 matrimonia
1308 1204 1610 1259 contrahere

399 1297 664 1355 Omnibus
720 1298 874 1354 nobis
913 1312 1050 1353 unus
1087 1306 1171 1352 est
1215 1295 1373 1353 Pater
1429 1299 1481 1353 in
1525 1297 1680 1353 caelis
1713 1296 1928 1370 (Matth.

327 1409 455 1450 χλιιι
481 1394 502 1465 )
531 1402 588 1449 et
614 1392 978 1465 unusquisque
1003 1391 1152 1446 dives
1184 1405 1407 1462 pauper,
1431 1405 1641 1456 servus,
1674 1398 1729 1445 et
1753 1391 1890 1447 liber
1913 1432 1928 1458 ,

328 1488 607 1557 atqualiter
637 1503 733 1559 pro
757 1501 838 1554 se,
887 1497 940 1542 et
969 1501 1067 1557 pro
1111 1483 1390 1540 animabus
1437 1499 1623 1540 eorum
1663 1484 1930 1540 rationem

336 1581 598 1639 reddituri
655 1597 858 1637 sumus.
929 1580 1268 1651 Quapropter
1315 1593 1506 1635 omnes
1548 1577 1934 1650 cujuscumque

327 1677 652 1734 conditionis
706 1677 837 1746 sint,
873 1692 1030 1732 unam
1081 1673 1276 1748 legem(
1297 1685 1554 1745 quantum
1611 1675 1842 1746 pertinet
1865 1673 1933 1729 ad

2027 845 2234 890 serunt.
2287 833 2423 891 Cum
2455 837 2598 891 enim
2639 838 2895 908 magister
2922 837 3164 893 veritatis
3203 855 3387 894 verum
3435 841 3625 896 salutis

2027 937 2229 984 nostra:
2283 928 2608 984 sacriﬁcium
2659 931 2771 985 suis
2823 931 3233 986 commendaret
3293 930 3572 1001 discipulis
3605 973 3621 998 ,

2030 1021 2157 1076 nulli
2189 1021 2268 1076 lac
2293 1020 2388 1096 (al.
2425 1037 2528 1077 non
2555 1023 2704 1094 illis),
2740 1023 2833 1078 sed
2856 1039 3046 1094 panem
3077 1033 3280 1078 tantum
3312 1033 3366 1080 et
3399 1025 3622 1081 calicem

2028 1113 2129 1168 sub
2173 1113 2274 1169 hoc
2319 1123 2656 1168 sacramento
2709 1115 3085 1186 cognoscimus
3134 1114 3366 1171 dedisse.
3405 1117 3626 1186 Legitur

2032 1207 2174 1263 enim
2204 1207 2257 1262 in
2301 1207 2613 1278 evangelica
2643 1208 2872 1263 veritate
2897 1226 2911 1262 :
2949 1209 3155 1280 Accepit
3181 1207 3336 1264 Iesus
3367 1227 3548 1280 panem
3577 1219 3626 1264 et

2031 1301 2244 1356 calicem
2276 1344 2291 1368 ,
2323 1312 2368 1357 et
2401 1303 2698 1357 benedicens
2745 1303 2884 1357 dedit
2929 1303 3195 1374 discipulis
3243 1304 3351 1359 suis
3407 1303 3622 1376 (Matth.

2032 1394 2188 1468 xxvi)
2201 1437 2212 1449 .
2227 1394 2416 1452 Cesset
2442 1412 2569 1468 ergo
2586 1397 2667 1452 lac
2685 1396 3038 1453 sacriﬁcando
3059 1398 3152 1470 (al.
3171 1398 3222 1453 in
3242 1399 3532 1472 sacriﬁcio)
3549 1400 3628 1454 of-

2034 1488 2186 1544 ferri.
2215 1489 2336 1561 quia
2365 1491 2708 1547 manifestum
2729 1499 2784 1548 et
2810 1491 3032 1548 evidens
3051 1493 3358 1564 exemplum
3389 1496 3628 1551 veritatis

2032 1581 2356 1652 evangelicae
2379 1581 2580 1649 illuxit,
2606 1583 2749 1653 quod
2774 1594 2970 1654 praeter
2996 1599 3186 1654 panem
3205 1585 3450 1642 etvinum
3480 1587 3626 1643 aliud

2037 1672 2221 1729 offerri
2253 1690 2358 1729 non
2392 1674 2569 1730 liceat.
2602 1675 2738 1731 lllud
2767 1691 2897 1733 vero
2917 1720 2933 1744 ,
2962 1677 3109 1748 quod
3140 1695 3235 1749 pro
3264 1681 3631 1749 complemen-

329 1771 545 1844 Deum)
603 1771 800 1828 habere
855 1785 958 1826 non
1035 1769 1359 1824 dubitamus.
1407 1769 1466 1825 Si
1513 1777 1691 1825 autem
1739 1783 1930 1824 omnes
1961 1769 2010 1830 B
2038 1775 2093 1820 to
2119 1767 2515 1823 communionis
2546 1768 2823 1825 intinctam
2886 1770 3098 1826 tradunt
3127 1772 3506 1829 eucharistiam
3536 1789 3632 1845 po-

327 1881 486 1921 unam
518 1866 687 1938 legem
721 1863 936 1931 habent,
969 1877 1098 1935 ergo
1138 1864 1276 1917 sicut
1312 1861 1574 1932 ingenuus
1597 1861 1795 1917 dimitti
1819 1875 1925 1917 non

326 1972 503 2035 potest
531 2004 546 2030 ,
577 1962 655 2018 sic
676 1976 775 2017 nec
793 1974 988 2016 servus
1017 1957 1184 2015 semel
1211 1956 1464 2028 conjugio
1483 1957 1766 2028 copulatus
1789 1957 1924 2012 ulte-

324 2059 440 2115 rius
463 2056 660 2114 dimitti
688 2055 908 2129 poterit.

964 2149 1291 2218 QUINTUM.

334 2243 418 2301 Ea:
462 2245 840 2318 prapinquitate
863 2245 945 2300 sui
991 2243 1255 2315 sanguinis
1306 2243 1385 2298 vel
1422 2240 1600 2298 uxoris
1634 2282 1650 2308 ,
1692 2254 1851 2311 usque
1875 2237 1930 2292 in

547 2342 822 2410 septimum
848 2337 1066 2410 gradum
1085 2379 1099 2404 ,
1133 2336 1310 2392 nullus
1337 2336 1490 2390 durat
1519 2349 1749 2389 uxorem.

408 2432 622 2490 Nullum
647 2433 698 2488 in
725 2443 949 2500 utroque
971 2447 1104 2487 sexu
1129 2429 1492 2501 permittimus
1518 2443 1585 2484 ex
1609 2424 1923 2497 pr0pinqui-

335 2535 446 2582 tate
469 2525 554 2582 sui
567 2525 843 2596 sanguinis
866 2524 947 2580 vel
987 2523 1194 2587 uxoris,
1219 2537 1390 2593 usque
1410 2521 1698 2591 septimum
1720 2518 1933 2590 generis

333 2619 592 2691 gradum,
618 2634 840 2676 uxorem
869 2618 1069 2674 ducere
1095 2617 1180 2672 vel
1206 2615 1396 2672 incesti
1428 2613 1637 2670 macula
1666 2611 1932 2682 copulari.

335 2716 604 2772 Praeterea
633 2729 847 2786 quoque
867 2710 999 2768 illud
1021 2709 1316 2782 adjecimus
1335 2750 1350 2775 ,
1385 2707 1637 2780 quoniam
1659 2705 1798 2760 sicut
1826 2718 1934 2759 non

333 2807 460 2865 licet
477 2807 722 2878 cuiquam
761 2804 1068 2862 Christiano
1086 2803 1152 2859 de
1183 2817 1279 2858 sua
1308 2797 1775 2871 consanguinitate
1801 2837 1816 2862 ,
1857 2796 1936 2851 sic

332 2901 496 2958 etiam
522 2915 622 2957 nec
650 2899 776 2956 licet
800 2901 871 2956 de
897 2897 1365 2969 consanguinitate
1396 2895 1580 2951 uxoris
1604 2908 1718 2950 sua:
1745 2890 1935 2963 conju-

333 3011 454 3068 gem
472 2995 673 3053 ducere
704 3002 923 3068 propter
947 2992 1126 3050 carnis
1142 2991 1424 3047 unitatem.

993 3083 1298 3142 SEXTUM.

2030 1850 2193 1931 pulis,
2217 1876 2316 1917 nec
2336 1860 2438 1916 hoc
2454 1862 2719 1933 prolatum
2751 1879 2816 1920 ex
2841 1864 3135 1936 Evangelio
3153 1868 3516 1922 testimonium
3543 1883 3632 1924 re-

2030 1964 2330 2026 ceperunt,
2381 1956 2469 2011 ubi
2501 1956 2762 2026 apostolis
2802 1972 2996 2029 corpus
3027 1973 3182 2014 suum
3237 1961 3636 2016 commendavit

2030 2055 2087 2102 et
2106 2048 2442 2120 sanguinem.
2472 2047 2730 2106 Seorsum
2758 2051 2903 2106 enim
2937 2051 3090 2122 panis
3122 2093 3138 2118 ,
3191 2061 3248 2108 et
3268 2069 3513 2110 seorsum
3543 2070 3636 2111 ca-

2031 2139 2150 2196 licis
2175 2143 2576 2198 commendatio
2589 2153 2938 2200 memoratur.
2961 2145 3094 2201 Nam
3124 2147 3407 2203 intinctum
3437 2164 3631 2219 panem

2031 2232 2154 2288 aliis
2183 2233 2460 2291 Christum
2521 2237 2816 2304 praebuisse
2868 2253 2975 2293 non
3006 2238 3261 2311 legimus,
3323 2251 3518 2312 cxcpto
3545 2241 3638 2297 illo

2035 2334 2241 2382 tantum
2287 2327 2555 2399 discipulo
2591 2373 2604 2396 ,
2650 2346 2810 2402 quem
2860 2331 3084 2388 iutineta
3111 2333 3350 2390 buccella
3392 2335 3634 2402 magistri

2035 2418 2365 2490 proditorem
2417 2422 2771 2490 ostenderet,
2821 2439 2925 2478 non
2977 2441 3096 2496 quae
3124 2428 3446 2484 sacramenti
3475 2426 3635 2500 hujus

2036 2511 2426 2570 institutionem
2457 2515 2713 2586 signaret.
2741 2515 2870 2571 Nam
2899 2518 3041 2588 quod
3073 2519 3140 2574 de
3169 2535 3428 2591 expresso
3457 2523 3635 2590 botro,

2035 2605 2088 2660 id
2118 2617 2240 2674 est,
2291 2607 2358 2663 de
2404 2625 2626 2664 uvarum
2666 2612 2846 2680 granis
2898 2613 3108 2684 populis
3160 2617 3634 2688 communicatur,

2035 2697 2190 2755 valde
2201 2701 2519 2757 estonmino
2532 2704 2810 2759 confusum
2832 2720 2847 2771 ;
2870 2705 2986 2774 sed,
3008 2705 3054 2761 si
3082 2722 3302 2764 necesse
3329 2710 3418 2777 sit,
3444 2712 3631 2768 botrus

2037 2790 2092 2847 iu
2116 2791 2286 2848 calice
2312 2795 2727 2866 comprimatur,
2777 2806 2832 2853 et
2859 2813 2994 2869 aqua
3021 2801 3314 2858 misceatur
3346 2821 3360 2858 :
3391 2804 3515 2875 quia
3546 2821 3636 2862 ca-

2038 2885 2112 2941 lix
2134 2886 2432 2943 dominicus
2457 2889 2610 2958 juxta
2631 2905 2897 2948 canonum
2928 2905 3223 2966 praecepta,
3256 2896 3383 2952 vino
3418 2908 3475 2954 et
3498 2913 3637 2971 aqua

2038 2983 2338 3054 permixtus
2361 2983 2525 3040 debet
2551 2983 2740 3041 offerri
2772 3026 2788 3054 ,
2846 2988 2969 3058 quia
2999 2988 3244 3045 videmus
3294 2993 3551 3064 populum
3580 2993 3636 3049 in

2038 3090 2176 3146 aqua
2207 3077 2456 3149 intelligi,
2477 3077 2528 3133 in
2557 3078 2684 3135 vino
2702 3093 2830 3135 vero
2849 3081 3390 3154 ostendisanguinem
3413 3084 3635 3142 Christi.

408 3181 645 3239 Ecclesia
683 3180 837 3239 semel
882 3178 995 3236 Deo
1023 3184 1318 3234 consecrata
1337 3173 1542 3248 quando
1585 3181 1659 3228 est
1679 3173 1862 3228 iterum
1960 3161 2005 3225 C
2038 3168 2180 3241 Ergo
2209 3185 2331 3226 cum
2361 3171 2416 3227 iu
2447 3172 2615 3230 calice
2635 3173 2760 3229 vino
2787 3190 2923 3246 aqua
2955 3177 3245 3246 miscetur,
3307 3177 3521 3236 Christo
3543 3196 3641 3252 po-

949 3273 1316 3332 consecranda.

407 3375 484 3431 De
511 3373 712 3430 fabrica
736 3386 870 3429 vero
894 3370 1182 3442 cujuslibet
1206 3367 1452 3425 ecclesiae
1481 3407 1498 3434 ,
1546 3365 1592 3421 si
1622 3364 1793 3420 diruta
1821 3361 1937 3419 fue-

338 3470 446 3537 rit,
477 3466 825 3522 instauranda
845 3507 862 3532 ,
892 3475 947 3520 et
973 3465 1017 3520 si
1046 3463 1100 3519 in
1126 3479 1192 3519 eo
1224 3461 1345 3518 loco
1385 3456 1806 3516 consecrationis
1847 3471 1937 3514 so-

336 3560 594 3618 lemnitas
613 3558 808 3615 debeat
823 3556 1032 3624 iterari,
1053 3556 1106 3611 in
1131 3539 1237 3626 quo
1260 3549 1564 3608 sanctuaria
1586 3565 1690 3606 non
1712 3547 1932 3614 fuerint,

337 3654 475 3712 nihil
499 3653 807 3725 iudicamus
839 3650 1057 3706 officere
1077 3690 1092 3718 ,
1118 3647 1164 3703 si
1188 3663 1281 3719 per
1309 3661 1428 3702 eam
1460 3644 1682 3699 minime
1704 3641 1937 3714 jactetur

342 3765 484 3819 aqua
536 3747 841 3803 exorcizata
871 3785 888 3810 ,
943 3743 1065 3814 quia
1095 3743 1148 3798 in
1197 3737 1606 3796 consecratione
1651 3733 1938 3806 cujuslibet

333 3842 578 3900 ecclesia:
597 3882 613 3908 ,
638 3843 690 3896 in
712 3855 813 3910 qua
842 3836 1070 3909 Spiritus
1092 3833 1263 3892 sancti
1287 3848 1409 3892 arra
1431 3847 1537 3886 non
1567 3828 1783 3901 ponitur
1803 3868 1817 3893 ,
1842 3841 1933 3883 ce-

336 3936 641 3994 lebritatem
700 3934 901 3988 scimus
929 3940 1133 3986 tantum
1162 3943 1286 3984 esse
1324 3926 1634 3981 missarum.
1690 3921 1757 3977 Et
1778 3920 1932 3988 ideo,

336 4031 383 4086 si
408 4045 510 4102 qua
538 4038 846 4086 sanctorum
891 4025 1112 4082 basilica
1138 4039 1169 4079 a
1194 4020 1557 4079 fundamentis
1597 4018 1758 4075 fuerit
1783 4018 1936 4073 inno-

336 4133 460 4180 vata
482 4124 600 4180 sine
644 4122 830 4178 altaris
877 4120 1152 4186 motione,
1199 4116 1318 4172 sine
1344 4114 1522 4186 aliqua
1558 4111 1893 4169 dubitatione
1915 4150 1933 4178 ,

336 4234 459 4274 eum
490 4216 544 4272 in
575 4231 636 4272 ea
656 4214 818 4271 fuerit
841 4213 1126 4270 missarum
1153 4209 1472 4268 solemnitas
1502 4206 1767 4263 celebrata
1789 4247 1805 4272 ,
1855 4213 1936 4262 to-

340 4312 446 4368 tius
498 4308 839 4368 consecratio
863 4304 1307 4364 sanctiﬁcationis
1343 4301 1674 4374 implebitur.
1723 4299 1779 4356 Si
1807 4313 1936 4356 vero

337 4406 641 4464 sanctuaria
665 4419 784 4473 qua:
812 4402 1081 4459 habebant
1109 4399 1284 4456 ablata
1315 4407 1442 4453 sunt
1475 4438 1491 4464 ,
1535 4411 1724 4452 rursus
1746 4409 1933 4452 eorum

341 4499 685 4570 depositione
709 4537 726 4564 ,
759 4505 815 4553 et
843 4497 1130 4552 missarum
1157 4491 1501 4550 solemnitate
1522 4532 1537 4560 ,
1576 4489 1934 4547 reverentiam

340 4590 784 4650 sanctiﬁcationis
811 4589 1061 4660 accipiat.

949 4678 1322 4738 SEPTIMUM.

583 4779 660 4836 De
698 4778 776 4833 Itis
793 4777 879 4848 qui
909 4773 1247 4845 sacriﬁcando
1277 4772 1414 4827 varie
1438 4769 1696 4827 errabant.

410 4875 547 4932 Cum
569 4890 731 4932 omne
760 4874 964 4930 crimen
988 4879 1149 4941 atque
1183 4878 1457 4940 peccatum
1485 4866 1680 4923 oblatis
1711 4864 1820 4919 Deo
1844 4877 1924 4919 sa-

337 4970 556 5028 criﬁciis
583 4969 848 5032 deleatur,
868 4965 994 5037 quid
1015 4964 1085 5020 de
1112 4974 1312 5020 ctetero
1332 4977 1431 5034 pro
1452 4960 1758 5031 expiatione
1773 4958 1937 5016 delic-

339 5074 521 5121 torum
547 5061 770 5118 Domino
797 5060 1011 5116 dabitur
1037 5099 1052 5124 ,
1089 5057 1304 5128 quando
1337 5056 1390 5111 in
1421 5055 1536 5127 ipsa
1564 5053 1811 5110 sacrificii
1834 5052 1933 5108 ob-

339 5156 545 5213 latione
571 5153 820 5212 erratur?
849 5152 1166 5209 Audivimus
1195 5151 1337 5206 enim
1380 5148 1640 5221 quosdam
1673 5145 1938 5202 schisma-

341 5253 448 5309 tica
492 5250 790 5307 ambitione
833 5247 1114 5316 detentos,
1163 5255 1350 5302 contra
1399 5243 1610 5300 divinos
1630 5243 1849 5300 ordines
1887 5250 1944 5299 et

339 5344 668 5417 apostolicas
697 5341 1064 5399 institutiones
1091 5339 1174 5396 lac
1197 5354 1295 5410 pro
1321 5338 1446 5395 vino
1477 5339 1530 5394 in
1555 5337 1749 5394 divinis
1777 5337 1944 5393 sacri-

344 5439 487 5496 ﬁciis
513 5436 804 5503 dedicare;
853 5435 988 5490 alios
1012 5448 1226 5506 quoque
1253 5433 1534 5488 intinctam
1560 5430 1940 5487 eucharistiam

346 5534 562 5608 populis
605 5546 703 5604 pro
732 5531 1129 5602 complementa
1170 5528 1565 5586 communionis
1616 5528 1938 5599 porrigere;

350 5627 612 5701 quosdam
643 5627 806 5684 etiam
829 5639 1146 5696 expressum
1172 5623 1356 5679 vinum
1385 5623 1439 5679 in
1471 5630 1810 5680 sacramento
1837 5620 1943 5678 Do-

347 5721 482 5779 mini
533 5721 717 5778 calicis
761 5719 1009 5785 offerre;
1079 5717 1214 5775 alios
1257 5732 1390 5775 vero
1443 5731 1677 5788 pannum
1745 5714 1943 5773 lineam

345 5823 526 5872 musto
554 5814 836 5872 intinctam
881 5828 976 5884 per
1001 5821 1171 5869 totum
1213 5828 1414 5869 annum
1446 5826 1760 5879 reservare,
1814 5810 1945 5870 etin

829 5908 1104 5970 PATROL.
1151 5905 1318 5971 VIII.

2040 3263 2200 3335 pulus
2225 3263 2514 3334 adunatur,
2538 3275 2594 3322 et
2619 3266 2954 3324 credentium
2982 3269 3133 3340 plebs
3158 3271 3205 3327 ei
3223 3271 3274 3326 in
3295 3275 3642 3344 quemcredit

2039 3360 2323 3430 copulatur
2346 3361 2704 3433 etjungitur;
2758 3379 2878 3435 quae
2930 3365 3202 3435 copulatio
3248 3378 3297 3423 et
3327 3369 3639 3440 conjunctio

2039 3467 2192 3525 aqua:
2217 3463 2270 3510 ct
2297 3454 2404 3509 vini
2429 3455 2506 3510 sic
2533 3457 2789 3513 miscetur
2817 3459 2870 3512 in
2894 3459 3064 3514 calice
3087 3460 3321 3530 Domini,
3359 3472 3418 3517 ut
3444 3463 3633 3524 mixtio

2040 3547 2131 3603 illa
2162 3561 2266 3602 non
2306 3548 2479 3617 possit
2527 3550 2795 3620 separari.
2841 3549 2973 3605 Nam
3002 3552 3046 3606 si
3073 3553 3254 3608 vinum
3289 3564 3491 3611 tanttnn
3518 3559 3638 3629 quis

2039 3641 2228 3697 offerat
2254 3684 2268 3708 ,
2321 3643 2543 3712 sanguis
2586 3643 2784 3699 Christi
2818 3644 3005 3715 incipit
3035 3663 3156 3703 esse
3189 3649 3307 3706 sine
3331 3651 3485 3708 nobis
3517 3669 3532 3720 ;
3588 3654 3638 3709 si

2039 3750 2168 3790 vero
2195 3750 2330 3806 aqua
2381 3735 2449 3790 sit
2475 3735 2588 3792 sola
2622 3777 2638 3804 ,
2686 3737 2838 3808 plebs
2887 3725 3072 3810 incipit
3110 3757 3230 3796 esse
3258 3743 3376 3799 sine
3396 3744 3633 3802 Christo.

2039 3829 2183 3901 Ergo
2211 3829 2428 3900 quando
2457 3830 2646 3887 botrus
2678 3835 2828 3889 solus
2872 3833 3125 3904 ollertur,
3166 3837 3219 3891 in
3249 3853 3357 3909 quo
3395 3840 3503 3894 vini
3557 3839 3637 3896 ef-

2039 3923 2225 3979 ﬁcacia
2246 3925 2340 3997 (al.
2371 3924 2682 3999 efﬁcientia)
2710 3935 2914 3983 tantum
2943 3927 3278 4000 designatur,
3302 3933 3490 3989 salutis
3513 3949 3642 4000 nos:

2039 4023 2137 4070 trae
2162 4025 2558 4073 sacramentum
2590 4017 2911 4090 negligitur,
2943 4021 3086 4092 quod
3116 4037 3250 4094 aqua
3282 4026 3633 4098 signiﬁcatur.

2037 4108 2155 4166 Non
2182 4109 2325 4166 enim
2346 4120 2524 4181 potest
2549 4111 2690 4166 calix
2718 4111 2929 4169 Domini
2951 4129 3074 4171 esse
3097 4131 3234 4188 aqua
3262 4117 3394 4184 sola,
3429 4131 3519 4177 aut
3559 4121 3636 4177 vi-

2047 4219 2176 4259 num
2206 4204 2380 4259 solum
2400 4246 2413 4271 ,
2445 4204 2546 4260 nisi
2581 4213 2869 4276 utrumque
2896 4208 3207 4266 misceatur.
3235 4210 3304 4267 Et
3327 4213 3448 4270 ideo
3473 4257 3488 4280 ,
3511 4218 3634 4288 quia

2035 4296 2146 4368 jam
2172 4313 2238 4354 ex
2284 4297 2388 4354 hoc
2442 4298 2675 4367 plurima
2701 4309 2755 4356 et
2780 4300 3061 4372 multiplex
3112 4304 3375 4376 majorum
3403 4311 3639 4368 manavit

2039 4389 2324 4456 sententia,
2349 4391 2528 4446 omnis
2553 4390 2809 4462 deinceps
2838 4393 2959 4449 talis
2985 4410 3139 4452 error
3154 4405 3314 4469 atque
3340 4415 3636 4476 praesump-

2041 4481 2116 4538 tio
2131 4497 2346 4539 eessare
2374 4483 2556 4550 debet,
2579 4499 2649 4540 ne
2680 4501 3055 4556 perversorum
3079 4500 3134 4545 et
3161 4490 3463 4550 inordinata
3485 4510 3636 4552 com.

1964 4571 2017 4632 D
2045 4592 2183 4649 pago
2207 4585 2409 4633 statum
2437 4579 2678 4634 veritatis
2706 4590 2948 4637 enervet.
2972 4582 3036 4638 Et
3070 4583 3192 4641 ideo
3217 4587 3350 4643 nulli
3383 4589 3638 4664 deinceps

2043 4673 2148 4729 erit
2173 4673 2376 4729 licitum
2431 4673 2576 4730 aliud
2613 4674 2666 4730 in
2698 4675 2979 4732 sacrificiis
3007 4677 3202 4734 divinis
3255 4682 3450 4740 offerre
3478 4728 3493 4755 ,
3527 4685 3635 4744 nisi

2036 4768 2188 4839 juxta
2207 4768 2546 4840 antiquorum
2567 4769 2890 4826 sententiam
2913 4771 3284 4843 conciliorum,
3309 4792 3500 4848 panem
3521 4792 3640 4839 tan-

2041 4869 2152 4916 tum
2166 4870 2221 4917 et
2239 4860 2461 4917 calicem
2479 4863 2602 4918 vino
2618 4871 2814 4934 etaqua
2831 4867 3172 4935 permixtum.
3192 4869 3266 4926 De
3277 4882 3474 4929 caetero
3484 4875 3641 4933 aliter

2040 4970 2203 5028 quam
2232 4966 2554 5027 prteceptum
2583 4968 2666 5013 est
2703 4957 2908 5016 faciens
2934 5004 2949 5029 ,
3002 4962 3208 5020 tamdiu
3231 4982 3258 5019 a
3285 4970 3638 5029 sacriﬁcando

2041 5053 2276 5111 cessabit
2308 5095 2323 5121 ,
2351 5055 2603 5127 quamdiu
2634 5055 2873 5128 legitima
2904 5059 3236 5129 pmnitentiae
3275 5065 3639 5126 satisfactione

2044 5159 2325 5204 correctus
2358 5188 2373 5216 ,
2427 5146 2495 5202 ad
2540 5145 2739 5219 gradus
2800 5148 2884 5204 sui
2950 5149 3188 5209 ofﬁcium
3247 5155 3433 5213 redeat
3495 5159 3640 5231 quod

2045 5241 2243 5298 amisit.

2676 5333 3027 5393 OCTAVUM.

2189 5428 2297 5503 (Ex
2321 5428 2521 5486 decreto
2550 5428 2728 5486 lvonis
2756 5429 3082 5487 Carnotensis
3131 5433 3504 5511 desumptum.)

2623 5525 2760 5592 Quid
2781 5525 2844 5581 sit
2859 5523 3110 5582 Ecclesia.

2122 5621 2363 5678 Ecclesia
2410 5635 2644 5694 graecum
2724 5635 2920 5675 nomen
2984 5629 3068 5677 est
3111 5621 3256 5694 quod
3313 5624 3367 5680 in
3421 5625 3648 5691 latinum

2050 5717 2277 5774 vertitur
2294 5717 2630 5786 convocatio,
2651 5725 2873 5788 propter
2897 5716 3039 5788 quod
3061 5715 3154 5788 (al.
3183 5729 3462 5792 propterea
3479 5728 3650 5798 quod)

2053 5811 2122 5870 ad
2150 5827 2210 5868 se
2228 5826 2418 5868 omnes
2445 5819 2619 5867 vocet.
2642 5807 2915 5866 Catholica
2939 5807 3014 5882 (id
3039 5820 3124 5866 est
3159 5813 3500 5891 universalis)
3532 5821 3652 5882 ideo

3093 5903 3167 5967 31
