4046 6302
303 226 408 296 9‘73

967 234 1137 297 JULll
1174 233 1378 297 PAPAE
1416 239 1439 296 Ι
1475 226 1809 298 EPISTULA
1856 228 1880 293 ι
1912 230 2009 294 AD
2038 226 2477 297 ORIENTALES
2514 234 2904 297 EPISCOPOS.

3515 230 3624 293 9‘74

304 370 431 426 rem,
459 357 700 428 quoniam
720 368 922 428 poenam
952 357 1104 413 timor
1123 356 1289 414 liabet.
1315 354 1418 424 Qui
1432 365 1598 411 autent
1621 356 1777 421 timet,
1804 368 1904 410 non
1933 362 1978 426 Α
2010 367 2293 410 accensam
2324 353 2610 412 discordiae
2634 340 2906 412 ﬂammam
2950 353 3267 426 extinguere
3306 355 3605 427 apostolica

307 458 380 505 est
392 453 645 523 perfectus
658 450 713 505 in
726 450 996 507 charitate.
1017 449 1127 506 Nos
1143 466 1264 523 ergo
1285 450 1558 521 diligamus
1577 447 1756 512 Deum,
1774 460 1903 519 quo-

310 546 448 599 niam
493 543 634 600 Deus
660 545 801 616 prior
838 543 1018 600 dilexit
1043 559 1159 599 nos.
1192 543 1255 599 Si
1283 544 1395 615 quis
1422 542 1627 609 disserit,
1664 541 1906 611 quoniam

312 635 472 711 diligo
492 635 680 705 Deum,
710 646 758 693 et
785 639 996 711 fratrem
1023 651 1172 691 suum
1202 634 1394 701 oderit,
1436 633 1659 688 mendam
1676 643 1770 687 est.
1803 632 1907 701 Qui

311 735 445 788 enim
474 742 575 786 non
602 730 770 804 diligit
798 729 1010 797 fratrem
1034 742 1184 785 suum
1209 742 1361 801 quem
1385 728 1538 796 uidet,
1571 726 1735 783 Deum
1758 740 1905 796 quem

314 840 414 880 non
440 824 576 880 uidet
600 820 857 897 quomodo
898 830 1060 896 potest
1094 821 1347 894 diligere?
1378 820 1445 876 Et
1478 821 1574 876 hoc
1604 819 1909 875 mandatum

313 919 554 975 habemus
578 936 611 973 a
638 918 747 976 Deo
773 934 792 975 :
821 927 878 975 ut
895 919 982 991 qui
1009 918 1175 990 diligit
1202 916 1386 985 Deum,
1419 916 1601 989 diligat
1619 926 1668 971 et
1697 916 1909 990 fratrem

311 1028 483 1068 suum.
513 1010 645 1068 Nam
671 1019 725 1068 et
753 1012 866 1086 ipsa
908 1009 1171 1084 sapientia
1209 1012 1284 1067 ait
1318 1008 1499 1084 (Prov.
1534 1011 1630 1083 xv)
1663 1027 1676 1065 :
1705 1008 1908 1083 Lingua

311 1105 618 1180 sapientium
646 1111 797 1161 ornat
818 1104 1077 1160 scientiam
1103 1148 1117 1173 ,
1162 1116 1219 1161 os
1246 1106 1505 1176 {uiuorum
1532 1103 1714 1159 ebullit
1739 1102 1911 1159 stulti-

312 1201 456 1255 tiam.
483 1197 549 1255 In
570 1199 709 1255 omni
734 1199 847 1256 loco
866 1194 1001 1254 oculi
1030 1197 1238 1254 Domini
1250 1196 1662 1268 contemplantur
1684 1197 1839 1252 bonos
1861 1206 1910 1252 et

318 1293 506 1349 malos.
541 1290 745 1367 Lingua
769 1290 1058 1363 placabilis,
1088 1290 1281 1363 lignum
1307 1292 1457 1346 tiittc:
1481 1303 1598 1362 quis
1621 1299 1789 1347 autem
1814 1290 1912 1345 ima

316 1385 581 1443 Moderata
621 1395 713 1448 est,
744 1394 965 1442 conteret
994 1384 1249 1457 spiritum.
1288 1382 1487 1440 Domus
1518 1385 1653 1458 justi
1688 1383 1911 1455 plurima

317 1478 569 1554 fortitudu
595 1494 613 1536 :
642 1488 689 1537 et
727 1479 780 1535 tn
810 1478 1061 1552 fructibus
1097 1479 1243 1552 impii
1273 1475 1615 1535 conturbatio.
1643 1475 1807 1532 Labia
1827 1488 1913 1533 saa-

315 1575 565 1647 piantiutn
586 1570 986 1630 disseminatum
1010 1572 1270 1629 scientiam
1305 1589 1324 1628 :
1350 1578 1438 1627 eor
1462 1571 1733 1627 stultorum
1757 1568 1913 1626 dissi-

312 1666 440 1725 nn'te
457 1667 573 1725 erit.
612 1660 841 1724 Victima
858 1665 1133 1737 impiorum
1164 1661 1524 1721 abominabiles
1550 1670 1699 1720 erant
1723 1660 1909 1719 Domi-

2008 447 2303 503 dcbeamus
2332 448 2685 516 auctoritate,
2718 458 2776 505 et
2816 462 2922 504 non
2964 447 3264 505 concedere
3304 462 3425 505 eam
3464 450 3607 506 utte-

2007 541 2119 597 rius
2154 543 2361 597 animus
2386 542 2603 615 depasci
2651 544 2935 599 humanas.
2967 543 3307 614 Quapropter
3339 558 3446 601 una
3479 560 3601 602 cum

2007 636 2255 692 omnibus
2282 637 2595 708 apostolica:
2615 637 2967 707 subiectionis
2992 637 3192 710 regula:
3212 639 3511 708 sancimus,
3534 654 3605 698 ne

2008 728 2291 800 quisquam
2321 728 2579 802 deinceps
2616 729 3044 787 Christianorum
3098 731 3222 787 talia
3271 743 3612 804 perpetrare,

2008 826 2103 875 aut
2118 820 2385 891 episcopis
2412 828 2621 878 temere
2641 834 2835 879 nocere
2860 832 3170 893 prtcsumal,
3196 836 3321 880 cum
3345 833 3399 882 et
3418 825 3609 883 doctor

2009 914 2250 985 gentium
2276 912 2507 983 ldipsum
2541 915 2843 986 prohibeat,
2874 915 3059 972 dicens
3088 935 3104 973 :
3139 917 3410 974 Senioretn
3439 921 3607 975 nein‘

2011 1008 2315 1082 crepaoeris,
2343 1010 2432 1064 sed
2460 1010 2667 1065 obsecra
2694 1021 2750 1065 ut
2788 1018 2984 1085 partem
3015 1011 3076 1082 (l
3117 1012 3251 1068 Tim.
3289 1011 3368 1087 ν),
3396 1021 3451 1070 et
3479 1013 3608 1071 reli-

2021 1118 2145 1173 qua.
2188 1102 2395 1157 Bonum
2426 1111 2509 1158 est
2539 1120 2771 1174 namque
2810 1105 3217 1176 proculdubio,
3266 1116 3318 1162 et
3360 1108 3612 1164 omnibus

2013 1196 2327 1251 timentibus
2358 1197 2523 1251 Deum
2554 1196 2933 1266 desiderabile,
2957 1199 3212 1255 cohibere
3241 1199 3610 1256 dissensiones

2013 1295 2064 1344 ct
2098 1288 2511 1356 altercationes,
2558 1286 2921 1360 fratribuSque
2950 1292 3260 1358 Subvenire,
3295 1298 3348 1348 et
3374 1292 3607 1349 invicem

2014 1394 2120 1438 non
2152 1378 2411 1448 invidere,
2446 1380 2539 1437 sed
2566 1380 2841 1453 adjuvare.
2866 1380 3080 1450 Audite,
3101 1384 3340 1456 inquam,
3360 1385 3471 1456 jam
3500 1383 3605 1441 fac-

2013 1480 2121 1529 tam
2147 1472 2200 1529 in
2218 1472 2432 1531 Nicmna
2459 1475 2674 1531 civitate
2694 1475 2980 1548 synodum,
3007 1476 3092 1532 cui
3115 1485 3169 1533 et
3198 1476 3312 1547 ipse
3333 1478 3613 1535 conscien-

2015 1566 2104 1623 tlze
2135 1578 2269 1625 mea:
2292 1566 2369 1642 (1)
2396 1568 2598 1624 cultum
2626 1566 2887 1625 decenter
2908 1567 3150 1637 exhibui,
3184 1568 3316 1626 nihil
3346 1568 3491 1626 aliud
3517 1576 3613 1626 vo-

2014 1660 2133 1716 lens
2172 1670 2331 1731 quam
2376 1660 2724 1717 concordiam
2763 1660 3015 1718 omnibus
3061 1660 3356 1728 fabricare,
3400 1670 3456 1719 et
3502 1672 3615 1735 prce

310 1774 383 1818 no
403 1779 422 1817 :
448 1752 845 1833 ootajustorurn
862 1758 1156 1832 placabitis.
1183 1756 1287 1828 Qui
1314 1756 1537 1830 sequitur
1545 1756 1805 1832 justitiam
1825 1755 1911 1811 ιιι-
1939 1754 1988 1823 Β
2016 1755 2222 1811 cunctis
2248 1764 2474 1826 arguere
2502 1761 2559 1811 et
2586 1762 2869 1811 remouere
2899 1754 3036 1810 hanc
3057 1754 3425 1811 insidiantium
3445 1754 3613 1812 altera

315 1854 492 1929 figitur
511 1849 799 1910 aDomiuo.
825 1842 957 1909 item
984 1851 1109 1907 alibi
1134 1848 1314 1927 (Prov.
1342 1850 1429 1925 x):
1454 1849 1611 1906 habia
1627 1850 1763 1925 justi
1780 1860 1907 1905 con-

318 1948 555 2004 siderant
583 1942 797 2019 placita,
844 1952 892 2002 et
910 1958 968 2001 os
996 1945 1273 2016 turpior-um
1302 1954 1554 2016 perversa.
1589 1941 1910 2012 Simplicitas

304 2038 574 2113 fastorum
601 2036 783 2112 diriget
814 2052 937 2106 eos;
965 2046 1012 2094 et
1038 2036 1387 2109 supplantatio
1411 2049 1758 2110 peromoram
1798 2049 1914 2091 ous-

314 2133 444 2188 tabit
477 2144 562 2189 eos
587 2176 601 2200 ,
639 2133 846 2204 justitia
874 2145 1129 2189 remorum
1155 2130 1386 2188 liberabit
1415 2140 1520 2199 eos,
1556 2136 1604 2187 et
1631 2131 1685 2185 in
1710 2128 1913 2186 insidiis

313 2228 426 2284 suis
450 2227 717 2301 capientur
741 2226 925 2299 iniqui.
952 2226 1132 2282 Justus
1158 2225 1223 2281 de
1250 2225 1491 2298 angustia
1520 2218 1836 2289 liberabitur,
1867 2231 1916 2278 et

315 2321 547 2376 tradetur
574 2319 765 2391 impius
792 2337 885 2393 pro
915 2330 993 2376 eo.
1026 2319 1311 2378 Simulator
1340 2334 1429 2375 ore
1469 2319 1660 2389 decipit
1695 2318 1916 2374 amicum

313 2422 489 2482 suum,
512 2413 646 2490 justi
659 2423 825 2471 autem
859 2411 1207 2470 liberabantur
1233 2414 1462 2468 scientia.
1491 2411 1558 2467 In
1581 2412 1726 2467 bonis
1744 2415 1916 2487 justo-

308 2520 433 2566 rnm
448 2510 759 2567 exaltabitur
775 2508 873 2585 (al.
887 2506 1155 2583 exultabit)
1180 2509 1378 2573 ciuitas,
1393 2518 1440 2565 et
1454 2510 1508 2564 in
1524 2507 1806 2580 perditione
1822 2508 1919 2562 im-

308 2605 521 2675 piorum
544 2604 641 2660 erit
665 2600 916 2658 laudatio.
944 2598 1305 2659 Benedictione
1319 2605 1582 2676 justorum
1610 2598 1919 2657 emirabitur

311 2699 514 2755 civitas.
533 2692 645 2755 Nec
666 2696 1044 2765 consideratis,
1069 2694 1159 2768 qui
1186 2695 1378 2751 fratrcs
1402 2694 1647 2767 persequi
1672 2708 1778 2750 non
1796 2704 1916 2751 ces-

309 2794 469 2858 satis,
490 2788 665 2863 qualia
691 2784 793 2847 iob
816 2789 1257 2862 patientissimus,
1282 2787 1424 2844 inter
1444 2800 1638 2844 ctctera
1666 2800 1913 2857 exorsus,

309 2882 562 2955 loquitur
581 2880 724 2956 (Job.
758 2880 919 2955 χχιχ)
949 2900 961 2937 :
990 2881 1143 2937 Auris
1170 2881 1384 2936 audiens
1411 2879 1729 2951 beati/icabat
1753 2895 1850 2949 me,
1875 2887 1921 2935 et

309 2981 497 3037 orntus
523 2979 696 3035 bidens
717 2976 1058 3034 testimonium
1079 2974 1316 3032 reddebat
1348 2975 1477 3030 mihi
1498 3016 1514 3043 ,
1543 2990 1604 3031 eo
1632 2974 1767 3046 quod
1797 2972 1923 3029 libo-

304 3079 508 3131 fassem
528 3083 805 3146 pauperem
823 3072 1202 3143 vociferantem,
1235 3079 1282 3126 et
1311 3068 1588 3142 pupillum,
1610 3068 1695 3124 cui
1718 3084 1820 3124 non
1843 3080 1923 3124 es-

2010 1846 2278 1903 eatloitem
2303 1865 2315 1902 :
2338 1861 2472 1920 quas
2504 1842 2862 1918 prrcvidentes
2889 1846 3059 1904 sancti
3090 1847 3277 1906 Patres
3299 1846 3524 1905 insidias
3552 1852 3609 1904 et

2013 1934 2228 1998 illicitas
2254 1938 3001 2012 altercationes,nnanitnlter
3030 1941 3084 1999 in
3116 1942 3373 2014 prtuditta
3398 1939 3614 1999 Nicmna

2016 2034 2316 2092 statuerunt
2342 2035 2570 2110 synodo,
2599 2044 2659 2092 ut
2683 2036 2862 2093 nullus
2888 2032 3198 2110 episcOpas,
3235 2034 3339 2093 nisi
3363 2035 3417 2092 'n’i
3438 2035 3618 2107 ἰέςίῑί-

2019 2144 2103 2186 ma
2155 2131 2395 2205 synodo,
2435 2138 2491 2188 et
2524 2144 2623 2190 suo
2660 2140 2907 2204 tempore
2955 2131 3247 2205 apostolica
3299 2132 3618 2190 auctoritate

2018 2232 2309 2283 Convocata
2333 2268 2348 2296 ,
2391 2238 2554 2299 super
2595 2227 2912 2300 quibusdam
2944 2227 3410 2285 criminationibus
3441 2228 3619 2299 pulsa-

2019 2324 2107 2377 tus
2131 2320 2399 2390 audiatur,
2433 2320 2485 2378 id
2515 2332 2619 2390 est,
2641 2322 2912 2395 judicetur
2941 2320 3029 2380 vel
3054 2321 3359 2379 damnetur.
3390 2320 3484 2378 Sin
3515 2321 3616 2378 all-

2022 2410 2104 2471 ter
2134 2418 2518 2487 prmsumptum
2548 2422 2577 2471 a
2599 2414 2918 2488 quibusdam
2944 2415 3122 2485 fuerit,
3146 2417 3200 2472 in
3228 2422 3420 2473 ratium
3449 2413 3620 2472 dedu-

2022 2514 2176 2565 catur
2198 2507 2293 2581 (al.
2337 2509 2655 2583 deducetur)
2695 2510 2839 2584 quod
2867 2511 3109 2583 egerint,
3137 2520 3239 2567 nec
3276 2510 3419 2567 inter
3445 2509 3621 2567 eccle-

2023 2596 2238 2662 siastica
2261 2603 2374 2660 ullo
2403 2600 2566 2662 modo
2590 2604 2945 2677 reputabitur.

2095 2790 2200 2861 Ipsi
2242 2806 2372 2847 vero
2412 2792 2597 2860 primae
2654 2791 2800 2849 sedis
2828 2780 3091 2850 Ecclesiae
3144 2792 3618 2852 convocandarum

2023 2883 2353 2957 generalium
2376 2884 2705 2958 synodorunt
2732 2886 2855 2958 jura
2886 2895 2941 2942 et
2985 2886 3187 2959 judicia
3239 2887 3620 2962 episcoporum

2024 2976 2282 3048 singulari
2309 2977 2592 3050 privilegio
2623 2979 2945 3050 evangelicis
2989 2990 3046 3037 et
3094 2981 3409 3052 apostolicis
3460 2989 3622 3053 atque

2026 3070 2301 3127 canonicis
2322 3086 2579 3129 concessa
2601 3080 2728 3128 sunt
2753 3072 3034 3140 institutis,
3064 3073 3189 3146 quia
3216 3089 3432 3146 semper
3452 3074 3623 3147 majo—

304 3170 387 3222 set
415 3166 645 3240 adjutor.
692 3162 988 3221 Benedictio
1014 3161 1228 3235 perituri
1272 3174 1427 3235 super
1465 3176 1545 3217 me
1586 3161 1836 3229 veniebat,
1872 3168 1920 3216 ει
1948 3170 1997 3237 C
2024 3183 2113 3225 res
2137 3183 2316 3226 causa
2341 3168 2409 3224 ad
2431 3168 2614 3226 sedem
2637 3169 2989 3241 aposmlicam
3013 3170 3198 3226 multis
3217 3170 3625 3229 auctoritatibus

304 3272 404 3317 cor
430 3260 599 3315 viduae
623 3258 919 3315 consolatus
938 3270 1069 3313 sunt.
1100 3255 1317 3312 Iustitia
1338 3255 1549 3311 indutus
1575 3270 1719 3311 sum:
1741 3263 1789 3310 et
1806 3269 1917 3310 ves—

305 3355 404 3413 titi
428 3368 506 3410 me
531 3353 670 3411 sicut
680 3353 976 3410 uestimento
1000 3358 1049 3407 et
1072 3348 1574 3426 diadematejudicio
1606 3356 1741 3405 meo.
1775 3348 1920 3405 Ocu-

308 3448 397 3508 lus
424 3448 500 3523 fui
525 3462 679 3517 ctera,
706 3459 757 3505 et
784 3462 872 3521 pes
898 3444 1102 3503 claudo.
1164 3442 1321 3501 Pater
1350 3458 1487 3501 erant
1518 3460 1798 3519 pauperum
1826 3460 1845 3500 :
1874 3450 1922 3500 et

307 3554 533 3601 cmtsam
571 3556 727 3613 quam
769 3539 1051 3596 nesciebam
1102 3536 1492 3613 diligentissime
1536 3536 1917 3611 inuestigabam.

314 3634 660 3696 Conterebam
686 3635 852 3692 molas
879 3635 1077 3704 iniqui,
1105 3636 1157 3692 et
1189 3632 1252 3689 de
1280 3632 1515 3689 dentibus
1545 3630 1687 3686 illius
1717 3626 1920 3700 aufere-

320 3731 445 3789 bam
480 3732 728 3804 prtcdam.
758 3731 823 3787 Et
859 3728 1020 3800 paulo
1046 3737 1169 3799 post
1200 3744 1214 3782 τ
1245 3722 1309 3784 Si
1336 3727 1534 3799 negavi,
1562 3723 1758 3796 inquit,
1786 3721 1924 3796 quod

317 3824 581 3894 uolebant,
612 3821 943 3899 pauperibus,
968 3830 1015 3877 et
1041 3820 1215 3876 oculos
1232 3819 1401 3875 uidua
1424 3826 1693 3890 expectare
1720 3816 1838 3888 feci.
1863 3814 1925 3870 Si

311 3919 520 3978 comedi
540 3918 819 3975 bneoellant
833 3926 997 3971 meum
1016 3913 1179 3981 solus,
1195 3920 1240 3969 ei
1254 3929 1356 3969 non
1374 3910 1591 3968 contedit
1612 3909 1842 3984 pupillus
1862 3916 1926 3964 es:

312 4029 385 4074 ea
408 4028 427 4069 :
447 4015 572 4088 quia
588 4010 652 4067 ab
678 4006 901 4083 infantia
926 4021 1038 4064 mea
1062 4004 1215 4063 creuit
1248 4016 1445 4062 mecum
1470 4004 1726 4061 miseratio
1744 4044 1761 4073 ,
1794 4011 1842 4059 et
1862 4002 1926 4059 de

314 4114 467 4166 utero
495 4105 675 4162 matris
695 4110 821 4159 metu
845 4114 1046 4176 egressa
1065 4108 1141 4156 est
1168 4110 1388 4154 mecum.
1422 4090 1555 4154 Nam
1585 4097 1629 4154 si
1656 4097 1779 4170 quis
1809 4097 1925 4152 lucc

314 4206 480 4260 recto
506 4197 685 4255 omnia
713 4192 1143 4254 considerarent
1166 4193 1348 4259 oculo,
1373 4200 1708 4265 nequaquam
1733 4192 1927 4249 fratres

319 4295 421 4368 (al.
438 4286 721 4363 fratribus)
744 4298 966 4355 nocere,
980 4287 1076 4343 sed
1101 4284 1332 4342 liberare
1344 4280 1634 4354 festinam,
1654 4282 1777 4356 quia
1794 4280 1927 4340 nihil

318 4387 564 4446 deterius
586 4396 692 4454 εει,
718 4396 879 4455 quam
909 4382 1059 4438 cives
1095 4379 1305 4437 civibus
1333 4378 1608 4447 invidere,
1642 4390 1697 4436 et
1731 4377 1928 4437 fratres

317 4474 582 4540 fratribus
606 4476 866 4542 insidiari,
893 4482 985 4532 aut
1006 4472 1307 4531 calumnias
1327 4469 1525 4531 facere.
1542 4470 1762 4530 Talibus
1782 4474 1925 4530 enim

317 4570 585 4648 refragari
607 4571 851 4629 volentes
868 4566 1078 4626 insidiis
1098 4577 1278 4640 patres
1294 4568 1485 4633 sancti,
1503 4568 1771 4642 synodum
1792 4580 1892 4624 con
1909 4598 1921 4609 ο
1952 4572 2007 4643 Β

318 4675 685 4745 gregaverunt
707 4663 1017 4740 generalem
1044 4663 1107 4718 in
1118 4658 1319 4731 Niema,
1344 4662 1507 4718 vitam
1535 4663 1811 4736 corrigere
1829 4665 1934 4719 ltO"

322 4766 537 4823 minam
584 4764 863 4837 cupientes
908 4762 962 4819 in
990 4756 1230 4820 Eccmsia
1267 4760 1741 4816 commorandum.
1779 4752 1932 4815 Licet

324 4856 534 4917 dudum
563 4857 805 4914 instituta
824 4866 1132 4913 sanctorum
1155 4854 1321 4911 multa
1352 4848 1568 4910 Patrum
1591 4860 1773 4909 essent
1796 4864 1897 4908 con
1913 4884 1931 4894 -

324 4953 553 5025 scripta,
586 4956 885 5024 posuerunt
909 4948 1080 5022 leges,
1107 4962 1244 5023 quas
1272 4959 1456 5006 sacros
1480 4955 1720 5003 canones
1743 4944 1933 5017 appel-

326 5046 528 5118 lamus,
557 5047 751 5121 quibus
798 5043 964 5102 multa
996 5040 1396 5116 pernecessaria
1427 5038 1496 5096 ad
1516 5046 1713 5096 statam
1744 5037 1935 5096 Eccle-

325 5144 431 5200 sia:
454 5150 655 5198 saltem
686 5141 801 5207 Dei,
831 5146 886 5197 et
911 5139 1344 5211 supplementum
1366 5136 1736 5192 columnarum
1781 5132 1931 5206 ejus,

326 5232 389 5295 id
416 5238 501 5293 est
526 5217 933 5307 episcoporum,
967 5231 1059 5303 qui
1089 5236 1208 5287 eam
1248 5229 1482 5301 prppriis
1521 5227 1762 5284 humeris
1808 5236 1932 5298 gesa

331 5336 472 5394 tam.
502 5332 629 5385 sunt
666 5328 908 5393 decreta,
940 5330 994 5383 et
1018 5328 1344 5381 nocantenta
1385 5332 1573 5380 eorum
1624 5320 1894 5394 prohibita
1915 5361 1930 5386 ,

328 5424 409 5483 ita
433 5432 491 5481 ut
514 5425 605 5497 qui
633 5422 761 5479 talia
792 5424 957 5494 agere
975 5419 1323 5487 tentaret-int,
1350 5427 1442 5473 aut
1469 5417 1548 5473 eis
1578 5428 1775 5472 nocere
1799 5427 1938 5486 pric-

330 5520 692 5591 sumpscriut,
721 5518 767 5576 si
796 5516 1015 5590 quidem
1036 5514 1218 5571 clerici
1249 5512 1471 5577 fuerint,
1502 5527 1535 5567 a
1565 5511 1786 5582 proprie
1806 5523 1935 5581 gra-

2023 3258 2213 3316 reicrri
2241 3268 2526 3333 praeceptae
2552 3269 2696 3317 sunt.
2756 3260 2869 3318 Nec
2919 3262 3029 3318 ullo
3056 3262 3218 3318 modo
3248 3274 3429 3334 potest
3454 3264 3628 3335 major

2022 3351 2563 3424 atuinorejudicari.
2617 3354 2737 3426 Ipsa
2764 3371 2997 3426 nutuque
3047 3356 3305 3414 omnibus
3349 3357 3523 3429 major
3570 3367 3626 3415 et

2022 3448 2239 3519 praelata
2264 3458 2347 3506 est
2384 3448 2662 3517 cccleSiis,
2709 3465 2829 3520 qua:
2857 3464 2963 3505 non
2994 3451 3337 3507 solummodo
3356 3466 3625 3508 canonum

2024 3550 2079 3597 et
2100 3550 2411 3599 sanctorum
2438 3530 2657 3598 Patrum
2672 3542 2932 3607 decretis.
2954 3543 3050 3601 sed
3078 3543 3291 3600 Domini
3318 3544 3622 3602 Salvatoris

2024 3634 2196 3691 nostri
2224 3650 2356 3691 voce
2383 3635 2711 3708 singularem
2741 3635 2977 3693 obtinuit
3008 3638 3390 3710 principatum.
3435 3636 3517 3693 Tu
3544 3656 3618 3706 es,

2026 3712 2219 3797 inquit,
2268 3725 2479 3795 Petrus,
2502 3738 2549 3782 et
2573 3744 2729 3800 super
2755 3728 2887 3785 hanc
2912 3741 3110 3800 petram
3140 3730 3410 3800 aediﬁcabo
3442 3730 3622 3786 Eccle-

2025 3822 2155 3877 sium
2178 3837 2339 3876 nteant
2369 3820 2581 3896 (Matth.
2624 3821 2736 3894 ινι)
2763 3865 2777 3886 .
2808 3831 2864 3879 et
2890 3823 3119 3894 reliqua.
3164 3822 3232 3878 Et
3288 3840 3621 3895 quaecumque

2025 3916 2262 3989 ligaveris
2287 3932 2441 3985 super
2486 3926 2675 3971 terram
2698 3926 2745 3972 et
2775 3916 3009 3985 solveris,
3030 3925 3183 3974 erunt
3198 3918 3358 3991 ligata
3381 3925 3428 3974 et
3448 3917 3622 3975 δοιιιια

2026 4012 2082 4067 in
2110 4009 2237 4067 (otio
2266 4018 2314 4065 et
2342 4010 2395 4066 in
2422 4020 2580 4066 terra.
2789 4080 2837 4138 Π

2098 4168 2269 4232 Porro
2321 4173 2520 4233 dudum
2567 4190 2597 4231 a
2636 4172 2839 4231 sanctis
2884 4172 3143 4246 apostolis
3185 4174 3626 4233 successoribus-

2028 4284 2134 4343 que
2158 4282 2370 4337 eorum,
2400 4268 2452 4323 in
2482 4267 2717 4339 praelatis
2740 4267 2976 4340 antiquis
3010 4267 3281 4324 decretum
3309 4266 3483 4324 fuerat
3509 4279 3626 4325 sta-

2030 4364 2183 4433 tutis,
2212 4379 2332 4437 quae
2360 4363 2621 4420 hactenus
2650 4375 2833 4420 sancta
2863 4373 2917 4420 et
2955 4363 3281 4422 universalis
3326 4365 3621 4434 apostolica

2030 4466 2172 4513 tenet
2200 4458 2452 4526 ecclesia,
2485 4474 2590 4513 non
2618 4467 2872 4529 oportere
2914 4467 3110 4532 praeter
3164 4454 3486 4513 sententiam
3515 4456 3627 4514 Ro-

2031 4550 2175 4607 mani
2203 4551 2471 4623 pontiﬁcis
2498 4552 2723 4608 concilia
2751 4552 3012 4610 celebrari
3041 4550 3219 4629 (Socr.
3251 4534 3323 4625 tt,
3368 4555 3403 4613 8
3441 4569 3489 4616 et
3516 4552 3631 4630 l7),

2035 4662 2134 4702 nec
2162 4647 2474 4718 episcOpum
2505 4646 2766 4709 damnari.
2792 4649 3045 4720 quoniam
3067 4662 3308 4709 sanctam
3326 4650 3629 4713 Romanam

2034 4738 2319 4795 ecclesiam
2346 4739 2628 4810 primatem
2660 4736 2756 4810 (al.
2789 4742 3068 4816 primaria)
3107 4748 3346 4804 omnium
3377 4749 3632 4807 ecclesia-

2034 4846 2152 4890 rum
2184 4847 2305 4890 esse
2346 4834 2651 4891 voluerunt.
2695 4832 2763 4892 Et
2815 4838 2952 4893 sicut
2997 4836 3058 4893 Β.
3114 4839 3305 4900 Petrus
3353 4843 3629 4914 apostolus

2033 4926 2239 4997 primus
2260 4922 2365 4983 fuit
2393 4927 2632 4982 omnium
2662 4929 3054 4999 apostolorum,
3083 4932 3153 4988 ita
3180 4940 3234 4989 et
3260 4932 3377 4991 haec
3395 4935 3626 4993 ecclesia

2037 5019 2204 5090 ipsius
2235 5017 2456 5075 numine
2482 5030 2818 5090 consecrata,
2843 5022 3068 5080 [lontino
3091 5023 3427 5096 instituente,
3455 5027 3628 5099 prima

2040 5112 2093 5167 et
2122 5120 2280 5182 eaput
2315 5111 2373 5166 lit
2396 5119 2737 5177 caeterarum,
2791 5122 2847 5170 et
2872 5113 2936 5170 ad
2967 5131 3109 5184 eam,
3137 5118 3288 5190 quasi
3313 5118 3379 5174 ad
3401 5127 3630 5175 matrem

2039 5212 2200 5276 atque
2226 5205 2456 5275 apicem,
2485 5218 2675 5261 omnes
2707 5206 2939 5277 majores
2955 5206 3213 5266 Ecclesia:
3238 5226 3435 5277 causae,
3468 5222 3520 5269 et
3539 5214 3631 5286 ju-

2040 5297 2179 5354 dicia
2208 5299 2586 5372 episcoporum
2620 5310 2919 5371 recurrant,
2947 5298 3169 5376 ejusque
3196 5300 3338 5376 justa
3366 5308 3635 5366 sententia

2040 5391 2135 5466 (nl.
2168 5400 2221 5449 et
2237 5394 2389 5463 juxta
2414 5392 2532 5463 ejus
2557 5393 2903 5467 sententiam)
2958 5382 3241 5453 terminum
3263 5411 3499 5469 sumant,
3532 5416 3638 5459 nec

2038 5496 2190 5543 extra
2232 5484 2534 5542 Romanum
2584 5487 2875 5561 quidquam
2928 5507 2993 5548 ex
3044 5490 3129 5547 his
3170 5490 3371 5571 debere
3418 5495 3642 5555 decerni

1920 5629 1942 5644 ο
2041 5579 2371 5654 pontiﬁcum,
2401 5588 2668 5651 quatenus
2698 5597 2803 5638 non
2826 5582 2898 5639 ita
2928 5590 3198 5655 proterve,
3253 5595 3307 5643 et
3363 5603 3461 5659 pro
3484 5586 3639 5649 libitu

2116 5714 2195 5790 (l)
2226 5714 2414 5797 Const;
2440 5714 2507 5773 bl.
2525 5718 2579 5774 in
2607 5726 2693 5790 e‘p.
2719 5716 2788 5775 ad
2818 5712 2970 5778 Alex.
3000 5710 3150 5794 Trip.
3181 5720 3317 5779 llist.
3346 5740 3426 5794 ιιι,
3453 5722 3545 5797 27,
3573 5738 3642 5785 ex

340 5803 529 5861 bitrati
562 5819 771 5869 smnus,
793 5801 862 5859 ab
891 5797 1265 5870 omnipotente
1290 5792 1403 5852 Deo“
1429 5792 1698 5865 inspirati,
1729 5800 1785 5847 nt
1809 5790 1945 5847 hanc
2047 5786 2284 5847 Socratis
2310 5787 2355 5857 l,
2381 5786 2436 5845 6.
