4046 6302
523 239 630 305 οτι

1720 233 2032 302 ΒΑΝΟἸἪὸ
2070 230 2307 300 IULIUS
2345 233 2524 300 PAPA
2561 232 2605 296 1.

3693 231 3780 298 ιιι

517 354 839 428 cujuspiam,
870 366 969 411 suo
989 355 1210 427 proprio
1247 354 1488 421 arbltrlo,
1523 353 1822 426 quibusque
1843 361 2117 422 metropo-
2145 356 2198 418 Α
2223 350 2307 406 dia
2337 363 2668 422 compressa,
2703 346 3027 420 silentioque
3051 345 3495 416 comprimantur,
3539 355 3780 416 amputato

517 451 725 516 litanis,
755 449 896 505 sicut
916 463 1079 520 agere
1104 449 1374 514 solebant,
1419 448 1600 512 liceat,
1658 447 1964 502 inconsulto
2011 444 2122 498 Ro-

525 557 692 600 mano
719 541 996 614 pontifice,
1029 551 1122 596 aut
1147 540 1382 611 majores
1425 540 1680 596 Ecclesia:
1718 553 1908 593 causas
1931 537 2115 593 detur-

526 637 682 701 bare,
735 643 829 691 aut
870 635 1152 705 episcopos
1190 633 1470 697 damnare,
1498 630 1591 687 sed
1618 631 1890 687 communi
1918 638 2119 685 sancta:

523 731 788 788 Romana:
835 728 982 785 sedis
1027 727 1264 798 episcopi
1307 726 1533 782 consilio
1560 724 1638 796 (l)
1665 733 1719 780 et
1748 722 2003 779 concordi
2032 737 2122 777 ac-

522 828 674 884 tione
727 840 955 897 quzeque
1008 832 1136 879 sunt
1175 821 1376 879 Christi
1431 819 1551 877 zelo
1594 817 1800 891 agenda
1831 818 2123 888 disponant

517 917 871 984 unanimiter,
921 923 1173 986 recteque
1204 913 1463 979 sentiant,
1511 921 1566 968 et
1589 927 1654 967 ea
1681 925 1802 982 quae
1826 907 2118 977 senserint,

515 1030 629 1071 non
676 1013 892 1070 sibimet
939 1006 1300 1080 discrepando
1328 1051 1344 1077 ,
1414 1005 1512 1064 sed
1562 1004 1674 1062 Deo
1722 1003 1914 1076 placita
1961 1002 2120 1074 perli-

518 1111 684 1167 ciant.

1268 1174 1359 1231 111.

590 1276 689 1333 Est
717 1275 878 1332 etiam
909 1276 962 1331 in
983 1272 1094 1344 jam
1118 1271 1225 1328 fata
1253 1270 1468 1326 Nicmna
1497 1267 1839 1326 concorditer
1864 1274 2120 1322 statutum

514 1371 746 1445 synodo,
801 1379 1149 1426 accusatores
1205 1375 1261 1423 et
1302 1365 1698 1431 accusationes,
1755 1378 1888 1435 quas
1938 1360 2121 1417 saeculi

519 1466 668 1537 leges
697 1479 804 1520 non
833 1463 1146 1526 admittunt,
1201 1475 1233 1516 a
1286 1459 1607 1516 sacerdotali
1659 1458 1901 1514 funditus
1953 1453 2124 1510 averti

518 1573 868 1618 nocumento.
921 1559 1074 1625 Ecce,
1134 1557 1307 1629 inquit
1352 1555 1643 1626 Propheta,
1689 1570 1842 1621 quant
1870 1552 2053 1607 bonum
2075 1559 2124 1604 et

509 1673 663 1728 quam
669 1656 979 1730 jucundum,
993 1653 1226 1709 habitare
1237 1653 1423 1723 fratres
1443 1651 1497 1706 in
1527 1666 1682 1705 unum
1699 1648 1871 1720 (Psal.
1889 1645 2119 1717 cum).

2224 444 2434 502 scilicet
2465 443 2627 497 totius
2653 441 2741 511 (S.
2773 440 2900 508 Leo,
2927 457 3009 509 ep.
3047 439 3141 510 84)
3166 437 3524 510 usurpationis
3566 453 3778 504 excessu,

2223 538 2348 608 quia
2379 536 2560 590 nullus
2607 534 2770 591 debet
2797 549 3132 605 praesumere
3159 547 3279 602 qua:
3311 530 3410 585 sibi
3441 544 3542 584 non
3566 529 3781 584 videntur

2222 648 2345 688 esse
2393 645 2673 686 concessa.
2746 629 2916 698 Quam
2957 627 3168 698 culpant
3200 626 3348 680 nullo
3371 625 3526 680 modo
3548 624 3780 694 potuisse-

2224 725 2292 780 tis
2323 725 2562 780 incidere
2590 723 2679 794 (8.
2703 720 2829 787 Leo,
2863 738 2944 791 ep.
2978 720 3032 787 4,
3067 737 3164 793 cap
3185 723 3216 776 7
3241 717 3282 790 ),
3308 719 3352 774 si
3375 717 3514 774 unde
3534 732 3784 774 conscen-

2225 816 2426 873 tionem
2460 815 2688 872 honoris
2720 814 2986 886 accipitis,
3046 813 3167 868 inde
3223 813 3396 884 legem
3443 813 3599 867 totius
3624 811 3784 867 obsero

2222 910 2417 964 vantize
2447 909 2736 964 sumeretis
2765 926 2779 964 :
2811 916 2867 964 et
2896 907 3038 963 beati
3061 905 3289 977 apostoli
3320 905 3460 960 Petri
3487 903 3649 971 sedes,
3677 919 3778 976 qua:

2221 1001 2374 1057 vobis
2430 999 2781 1056 sacerdOtalis
2824 1007 2998 1055 mater
3045 1007 3127 1054 est
3168 997 3476 1069 dignitatis,
3535 1008 3672 1052 esset
3709 1012 3784 1052 ec.

2222 1093 2540 1148 clesiasticae
2571 1093 2826 1164 magistra
2858 1090 3101 1146 rationis.
3131 1089 3288 1146 Unde
3316 1090 3455 1146 sicut
3475 1089 3684 1144 multum
3705 1104 3785 1145 nos

2222 1204 2282 1244 ea
2311 1205 2430 1260 qua:
2451 1204 2479 1242 a
2507 1187 2658 1243 vobis
2689 1188 2775 1258 pie
2797 1196 3051 1256 recteque
3098 1194 3224 1240 sunt
3252 1192 3371 1240 acta
3416 1183 3692 1248 lzetilicant,
3727 1183 3786 1238 ita

2223 1281 2451 1338 nimium
2501 1297 2564 1337 ea
2616 1295 2737 1351 quin
2782 1288 2909 1335 sunt
2951 1293 3234 1350 perperam
3280 1287 3428 1348 gesta
3476 1280 3783 1344 contristaut,

2226 1375 2480 1445 quoniam
2532 1388 2757 1430 necesse
2807 1382 2891 1428 est
2945 1381 3066 1443 post
3092 1371 3380 1426 multarum
3406 1370 3588 1426 talium
3607 1370 3790 1440 experi-

2226 1478 2408 1523 menta
2438 1482 2722 1523 causarum
2759 1465 2876 1522 hanc
2931 1466 2982 1520 iu
3025 1477 3304 1532 posterum
3362 1463 3634 1520 sollicitius
3685 1477 3788 1534 pro-

2225 1561 2380 1632 spici,
2417 1570 2472 1616 et
2495 1560 2802 1632 diligentius
2825 1559 3140 1631 praecaveri,
3168 1569 3433 1629 quatenus
3455 1574 3538 1625 ea,
3560 1574 3671 1631 quae
3688 1567 3794 1613 sunt

2229 1655 2298 1710 ah
2321 1654 2580 1726 apostolis
2620 1668 2919 1726 eorumque
2963 1651 3368 1709 successoribus
3415 1660 3630 1719 statuta,
3672 1652 3792 1708 nulla

513 1748 599 1806 Illi
626 1765 752 1806 vero
783 1765 890 1804 non
921 1748 975 1803 in
1007 1762 1170 1802 unum
1211 1745 1474 1811 habitant,
1519 1742 1609 1814 qui
1636 1759 1664 1795 a
1695 1740 1919 1796 fratrum
1947 1753 2007 1794 se
2032 1753 2122 1793 so-
2155 1753 2204 1814 Β
2229 1745 2433 1804 desidia
2492 1747 2832 1818 negligantur
2853 1789 2869 1816 ,
2920 1747 3066 1802 nulla
3129 1745 3470 1802 dissentione
3518 1746 3787 1814 violentur,

510 1841 643 1898 latio
663 1840 1011 1908 subtrahunt,
1068 1848 1162 1894 aut
1219 1837 1473 1894 fratribus
1524 1833 1746 1890 insidias
1795 1838 2119 1902 praeparant.

512 1933 633 1990 Non
679 1933 857 1990 alieno
907 1947 1024 2000 vos,
1068 1931 1295 1997 fratres,
1329 1928 1608 2002 patiamini
1638 1935 1856 1999 peccato
1904 1924 2122 1997 gravari

512 2027 604 2101 (S.
635 2026 763 2096 Leo,
796 2043 882 2098 ep.
913 2027 1033 2098 25),
1062 2027 1184 2098 quia
1216 2024 1358 2096 quod
1396 2038 1620 2080 necesse
1665 2031 1768 2082 est.
1801 2037 1900 2077 nos
1940 2019 2124 2075 dicere

515 2135 794 2187 veremur,
825 2119 878 2175 id
905 2130 1007 2187 est,
1040 2135 1107 2175 ne
1136 2117 1289 2189 cujus
1318 2117 1509 2188 religio
1530 2115 1842 2186 dissipatur,
1871 2111 2120 2183 indigna-

524 2214 602 2270 tio
631 2225 978 2285 provocetur.
1046 2212 1164 2268 Pra:
1202 2210 1373 2266 oculis
1399 2209 1625 2274 habete,
1672 2217 1728 2262 et
1773 2217 1882 2262 tota
1925 2205 2120 2262 mentis

509 2308 630 2365 acie
653 2315 968 2364 reverenter
991 2305 1218 2376 aspicite
1246 2303 1389 2361 beati
1419 2303 1560 2359 Petri
1608 2301 1860 2374 gloriam,
1912 2308 1962 2354 et
1993 2314 2117 2355 cum

507 2400 628 2470 ipso
657 2415 976 2456 communes
1004 2399 1244 2454 omnium
1266 2397 1634 2469 apostolorum
1667 2409 1919 2459 coronas,
1950 2407 2115 2447 cunc-

507 2504 791 2564 torumque
817 2501 1112 2565 martyrum
1158 2491 1395 2560 palmas,
1441 2489 1528 2560 qui
1581 2503 1676 2559 pro
1730 2485 1952 2541 fratrum
2007 2501 2115 2540 non

503 2586 892 2656 destructione,
934 2586 1029 2643 sed
1051 2585 1460 2641 continuatione
1489 2593 1545 2640 et
1567 2581 1796 2638 veritate
1821 2581 1872 2636 in
1897 2579 2115 2636 Christo

508 2695 650 2752 passi
677 2689 823 2736 sunt.
1256 2748 1348 2804 Π,

579 2843 688 2902 Nos
729 2859 881 2916 ergo,
913 2844 1002 2916 qui
1033 2843 1244 2899 Domini
1284 2840 1534 2913 discipuli
1565 2847 1617 2895 et
1651 2836 1756 2894 dici
1784 2846 1840 2894 et
1865 2852 1985 2894 esse
2015 2851 2112 2891 vo-

505 2937 707 3007 lumus,
772 2947 990 3010 portare
1019 2952 1233 2993 crucem
1263 2934 1484 2999 Clll‘isli,
1517 2943 1571 2990 et
1592 2933 1826 3004 compati
1854 2932 2110 2988 fratribus

504 3035 807 3101 debemus,
877 3046 930 3090 et
971 3049 1077 3088 non
1121 3031 1391 3105 persequi.
1452 3030 1764 3087 Suhtrahite
1810 3023 2110 3101 (rogamus)

2228 1841 2374 1897 nulla
2435 1843 2840 1899 concertatione
2892 1841 3196 1898 turbentur.
3255 1840 3398 1896 Nam
3455 1841 3585 1896 sicut
3629 1842 3677 1896 in
3710 1857 3793 1896 suo

2222 1951 2438 2006 corpore
2457 1935 2620 1990 multa
2644 1936 2868 1991 membra
2895 1934 3158 2000 habemus,
3207 1936 3380 1990 omnia
3409 1945 3581 1989 autem
3607 1934 3794 1988 membra

2224 2044 2326 2082 non
2349 2027 2580 2082 eumdem
2611 2039 2781 2083 actum
2803 2029 2987 2082 habent
3019 2043 3039 2082 .'
3059 2028 3134 2081 ita
3164 2027 3312 2080 umlti
3340 2043 3501 2081 unum
3530 2043 3700 2096 corpus
3726 2042 3798 2080 stt-

2224 2140 2338 2177 ntus
2369 2124 2421 2177 in
2444 2121 2669 2191 Christo,
2718 2123 2914 2195 singuli
2961 2131 3134 2178 autem
3185 2121 3314 2176 alter
3342 2121 3555 2176 alterius
3584 2119 3793 2176 membra.

2223 2213 2402 2288 (Rom.
2435 2217 2534 2282 xu)
2563 2214 2844 2270 Councxio
2875 2215 2953 2287 (l)
2985 2214 3144 2269 totius
3195 2214 3444 2286 corporis
3487 2214 3635 2269 uitam
3672 2213 3791 2268 saui-

2227 2315 2420 2373 tatem,
2449 2323 2609 2363 unam
2640 2306 3088 2378 pulchritudinem
3116 2306 3269 2372 facit;
3324 2316 3381 2362 et
3435 2305 3550 2362 haec
3602 2306 3786 2378 quidem

2223 2402 2491 2457 connexio
2530 2402 2692 2456 totius
2718 2403 2964 2472 corporis
3004 2401 3413 2457 unauimitatem
3448 2401 3679 2472 requirit,
3706 2397 3782 2455 sed

2219 2495 2490 2566 pra-cipue
2515 2494 2680 2565 exigit
2709 2493 3052 2551 concordiam
3097 2493 3467 2562 sacerdotum,
3510 2493 3688 2566 quibus
3711 2490 3792 2548 etsi

2217 2586 2450 2658 dignitas
2471 2588 2776 2643 communis
2818 2603 2922 2644 non
2977 2596 3080 2654 est,
3141 2597 3319 2644 tamen
3370 2587 3512 2644 ordo
3560 2583 3792 2658 generalis

2217 2689 2324 2744 est,
2357 2683 2610 2752 quoniam
2643 2693 2695 2736 et
2719 2680 2861 2737 inter
2891 2679 3231 2736 beatissimos
3258 2679 3539 2748 apostolos
3560 2680 3609 2734 in
3635 2675 3793 2734 simili-

2217 2771 2401 2826 tudine
2445 2771 2670 2828 houoris
2691 2770 2788 2827 fttit
2815 2771 3062 2843 quaedam
3101 2770 3362 2826 discretio
3411 2771 3703 2841 potestatis,
3747 2775 3792 2824 et

2219 2879 2339 2919 cum
2372 2865 2612 2920 omnium
2645 2881 2740 2936 par
2763 2873 2910 2921 esset
2935 2864 3153 2930 electio,
3203 2863 3295 2918 uni
3325 2873 3508 2920 tamen
3535 2863 3704 2920 datum
3723 2867 3790 2917 est

2221 2970 2281 3016 ut
2313 2962 2530 3017 cmteris
2575 2963 2973 3034 praemineret.
3022 2961 3098 3017 De
3128 2975 3228 3032 qua
3250 2961 3422 3018 forma
3452 2961 3786 3033 episcoporum

2212 3055 2457 3124 quredant
2489 3066 2605 3111 orta
2647 3067 2730 3112 est
2773 3055 3086 3123 distinctio,
3140 3066 3195 3112 et
3246 3072 3442 3128 magna
3491 3054 3788 3112 ordinatione

506 3139 660 3186 θθίυδ
692 3129 1154 3200 εθείίθίίθηθδίίυθ
1181 3143 1208 3180 ³
1264 3125 1458 3220 lamus
1503 3126 1862 3220 "9¢“"‘c""5t
1905 3124 1950 3178 δί
1997 3137 2104 3220 ξ¹⁰¹¹
2136 3155 2182 3218 C
2216 3149 2507 3219 provisum,
2543 3165 2610 3205 ne
2637 3166 2828 3207 omnes
2857 3150 2959 3206 sibi
2986 3150 3164 3206 omnia
3197 3124 3556 3220 vindicarent,
3600 3151 3686 3208 sed
3709 3165 3783 3206 es-

509 3223 675 3278 vultis
721 3223 893 3292 ipsam
955 3221 1006 3275 in
1059 3236 1154 3275 vos
1203 3218 1483 3288 suscipere
1514 3217 1817 3274 ultionem:
1852 3215 2106 3288 quoniam

511 3315 767 3370 talionem
798 3322 1036 3369 meretur
1086 3313 1175 3384 qui
1228 3312 1380 3367 fratri
1435 3311 1643 3368 foveam
1700 3319 1986 3382 prmparat.
2049 3310 2116 3364 Et

507 3424 610 3464 uos
634 3409 826 3463 scitote
857 3408 997 3462 hunc
1023 3405 1280 3480 (Africani
1306 3404 1427 3460 PP.
1461 3406 1536 3459 in.
1560 3422 1641 3478 ep.
1665 3406 1733 3459 ad
1759 3401 2108 3474 Bonifacium)

503 3501 727 3574 typhum
776 3501 1030 3570 deinceps
1081 3513 1185 3553 non
1235 3513 1355 3554 esse
1401 3512 1677 3569 passuros,
1717 3506 1862 3552 utea
1893 3511 2014 3564 qua:
2041 3493 2110 3550 ad

506 3594 652 3652 hanc
678 3593 985 3666 specialiter
1013 3604 1252 3649 sanctam
1283 3591 1553 3662 pertinent
1584 3590 1792 3655 sedem,
1841 3591 1979 3646 sicut
2023 3589 2113 3660 ju-

505 3688 646 3744 dicia
699 3687 1074 3757 episcoporum
1102 3695 1157 3741 et
1202 3685 1436 3756 majores
1487 3685 1744 3740 Ecclesia:
1798 3699 1996 3750 caiism,
2054 3691 2113 3738 ut

513 3782 676 3854 paulo
697 3783 948 3854 superius
976 3780 1310 3853 praelibatum
1351 3789 1456 3848 cst,
1490 3796 1585 3836 vos
1641 3780 1907 3852 patiamur
1957 3778 2112 3836 nobis

504 3875 824 3932 inconsultis
849 3874 1106 3930 invadere
1147 3874 1354 3946 absque
1399 3876 1562 3932 ve5tri
1618 3884 1789 3930 status
1844 3874 2108 3945 periculo.

505 3967 612 4026 Sed
637 3968 680 4022 si
709 3967 830 4038 quis
852 3967 919 4022 ab
947 3966 1206 4022 hodierna
1237 3967 1326 4024 die
1383 3977 1438 4023 ct
1483 3967 1741 4039 deinceps
1796 3967 2107 4038 episcopum

507 4069 707 4131 praeter
733 4059 891 4132 hujus
920 4070 1122 4116 sanctae
1148 4059 1292 4116 sedis
1322 4059 1642 4116 sententiam
1686 4058 1963 4126 damnare,
2018 4066 2110 4114 aut

497 4155 716 4227 propria
767 4154 970 4227 pellere
1021 4153 1152 4211 sede
1191 4153 1594 4227 prtesumpscrit
1624 4196 1639 4222 ,
1672 4153 1804 4210 sciat
1858 4168 1917 4209 se
1972 4152 2106 4210 irre-

497 4249 884 4320 cuperabiliter
904 4262 1025 4303 esse
1052 4247 1384 4313 damnatum,
1434 4255 1490 4303 et
1516 4246 1738 4318 proprio
1766 4262 1955 4303 carere
1981 4261 2103 4317 per-

497 4343 664 4414 petitu
694 4342 921 4407 honore,
951 4356 1154 4413 eosque
1190 4342 1280 4412 qui
1320 4341 1524 4412 absque
1575 4340 1735 4412 hujus
1780 4340 1927 4398 sedis
1976 4349 2104 4397 sunt

495 4435 654 4505 ejecti
685 4435 951 4492 sententia
979 4435 1062 4490 vel
1085 4433 1346 4499 damnati,
1376 4434 1534 4503 hujus
1555 4442 1757 4490 sanctae
1792 4433 1938 4490 sedis
1967 4449 2098 4490 auc-

2215 3254 2336 3298 scut
2367 3243 2419 3297 iu
2451 3243 2678 3315 singulis
2708 3244 2995 3314 provinciis
3023 3244 3234 3316 singuli,
3287 3260 3521 3317 quorum
3545 3246 3672 3302 inter
3697 3243 3782 3299 fra-

2217 3348 2326 3394 tres
2370 3337 2662 3394 haberetur
2715 3339 2886 3410 prima
2925 3339 3214 3406 sententia,
3267 3350 3323 3396 et
3361 3357 3574 3398 rursum
3598 3339 3781 3412 quidam

2217 3432 2268 3486 iu
2328 3431 2622 3502 majoribus
2650 3431 2871 3488 urbibus
2929 3433 3202 3488 constituti
3237 3432 3646 3490 sollicitudinem
3689 3431 3782 3503 ejus

2212 3526 2552 3595 susciperent
2579 3526 2920 3597 ampliorem,
2970 3542 3064 3596 per
3091 3541 3227 3597 quos
3253 3527 3318 3581 ad
3345 3543 3508 3582 unam
3535 3528 3665 3583 beati
3695 3527 3778 3580 Pe-

2216 3618 2283 3674 tri
2311 3619 2496 3675 sedem
2555 3619 2876 3675 universalis
2903 3619 3158 3676 Ecclesia:
3203 3635 3329 3675 cura
3388 3620 3690 3688 conﬂueret,
3736 3626 3779 3673 et

2213 3713 2347 3770 nihil
2371 3730 2592 3786 usquam
2621 3732 2650 3770 a
2676 3730 2776 3770 suo
2795 3715 2970 3786 capite
3021 3714 3327 3771 dissideret.
3399 3716 3499 3785 Qui
3547 3730 3665 3787 ergo
3699 3711 3779 3769 scit

2211 3822 2270 3864 se
2285 3807 2604 3880 quibusdam
2635 3807 3005 3879 prmpositum,
3035 3823 3140 3862 non
3166 3808 3393 3864 moleste
3422 3807 3555 3865 ferat
3577 3807 3773 3878 aliquem

2211 3899 2314 3956 sibi
2371 3915 2493 3958 csse
2539 3901 2844 3973 praelatum,
2898 3899 2994 3956 sed
3042 3899 3407 3957 obedientiam
3457 3916 3610 3972 quam
3643 3897 3777 3968 exigit

2212 3994 2373 4050 etiam
2401 3994 2514 4064 ipse
2540 3992 2831 4064 dependat.
2876 3991 3053 4049 Nolite
3078 3993 3249 4065 itaque
3274 4009 3470 4060 errare,
3503 3996 3673 4065 fratres
3696 3986 3774 4044 mei

2210 4085 2548 4142 dilectissimi.
2580 4085 2841 4142 Doctrinis
2865 4087 3020 4142 variis
3049 4096 3095 4141 et
3141 4088 3401 4143 extraneis
3428 4088 3584 4142 nolite
3617 4080 3772 4140 abduci

2209 4179 2231 4252 (
2249 4180 2406 4236 Ilebr.
2426 4196 2518 4236 aut
2538 4180 2576 4251 ).
2596 4179 2675 4236 En
2690 4181 2929 4237 instituta
2943 4181 3311 4253 apostolorum
3325 4179 3770 4254 etapostolieorum

2206 4275 2442 4330 virorum
2458 4290 2801 4347 canonesquc
2821 4275 3028 4332 habetis
3042 4274 3200 4348 (Dist.
3221 4291 3282 4341 ιι,
3303 4274 3483 4332 Nolite
3494 4272 3688 4344 errare),
3701 4269 3766 4324 his

2208 4368 2474 4437 fruimiui,
2506 4370 2589 4426 his
2625 4367 3053 4433 circumdamini,
3086 4368 3169 4424 his
3199 4369 3564 4434 delectamiui,
3605 4366 3680 4422 his
3699 4378 3768 4418 ar-

2201 4463 2443 4531 tnamiui,
2487 4472 2546 4518 ut
2585 4462 2671 4519 his
2705 4462 2850 4529 freti,
2884 4461 3240 4529 circumdati,
3281 4461 3555 4526 delectati,
3585 4455 3764 4519 armati,

495 4531 714 4628 ξθτῃθίθ
742 4529 1242 4628 §°i““e_P"_‘s“'}ff"‘
1276 4529 1519 4628 meme"?
1551 4526 2008 4628 ⁰⁰¹¹¹¹¹¹¹¹ξ¹ί⁰¹¹θ¹¹¹ν
2042 4537 2098 4584 ⁸³
2123 4557 2175 4619 D
2200 4568 2384 4613 contra
2423 4526 2613 4614 cuncta
2646 4526 2985 4614 inimicorum
3014 4557 3187 4627 jacula
3227 4526 3526 4628 persistere
3551 4553 3758 4611 valeatis.

497 4623 554 4680 in
576 4624 807 4695 prepriis
829 4623 1033 4679 restitui
1052 4623 1271 4679 sedibus
1303 4640 1315 4676 :
1341 4623 1592 4694 quoniam
1624 4631 1678 4676 et
1707 4623 1876 4694 prius,
1906 4639 1934 4676 a
1963 4633 2096 4679 tem-

494 4732 630 4789 pore
659 4716 862 4773 scilicet
889 4717 1274 4788 apostolorum,
1306 4715 1423 4772 ιιωο
1453 4715 1577 4771 huic
1600 4715 1714 4771 sedi
1743 4726 1945 4771 sancta:
1967 4731 2096 4772 cou-

495 4825 650 4869 ccssa
694 4821 838 4875 sunt,
894 4822 950 4866 et
1006 4820 1191 4881 postea
1219 4812 1272 4866 in
1297 4819 1588 4867 memorata
1621 4807 1835 4866 Nicatna
1863 4809 2094 4882 synodo,

497 4916 720 4978 propter
747 4920 1036 4976 pravorum
1065 4907 1340 4962 hominum
1365 4905 1760 4971 infestatioues,
1795 4915 1956 4976 atque
1979 4905 2092 4961 hm-

492 5000 784 5056 reticorum
827 4999 1230 5068 persecutiones
1253 5041 1268 5065 ,
1324 5008 1379 5054 et
1411 4999 1777 5054 insidiantium
1815 4998 2092 5055 molimina

496 5094 748 5162 fratrum,
795 5104 920 5149 sunt
951 5094 1291 5148 concorditer
1329 5093 1396 5148 ah
1430 5093 1680 5149 omnibus
1720 5093 2088 5162 corroborata,

490 5196 552 5244 ut
603 5187 772 5260 magis
819 5184 1013 5257 singuli
1073 5185 1388 5256 provideant
1437 5186 1532 5260 (al.
1590 5187 1966 5259 pra-videant),
2023 5203 2091 5244 ne

489 5280 615 5336 talia
642 5279 874 5335 audeant
903 5287 1241 5348 perpetrare,
1291 5287 1346 5332 et
1387 5290 1634 5344 caveant,
1667 5279 1710 5334 si
1736 5296 1840 5335 nou
1867 5289 2090 5353 propter

489 5375 662 5431 Deum
709 5382 764 5430 et
799 5387 1039 5428 amorem
1087 5370 1310 5426 fratrum
1356 5371 1452 5444 (ul.
1504 5371 1859 5445 fraternum),
1908 5387 2086 5431 tamen

484 5478 704 5541 propter
729 5467 1076 5540 opprobrium
1109 5465 1408 5529 hominum,
1439 5466 1689 5521 ruborem
1740 5483 1896 5524 suum
1925 5481 2086 5541 atque

485 5567 798 5622 canonicam
825 5565 1106 5630 ultionem,
1146 5563 1340 5620 saltem
1375 5562 1492 5619 haec
1521 5561 1712 5618 timore
1741 5574 1794 5618 et
1825 5581 2086 5621 verecun-

553 5699 633 5771 (l)
675 5697 1012 5771 Ha_dr.coll.
1053 5697 1144 5754 45.
1179 5695 1428 5771 ,Habetur
1468 5692 1626 5771 infra
1652 5694 1704 5748 in
1751 5695 1901 5771 decr.
1954 5695 2081 5753 Julii

481 5765 653 5842 papa"),
683 5769 762 5825 Ad
784 5769 1076 5826 orientales
1103 5770 1384 5841 episcopos
1415 5781 1511 5841 pro
1540 5765 1857 5824 Athanasio.

2202 4650 2344 4706 Satis
2386 4650 2530 4706 enim
2606 4650 2880 4723 indignum
2932 4649 3211 4721 (Gelasius,
3241 4666 3325 4719 ep.
3382 4651 3438 4715 9,
3489 4667 3535 4704 c.
3583 4645 3662 4717 10)
3698 4649 3764 4698 est

2197 4759 2518 4815 quemquam
2573 4744 2659 4799 vel
2704 4743 3036 4814 pontiﬁcum,
3073 4743 3154 4799 vel
3184 4743 3435 4798 ordinum
3463 4742 3756 4809 subsequen-

2193 4835 2346 4900 tium,
2379 4835 2514 4891 hanc
2541 4836 2780 4908 regulam
2805 4836 3062 4902 refutare,
3093 4851 3252 4907 quam
3277 4835 3420 4892 beati
3445 4833 3582 4892 Petri
3602 4828 3754 4886 sedem

2195 4937 2250 4984 et
2273 4929 2422 5000 sequi
2453 4929 2629 4986 videat
2655 4940 2710 4986 et
2731 4929 2950 4987 docere.
3008 4929 3228 4985 Multum
3260 4929 3405 4986 enim
3431 4925 3680 4990 convenit,
3711 4927 3757 4976 ut

2197 5032 2367 5078 totum
2393 5039 2591 5097 corpus
2640 5023 2900 5081 Ecclesia:
2928 5026 2979 5080 in
3026 5024 3125 5080 hac
3172 5023 3389 5079 sibimet
3419 5020 3755 5081 observatione

2193 5119 2510 5186 concordet,
2549 5136 2668 5192 qua:
2707 5119 2832 5176 inde
2857 5120 3234 5176 auctoritatem
3263 5119 3447 5185 habet,
3492 5118 3574 5174 ubi
3604 5109 3751 5170 Domi-

2193 5229 2294 5268 nus
2313 5213 2570 5269 Ecclesite
2596 5213 2758 5269 totius
2782 5215 2958 5285 posuit
2979 5214 3359 5285 principatum,
3385 5206 3749 5276 dicenteScrip-

2193 5314 2308 5360 tura
2331 5323 2343 5360 :
2371 5305 2617 5361 Ordinate
2645 5305 2697 5361 in
2728 5323 2807 5361 me
2831 5307 3130 5363 charitatem
3152 5305 3326 5376 (Cant.
3353 5305 3433 5377 tt).
3470 5306 3530 5360 Et
3554 5303 3744 5359 iterum:

2196 5397 2383 5453 Omnia
2403 5414 2519 5453 cum
2541 5400 2720 5454 ordine
2747 5400 2875 5470 [iant
2905 5399 2960 5473 (1
2993 5399 3113 5457 Cor.
3141 5398 3286 5472 xtv).
3318 5399 3612 5467 lterumque
3627 5390 3745 5448 l‘sal-

2267 5555 2346 5620 (l)
2370 5553 2513 5609 Idem
2547 5553 2676 5620 Leo,
2703 5555 2900 5612 ibidem
2937 5599 2951 5623 ,
2995 5556 3136 5612 unde
3164 5556 3371 5628 liquere
3398 5554 3618 5612 arbitror
3639 5562 3740 5628 eru-

2190 5626 2315 5682 ditis
2343 5642 2501 5694 quatn
2558 5628 2771 5697 ineptus
2808 5628 2971 5685 fuerit
3015 5626 3552 5684 harum’laciuiarum
3582 5627 3740 5697 sartor

2189 5700 2278 5770 qui
2305 5693 2535 5770 posteris
2563 5693 2756 5770 oculos
2779 5715 2972 5756 eruere
2994 5701 3183 5756 voluit.
3208 5699 3364 5757 Plura
3386 5714 3456 5757 ex
3484 5697 3563 5754 bis
3579 5693 3740 5753 baben-

2191 5767 2278 5826 titr
2302 5769 2353 5825 in
2381 5767 2640 5828 decretali
2668 5771 2895 5843 epistola
2921 5771 3102 5847 Vigilii
3135 5787 3304 5845 papas.

3945 4349 3949 4529 λ
