4046 6302
328 309 432 370 977

1157 300 1486 360 EPISTOLA
1534 293 2017 356 ORIENTALIUM
2057 293 2148 350 AD
2187 290 2435 351 JULIUM
2474 291 2708 349 ΡΑΡΑΜ
2748 292 2788 347 l.

3523 290 3629 348 978

327 424 487 483 mista
520 421 848 494 prmdicante
882 439 896 475 :
929 419 1253 475 Circuutdate
1283 418 1434 484 Sion,
1459 425 1505 472 et
1525 413 1922 484 complectimini
1949 413 2000 473 Α
2028 409 2110 482 pis
2140 410 2399 478 damnati,
2428 409 2759 467 Athanasius
2791 408 3212 479 Alexandrinus,
3261 411 3456 469 Paulus
3494 412 3636 470 Con-

327 536 460 585 eam,
489 528 696 573 narrate
718 518 770 571 in
801 516 1026 570 turribus
1049 517 1184 588 ejus.
1237 511 1422 566 Ponite
1447 510 1604 566 corda
1627 518 1811 572 vestra,
1867 508 1920 561 in

327 615 509 669 virtute
532 611 668 679 eius,
698 620 750 663 ut
775 610 1021 666 enarretis
1054 608 1108 662 in
1144 606 1407 678 progenies
1437 605 1648 672 alteras,
1681 602 1923 673 quoniam

329 709 412 764 hic
441 718 514 764 est
555 707 715 774 Deus,
759 705 1012 761 Dominus
1065 703 1160 776 (al.
1199 701 1382 771 Deus)
1430 711 1599 756 noster
1664 699 1717 752 in
1769 704 1923 751 teter-

329 818 474 868 num,
530 812 576 856 et
621 801 730 871 ipse
774 809 913 870 reget
960 814 1052 852 nos
1094 798 1147 850 in
1199 793 1392 851 sa’cula
1437 791 1662 865 (Psalm.
1699 804 1850 845 nvu
1877 787 1922 861 ).

327 892 505 950 Ofﬁcii
528 893 670 948 enim
698 892 866 948 nostri
895 888 1328 946 considerati;.ne
1364 903 1467 941 non
1496 896 1580 940 est
1625 883 1779 938 nobis
1817 881 1929 936 dis-

327 985 607 1051 simulare,
648 998 754 1038 non
776 992 857 1038 est
890 992 1069 1038 tacere
1097 980 1318 1036 libertas
1344 977 1440 1048 (al.
1464 976 1746 1042 liberum),
1803 972 1925 1044 qui.

328 1079 430 1134 bus
462 1078 634 1148 major
681 1076 894 1133 cunctis
919 1075 1227 1132 christiana:
1253 1072 1526 1144 religionis
1546 1071 1696 1126 zelus
1722 1069 1929 1124 incum-

334 1171 432 1237 bit,
466 1185 569 1227 nec
598 1185 694 1241 per
738 1168 1159 1224 taciturnitatem
1190 1176 1279 1220 aut
1308 1163 1488 1220 favere
1511 1172 1600 1218 aut
1619 1160 1927 1216 consentire

331 1263 614 1319 videamur
637 1261 861 1318 fratrum
903 1260 1263 1316 nocumentis.
1310 1259 1440 1313 Data
1487 1253 1744 1312 Kalendis
1769 1252 1929 1309 Octo-

329 1357 463 1424 bris,
520 1355 793 1413 Feliciano
822 1367 874 1412 et
903 1355 1228 1410 Maximiano
1280 1353 1448 1427 (fort.
1479 1348 1756 1421 Titianio)
1801 1348 1928 1404 viris

331 1451 647 1513 clarissimis
683 1449 998 1508 consulibus
1025 1450 1189 1521 (anno
1211 1447 1358 1521 557).

907 1563 1238 1622 EPISTOLA
1279 1562 1357 1638 (ι)

649 1673 1014 1716 οκιεΝτΑιιωι
1045 1674 1114 1716 ΑΙ)
1141 1674 1329 1714 ιυιιυκ
1357 1671 1526 1714 PAPAI
1560 1672 1597 1712 l.

826 1757 998 1824 (Cone.
1023 1764 1060 1808 ι.
1094 1773 1147 1817 ιι,
1175 1757 1271 1811 col.
1294 1756 1429 1820 481.)

2025 505 2533 576 Stantinopolitauus
2556 546 2570 569 ,
2601 504 2883 560 Marcellus
2914 503 3145 576 Ancyrae
3174 545 3187 568 ,
3217 503 3503 576 Asclepins
3529 506 3637 563 Ga-

2025 613 2105 653 zae
2126 639 2142 664 ,
2166 597 2536 668 anianusque
2557 597 2635 670 (Ι)
2660 595 3128 667 Hadrianopolites
3153 635 3168 661 ,
3200 611 3298 667 pro
3325 597 3491 653 certis
3519 598 3630 654 cri-

2029 691 2296 756 minibus,
2329 691 2526 762 quibus
2553 690 2844 746 adversarii
2875 699 2999 745 sunt
3019 688 3161 760 apud
3210 704 3309 744 nos
3339 690 3582 761 inscripti
3609 733 3625 758 ,

2027 801 2146 858 qua:
2187 801 2283 856 per
2315 794 2609 856 praesentes
2641 784 2800 854 hujus
2829 783 3072 854 epistola:
3103 783 3301 839 latores
3322 783 3503 838 omnia
3527 784 3629 840 sub

2029 886 2174 933 certa
2218 877 2480 933 relatione
2526 885 2720 932 vestra:
2786 876 3126 932 innotescere
3179 891 3285 930 non
3338 876 3639 932 omittimus

2029 971 2320 1026 Sanctitati.
2364 971 2569 1040 Quibus
2609 971 2841 1041 agnitis,
2887 971 2930 1024 si
2978 969 3177 1024 nostris
3221 968 3433 1040 placitis
3465 968 3636 1037 magis

2035 1081 2194 1133 quam
2227 1079 2417 1120 eorum
2453 1061 2942 1119 machinationibus
2967 1061 3266 1126 assentire,
3317 1069 3373 1116 et
3423 1060 3641 1117 ordina-

2035 1165 2119 1214 tos
2148 1158 2430 1229 episc0pos
2457 1155 2625 1225 (Hist.
2658 1155 2804 1227 Trip.
2840 1171 2912 1220 tv,
2943 1155 3033 1227 lii)
3062 1156 3112 1209 in
3153 1153 3530 1210 damnatorum
3559 1153 3640 1210 lo-

2032 1252 2338 1307 colirmare
2383 1249 2616 1320 eligitis,
2670 1263 2855 1320 pacem
2890 1247 3173 1303 vobiscum
3219 1255 3275 1301 ct
3301 1245 3640 1303 communio-

2034 1361 2157 1403 nem
2185 1345 2384 1401 haberc
2430 1344 2709 1400 volumus:
2743 1342 2789 1399 si
2838 1358 2968 1398 vero
2995 1341 3151 1398 aliter
3194 1342 3413 1412 egeritis
3436 1384 3451 1409 ,
3481 1351 3535 1397 et
3561 1342 3642 1396 eis

2032 1439 2297 1508 amplius.
2326 1453 2483 1509 quam
2511 1437 2667 1494 nobis
2690 1436 2956 1493 assentire
2978 1435 3351 1506 judicaveritis
3373 1475 3389 1502 ,
3422 1443 3644 1490 contra-

2034 1535 2113 1590 ria
2141 1533 2530 1591 celebrabimus
2554 1574 2570 1601 ,
2601 1541 2656 1588 et
2687 1531 2966 1587 vobiscum
2995 1530 3252 1601 deinceps
3283 1544 3382 1587 nec
3409 1543 3642 1600 congre-

2034 1627 2187 1697 gari,
2220 1642 2319 1682 nec
2359 1625 2513 1682 vobis
2560 1623 2818 1688 obedire,
2877 1640 2974 1680 nec
3000 1623 3155 1679 vobis
3201 1623 3501 1693 vestrisque
3558 1624 3639 1677 fa-

2035 1733 2163 1775 vere
2187 1720 2432 1776 volumus
2457 1761 2472 1784 ,
2503 1717 2598 1774 sed
2647 1732 2742 1788 per
2779 1731 2879 1772 nos
2898 1759 2914 1782 ,
2946 1714 3206 1787 quidquid
3237 1715 3432 1772 melius
3458 1715 3640 1786 elege-

330 1846 598 1898 ρευωηωι-
619 1843 750 1909 quod
786 1807 1267 1894 in‘
1298 1807 1555 1907 τρεέρρνη
1588 1841 1926 1904 Athanasium,
1955 1825 2006 1886 Β
2033 1813 2224 1880 rimus,
2247 1828 2407 1884 agere
2433 1811 2770 1867 conabimur.
2799 1809 2932 1866 Natu
2964 1809 3144 1864 nullus
3165 1809 3324 1865 estin
3358 1807 3458 1863 hac
3482 1816 3636 1876 parte

656 1936 711 1981 et
729 1937 939 1980 cazteros
959 1942 1085 1993 quos
1107 1930 1203 1992 ipsi
1225 1928 1596 1978 damnaverant.

329 2013 554 2073 Domino
590 2014 882 2070 beatissimo
928 2024 976 2067 et
1005 2012 1292 2068 honorabili
1328 2012 1462 2082 patri
1498 2010 1678 2078 Julia,
1725 2022 1934 2082 aposto—

402 2109 516 2165 lica:
541 2107 678 2163 sedis
700 2105 974 2163 venerabili
1004 2107 1240 2179 episcopo
1256 2123 1276 2173 ;
1309 2098 1588 2171 Eusebius,
1615 2101 1932 2176 Theognius,

406 2201 740 2270 Theodorus,
776 2211 822 2257 et
854 2201 934 2274 (2)
953 2200 1224 2256 Berintlms
1251 2217 1353 2254 una
1383 2216 1497 2253 cum
1525 2199 1732 2270 reliquis
1757 2198 1937 2271 [ratri-

405 2302 498 2354 bus
516 2309 560 2354 et
577 2299 890 2370 coepiscOpis
913 2297 1120 2362 nostris,
1143 2297 1194 2350 in
1218 2295 1488 2350 Antiochia
1504 2291 1930 2368 congregatis(5).

404 2392 558 2450 Licet
592 2392 734 2448 circa
789 2405 980 2446 omnes
1031 2389 1328 2444 Romanam
1369 2388 1651 2444 ecclesiam
1703 2389 1937 2444 sciamus

331 2503 453 2545 esse
493 2487 802 2544 muniﬁcam
827 2529 844 2551 .
892 2495 950 2543 et
978 2486 1326 2558 apostolicam
1379 2484 1578 2541 habere
1606 2499 1833 2551 curam,
1884 2495 1939 2540 et

331 2599 550 2654 semper
608 2593 836 2638 matrem
887 2583 1124 2637 existere
1190 2581 1442 2650 pietatis,
1495 2595 1818 2651 quamquam
1869 2580 1937 2635 ab

332 2677 556 2735 Oriente
581 2677 648 2732 ad
697 2692 816 2732 eam
845 2675 1224 2746 prmtlicatores
1253 2673 1420 2749 (Hist.
1453 2673 1597 2744 Trip.
1642 2689 1724 2742 tv,
1758 2672 1822 2728 l6
1849 2713 1864 2739 ,
1891 2683 1939 2726 et

335 2773 462 2830 Soz.
492 2787 549 2827 ut
572 2813 586 2836 ,
618 2769 691 2840 7)
734 2770 945 2840 pietatis
969 2768 1352 2835 advenissent,
1405 2776 1580 2822 tamen
1627 2776 1939 2836 optaremus

333 2882 433 2922 vos
461 2864 744 2920 nobiscum
791 2861 1163 2928 concordare,
1217 2872 1271 2917 et
1322 2875 1460 2930 quos
1505 2875 1534 2914 a
1561 2857 1939 2915 communione

335 2957 756 3029 suspendimus,
808 2971 836 3008 a
869 2951 1021 3011 vobis
1068 2968 1190 3009 esse
1240 2967 1574 3022 suapensos:
1607 2962 1662 3007 ct
1708 2967 1844 3023 quos
1886 2952 1937 3007 in

337 3051 528 3108 ordine
550 3048 934 3106 conﬁrmamus
959 3048 1334 3120 episcoporum
1362 3089 1376 3113 ,
1407 3062 1437 3102 a
1467 3047 1618 3102 vobis
1647 3061 1768 3102 esse
1809 3061 1941 3102 con-

337 3145 667 3202 ﬁrmandos:
697 3159 798 3200 nec
823 3158 922 3199 nos
947 3142 1185 3200 secundo
1217 3143 1335 3197 loco
1367 3141 1683 3210 habendos;
1717 3158 1841 3198 cum
1873 3158 1939 3197 ex

2038 1915 2304 1962 terrarum
2349 1913 2564 1961 :rtatem
2594 1904 2800 1960 habens
2825 1945 2840 1970 ,
2887 1904 2977 1974 qui
3022 1904 3231 1975 ignoret
3261 1901 3639 1970 praedictorum

2037 2002 2311 2062 molimina
2357 2001 2704 2056 scductorum
2729 2040 2744 2066 ,
2777 2006 3001 2071 propter
3023 2012 3119 2054 eos
3145 1996 3288 2052 etaim
3315 1995 3483 2051 multa
3511 2004 3639 2050 sunt

2037 2095 2176 2150 mala
2228 2100 2479 2164 peracta,
2536 2092 2704 2148 multa
2756 2089 2983 2147 concilia
3038 2088 3266 2144 diversis
3320 2095 3377 2143 et
3437 2086 3645 2157 asperis

2039 2187 2372 2260 temporibus
2401 2185 2670 2242 celebrata
2691 2226 2706 2251 ,
2735 2185 2918 2240 multae
2945 2181 3246 2239 seditiones
3269 2221 3285 2246 ,
3322 2178 3508 2235 multae
3528 2192 3645 2232 ma-

2037 2281 2374 2337 chinationes
2397 2275 2785 2350 (seductiones)
2811 2318 2824 2341 ,
2859 2275 3027 2332 multa
3067 2272 3224 2330 nobis
3254 2270 3544 2342 opprobria
3575 2270 3646 2325 il-

2039 2376 2144 2431 lata
2175 2374 2256 2446 (2)
2283 2413 2298 2439 ,
2332 2383 2386 2429 et
2414 2373 2519 2428 alia
2567 2373 2734 2426 multa
2792 2386 2912 2440 qua:
2959 2381 3280 2424 enumerare
3322 2363 3644 2435 perlongum

2042 2480 2144 2527 est.
2175 2469 2308 2525 Nam
2340 2469 2384 2523 si
2416 2468 2501 2524 his
2529 2467 2838 2524 consentire
2877 2465 3074 2537 eligitis
3095 2507 3111 2531 ,
3143 2472 3271 2518 tunc
3303 2463 3472 2532 liquet
3498 2457 3643 2530 quod

2041 2578 2140 2620 nos
2171 2563 2396 2633 perdere
2426 2561 2587 2617 vultis
2610 2603 2624 2628 ,
2669 2569 2726 2617 et
2767 2576 2875 2616 non
2899 2603 2913 2626 ,
2948 2569 3004 2614 ut
3034 2569 3187 2628 pater
3218 2556 3389 2622 ﬁlios,
3439 2553 3644 2608 fovere.

2042 2657 2238 2713 Dicunt
2283 2655 2427 2711 enint
2458 2665 2514 2710 et
2550 2653 2824 2709 afﬁrmant
2851 2662 2958 2707 tam
3014 2650 3160 2707 cives
3187 2650 3412 2705 istorutn
3433 2688 3450 2715 ,
3480 2657 3646 2716 quam

2041 2748 2202 2804 etiam
2231 2745 2544 2802 sacerdotes
2569 2759 2756 2801 eorum
2783 2787 2799 2810 ,
2831 2743 2929 2799 hos
2959 2741 3144 2798 fovere
3173 2754 3269 2796 vos
3293 2737 3434 2794 velle
3462 2734 3640 2791 homi-

2041 2840 2190 2897 cidas
2218 2839 2430 2912 (Athan.
2462 2838 2604 2911 apol.
2636 2853 2673 2894 ll
2692 2879 2709 2904 ,
2733 2837 2876 2891 etad
2898 2836 3037 2891 solit.
3071 2833 3184 2890 Hil.
3207 2833 3260 2887 in
3291 2829 3529 2904 fragon),
3560 2842 3648 2882 sa-

2042 2948 2257 2990 crorum
2289 2932 2610 3002 templorum
2641 2944 2946 2995 eversores,
2969 2927 3234 3000 virginum
3263 2934 3605 2995 stupratores
3629 2963 3644 2986 ,

2043 3043 2324 3084 sacrorum
2377 3026 2634 3083 librorum
2669 3025 3015 3090 incensores,
3057 3034 3446 3088 sacrorumque
3494 3030 3652 3071 vaso-

2045 3137 2162 3176 rum
2189 3161 2204 3186 ,
2233 3136 2298 3175 ac
2325 3130 2644 3176 cancrorum
2674 3133 2953 3174 sacrorum
2983 3113 3410 3171 ministeriorum
3439 3110 3656 3167 frauda-

338 3241 424 3297 bis
450 3239 691 3310 partibus
716 3238 781 3293 ad
809 3253 901 3292 vos
925 3251 1096 3308 usque
1116 3235 1536 3307 dogmatizantes
1556 3201 1782 3306 apostoli
1812 3251 1938 3307 per-

2049 3222 2194 3268 tores
2215 3254 2230 3280 ,
2258 3211 2562 3268 ofﬁciorum
2597 3210 2933 3281 neglectores
2954 3250 2969 3276 ,
3003 3206 3388 3277 imperatorum
3414 3201 3608 3258 inﬁdos
3633 3243 3651 3266 ,

338 3333 603 3389 venerint.
636 3331 748 3388 Nec
777 3331 922 3386 enim
945 3344 1046 3386 nos
1072 3331 1269 3386 vestris
1296 3329 1671 3385 resultavimus
1695 3335 1940 3402 quamvis

339 3428 445 3484 hoc
471 3442 632 3499 agerc
682 3425 1048 3497 potuissemus
1071 3465 1088 3491 ,
1121 3423 1338 3495 quando
1383 3422 1711 3479 Novatianus
1748 3440 1778 3479 a
1827 3424 1941 3480 Ro»

337 3537 498 3578 mana
531 3523 713 3593 pulsus
741 3530 825 3575 est
851 3519 1114 3585 ecclesia,
1167 3518 1419 3589 quoniam
1454 3519 1534 3592 (ut
1573 3520 1726 3590 juxta
1753 3520 1940 3592 vulga-

339 3630 456 3672 rem
486 3611 928 3670 consuetudinem
977 3609 1280 3684 loquamur)
1311 3612 1603 3668 inimicitias
1627 3613 1807 3683 quazrit
1834 3630 1944 3668 om-

340 3712 425 3765 nis
453 3710 542 3780 qui
571 3709 678 3764 vult
705 3707 938 3762 recedere
962 3706 1217 3760 abamico
1244 3705 1425 3777 (Prov.
1463 3707 1673 3774 xxvut).
1705 3706 1813 3761 Nec
1839 3707 1943 3762 cri-

341 3803 489 3859 mine
532 3814 720 3856 carere
753 3808 962 3869 potest,
996 3799 1084 3869 qui
1133 3797 1355 3852 alterius
1380 3798 1898 3853 excomntunicatum
1924 3838 1940 3865 ,

341 3896 546 3965 absque
573 3895 690 3962 ejus
719 3891 933 3948 licentia
959 3932 974 3956 ,
1024 3905 1054 3945 a
1101 3905 1208 3960 quo
1235 3889 1612 3945 communione
1641 3897 1725 3944 est
1767 3889 1946 3959 priva-

344 3998 432 4046 tus
453 4029 468 4055 ,
502 3988 554 4043 in
584 3986 1016 4043 communionem
1052 3983 1384 4056 susceperit,
1415 3983 1712 4039 canonibus
1739 3983 1947 4038 scilicet

339 4080 653 4152 iubentibus
679 4121 695 4148 ,
725 4090 781 4134 ut
801 4077 1298 4135 excommunicatus
1319 4075 1386 4129 ab
1416 4074 1536 4130 aliis
1560 4116 1575 4139 ,
1604 4075 1671 4130 ab
1692 4075 1811 4130 aliis
1838 4089 1944 4130 non

344 4175 707 4246 suscipiatur,
764 4173 1070 4228 viventibus
1127 4172 1232 4226 illis
1278 4170 1529 4241 aquibus
1571 4170 1949 4226 communione

347 4269 587 4340 privatus
613 4283 732 4323 esse
754 4268 1106 4336 dignoscitur.
1123 4264 1233 4320 Nec
1255 4264 1426 4320 solum
1447 4264 1498 4318 in
1524 4261 1608 4318 his
1638 4263 1793 4318 nobis
1816 4278 1946 4318 con-

348 4361 624 4418 tumeliam
641 4360 915 4431 irrogatis,
933 4359 1028 4415 sed
1043 4359 1205 4413 etiam
1221 4357 1272 4413 in
1290 4356 1374 4412 his
1391 4399 1404 4422 ,
1420 4355 1560 4427 quod
1576 4356 1804 4411 concilia
1821 4371 1948 4411 uos-

347 4464 430 4510 tra
445 4455 758 4520 dissolvitis,
781 4467 954 4524 neque
973 4467 1036 4506 ea
1058 4459 1173 4507 rata
1199 4450 1374 4505 sinitis
1395 4463 1534 4505 esse.
1567 4448 1705 4504 Sunt
1721 4462 1953 4518 namque

351 4563 383 4604 a
451 4547 650 4617 nobis,
730 4555 783 4603 et
846 4545 1079 4602 maxime
1153 4559 1181 4597 a
1236 4542 1398 4597 totius
1449 4541 1685 4597 Orientis
1744 4541 1954 4613 episco-

425 4666 504 4738 (Ι)
523 4665 656 4738 Bar.
675 4664 901 4738 aliisque
926 4658 1542 4738 cruditis_co_mmcntitia
1556 4675 1622 4714 ex
1642 4657 1804 4714 variis
1817 4657 1952 4714 alio-

360 4732 494 4796 rum
513 4732 827 4808 fragmentis
871 4735 1051 4808 latiueA
1065 4732 1280 4808 scriptis
1302 4739 1548 4808 causata.

428 4810 509 4882 (2)
539 4802 856 4882 Theodorus
888 4807 991 4882 fuit
1027 4804 1408 4882 Perinthisive
1439 4802 1713 4858 Heraclea:
1741 4802 1956 4873 episco-

361 4875 466 4955 pus
490 4875 663 4955 quem
697 4881 752 4955 in
776 4879 913 4955 duo:
941 4878 1192 4955 distrahit
1219 4875 1492 4955 falsarius.

430 4944 696 5038 (3)'Auno
724 4954 848 5035 sit.
880 4949 1067 5038 Prodit
1094 4947 1210 5004 ham
1233 4946 1461 5019 epistola
1490 4945 1775 5003 haereticos
1799 4944 1961 5002 fuisse

357 5031 452 5101 qui
482 5041 598 5083 eam
631 5031 985 5096 scripserunt.

2043 3304 2219 3376 gentis
2246 3314 2301 3361 et
2328 3304 2513 3375 patria:
2536 3303 2835 3374 proditores
2853 3342 2868 3367 ,
2891 3308 2949 3356 et
2976 3300 3118 3355 inter
3141 3296 3456 3354 sacerdotes
3482 3293 3654 3350 maxi—

2047 3416 2189 3456 mam
2221 3408 2548 3474 geuerautes
2589 3397 2950 3461 discordiam,
3002 3408 3068 3450 eo
3097 3391 3241 3464 quod
3288 3390 3654 3447 consubstan-

2048 3496 2292 3552 tialitatis
2320 3509 2538 3558 vocem,
2567 3507 2688 3563 quae
2729 3490 2926 3560 scripta
2976 3502 3084 3543 non
3115 3485 3407 3550 invenitur,
3441 3485 3496 3538 in
3526 3480 3654 3537 ﬁdei

2046 3589 2290 3645 doctrina
2331 3588 2659 3660 posuissent.
2690 3583 2830 3652 Quid
2874 3583 3026 3654 plura
3056 3593 3381 3636 enumerare
3427 3591 3656 3632 necesse

2047 3694 2161 3750 est,
2192 3698 2314 3739 cum
2344 3689 2567 3752 pr0pter
2592 3695 2687 3735 eos
2713 3677 2870 3733 nobis
2893 3687 2948 3732 et
2976 3675 3188 3732 cunctis
3224 3671 3387 3743 hujus
3415 3670 3654 3740 regionis

2050 3773 2441 3832 habitatoribus
2489 3771 2817 3839 scientibus,
2868 3777 3015 3824 tanta
3057 3766 3236 3823 caedes
3276 3764 3554 3820 hominum
3586 3763 3660 3817 sit

2051 3877 2396 3943 perpetrata,
2453 3875 2514 3923 ut
2553 3865 2787 3936 amplius
2835 3878 2996 3933 quam
3049 3861 3198 3916 mille
3243 3856 3492 3912 homines
3546 3854 3658 3909 sint

2050 3963 2340 4038 prostrati?
2361 3961 2582 4018 Talibus
2607 3969 2788 4015 autem
2818 3957 3000 4012 favere
3028 3953 3157 4026 quid
3177 3950 3324 4007 aliud
3345 3958 3460 4017 est,
3491 3964 3656 4020 quam

2052 4057 2356 4116 sceleribus
2405 4069 2593 4110 eorum
2641 4050 2989 4118 consentire,
3039 4062 3161 4103 cum
3189 4059 3342 4102 sacra
3393 4043 3659 4114 scriptura

2054 4153 2173 4209 haec
2195 4151 2508 4224 prohibeat,
2540 4149 2755 4205 dicens:
2790 4146 2912 4202 Non
2941 4146 3108 4199 solum
3134 4142 3222 4215 qui
3252 4142 3448 4214 faciunt
3476 4139 3660 4211 eulpa-

2054 4248 2178 4303 biles
2220 4246 2481 4312 existunt,
2536 4245 2625 4301 sed
2673 4243 2826 4299 etiam
2871 4242 2959 4314 qui
2996 4239 3316 4296 consentiunt
3364 4232 3664 4308 facientibus

2057 4339 2236 4414 (Rom.
2270 4338 2332 4411 l).
2389 4337 2610 4394 Talibus
2648 4337 2792 4399 enim
2842 4349 2939 4390 vos
2985 4333 3254 4388 obsistere
3302 4328 3430 4384 totis
3452 4326 3664 4382 viribus

2056 4440 2304 4505 oportet,
2355 4447 2426 4488 ne
2467 4429 2815 4486 involvamini
2846 4428 2899 4483 in
2927 4425 3164 4498 peccatis
3206 4438 3431 4487 eorum,
3479 4427 3537 4476 et
3560 4434 3663 4475 ex-

2057 4527 2598 4583 communicationem
2625 4539 2815 4580 eorum
2845 4537 2915 4578 nc
2959 4519 3286 4591 suscipiatis.
3327 4516 3488 4574 Tales
3514 4515 3660 4571 enim

1979 4628 2036 4690 Ι)
2060 4637 2090 4678 a
2118 4621 2272 4678 vobis
2295 4620 2478 4693 procul
2507 4619 2728 4690 abjicite
2750 4659 2765 4685 ,
2792 4632 2860 4674 ne
2886 4623 3107 4688 propter
3149 4612 3548 4670 animositatem
3579 4619 3661 4666 ta-

2137 4782 2216 4856 (l)
2241 4783 2429 4838 Athan.
2459 4797 2548 4856 an.
2567 4780 2687 4856 _3'55_
2705 4775 3154 4856 Tyri._Marccllus
3178 4772 3307 4856 3736,
3330 4773 3383 4856 in
3407 4787 3528 4856 syri.
3553 4767 3660 4854 (ῖῐξ.

2061 4842 2279 4919 Paulus,
2311 4869 2452 4909 anno
2486 4851 2612 4908 540.
2650 4842 2804 4906 Cor}.
2838 4849 3099 4921 Aselcpas
3135 4856 3191 4904 et
3222 4845 3422 4902 Lucius
3439 4842 3517 4900 'de
3546 4842 3665 4913 qui—

2062 4926 2163 4982 bus
2191 4926 2386 4980 Athan.
2419 4927 2543 4980 Suz.
2576 4922 2730 4979 Socr.
2765 4922 2935 4977 Theo.

2137 4997 2218 5072 (2)
2246 4999 2324 5054 En
2354 5005 2413 5052 ut
2439 5002 2743 5067 agnoscunt
2777 4991 3006 5049 Romani
3037 4989 3308 5064 pontiﬁcis
3347 4988 3660 5061 primatum.

1682 5133 1868 5191 NOTA
1910 5134 2236 5193 SEVEBINI
2272 5134 2451 5192 BIN".

434 5288 674 5361 Epistola
699 5281 1048 5361 orientalium.
1063 5279 1153 5361 Ἐξ
1170 5277 1397 5361 epistola
1417 5275 1448 5334 J
1458 5276 1550 5361 alii
1576 5273 1644 5360 ad
1669 5275 1962 5361 orientales

364 5347 565 5434 scripta
591 5403 605 5426 ,
637 5372 796 5434 quam
827 5354 1019 5434 recitat
1047 5347 1376 5434 allianasius
1400 5348 1676 5433 .apologia
1719 5347 1756 5402 2
1775 5389 1789 5413 ,
1817 5362 1965 5434 qure-

364 5419 930 5508 que'sup'ra'col._§83
959 5425 1152 5508 legitur
1184 5421 1507 5508 .certissime
1540 5429 1765 5508 .constat
1806 5419 1964 5474 Aria-

367 5492 468 5562 t'tos
513 5492 637 5577 post
667 5499 953 5577 concilium
985 5492 1382 5577 A'ntiochenum
1411 5492 1678 5574 acerbius,
1738 5505 1802 5546 ac
1851 5505 1966 5546 ma-

361 5563 650 5650 jore-cum
702 5573 882 5650 laetu,
943 5566 1210 5650 superbia.
1246 5574 1302 5621 et
1365 5563 1751 5650 contentione,
1801 5578 1964 5646 quam

367 5633 594 5706 decebat
621 5688 634 5708 ,
667 5633 971 5714 scripsisse.
1007 5633 1082 5694 Ita
1108 5639 1269 5718 __cnim
1317 5635 1613 5718 exorditur
1640 5633 1968 5718 εηζιερξςερί-

369 5705 557 5779 stolam
597 5705 836 5780 vestram,
867 5728 1024 5782 quam
1050 5709 1177 5764 mihi
1204 5707 1488 5782 presbyteri
1516 5707 1613 5761 mei
1645 5705 1887 5776 Elpidius
1917 5715 1968 5761 et

372 5793 674 5864 Polyxenus
701 5779 981 5842 attulerunt
1006 5824 1021 5848 ,
1069 5791 1174 5864 etc.
1203 5779 1403 5864 Verani
1425 5789 1479 5834 et
1503 5793 1814 5862 germanam
1829 5793 1970 5864 _nt_m

371 5848 625 5928 exarare,
693 5865 890 5931 praeter
938 5853 1310 5910 auctoritatem
1363 5848 1577 5905 Baronii
1627 5864 1770 5905 anno
1828 5849 1924 5906 54H
1960 5886 1976 5914 ,

2068 5289 2218 5332 num.
2251 5274 2321 5329 54
2342 5315 2358 5340 ,
2392 5271 2520 5328 illud
2552 5269 2827 5327 afferentis
2849 5310 2865 5335 ,
2895 5283 2959 5326 ea
2979 5283 3103 5340 quae
3128 5280 3292 5339 supra
3311 5265 3376 5340 in
3404 5261 3672 5340 principio

2069 5346 2197 5406 Julii
2220 5335 2568 5417 epistularum
2598 5341 2894 5417 annotavi,
2926 5335 3272 5396 conﬁrmant.
3298 5337 3430 5417 Quae
3457 5335 3548 5390 hic
3579 5349 3674 5417 se-

2070 5405 2407 5488 cundo'loco
2439 5413 2616 5488 posita
2645 5405 2988 5488 orientalium
3018 5426 3216 5488 nomen
3265 5408 3548 5481 praeﬁxum
3568 5405 3676 5488 _ha-

2072 5491 2201 5556 bet,
2260 5504 2325 5544 ex
2375 5479 2681 5544 So'zomeno
2732 5493 2788 5540 et
2833 5485 3054 5540 Socrate
3082 5484 3151 5538 ab
3202 5479 3410 5556 incerto
3439 5479 3676 5556 quodam

2073 5549 2297 5618 auctore
2322 5560 2607 5630 compilata
2638 5571 2760 5613 esse
2790 5556 3024 5630 videtur,
3057 5565 3165 5609 tmu
3188 5553 3340 5630 quod
3382 5551 3549 5630 multa
3579 5549 3677 5606 de-

2077 5631 2310 5689 siderari
2332 5673 2348 5698 ,
2381 5622 2636 5688 no'unulla
2657 5630 2820 5684 etiam
2849 5629 2902 5683 in
2931 5627 3094 5682 rebus
3119 5634 3174 5681 et
3199 5622 3504 5681 numinibus
3534 5622 3586 5676 in
3613 5637 3678 5698 ea

2073 5694 2348 5765 exnressis
2369 5703 2562 5759 variari
2606 5703 2858 5758 advertes
2881 5743 2896 5765 ,
2928 5699 2974 5755 si
3012 5713 3130 5755 eam
3161 5713 3284 5752 cum
3331 5694 3676 5765 responsoria

2076 5765 2246 5901 Julii",
2276 5791 2435 5846 quam
2463 5772 2652 5833 recitat
2679 5770 3009 5829 Athanasius
3029 5769 3270 5842 apologia
3300 5767 3358 5833 2,
3389 5765 3680 5837 diligenter

2084 5863 2187 5901 cun
2213 5862 2352 5901 eras.

2084 5862 2352 5912 (ιθηιθηιθ.
