4046 6302
422 253 526 306 979

1634 245 1953 303 StNCTUS
1995 246 2233 304 JUIJUS
2275 246 2446 302 PAPA
2487 245 2529 301 I.

3617 257 3713 313 itit)

420 371 554 426 lium
584 365 861 422 hominum
883 409 898 432 ,
926 365 1156 421 inﬁrmas
1185 365 1382 421 animm
1408 377 1462 420 et
1491 365 1658 436 ignari
1693 366 1872 435 populi
1902 406 1914 430 ,
1949 380 2035 418 S‘l-
2060 365 2114 428 Α
2143 381 2292 419 mero
2340 363 2547 418 restitui
2579 360 2782 417 debere
2809 404 2822 428 ,
2854 378 3016 434 quam
3047 362 3352 435 depositum
3382 365 3543 426 fuisse
3593 387 3714 427 ron-

422 465 623 536 eriiega
663 463 996 518 dissentiens
1023 463 1353 532 dispeream.
1400 462 1586 534 Itaque
1612 471 1824 535 oportet
1857 461 2032 534 (Mar-

423 559 560 614 tinus
583 574 620 622 ι,
656 573 797 612 cons.
821 557 858 611 Ω
879 573 1022 610 conc.
1047 554 1250 627 Later.)
1271 570 1367 610 vos
1391 554 1654 625 improbis
1680 555 1844 626 probe
1865 557 2031 610 resis-

425 661 560 707 tere.
583 650 924 720 Quapropter
949 649 992 703 si
1024 649 1367 720 neglexeritis
1387 649 1674 704 deturbare
1704 663 1993 718 perversos
2009 691 2024 717 ,

424 743 596 812 liquet
622 741 764 813 quod
808 756 994 796 eorum
1025 742 1316 813 protegatis
1347 757 1612 798 errorem.
1645 740 1756 796 Nec
1783 757 1910 798 vero
1931 757 2026 798 ea.

423 845 509 890 ret
555 834 808 903 scrupulo
850 834 1124 888 societatis
1164 833 1426 898 occulttc,
1463 834 1554 904 qui
1597 833 1879 890 manifeste
1910 835 2024 906 (al.

427 924 754 996 manifestis)
785 923 1118 982 facinoribus
1143 923 1344 981 desinit
1370 926 1591 982 obviare
1619 925 1794 999 (Felix
1821 925 1918 980 111
1929 970 1943 993 ,
1973 929 2026 982 in

423 1036 510 1084 ep.
537 1020 607 1073 ad
631 1017 918 1091 Acacium).
943 1019 1108 1074 Decet
1133 1019 1277 1075 enim
1323 1034 1422 1074 vos
1451 1020 1518 1075 ad
1547 1021 1876 1092 arguentium
1901 1037 2028 1093 pro—

426 1113 650 1167 terviam
679 1126 866 1166 eorum
907 1111 1142 1180 linguam
1173 1119 1407 1167 vestram
1447 1127 1712 1168 exacuere
1735 1153 1749 1178 ,
1799 1123 1855 1169 et
1881 1113 2028 1170 velut

423 1220 727 1262 venenosae
756 1221 783 1257 a
831 1205 983 1260 vobis
1012 1204 1279 1275 repellere
1301 1247 1315 1271 ,
1364 1221 1432 1261 ne
1457 1220 1648 1260 eorum
1679 1222 1888 1262 veneno
1927 1221 2026 1263 vos

422 1301 698 1370 vestrique
725 1299 775 1354 in
817 1300 999 1369 aliqua
1035 1298 1374 1354 saueiemini.
1424 1297 1789 1373 Igitur(ldem
1836 1299 2025 1354 Martio

425 1394 546 1466 nus)
573 1392 850 1450 sufficiunt
881 1392 1040 1447 nobis
1071 1392 1426 1463 querirnonizn
1455 1405 1640 1449 contra
1671 1409 1766 1450 eos
1792 1394 1984 1450 delatae
2006 1436 2022 1461 ,

421 1487 676 1558 quoniam
723 1486 1066 1557 derelinquat
1115 1501 1212 1540 nos
1241 1496 1490 1557 tempus,
1542 1487 1837 1543 secundum
1879 1487 2028 1558 quod

425 1579 500 1635 ait
527 1580 842 1652 Apostolus,
891 1582 934 1635 si
983 1580 1313 1637 voluerimus
1341 1581 1580 1636 omnium
1616 1582 2023 1652 obloquentium

423 1676 632 1731 oblatas
659 1684 846 1730 contra
875 1690 971 1732 eos
999 1675 1299 1746 producere
1327 1675 1611 1746 querelas:
1639 1677 1871 1731 maxime
1898 1691 2020 1731 cum

2133 470 2324 516 staret.
2357 459 2564 515 Deinde
2592 501 2605 525 ,
2633 459 2888 530 quoniam
2916 461 3033 528 ejus
3077 462 3310 517 adventu
3341 463 3414 519 sit
3441 466 3591 521 turba
3631 484 3716 539 ge-

2133 563 2358 619 nerata,
2411 554 2734 624 plurimique
2783 553 3050 610 seditione
3105 557 3216 610 sint
3249 558 3479 625 mortui,
3510 567 3566 615 et
3616 578 3713 619 non

2131 647 2306 702 solum
2353 646 2470 701 inec
2499 663 2596 716 per
2621 662 2746 702 eum
2779 655 2835 702 et
2885 657 3104 718 propter
3135 664 3258 704 eum
3310 661 3435 706 sunt
3470 665 3678 723 peracta
3699 697 3713 721 ,

2131 741 2225 798 sed
2253 741 2414 796 etiam
2445 740 2661 811 quidam
2683 740 2793 811 jam
2824 754 2855 794 a
2885 741 3030 795 dicto
3057 743 3358 799 Athanasio
3398 749 3520 803 cmsi
3542 790 3558 815 ,
3586 749 3719 820 judi-

2129 834 2283 889 cibus
2308 833 2562 889 dicuntur
2612 847 2734 890 esse
2761 835 3074 889 contraditi.
3115 835 3240 892 llaec
3269 847 3324 893 et
3349 839 3452 893 alia
3477 841 3717 898 innume-

2131 927 2322 984 rabilia
2347 936 2474 982 sunt
2519 927 2586 982 ab
2636 942 2704 982 eo
2754 927 2976 998 suisque
3025 929 3347 1000 sequacibus
3393 931 3720 1004 impudenter

2130 1031 2434 1094 perpetrata
2462 1065 2477 1090 ,
2507 1037 2641 1093 quos
2671 1023 3168 1078 excommunieatos
3194 1067 3208 1089 ,
3256 1028 3619 1083 wmmunioni
3647 1030 3720 1100 (ut

2129 1114 2459 1184 audivimus)
2489 1125 2677 1170 contra
2700 1116 2940 1185 regulam
2987 1115 3042 1170 in
3069 1118 3451 1174 contumeliam
3486 1122 3718 1178 omnium

2128 1210 2473 1265 orientalium
2503 1210 2770 1266 sociastis.
2807 1209 3037 1264 Prtefato
3086 1209 3268 1282 itaque
3305 1212 3503 1269 debita:
3532 1215 3722 1272 saluta-

2130 1302 2290 1357 tionis
2314 1300 2444 1375 (Ep.
2475 1302 2832 1375 Africanorum
2867 1303 2936 1356 ad
2966 1301 3288 1360 Caelestinum
3315 1305 3343 1360 1
3368 1310 3579 1381 papam)
3611 1311 3723 1365 ofﬁ-

2127 1395 2213 1450 cio
2270 1404 2490 1465 pr0ptcr
2516 1396 2657 1450 beati
2684 1394 2830 1453 Petri
2859 1393 3121 1452 honorem
3169 1398 3417 1470 impenso
3442 1443 3457 1467 ,
3490 1403 3722 1472 postula-

2127 1501 2248 1541 mus
2271 1529 2285 1554 ,
2312 1499 2371 1542 ut
2389 1486 2646 1559 deinceps
2668 1488 2733 1554 ad
2756 1498 2968 1551 vestras
2993 1488 3121 1552 hinc
3146 1493 3426 1550 venientes
3446 1509 3608 1551 aures
3623 1512 3720 1552 non

2129 1591 2236 1634 tam
2261 1579 2417 1635 facile
2439 1579 2733 1646 admittens
2754 1622 2772 1648 ,
2803 1596 2983 1653 neque
3005 1597 3038 1640 tt
3060 1584 3216 1644 nobis
3235 1588 3722 1644 «communicatos

2128 1674 2270 1729 ultra
2301 1674 2481 1729 velitis
2508 1675 2800 1746 excipere,
2861 1691 2934 1743 ne
2980 1691 3251 1740 catmum
3302 1689 3723 1751 transgressores

425 1772 542 1826 haec
573 1770 728 1826 nobis
773 1770 1046 1825 sufficiant
1071 1785 1192 1842 quae
1247 1770 1494 1840 superius
1549 1770 1688 1825 dicta
1733 1781 1880 1826 sunt.
1916 1769 2026 1826 Nec
2056 1772 2105 1832 B
2131 1768 2505 1835 inveniamini,
2528 1767 2626 1825 sed
2655 1769 2825 1838 magis
2853 1770 3006 1826 salva
3050 1772 3289 1827 fraterna
3315 1774 3586 1834 citat-italo
3607 1817 3622 1842 ,
3650 1791 3726 1830 cr-

425 1865 582 1920 nobis
604 1877 827 1919 necesse
851 1871 936 1918 est
963 1863 1160 1920 iterum
1183 1878 1372 1918 eorum
1401 1862 1682 1934 divulgare
1713 1862 1877 1930 mala,
1902 1877 2025 1918 eum

425 1959 540 2028 ipsa
585 1972 680 2028 per
704 1972 762 2012 se
793 1956 1093 2027 prodeant,
1141 1965 1197 2014 et
1237 1957 1472 2011 niaxime
1513 1970 1704 2011 omnes
1734 1957 2027 2012 orientales

427 2062 594 2107 testes
619 2065 780 2119 super
808 2066 994 2106 eorum
1023 2050 1183 2105 malis
1209 2052 1464 2104 existant.
1495 2047 1560 2103 In
1584 2065 1671 2103 ore
1694 2049 1832 2103 enim
1856 2049 2026 2120 (juxta

427 2143 571 2215 quod
618 2143 878 2213 scriptum
909 2142 1018 2215 est)
1069 2144 1289 2197 duorum
1323 2143 1401 2197 uel
1426 2142 1579 2196 trium
1623 2142 1826 2196 testium
1879 2142 2031 2197 stabit

430 2253 580 2290 omne
606 2237 809 2291 veritum
837 2236 1050 2308 (Matth.
1071 2237 1224 2307 xvm)
1250 2255 1262 2290 :
1293 2247 1496 2307 quanto
1514 2235 1685 2308 magis
1715 2237 1766 2290 in
1788 2237 2030 2292 multitu-

427 2330 554 2385 dine
581 2339 850 2386 tantorum
901 2329 1244 2385 sacerdotum
1293 2339 1348 2385 et
1379 2331 1696 2401 populorum
1721 2373 1735 2397 ,
1767 2329 2030 2386 abbatum

427 2423 516 2477 vel
547 2422 935 2480 monachorum
962 2465 977 2489 ,
1009 2423 1064 2477 in
1097 2424 1297 2494 scripto
1325 2432 1380 2478 et
1428 2423 1546 2479 sine
1593 2425 1798 2494 scripto
1840 2437 2029 2480 contra

425 2513 617 2569 borum
650 2516 969 2585 pravitatem
1011 2529 1111 2574 nos
1139 2515 1384 2586 quotidie
1429 2532 1527 2570 vos
1571 2515 2032 2572 acclamantiumi

421 2608 531 2664 Nos
559 2625 690 2667 vero
736 2609 830 2663 diu
859 2609 1268 2679 expectavimus
1297 2626 1394 2666 eos
1425 2625 1524 2680 per
1547 2611 1768 2665 multam
1814 2611 2028 2681 patien-

422 2702 554 2756 tiam
583 2741 598 2768 ,
629 2711 684 2756 ut
712 2711 962 2757 crearent
993 2718 1122 2757 uvas
1144 2744 1158 2766 ,
1195 2705 1292 2758 sed
1322 2703 1397 2757 illi
1423 2717 1454 2758 e
1482 2703 1755 2758 contrario
1785 2704 2029 2760 fecerunt

425 2794 722 2852 Iabruscas.
754 2794 863 2852 Vos
893 2811 1023 2865 ergo
1054 2811 1160 2850 non
1190 2807 1403 2867 oportet
1433 2797 1500 2852 de
1527 2808 1725 2855 stetere
1755 2799 2030 2870 negligere

423 2902 477 2949 et
518 2893 736 2948 (iiiI'erre
769 2893 903 2948 tales
926 2932 943 2958 ,
978 2907 1044 2947 tte
1074 2892 1241 2965 (quod
1273 2893 1752 2963 a‘bsit)memoratis
1783 2895 2026 2949 criminio

423 2986 526 3039 bus
574 3001 761 3040 eorum
807 2983 1196 3039 subtnittantini
1231 2985 1603 3058 (subdantini),
1647 2985 2030 3042 irrationabili-

427 3091 509 3133 ter
533 3093 628 3134 eos
659 3079 940 3148 episcoltos
970 3088 1251 3147 ponentes.
1281 3078 1386 3148 Ipsi
1415 3079 1560 3133 enim
1587 3120 1601 3142 ,
1636 3079 1738 3132 nisi
1767 3078 1874 3134 cito
1906 3094 2030 3134 cor-

425 3172 690 3240 rigantur,
739 3172 890 3251 iuxta
923 3171 1067 3241 quod
1120 3173 1307 3226 beatus
1338 3171 1617 3240 apostolus
1673 3180 2028 3242 protestetur,
2058 3173 2104 3235 C

423 3263 704 3317 secundum
729 3263 974 3316 duritiam
994 3279 1171 3316 eorum
1197 3304 1211 3327 ,
1244 3273 1290 3317 et
1317 3279 1408 3316 cer
1426 3264 1750 3336 imposnitens
1774 3307 1788 3331 ,
1822 3265 2032 3319 thesau-

423 3358 591 3411 risant
621 3357 715 3410 sibi
741 3357 873 3410 iram
903 3357 956 3410 in
987 3357 1070 3409 die
1109 3357 1200 3410 ira:
1228 3366 1274 3410 et
1319 3358 1636 3412 reuelationis
1673 3359 1804 3428 justi
1839 3358 2034 3431 judicii

425 3451 560 3518 Dei,
593 3454 680 3522 qui
704 3451 879 3505 reddet
909 3453 1184 3522 unicuique
1211 3452 1494 3506 secundum
1523 3468 1677 3522 opera
1703 3455 1814 3525 ejus
1841 3451 2024 3522 (Rom.

423 3546 511 3618 ιι).
537 3547 637 3614 Qui
689 3545 998 3616 corrigendi
1029 3555 1156 3600 sunt
1179 3588 1192 3612 ,
1229 3561 1300 3600 ne
1335 3561 1430 3616 per
1455 3546 1813 3616 temporalem
1845 3547 2028 3604 delec-

423 3643 684 3698 tationem
713 3640 800 3712 (S.
831 3639 1056 3712 Greg.)',
1089 3649 1142 3694 et
1169 3655 1264 3711 per
1285 3638 1563 3696 mendacia
1589 3649 1750 3712 atque
1773 3641 2030 3713 tigntenta

425 3751 522 3792 sua
582 3733 736 3790 vobis
789 3748 1073 3788 assensum
1107 3732 1474 3804 praebentibus
1499 3773 1514 3799 ,
1567 3742 1769 3788 atterite
1799 3732 2028 3804 perdant

424 3829 644 3901 praemia
671 3871 685 3895 ,
710 3844 830 3900 quae
860 3841 959 3898 per
1007 3842 1188 3883 veram
1241 3826 1612 3898 paenitentiam
1643 3829 1901 3900 consequi
1931 3842 2030 3899 po-

425 3932 665 3981 tuerunt.
698 3921 808 3978 Nec
859 3908 976 3977 luce
997 3964 1011 3988 ,
1042 3937 1164 3994 quas
1199 3921 1451 3992 praedicta
1479 3932 1602 3977 sunt
1623 3963 1639 3989 ,
1685 3923 2030 3981 solummodo

423 4019 723 4075 Athanasio
772 4027 827 4074 et
873 4017 1196 4087 sequacibus
1227 4017 1345 4087 eius
1367 4019 1706 4088 irrogatnus,
1739 4016 1834 4073 sed
1856 4023 2023 4074 etiam

419 4113 565 4185 quod
595 4122 783 4169 contra
827 4111 1065 4182 regulam
1115 4110 1325 4181 egerit,
1375 4125 1537 4181 quam
1578 4126 1676 4165 nos
1702 4110 2026 4168 decrevera-

423 4223 566 4273 mus,
596 4209 724 4279 quia
747 4222 854 4261 non
882 4205 1102 4261 decreto
1127 4205 1428 4260 communis
1448 4205 1662 4261 concilii
1689 4205 1861 4280 (Trip.
1899 4207 2016 4262 hist.

421 4319 476 4359 ιν
499 4345 515 4370 ,
563 4304 597 4357 9
656 4310 704 4355 ct
757 4300 846 4366 i6,
875 4314 908 4354 ι
930 4340 945 4365 ,
975 4299 1062 4366 i7,
1095 4314 1159 4352 ex
1185 4297 1336 4353 Socr.
1371 4307 1416 4352 et
1459 4295 1612 4370 Sos.)
1639 4299 2020 4370 episcoporum

417 4397 627 4465 recepit
672 4392 1036 4450 sacerdotium
1064 4433 1079 4457 ,
1110 4390 1205 4446 sed
1235 4390 1452 4447 sibimet
1493 4391 1802 4462 arrogando
1845 4393 2021 4449 eccle-

419 4488 556 4543 siam
605 4485 790 4541 fuisset
841 4485 1120 4556 ingressus
1141 4525 1156 4550 ,
1185 4491 1241 4538 et
1271 4483 1324 4538 in
1377 4483 1508 4538 sede
1539 4483 1865 4553 resedisset,
1895 4500 2017 4541 eum

424 4580 624 4636 dudum
653 4578 734 4650 (I)
760 4579 1035 4636 decretum
1079 4577 1267 4634 fuisset
1291 4617 1306 4644 ,
1336 4577 1542 4634 nullum
1579 4593 1609 4633 a
1643 4579 1896 4649 pauciora
1923 4595 2024 4635 nu-
2046 4581 2106 4644 D

418 4754 428 4769 ,ν
494 4697 572 4774 (l)
620 4697 732 4764 bno
797 4710 940 4766 attito
980 4695 1258 4762 dumtaxat
1303 4694 1442 4764 5st,
1489 4710 1645 4764 ρους.
1697 4697 2019 4764 Antiochani

2131 1874 2306 1917 ratum
2339 1863 2442 1918 hoc
2470 1866 2523 1918 in
2553 1873 2828 1933 posterum
2861 1865 3084 1923 minime
3111 1867 3410 1936 patiamini.

2204 1955 2271 2010 Et
2295 1957 2602 2027 subscriptio
2639 1973 2657 2011 θ
2693 1955 2951 2012 Orantem
3003 1958 3128 2030 (Ep.
3163 1959 3452 2029 Tarraco»,
3482 1962 3553 2016 ad
3583 1961 3728 2017 Hila-

2136 2067 2254 2106 rum
2279 2066 2471 2122 papam
2483 2050 2608 2121 )pre
2631 2050 2789 2107 nobis
2813 2053 3173 2122 apostolatum
3205 2061 3444 2111 vestrum
3478 2056 3726 2114 Dominus

2130 2159 2248 2200 aevo
2273 2144 2542 2206 custodiat
2567 2144 2808 2218 longiore
2832 2187 2848 2212 ,
2882 2146 3194 2204 beatissime
3224 2157 3397 2218 pater.
3433 2149 3634 2208 Amen.

2660 2258 2998 2317 EPISTOLA
3025 2259 3070 2315 ll
3109 2260 3211 2334 (1).

2211 2364 2330 2407 8178
2356 2364 2686 2408 ιιεεεκιιδτυιι
2716 2367 2851 2407 ιυωι
2880 2368 2897 2407 ι
2937 2367 3144 2408 CONTRA
3173 2368 3516 2411 ORIBNTALES
3535 2397 3551 2425 ,
3579 2370 3673 2409 PRO

2606 2461 2909 2502 ATBANASIO
2931 2463 2999 2502 ΕΤ
3025 2463 3289 2504 (ΞΑΕἸἘΒῘΒ.

2630 2538 2804 2600 (Cone.
2830 2545 2868 2591 ε.
2900 2554 2953 2602 ιι,
2979 2537 3074 2591 col.
3103 2537 3239 2605 483.)

2132 2632 2173 2688 Ι.
2209 2632 2286 2688 De
2313 2633 2575 2688 vocatione
2619 2632 2945 2688 orientalium
2969 2633 3323 2702 episcoporum
3345 2632 3414 2687 ad
3445 2631 3666 2698 Iulium,
3690 2641 3733 2687 ct

2203 2729 2526 2782 restitutione
2554 2727 2916 2781 damnatorum
2938 2728 3298 2796 episcoporum
3321 2727 3384 2781 ab
3414 2729 3569 2798 ipsis.

2134 2821 2197 2877 ll.
2226 2820 2294 2877 Ut
2324 2821 2552 2892 episcopi
2578 2821 2805 2875 accusati
2831 2819 3096 2893 appellent
3118 2821 3288 2874 sedem
3310 2821 3666 2890 apostolicam.

2134 2915 2221 2971 Ill.
2258 2915 2333 2969 De
2358 2915 2535 2970 eadem
2562 2931 2638 2969 re.

2133 3007 2221 3062 ιν.
2258 3008 2320 3064 Si
2339 3008 2452 3079 quis
2474 3015 2615 3076 putat
2635 3023 2688 3060 se
2717 3005 2920 3078 gravari
2949 3023 2978 3060 a
3011 3004 3221 3076 proprio
3250 3005 3664 3076 metropolitano.

2132 3101 2198 3157 ν.
2230 3100 2309 3155 De
2321 3098 2705 3154 accusatoribus
2731 3142 2746 3164 ,
2775 3099 2853 3154 vel
2897 3098 3305 3153 accusationibus
3329 3141 3344 3166 ,
3385 3115 3519 3170 quas
3571 3095 3733 3153 ειετκη

2210 3192 2345 3263 leges
2375 3208 2476 3246 non
2498 3191 2791 3247 admittunt.

2137 3285 2227 3342 VI.
2263 3285 2329 3343 Ut
2354 3286 2528 3341 nullus
2567 3287 2835 3356 episcopus
2886 3285 3097 3340 alterius
3140 3284 3442 3356 parochiam
3502 3286 3731 3348 retineat,

2208 3380 2285 3434 rel
2310 3379 2528 3444 ordinet,
2553 3389 2660 3433 etc.

2138 3470 2245 3528 VII.
2279 3472 2464 3542 Siquis
2490 3471 2736 3526 adversus
2765 3471 3059 3542 episwpum
3083 3511 3098 3539 ,
3127 3470 3206 3525 uel
3229 3478 3469 3525 auctores
3501 3469 3731 3524 Ecclesia:

2201 3565 2457 3636 negotium
2479 3562 2734 3618 habuerit.

2132 3659 2267 3718 VIII.
2303 3659 2380 3714 De
2399 3659 2652 3730 episcopis
2698 3656 2846 3713 rebus
2883 3657 2994 3712 suis
3008 3656 3280 3728 expoliatis
3304 3700 3319 3726 ,
3350 3658 3434 3712 vel
3455 3675 3488 3712 α
3513 3655 3628 3712 sed:
3647 3671 3731 3708 sua

2204 3755 2386 3826 pulsis.

2128 3848 2221 3906 IX.
2254 3849 2331 3904 De
2354 3847 2737 3904 accusatoribus
2765 3858 2811 3903 et
2839 3846 3066 3904 testibus.

2128 3943 2199 4001 Ι.
2234 3945 2295 4000 Si
2342 3951 2612 3999 accusatus
2645 3944 2719 3998 vel
2767 3943 3040 3998 damnatus
3087 3942 3361 4014 episcOpus
3403 3941 3577 3996 sedem
3609 3954 3726 4008 apo-

2198 4040 2432 4095 stolicam
2455 4038 2830 4110 appellaverit,
2862 4048 2911 4093 ct
2936 4039 2999 4092 de
3028 4039 3102 4093 eis
3128 4038 3218 4110 qui
3259 4037 3509 4093 adversus
3557 4035 3726 4090 Patres

2198 4151 2484 4210 armantur,
2513 4140 2592 4196 vel
2617 4157 2732 4194 cum
2766 4137 2991 4193 inimicis
3018 4144 3304 4190 morantur.

2126 4236 2217 4296 XI.
2250 4236 2325 4292 De
2344 4235 2758 4292 accusationibus
2783 4234 3108 4300 clericorum.

2127 4323 2238 4381 XII.
2277 4323 2406 4389 Qua:
2434 4320 2742 4392 metropoles
2771 4319 3013 4400 primates
3043 4327 3298 4374 vocentur.

2123 4415 2262 4473 XIII.
2293 4416 2394 4485 Qui
2413 4415 2517 4471 sint
2535 4417 2776 4487 infames.

2125 4568 2248 4616 can.
2285 4552 2369 4607 12.
2402 4551 2515 4622 Iioc
2540 4549 2916 4616 haereticorum
2945 4563 3066 4614 esse
3095 4547 3370 4606 decretum
3395 4554 3618 4610 testatur
3637 4544 3715 4602 Ju°

2126 4623 2569 4704 liusinﬂepistola
2601 4622 2866 4704 proxima.

2199 4697 2282 4774 (i)
2313 4691 2468 4751 Falsa
2495 4691 2786 4765 nou'secus
2815 4708 2878 4750 ac
2907 4691 3279 4780 prtecedentes
3303 4691 3445 4750 dure.

1747 4813 1930 4870 NOTA
1972 4810 2298 4880 SEVERINI
2337 4810 2514 4866 BINII.

497 4932 826 5012 [inscriptum
865 4928 1024 5012 ttulit.
1095 4929 1213 4992 Hoc
1269 4931 1588 5012 rescriptum
1615 4931 1743 5012 ,Iulii
1774 4949 1895 5012 eum
1942 4949 2005 4992 ea

422 5002 778 5078 responsuria»
798 5002 1026 5078 cpistola
1047 5043 1065 5078 _,
1097 5017 1256 5072 quam
1285 5005 1353 5078 ab
1372 5002 1665 5078 Athanasio
1688 5007 1965 5060 recitatum
1989 5049 2004 5072 ,

419 5073 582 5150 supra
597 5078 702 5133 col.
718 5076 823 5150 s_85
836 5073 1202 5150 cxpessituus,
1222 5076 1414 5144 pertint
1427 5076 1699 5150 convenit,
1721 5078 2008 5146 plurimum

419 5143 550 5208 vero
579 5152 646 5205 ab
668 5146 855 5202 eadem
887 5143 1086 5198 diiiert.
1117 5143 1249 5199 Cum
1282 5154 1504 5214 utraque
1530 5143 1866 5203 Eusebianos
1886 5165 2009 5205 cum

422 5221 720 5281 Athanasio
758 5217 825 5272 ad
861 5214 1150 5271 concilium
1187 5215 1375 5274 Romae
1415 5233 1554 5270 alii")
1579 5217 1718 5285 541),
1751 5221 2010 5277 indictum

421 5300 614 5351 citatos
638 5307 762 5347 esse
801 5290 1032 5345 referat:
1082 5297 1308 5357 utraque
1344 5288 1505 5342 etiam
1551 5290 1900 5350 Athanasium
1941 5291 2010 5347 ad

421 5377 682 5423 statutum
710 5365 853 5426 diem
875 5360 1132 5425 adfuisse,
1165 5358 1502 5414 Eusebianos
1526 5371 1706 5416 autem
1731 5375 2012 5418 contuma-

424 5442 560 5494 citer
607 5435 964 5498 remansisse,
988 5442 1250 5504 enarret;
1283 5429 1498 5504 dentom
1529 5441 1753 5504 utraque
1781 5435 2012 5504 epistola

418 5511 582 5574 illius,
617 5523 777 5577 quutn
804 5505 872 5558 ab
901 5503 1031 5574 ipsis
1071 5513 1196 5575 post
1240 5501 1568 5577 celebratam
1614 5501 2028 5577 Antiochenam»

419 5572 686 5654 synodum
702 5651 710 5654 _
727 5572 1006 5654 scriptam,
1039 5572 1265 5654 postque
1292 5572 1611 5654 Gregorium
1633 5573 2008 5654 Cappadocem

419 5645 570 5709 anno
588 5649 786 5706 Christi
807 5646 935 5713 διε,
953 5661 1145 5716 magtta
1163 5645 1504 5715 etIhorrenda
1523 5645 2007 5704 Alexandrinorum

422 5735 602 5794 strage
630 5721 1033 5794 introductum,
1061 5719 1333 5794 superbe,
1367 5720 1640 5794 l'astuose,
1683 5730 1738 5774 et
1775 5731 2025 5776 conten-

419 5791 561 5862 tiose
583 5795 837 5868 scriptam
878 5791 1045 5848 fuisse
1086 5792 1282 5860 refert,
1331 5791 1676 5860 meminerit,
1723 5799 2008 5864 utramque

2113 4947 2278 4989 unam
2307 4927 2664 5001 eamdemque
2690 4927 2816 4984 Julii
2848 4927 3136 5001 epistolam
3163 4939 3285 4989 esse
3312 4932 3548 5001 oportet.
3577 4923 3712 4982 lianc

2113 5003 2447 5068 mendosam,
2477 4999 2806 5071 corruptam,
2831 5011 2884 5054 et
2915 5017 2942 5055 a
2965 5000 3197 5072 quodam
3233 5013 3301 5072 ett
3327 4999 3556 5072 diversis
3578 5012 3712 5051 com-

2115 5076 2332 5148 pilatam
2361 5074 2456 5148 (al.
2489 5074 2620 5148 imo
2642 5069 2748 5148 pro
2787 5072 2940 5127 iibito
2978 5069 3344 5148 confictam);
3370 5070 3512 5124 illam
3559 5083 3704 5132 vero,

2115 5141 2236 5218 quae
2264 5162 2330 5201 ex
2367 5141 2663 5200 Athanasio
2693 5144 2980 5218 desumpta
3025 5141 3458 5218 infrasubditur,
3505 5155 3705 5218 gerula-

2117 5213 2248 5275 num
2289 5218 2575 5286 exemplar
2602 5230 2724 5270 esse
2764 5214 2962 5270 Juliani
2994 5215 3062 5286 ad
3105 5213 3397 5286 orientales
3436 5215 3706 5282 episcopos

2120 5290 2401 5358 rescripti,
2427 5284 2648 5344 dubium
2694 5302 2800 5340 non
2848 5296 2950 5358 est.
2985 5285 3136 5340 lianc
3159 5284 3473 5358 mendosam
3491 5298 3619 5358 (esse
3638 5293 3703 5358 _ct

2119 5352 2454 5430 corruptam,
2482 5359 2798 5414 consulatus
2828 5357 3090 5414 Feliciani
3119 5366 3174 5412 et
3200 5356 3505 5430 Maximiani
3534 5396 3548 5418 ,
3579 5352 3702 5412 intra

2115 5434 2206 5489 hic
2235 5427 2423 5487 iu'iine
2449 5431 2684 5492 additus,
2713 5440 2900 5498 aperte
2929 5431 3290 5485 demonstrat.
3327 5428 3385 5484 Si
3413 5427 3702 5498 enimpns-

2115 5505 2274 5561 dictis
2299 5502 2614 5559 consulibus
2639 5497 2838 5571 scripta
2861 5514 2973 5566 est,
3011 5501 3163 5557 initio
3185 5499 3530 5571 pontificatus
3553 5497 3667 5554 Julii
3683 5535 3696 5558 ,

2114 5591 2257 5632 anno
2279 5574 2483 5632 Christi
2508 5574 2636 5642 357,
2667 5573 2929 5641 scriptam
2959 5572 3124 5628 fuisse
3157 5586 3386 5628 necesse
3413 5579 3524 5634 est,
3551 5579 3699 5642 atque

2113 5647 2188 5704 ita
2219 5664 2323 5702 non
2356 5647 2605 5702 subsistit
2623 5638 2873 5716 ’qued'de
2902 5645 3111 5716 synodo
3127 5644 3369 5704 Romana
3405 5642 3615 5708 indicta,
3636 5638 3698 5694 de

2110 5719 2475 5777 Alexandrina
2495 5718 2762 5790 seditione
2781 5728 2968 5776 exorta
2989 5726 3404 5780 commemorat.
