4046 6302
312 303 410 362 98I

309 421 447 478 XIV.
477 420 555 476 De
575 421 744 477 causis
770 420 1140 492 episcoporum.

310 514 429 571 XV.
460 513 529 573 Ut
550 531 652 570 non
678 513 1018 569 admittuntur
1038 511 1107 567 ad
1131 510 1508 567 accusationem
1537 517 1787 577 montes,
1809 511 1892 565 vel

378 626 411 663 a
437 609 701 681 proposito
726 607 1017 663 recedentes
1040 648 1054 672 ,
1086 605 1190 661 sive
1232 603 1511 660 canonibus
1539 602 1903 659 inobedientes.

306 702 446 759 XVI.
475 701 556 759 De
584 702 865 775 peregrinis
881 700 1116 777 judiciis.

306 794 548 853 XVIl.Ut
578 795 753 851 nullus
794 802 938 850 extra
960 792 1277 866 provinciam
1295 801 1501 847 vocetur
1517 790 1586 845 ad
1603 789 1858 862 Iudicium
1882 832 1901 859 ,

375 889 454 944 vel
479 889 525 945 si
549 888 662 961 quis
676 887 882 960 judices
907 897 1170 958 suspectos
1195 884 1449 940 habuerit.

307 983 495 1043 XVIII.
521 982 600 1039 De
612 1000 666 1040 se
676 984 943 1056 confessis,
963 999 1066 1038 non
1082 999 1190 1039 esse
1209 979 1520 1036 credendum
1531 994 1691 1051 supra
1709 979 1902 1037 crimen

374 1078 621 1134 alienum.

299 1170 442 1228 XIX.
473 1170 549 1227 De
568 1170 775 1226 incertis
795 1186 898 1225 non
907 1167 1211 1243 judicandis

303 1263 423 1319 XX.
460 1262 541 1318 De
569 1264 1011 1321 criminationibus
1039 1267 1294 1339 majorum
1322 1278 1467 1324 natu.

301 1355 447 1412 XXI.
478 1356 555 1413 De
584 1358 883 1427 provinciali
906 1360 1107 1430 synodo
1134 1361 1462 1417 retractanda
1488 1378 1521 1417 a
1541 1377 1699 1434 papa.

301 1449 468 1507 XXII.
501 1449 563 1507 Si
586 1452 701 1521 quis
711 1451 918 1522 judices
946 1453 1159 1523 majoris
1194 1455 1513 1510 auctoritatis
1543 1452 1901 1527 appellaverit.

299 1543 492 1601 XXIII.
530 1543 572 1601 υ
581 1555 598 1600 ι
626 1545 1046 1616 metropolitanus
1060 1547 1192 1602 nihil
1208 1557 1325 1619 agat
1345 1548 1455 1603 sine
1469 1548 1685 1602 consilio
1701 1548 1902 1621 episco-

368 1654 553 1712 porum
577 1680 592 1705 ,
620 1654 715 1694 nec
752 1638 836 1693 illi
876 1639 987 1694 sine
1031 1640 1194 1711 ipsius
1221 1657 1237 1705 ;
1267 1642 1367 1697 nisi
1392 1652 1639 1713 quantum
1685 1641 1755 1695 ad
1780 1655 1902 1712 pro-

370 1732 514 1805 prias
544 1732 761 1803 pertinet
790 1732 1086 1803 parochias.

774 299 1105 359 EPISTOLA
1130 299 1195 368 Il,
1235 298 1391 356 SIVE
1416 294 1853 355 RESCRIPTUM
1878 296 2047 355 JULII
2080 299 2103 355 I
2142 299 2232 356 AD
2271 298 2713 359 OBIENTALES
2752 299 3143 362 EPISCOPOS.

1932 418 1988 478 A
2012 426 2211 488 guntur
2235 434 2354 490 qua:
2376 428 2558 476 vestro
2612 419 2663 475 in
2709 419 2941 476 concilio
2972 421 3308 480 turbulenter
3337 420 3415 494 (l)
3449 432 3611 493 atque

3509 304 3613 363 989.

2013 525 2133 567 cum
2168 521 2485 584 tempestate
2509 514 2723 570 decreta
2749 522 2892 569 sunt.
2926 517 3159 591 Apparet
3180 516 3324 572 enim
3353 517 3608 591 quoniam

2012 604 2344 661 tumultuosa
2369 606 2598 676 quadam
2647 590 3139 679 indisciplinatione
3164 611 3362 667 veritas
3392 618 3475 666 est
3501 624 3605 684 0p-

2011 710 2231 766 pressa:
2256 696 2411 753 vobis
2451 698 2649 769 quippe
2700 699 3228 761 inconsiderantibus
3252 717 3372 774 quae
3396 701 3614 775 placent

2011 790 2126 847 Deo
2153 833 2168 858 ,
2203 801 2425 863 propter
2461 793 2640 875 iurgia
2669 809 2789 865 qua:
2838 804 3029 851 contra
3082 796 3356 869 proximos
3402 804 3613 853 vestros

2008 883 2221 942 habetis
2244 928 2261 955 ,
2286 896 2339 943 et
2367 897 2491 943 vota
2513 897 2698 944 nostra
2743 888 3110 947 inevincibilia
3156 906 3279 949 esse
3327 891 3607 948 contendi-

2007 979 2098 1035 tis.
2146 979 2252 1036 Sed
2299 980 2402 1036 erit
2428 996 2565 1051 opus
2598 979 2795 1037 divina:
2832 983 3218 1054 providentiae,
3271 994 3538 1056 quatenus
3576 1000 3608 1040 o

2007 1074 2280 1130 contrario
2306 1081 2493 1144 aperte
2538 1073 2873 1147 deprehensa
2899 1076 3106 1146 possint
3134 1074 3229 1149 (al.
3259 1062 3314 1132 et
3339 1074 3454 1131 hmo
3473 1090 3605 1131 con-

2010 1165 2178 1221 tentio
2203 1173 2387 1239 aperte
2431 1165 2770 1238 deprehensa
2801 1166 2991 1240 possit)
3024 1167 3273 1225 evacuari
3302 1210 3318 1236 ,
3349 1176 3403 1224 et
3444 1166 3572 1240 quid
3592 1196 3612 1208 -

2007 1259 2136 1330 quid
2183 1259 2291 1316 illic
2339 1261 2742 1327 convenientes,
2794 1262 2914 1319 sine
2950 1263 3189 1334 qualibet
3237 1262 3448 1334 gratia,
3481 1262 3608 1318 odio

2008 1360 2099 1406 aut
2147 1352 2548 1408 inimicitiarum
2584 1367 2747 1409 causa
2775 1354 3040 1425 gessistis,
3094 1353 3335 1410 funditus
3386 1353 3602 1424 repelli.

2006 1444 2348 1517 Quapropter
2372 1461 2492 1501 cum
2522 1446 2670 1502 omni
2704 1448 3045 1504 festinatione
3071 1460 3167 1505 vos
3191 1463 3378 1505 omnes
3407 1448 3473 1503 ad
3504 1448 3605 1502 ltu-

2000 1536 2090 1606 jus
2115 1549 2317 1593 sancta:
2344 1538 2490 1594 sedis
2519 1539 2874 1594 reverentiam
2924 1538 3047 1595 volo
3092 1553 3449 1605 concurrere,
3476 1555 3608 1610 qua—

2006 1639 2165 1686 tenus
2192 1639 2466 1702 gestorum
2500 1631 2637 1702 apud
2669 1647 2766 1687 vos
2820 1632 3183 1704 integritatem
3213 1647 3309 1704 per
3360 1632 3608 1704 \‘OSIpSttS

2008 1726 2222 1796 possitis
2247 1726 2556 1782 ostendere.
2581 1726 2713 1781 Nam
2733 1741 2832 1782 nec
2856 1726 3105 1783 dubitare
3127 1740 3228 1782 vos
3247 1725 3411 1783 credo
3438 1725 3608 1782 Atha-

295 1827 488 1886 XXIV.
523 1826 610 1883 Ne
642 1827 844 1901 judices
868 1828 923 1882 in
952 1827 1206 1883 absentem
1236 1830 1501 1901 proferant
1547 1827 1892 1893 sententiam,
1921 1814 1972 1875 Β
2003 1818 2211 1875 nasium
2243 1817 2323 1893 (2)
2347 1833 2514 1874 sacrae
2542 1818 2674 1891 legis
2702 1820 2979 1876 doctorem
3013 1835 3118 1877 non
3146 1820 3320 1877 solum
3350 1835 3381 1875 a
3409 1821 3563 1875 nobis
3587 1863 3603 1888 ,

365 1932 411 1978 et
432 1932 491 1979 ut
510 1921 747 1995 proditor
770 1938 871 1977 non
897 1921 1161 1978 audiatur.

287 2015 459 2073 XXV.
495 2016 569 2071 [te
599 2016 1007 2072 accusationibus
1031 2015 1351 2071 clericorum.

286 2111 482 2167 XXVI.
511 2110 591 2167 De
615 2112 865 2184 episcopis
893 2113 1167 2168 accusatis.

288 2205 505 2262 XXVII.
540 2204 617 2262 De
635 2206 832 2279 injusta
859 2207 1216 2280 episc0porum
1246 2207 1595 2263 damnatione.

286 2297 527 2355 XXVIII.
550 2297 872 2354 Detractores
892 2309 940 2355 et
962 2301 1184 2373 fautores
1229 2299 1554 2354 inimicorum
1573 2299 1636 2355 ab
1678 2316 1893 2356 accusa-

360 2392 494 2447 tione
535 2391 862 2447 removendos
886 2435 902 2459 ,
946 2409 1035 2447 nec
1087 2392 1333 2464 majorem
1374 2408 1407 2446 a
1460 2393 1654 2447 minore
1700 2392 1882 2449 debere

358 2484 555 2561 impeti,
581 2501 672 2540 nec
699 2485 752 2540 in
777 2503 833 2540 re
858 2484 1011 2540 dubia
1031 2493 1167 2541 certa
1187 2485 1419 2559 judicari
1432 2487 1681 2541 sententia
1706 2528 1721 2551 ,
1755 2496 1801 2541 et
1829 2487 1892 2541 de

348 2578 566 2655 judiciis
591 2578 918 2634 inordinatis.

282 2671 486 2729 XXIX.
516 2671 581 2729 Si
601 2673 758 2744 possit
786 2672 1057 2746 episwpus
1088 2688 1117 2727 a
1158 2671 1393 2743 pauciori
1436 2687 1646 2728 numero
1691 2671 1893 2743 episco-

358 2785 540 2839 porum
568 2767 765 2823 restitui
788 2809 806 2836 ,
837 2783 991 2836 quam
1019 2772 1185 2839 fuerat
1211 2764 1506 2823 damnatus.

285 2863 461 2922 XXX.
490 2863 553 2920 Si
579 2862 641 2917 sit
685 2861 987 2943 fugiendum
1022 2861 1274 2931 episcOpis
1298 2877 1457 2917 causa
1486 2859 1875 2933 persecutionis,

360 2967 405 3012 et
428 2958 491 3015 de
520 2957 799 3031 pfivilegiis
826 2954 1131 3027 apostolica:
1157 2956 1314 3010 sedis.

286 3049 483 3106 XXXI.
519 3050 722 3120 Quanta
742 3047 941 3104 cautela
957 3048 1199 3119 judicare
1223 3057 1454 3120 oporteat
1478 3090 1494 3117 ,
1517 3064 1607 3103 nec
1637 3048 1889 3104 damnan-

2001 1915 2097 1971 sed
2126 1916 2290 1972 etiam
2320 1930 2351 1969 a
2374 1914 2593 1971 Niesena
2612 1916 2822 1989 synodo
2866 1933 3008 1973 vera:
3038 1917 3161 1977 ildei
3193 1917 3456 1973 cultorem
3483 1910 3629 1975 esse

2000 2008 2435 2080 comprobatum,
2465 2009 2556 2083 qui
2584 2009 2841 2066 defuncto
2864 2010 3169 2066 Alexandro
3188 2010 3419 2077 mirabili
3448 2026 3602 2081 sene,

2001 2103 2091 2173 qui
2125 2103 2236 2157 Arii
2272 2111 2637 2175 prostraverat
2658 2102 3022 2173 blaSphemias
3047 2112 3169 2175 post
3193 2104 3427 2178 quinque
3454 2117 3604 2158 nzen-

1999 2209 2087 2251 ses
2113 2194 2314 2251 Nicaeni
2343 2196 2558 2251 concilii
2604 2195 3095 2253 Alexandrinorum
3123 2195 3370 2259 ecclesia:
3414 2210 3604 2253 susce—

1998 2286 2077 2359 pit
2104 2288 2486 2359 prccsuiatum:
2519 2288 2782 2351 adversus
2828 2305 2988 2362 quem
3034 2288 3259 2361 ejusque
3305 2298 3603 2345 sectatores

1997 2381 2167 2437 multa
2198 2382 2478 2439 mendacia
2508 2393 2751 2445 tenentes
2772 2426 2786 2452 ,
2838 2393 2893 2439 et
2924 2382 3094 2439 nudas
3117 2382 3271 2441 valde
3300 2384 3602 2443 calumnias

1994 2475 2148 2546 quasi
2178 2490 2335 2531 veras
2381 2477 2753 2532 accusationes
2795 2484 3219 2555 componentes,
3276 2476 3433 2534 nobis
3461 2478 3602 2534 mul-

1996 2578 2173 2623 torum
2226 2568 2491 2623 malorum
2544 2584 2667 2623 eum
2695 2583 2914 2624 causam
2965 2576 3021 2625 et
3046 2578 3207 2642 caput
3246 2584 3370 2627 esse
3417 2570 3599 2641 perhi-

1995 2660 2183 2715 buistls
2216 2702 2232 2728 ,
2285 2668 2341 2715 et
2387 2676 2490 2721 non
2513 2660 2688 2715 solum
2713 2660 2853 2733 apud
2896 2658 3231 2737 Egyptian,
3282 2661 3378 2721 sed
3427 2665 3592 2719 etiam

1992 2751 2132 2821 apud
2164 2751 2501 2808 Palmstinam
2545 2761 2600 2808 et
2627 2752 2945 2822 Phoenicen,
3000 2754 3313 2831 vicinasque
3362 2766 3589 2830 gentes,

1992 2844 2208 2915 scriptis
2269 2845 2464 2901 vestris
2504 2845 2657 2902 illum
2718 2846 3150 2917 perturbatorem
3206 2862 3328 2904 esse
3386 2848 3595 2920 signiti-

1989 2939 2172 2994 castis.
2227 2938 2345 3009 Qua
2381 2939 2450 2995 de
2502 2956 2560 2997 re
2615 2939 3036 2997 ecclesiasticam
3085 2950 3378 3012 sequentes
3435 2958 3593 3013 regu-

1989 3033 2137 3100 lam,
2178 3049 2274 3089 vos
2332 3042 2387 3090 et
2424 3033 2545 3090 illos
2602 3034 2784 3091 Romae
2839 3033 2919 3108 (3)
2972 3033 3296 3107 regulariter
3348 3036 3413 3091 ad
3449 3035 3595 3107 judi—

359 3144 479 3211 dum
508 3156 814 3213 quemquam
838 3181 855 3209 ,
903 3142 1205 3214 priusquam
1252 3151 1573 3198 accusatores
1615 3150 1888 3212 ρνωεεηιεε
1930 3207 1963 3214 Α
1991 3126 2132 3184 clum
2163 3127 2250 3183 die
2280 3136 2479 3184 statuta
2507 3170 2523 3197 ,
2573 3144 2679 3184 non
2708 3127 2808 3185 sub
2839 3126 3081 3199 Augusto
3110 3130 3369 3201 temporis
3415 3130 3591 3201 spatio

358 3235 579 3302 habeat,
610 3236 880 3305 locumque
901 3234 1208 3305 defendendi
1237 3234 1477 3305 accipiat.

276 3327 501 3386 XXXII.
551 3326 702 3385 Ultra
736 3329 1012 3401 provinch
1065 3328 1310 3383 terminos
1357 3320 1645 3384 accusandi
1684 3326 1887 3384 licentia

357 3438 456 3477 non
494 3420 874 3493 progrediatur.

281 3513 529 3572 XXXIII.
564 3513 666 3584 Qui
687 3530 790 3570 non
816 3513 1027 3570 debeant
1051 3514 1253 3569 admitti
1279 3513 1350 3569 ad
1369 3514 1772 3572 accusationem.

275 3608 527 3666 XXXIV.
558 3606 778 3664 Nullum
816 3609 1026 3665 alterius
1058 3610 1257 3682 judicis
1289 3652 1304 3678 ,
1352 3610 1451 3667 nisi
1494 3612 1576 3666 sui
1639 3612 1887 3668 sententia

355 3705 531 3771 teneri,
563 3713 611 3760 et
634 3703 809 3776 quales
838 3705 1049 3759 debeant
1075 3721 1204 3761 esse.

280 3796 509 3856 XXXV.
543 3796 621 3854 De
657 3799 908 3872 episcOpis
928 3799 1080 3857 rebus
1106 3800 1215 3856 suis
1246 3800 1518 3879 expoliatis
1546 3841 1560 3869 ,
1583 3801 1662 3858 vel
1713 3817 1744 3861 α
1768 3800 1888 3857 sede

353 3908 447 3947 sua
478 3892 658 3964 pulsis.

277 3984 530 4044 XXXVI.
566 3986 719 4055 Quod
752 3986 1184 4043 excommunicati
1229 3988 1497 4065 episcopos
1541 4006 1641 4045 non
1671 3998 1886 4063 possunt

355 4096 636 4148 accusare,
701 4097 791 4136 nec
838 4080 918 4135 illi
965 4083 1055 4154 qui
1098 4098 1180 4138 eos
1223 4082 1276 4137 in
1325 4100 1421 4138 sua
1485 4100 1590 4139 non
1634 4084 1886 4155 recipiunt

355 4175 717 4251 accusatione,
750 4192 841 4230 nec
866 4175 1114 4255 majorem
1158 4192 1192 4231 a
1216 4176 1413 4233 minore
1465 4192 1614 4257 posse
1640 4177 1882 4233 damnari

374 4268 455 4324 vel
468 4270 718 4348 judicari.

279 4402 314 4459 ,Ι
323 4403 461 4463 utius
482 4412 678 4467 sancite
702 4401 950 4469 Romana:
976 4414 1025 4461 et
1051 4404 1350 4475 apostolicis
1367 4405 1595 4465 ecclesia
1612 4406 1887 4478 episcopus

360 4496 605 4566 Eusebia,
633 4496 916 4569 Theognio,
938 4497 1230 4567 Theodoro,
1249 4498 1495 4561 Barintho
1525 4500 1679 4574 (Leg.
1716 4500 1886 4557 Theo-

357 4594 487 4655 doro
510 4591 806 4664 Perintkio)
831 4632 848 4660 ,
888 4602 939 4649 et
976 4594 1174 4653 steteris
1225 4594 1558 4652 orientalibus
1605 4596 1876 4669 episcopis.
1904 4609 1963 4671 1)

357 4731 619 4793 Decuerat
673 4744 771 4793 vos
813 4729 1071 4786 adversus
1100 4739 1359 4793 sanctam
1386 4746 1666 4788 romanam
1710 4733 1885 4791 eccle-

278 4825 420 4881 siam
466 4833 522 4881 et
570 4823 926 4896 apostolicam
969 4823 1195 4893 lintate,
1228 4833 1281 4880 et
1325 4840 1432 4880 non
1479 4824 1688 4882 ironice
1739 4827 1886 4901 loqui

284 4917 457 4994 (Hist.
488 4916 632 4990 Trip.
678 4934 772 4987 ιιι,
797 4919 853 4990 7)
885 4917 1136 4990 quoniam
1169 4925 1223 4973 et
1257 4917 1375 4989 ipse
1409 4917 1670 4979 Dominus
1699 4928 1884 4978 noster

278 5012 441 5071 .lesus
473 5011 720 5069 Christus
764 5025 882 5067 eam
929 5011 1188 5071 decenter
1208 5009 1472 5068 allocutus
1528 5011 1640 5069 ait:
1674 5009 1756 5067 Tu
1793 5029 1879 5081 es,

280 5105 456 5177 inquit
475 5149 488 5171 ,
520 5103 730 5171 Petrus,
768 5114 815 5159 et
842 5104 994 5175 imper
1021 5104 1154 5158 hanc
1187 5111 1383 5179 petram
1413 5102 1678 5176 (ediﬁcabo
1708 5103 1886 5161 Eccle-

284 5200 418 5255 siam
447 5214 642 5266 meam,
686 5206 735 5256 et
758 5205 921 5267 porta:
943 5196 1098 5266 inferi
1143 5213 1246 5252 non
1276 5196 1619 5267 praevalebunt
1639 5200 1883 5256 adversus

281 5308 418 5359 eam,
473 5300 522 5346 et
555 5290 646 5345 tibi
694 5288 829 5361 dabo
853 5289 1018 5344 claves
1044 5290 1190 5362 regni
1217 5289 1460 5344 caelorum
1489 5290 1701 5363 (blattis.
1742 5291 1877 5371 xvi).

283 5388 458 5444 liabet
510 5384 653 5457 enim
717 5390 1077 5456 potestatem,
1136 5384 1392 5455 singulari
1450 5385 1730 5457 privilegio
1776 5385 1881 5445 sibi

283 5493 624 5545 concessam,
674 5478 887 5549 aperire
917 5484 971 5532 et
998 5475 1251 5532 claudere
1275 5476 1470 5548 januas
1506 5479 1653 5550 regni
1686 5478 1878 5535 coeles-

284 5573 376 5641 tis,
409 5571 605 5644 quibus
633 5569 886 5626 voluerit.
917 5567 1052 5624 Nam
1084 5569 1128 5624 si
1177 5569 1226 5625 ei
1276 5568 1565 5627 detrahere
1594 5569 1737 5644 (qum
1772 5570 1879 5628 Do-

284 5664 414 5721 mini
432 5650 531 5721 'ore
554 5670 762 5719 sacrata
792 5671 950 5733 atque
998 5661 1232 5734 desuper
1254 5662 1489 5718 exaltata
1519 5660 1624 5735 est)
1654 5679 1759 5719 non
1789 5679 1879 5721 re-

285 5756 478 5814 nuistis
510 5755 604 5831 (al.
638 5754 947 5829 timuistis),
975 5770 1076 5812 nec
1101 5757 1295 5811 mirum
1315 5756 1358 5812 si
1376 5756 1632 5813 fratribus
1659 5758 1882 5829 injurias

289 5854 530 5925 irrogare
559 5850 782 5908 minime
827 5852 1069 5908 cessatis.
1105 5849 1260 5907 Unde
1277 5850 1387 5923 jam
1416 5850 1634 5908 silentio
1661 5868 1766 5910 non
1796 5869 1881 5913 re-

1917 3207 1965 3273 C
1997 3220 2376 3293 (ntexcusatio
2404 3222 2580 3277 locum
2616 3238 2721 3277 non
2767 3222 3027 3295 inveniat)
3056 3222 3250 3278 litteris
3281 3232 3334 3279 et
3379 3223 3591 3294 apocri-

1989 3313 2167 3368 siariis
2188 3314 2570 3371 evocavimus:
2605 3313 2787 3386 illique
2822 3358 2836 3383 ,
2878 3316 3160 3372 vocatione
3187 3327 3431 3387 suscepta
3457 3359 3470 3383 ,
3524 3316 3590 3371 ad

1988 3408 2131 3465 diem
2161 3408 2523 3480 praestitutum
2554 3424 2754 3467 venere
2776 3454 2789 3478 ,
2823 3410 2918 3467 sed
2941 3426 3039 3467 vos
3067 3455 3083 3480 ,
3110 3426 3179 3467 ne
3210 3413 3403 3468 vestris
3440 3428 3593 3467 men.

1989 3500 2157 3557 daciis
2203 3503 2531 3573 capercmini
2556 3545 2570 3570 ,
2604 3513 2890 3576 vestraque
2918 3505 3188 3560 caimnnia
3217 3505 3545 3565 enudat-etur
3571 3548 3589 3575 ,

1988 3596 2174 3651 venire
2198 3595 2501 3653 distulistis.
2549 3595 2661 3654 Nec
2717 3597 2801 3653 his
2849 3597 3333 3659 machinationibus
3386 3599 3589 3657 solum-

1990 3685 2155 3743 modo
2182 3690 2420 3745 contenti
2451 3689 2583 3745 estis
2607 3732 2622 3757 ,
2680 3691 2774 3746 sed
2805 3691 2965 3747 etiam
3013 3690 3260 3749 videntes
3307 3705 3436 3747 oves
3466 3706 3591 3763 pas-

1989 3782 2195 3838 toribus
2224 3783 2529 3849 desolatas,
2549 3783 2705 3856 lupos
2735 3800 2833 3856 pro
2850 3786 3156 3856 pastoribus
3178 3799 3341 3860 super
3366 3800 3460 3841 eas
3489 3799 3587 3859 po-

1987 3876 2189 3933 suistis.
2225 3878 2483 3935 Decuerat
2529 3893 2661 3952 ergo
2691 3922 2706 3947 ,
2765 3892 2821 3935 ut
2855 3879 2921 3935 ad
2974 3880 3277 3952 regularem
3331 3879 3590 3936 veniretis

1988 3971 2435 4028 convocationem
2473 4014 2488 4039 ,
2544 3970 2780 4046 qualiter
2826 3973 2894 4029 de
2922 3971 3007 4029 his
3033 3982 3088 4028 et
3114 3971 3182 4029 de
3222 3974 3341 4031 aliis
3391 3974 3589 4029 vestris

1988 4065 2498 4137 praesumptiouibus
2511 4081 2691 4121 veram
2707 4065 3005 4122 redderetis
3023 4067 3308 4128 rationem.
3332 4066 3586 4139 quoniam
3692 4094 3709 4113 ο

1988 4169 2298 4217 occurreret
2314 4160 2513 4216 veritas
2528 4156 2679 4234 (Cael.
2696 4176 2778 4231 ep.
2805 4159 2834 4215 1
2855 4158 2923 4213 ad
2936 4156 3158 4233 Gallos),
3196 4158 3239 4214 si
3259 4157 3462 4213 falsitas
3476 4157 3588 4212 dis-

1988 4254 2211 4327 pliceret
2255 4253 2512 4311 etnullus
2557 4252 2767 4310 dubitat
2816 4251 2956 4326 quod
3003 4250 3351 4325 itajudicium
3381 4249 3586 4329 (Bonif.

1987 4365 2069 4423 ep.
2098 4347 2135 4402 2
2177 4348 2245 4404 ad
2273 4346 2497 4421 Gallos),
2528 4362 2730 4403 nocens
2756 4345 3074 4418 subleri‘ugit
3095 4388 3110 4421 ,
3132 4344 3586 4419 quemadmodum

1987 4442 2077 4514 qui
2102 4451 2185 4497 est
2203 4442 2464 4499 innocens
2483 4451 2539 4497 ut
2559 4441 2869 4503 absolvatur
2883 4441 3124 4514 requirit.
3147 4438 3259 4496 Nec
3277 4439 3587 4510 διιδιιίεἰοιιθ

1987 4548 2131 4594 caret
2164 4539 2254 4609 qui
2288 4539 2451 4594 alium
2472 4536 2758 4593 calumniis
2777 4537 3001 4609 derogat
3023 4534 3156 4592 falsa
3176 4534 3377 4601 dixisse
3411 4575 3427 4601 ,
3462 4548 3583 4599 cum

1989 4635 2104 4706 ipse
2129 4632 2193 4690 ad
2220 4632 2480 4706 judicium
2508 4674 2526 4701 ,
2577 4640 2637 4687 ut
2662 4634 2857 4705 probet
2894 4646 3015 4705 quce
3046 4629 3226 4687 intulit
3280 4672 3296 4698 ,
3327 4637 3586 4686 evocatus

1989 4729 2173 4784 venire
2194 4728 2484 4786 distulerit.
2508 4724 2719 4784 Vellem
2752 4727 2895 4783 enim
2925 4740 3020 4780 vos
3042 4724 3213 4798 magis
3238 4724 3303 4779 ad
3328 4725 3437 4803 jam
3468 4724 3584 4781 dice

1988 4831 2094 4877 tam
2152 4820 2468 4883 canonicam
2524 4819 2814 4879 convenire
2870 4819 3210 4877 vocationem
3243 4860 3259 4885 ,
3312 4828 3370 4874 ut
3400 4833 3583 4874 coram

1986 4913 2278 4970 universali
2339 4914 2420 4988 (ἒ)
2469 4912 2699 4969 concilio
2770 4912 3069 4970 redderetis
3122 4912 3435 4979 rationem,
3490 4928 3589 4969 cur

1985 5008 2248 5081 synodum
2269 5007 2335 5063 ad
2353 5017 2547 5063 statum
2566 5006 2913 5064 ecclesiarum
2932 5018 2987 5064 et
3007 5006 3234 5063 fratrum
3258 5009 3310 5064 in
3337 5006 3508 5080 (Trip.
3534 5023 3588 5064 tv

1989 5103 2046 5168 9,
2077 5111 2125 5157 et
2154 5102 2305 5158 Socr.
2326 5117 2386 5165 ιι,
2405 5099 2473 5176 8)
2507 5100 2829 5157 Antitiocltia
2849 5102 3361 5173 subverlcndum,et
3384 5101 3591 5158 Nica‘ni

1988 5195 2167 5268 magni
2199 5191 2414 5249 concilii
2441 5190 2862 5251 destructionem
2908 5192 3115 5251 fecistis
3142 5234 3157 5260 ,
3191 5202 3283 5253 aut
3307 5208 3405 5251 cur
3427 5193 3585 5260 nobis

2060 5349 2143 5421 (i)
2177 5347 2319 5403 Hist.
2360 5350 2481 5420 trip.
2543 5364 2621 5414 ut.
2674 5351 2737 5417 7;
2767 5364 2831 5405 ex
2879 5351 3102 5407 Socrate
3139 5361 3194 5407 et
3230 5350 3379 5419 802.,
3422 5353 3588 5409 verba

1987 5420 2406 5495 (ktnstttptiniin
2433 5437 2521 5493 op.
2545 5422 2612 5495 ad
2636 5423 2936 5481 Concilium
2958 5422 3202 5495 Tyrium.

2060 5492 2139 5566 (2)
2184 5492 2435 5566 Ejusdem
2463 5492 2528 5550 cx
2558 5494 2746 5566 iisdem
2771 5537 2785 5561 ,
2816 5510 2893 5560 tv,
2942 5492 3210 5566 {verba
3252 5493 3591 5553 Constantini

1982 5564 2215 5694 ξέιὲὴιιίε
2264 5564 2407 5649 Aug.
2469 5566 2539 5625 ad
2590 5565 3007 5627 Alexandrinos.
3080 5564 3318 5627 Videntia
3374 5584 3591 5641 quoque

2074 5639 2195 5694 cod.
2234 5642 2369 5694 iltst.
2403 5654 2461 5694 ιι.
2482 5637 2539 5694 2.
2563 5647 2618 5694 et
2640 5638 2864 5694 Atinam.
2894 5635 3191 5694 Anoioaia.
3224 5638 3281 5694 9.

2036 5636 2195 5699 hcod.
2234 5635 2378 5696 llistI
2403 5654 2461 5707 tt,
2482 5637 2539 5703 ‘2.
2563 5647 2618 5695 et
2640 5638 2864 5703 Atinam,
2894 5635 3191 5709 Apologia,
3224 5638 3281 5697 3.

1986 5710 2148 5839 (10ξῇ
2167 5710 2376 5839 Τὲὲξοάο
2426 5726 2465 5777 tl
2491 5752 2505 5779 .
2550 5709 2607 5777 5,
2633 5711 3022 5785 interpretante
3052 5709 3355 5783 Epiphanio
3382 5710 3591 5773 Cassio-

2122 5801 2225 5838 .mt
2302 5822 2317 5837 ο

2025 5795 2100 5836 0U
2122 5800 2317 5839 amico.

2057 5852 2141 5925 (4)
2172 5855 2409 5913 Fuerunt
2431 5852 2561 5909 circ.
2596 5851 2667 5908 50
2687 5866 2751 5909 ex
2779 5851 2907 5908 Ath.
2934 5851 3088 5926 Apol.
3111 5852 3166 5908 2.
