4046 6302
436 212 545 273 083
1627 208 1936 269 SANCTUS
1985 208 2034 268 Jl

2105 209 2221 270 .IUS
2257 209 2437 271 PAPA
2479 210 2521 273 l.
2590 240 2599 246 -
2758 258 2761 261 .
3617 215 3703 283 (“Si

440 332 760 391 inconsultis
807 330 1095 405 episcopos
1122 331 1175 387 in
1205 344 1324 386 eam
1351 330 1692 386 convocastis
1715 370 1731 393 ,
1783 328 1849 384 ad
1875 342 2037 401 quam
2064 336 2114 393 Α
2143 341 2346 387 sanctte
2373 331 2525 398 sedi,
2559 330 2720 388 rebus
2741 373 2757 401 ,
2811 332 3058 404 proprias
3088 330 3417 389 reddidimus
3438 332 3704 402 ecclesias,

438 444 544 486 nec
569 428 834 484 Maximus
865 424 1386 499 Hierosolymitanus
1402 422 1568 489 venit,
1610 436 1709 477 nec
1739 432 1926 477 nostra
1951 421 2036 476 in-
2138 424 2391 494 quoniam
2418 423 2544 480 huic
2571 435 2775 481 sancta:
2815 424 2929 480 sedi
2976 434 3198 498 propter
3237 440 3515 496 pravorum
3565 424 3711 482 homi-

444 524 631 582 terfuit
651 522 848 594 legatio
873 562 889 586 ,
921 518 1215 576 canonibus
1229 517 1429 589 quippe
1454 517 1505 571 in
1540 513 1814 588 (Ejusdem
1845 531 1917 581 tv,
1948 514 2038 586 19)

2141 532 2269 573 num
2322 518 2567 582 insidias,
2615 518 2736 590 ipso
2786 520 3012 576 Domino
3055 521 3388 589 instituente,
3440 530 3497 578 et
3538 523 3713 578 sanctis

442 620 660 677 Nicena
693 615 902 691 synodo
941 614 1255 685 iubentibus
1283 654 1297 678 ,
1332 627 1438 667 non
1468 610 1668 667 debere
1695 619 1889 680 prmter
1912 625 2040 666 sen-
2141 611 2423 679 apostolis,
2449 627 2745 683 eorumque
2764 615 3167 670 successoribus
3191 631 3285 684 per
3328 616 3532 687 singula
3559 617 3718 671 conci-

444 715 669 771 tentiam
698 708 927 766 Romani
985 705 1250 777 pontiﬁcis
1294 704 1404 760 ullo
1431 704 1592 779 modo
1636 703 1868 758 concilia
1903 703 2045 760 cele-
2145 702 2214 759 lia
2238 705 2651 773 roborantihus,
2683 706 2786 763 hoc
2833 721 3047 778 semper
3075 708 3248 776 licuit,
3282 709 3586 782 licebitque,
3631 711 3719 766 Do-

448 806 636 871 brari,
665 818 766 860 nec
792 800 1076 874 episcopos
1096 797 1343 853 damnari
1375 812 1390 852 :
1422 805 1514 852 aut
1541 810 1640 851 cur
1676 793 1727 849 in
1764 795 2047 865 pracdicto-
2146 797 2297 853 mino
2318 799 2634 865 auxiliante,
2665 801 2716 855 iu
2774 810 3109 872 perpetuum.
3160 801 3349 870 Unde,
3398 804 3488 873 qui
3539 819 3595 858 se
3635 804 3720 860 scit

444 917 568 959 rum
592 900 712 956 loco
758 898 980 953 fratrum
1027 894 1164 950 alios
1212 891 1487 947 adulteros
1546 890 1850 962 posuistis,
1896 898 2049 945 ante-
2148 890 2270 946 aliis
2329 905 2451 947 esse
2498 893 2598 961 (S.
2670 892 2810 959 Leo,
2863 912 2945 965 ep.
3009 896 3117 967 84)
3182 896 3569 969 praepositum,
3630 913 3721 953 non

446 1009 610 1067 quam
664 1006 830 1063 penes
879 1003 979 1045 nos
1024 996 1115 1042 aut
1174 982 1553 1056 apocrisiarios
1600 992 1818 1039 nostros
1861 998 2048 1040 eorum
2152 986 2380 1043 moleste
2424 985 2563 1043 ferat
2591 988 2820 1059 aliquem
2854 989 2953 1044 sibi
3000 1004 3122 1046 esse
3169 990 3448 1059 prmlatum
3483 1009 3495 1043 :
3527 991 3615 1046 sed
3639 991 3723 1046 ob-

445 1102 610 1145 cattsa
639 1085 896 1142 canonice
924 1093 1067 1138 esset
1089 1080 1392 1138 examinata
1420 1120 1435 1145 ,
1459 1076 1731 1150 ﬁnemque
1754 1078 2052 1149 perciperet
2156 1082 2567 1152 temperantiam
2587 1123 2604 1147 ,
2635 1097 2794 1153 quam
2824 1082 2893 1138 ab
2918 1081 3038 1138 aliis
3064 1082 3321 1154 requirit,
3348 1086 3518 1154 gratis
3540 1094 3589 1139 et
3629 1084 3726 1155 ipse

450 1190 681 1236 rectum.
727 1178 816 1233 lsti
841 1176 985 1233 enim
1013 1174 1105 1247 qui
1134 1173 1200 1229 ad
1229 1179 1583 1228 memoratam
1616 1171 1933 1243 regulariter
1964 1186 2055 1226 ve—
2162 1174 2456 1242 dependat.
2486 1175 2831 1247 Quapropter
2866 1177 3194 1248 increpando
3230 1177 3383 1233 vobis
3411 1176 3728 1249 scriboU-Ja-

452 1286 584 1328 nere
617 1274 952 1325 vocationem
979 1310 995 1336 ,
1043 1266 1287 1322 videntes
1307 1280 1407 1321 vos
1450 1279 1481 1320 a
1529 1263 1798 1333 tincdictis
1841 1264 2051 1320 subtra-
2158 1267 2273 1323 dem
2324 1267 2497 1338 Trip.,
2531 1266 2721 1339 ibid.),
2749 1269 3006 1341 quia-non
3032 1279 3177 1326 recte
3205 1270 3477 1325 tractastis
3499 1270 3633 1325 viros
3657 1270 3726 1325 in-

453 1365 589 1422 hcrc
615 1364 900 1419 calumniis
925 1405 941 1431 ,
989 1361 1157 1417 multa
1183 1360 1445 1416 adversus
1490 1373 1586 1413 vos
1609 1358 1980 1430 lacrymabilia
2005 1366 2059 1414 et
2160 1360 2402 1432 culpatos
2423 1404 2438 1429 ,
2469 1369 2525 1417 et
2546 1376 2575 1415 a
2609 1361 2765 1417 nobis
2788 1361 3009 1418 minime
3039 1363 3408 1429 examinatus,
3434 1362 3503 1418 de
3526 1363 3632 1416 suis
3656 1377 3731 1417 ec-

452 1455 735 1513 doloribus
758 1456 914 1525 plena
940 1453 1197 1520 referunt,
1227 1460 1546 1508 accusantes
1573 1465 1686 1517 vos,
1714 1459 1767 1506 et
1797 1450 2057 1513 dicentes.
2161 1454 2345 1511 clesiis
2372 1455 2751 1511 communione
2796 1455 3035 1525 privatos
3065 1454 3327 1524 pollentes
3347 1497 3361 1519 ,
3392 1462 3448 1509 et
3476 1453 3733 1509 ecclesias-

460 1550 633 1608 multa
657 1566 715 1605 se
744 1543 1537 1619 importabilia(intolerabilia)
1570 1559 1601 1597 a
1623 1542 1775 1599 vobis
1800 1558 1921 1599 esse
1939 1559 2062 1615 pas-
2165 1551 2284 1606 tione
2329 1550 2629 1621 disciplina:
2675 1548 2924 1616 iniuriam
2967 1550 3266 1619 irrogautes
3305 1548 3751 1618 constitutumque.

457 1659 569 1701 sos.
596 1643 761 1699 Vobis
791 1657 921 1713 ergo
950 1641 1029 1716 (1)
1055 1638 1440 1711 refugientibus
1459 1637 1677 1706 Venire,
1708 1638 1917 1709 illisque
1944 1652 2066 1708 βει-
2166 1642 2370 1700 Νἰεωηί
2397 1642 2617 1699 concilii
2643 1643 2861 1698 minime
2889 1651 3189 1708 servantes,
3223 1641 3343 1695 talia
3371 1640 3737 1710 indisciplinalc

459 1738 837 1794 severantibus
864 1736 917 1790 iu
945 1748 1075 1789 vera
1103 1734 1310 1789 ratione
1335 1775 1350 1798 ,
1390 1746 1622 1802 suasque
1646 1730 1942 1785 calumnias
1973 1746 2057 1785 re-
2094 1728 2139 1786 Β
2166 1753 2327 1807 agerc
2351 1752 2458 1792 non
2482 1735 2831 1791 formidastis.
2856 1734 3060 1792 idcirCo
3081 1736 3332 1804 quoniam
3356 1732 3557 1787 dudum
3580 1730 3739 1785 venire

460 1829 824 1886 clamantibus
843 1870 857 1892 ,
909 1844 1071 1898 super
1096 1828 1290 1897 quibus
1316 1835 1371 1881 ct
1409 1824 1787 1896 Egyptiorntu
1820 1824 2058 1895 episcopi
2160 1830 2336 1886 vocati
2368 1829 2624 1885 renuis-tis
2646 1870 2660 1894 ,
2694 1827 2854 1895 modo
2880 1828 2947 1883 ad
2975 1836 3181 1883 cei-tum
3208 1826 3377 1893 diem,
3403 1823 3456 1880 id
3478 1835 3556 1878 est
3576 1822 3739 1896 quinto

463 1922 635 1997 (Trip.
665 1938 737 1991 tv,
765 1922 851 1988 i9;
871 1931 919 1976 et
943 1919 1096 1977 Socr.
1126 1918 1664 1992 n,i7)litterisnobis
1686 1918 1867 1972 missis
1882 1926 2061 1988 prote-

2161 1925 2377 1982 decimo
2423 1923 2683 1980 kalendas
2710 1920 3062 1987 Novembris,
3095 1937 3192 1976 vos
3222 1922 3421 1976 iterum
3454 1918 3742 1989 regulariter

462 2025 676 2072 stantur
695 2016 829 2082 suis,
853 2013 991 2071 falsa
1017 2028 1140 2071 esse
1165 2030 1285 2084 qua:
1304 2022 1496 2069 contra
1526 2010 1879 2068 Athanasium
1908 2025 2064 2065 suos-
2163 2018 2336 2075 literis
2384 2015 2669 2088 missisque
2715 2030 3036 2083 evacauius,
3066 2024 3124 2069 ut
3167 2028 3352 2070 coram
3386 2012 3557 2069 vostis
3585 2018 3744 2066 osten-

463 2123 571 2179 que
606 2116 901 2164 sectatores
928 2106 1303 2163 machinantur
1332 2146 1347 2170 ,
1397 2114 1699 2174 cunctaque
1737 2104 2061 2160 Arianorum
2166 2111 2360 2167 damus
2403 2124 2503 2165 nos
2541 2108 2743 2179 justam
2774 2109 2828 2163 in
2871 2122 2966 2163 cos
2995 2107 3285 2179 protulisse
3329 2104 3676 2168 sententiam,
3703 2111 3745 2157 et

465 2199 775 2256 machinata
794 2200 940 2272 (fort.
958 2195 1412 2269 machinamenta)
1428 2195 1773 2270 blaspltemiis
1792 2207 1846 2252 et
1868 2196 2065 2253 talibus
2169 2203 2239 2260 du
2268 2213 2469 2259 cetero
2500 2216 2605 2258 non
2640 2201 2765 2257 talia
2794 2215 2915 2256 esse
2944 2214 3219 2273 passuros.
3237 2198 3333 2255 Est
3361 2197 3563 2254 etenim
3593 2197 3643 2252 in
3667 2211 3747 2251 an-

465 2295 628 2366 plena
643 2294 908 2366 ﬁgmentis
928 2337 942 2362 ,
964 2294 1128 2365 liquet
1157 2308 1252 2349 eos
1275 2308 1397 2350 esse
1426 2291 1597 2367 (Trip.
1621 2308 1697 2359 ιν,
1734 2290 1821 2357 i5,
1847 2308 1912 2348 ea:
1939 2292 2063 2349 Soz.

2170 2299 2334 2371 tiquis
2357 2298 2613 2354 Ecclesia:
2638 2295 2851 2352 statutis
2881 2295 3179 2361 decretum,
3209 2303 3267 2350 ut
3295 2293 3477 2351 aliena
3503 2292 3589 2363 qui
3626 2293 3747 2345 inva-

469 2400 552 2454 ttt,
585 2384 663 2458 7),
682 2386 1029 2456 inculpabiles
1046 2399 1248 2457 vosque
1270 2384 1567 2457 culpabiles
1592 2402 1605 2438 :
1636 2383 1757 2455 quia
1785 2384 1829 2439 si
1855 2383 1923 2440 de
1939 2398 2067 2441 vera

2172 2392 2282 2460 dit,
2312 2407 2421 2449 non
2466 2399 2627 2448 exeat
2674 2390 2970 2460 impunitus
2991 2431 3009 2458 ,
3041 2389 3133 2445 sed
3166 2404 3288 2444 cum
3334 2384 3748 2459 multiplicatione

471 2476 820 2533 conﬁderetis
862 2477 1201 2542 innocentia,
1234 2476 1382 2532 nullo
1405 2477 1568 2532 modo
1605 2490 1637 2530 a
1659 2476 1769 2547 jam
1801 2476 1945 2531 dicta
1975 2492 2071 2531 vos
2175 2487 2443 2542 restituat.
2476 2484 2629 2542 Unde
2655 2492 2711 2539 et
2740 2484 2794 2538 in
2828 2482 3119 2554 Evangelia
3157 2482 3425 2552 scriptum
3470 2487 3552 2536 est
3582 2498 3597 2534 :
3624 2476 3749 2546 Quod

469 2569 1487 2639 canonicasubtraheretisevocatione,
1505 2584 1625 2640 quas
1642 2568 1960 2635 nonsubito,
1977 2568 2073 2625 sed
2175 2581 2222 2637 εί
2265 2578 2463 2650 aliquid
2503 2577 2697 2651 (vulg.
2746 2576 2868 2648 quid
2915 2576 3169 2648 aliquem)
3213 2575 3275 2629 de
3321 2571 3591 2647 fraudari,
3619 2568 3751 2625 reddo

470 2664 708 2736 Spatiose
735 2662 1051 2718 denuntiata
1072 2670 1184 2718 est:
1213 2661 1306 2717 sed
1335 2662 1480 2717 omni
1509 2660 1774 2717 subducta
1802 2661 2072 2734 apologia,
2177 2675 2527 2749 quadruplum
2550 2674 2568 2749 (
2584 2673 2720 2740 an,
2741 2689 2827 2728 xi;
2860 2673 2900 2744 ),
2945 2672 3001 2726 1n
3026 2672 3141 2742 tego,
3168 2685 3389 2742 quoque
3409 2677 3617 2725 cantum
3641 2674 3712 2720 est
3739 2682 3750 2716 ;

472 2757 677 2829 absque
703 2755 1009 2814 tardatione
1037 2755 1255 2824 venire,
1285 2763 1341 2812 et
1364 2769 1557 2810 causas
1589 2754 1819 2811 reddere
1858 2754 2070 2811 festina-

2181 2768 2491 2825 Maledicta:
2536 2768 2701 2822 euntis
2744 2765 2834 2838 qui
2876 2768 3117 2837 transfert
3144 2763 3393 2818 terminos
3441 2759 3648 2831 proximi
3671 2758 3750 2813 sui.

474 2859 629 2914 retis.
671 2860 873 2928 Quibus
904 2859 977 2914 ita
1000 2860 1168 2931 gestis
1188 2900 1204 2925 ,
1261 2859 1452 2928 scripsi
1490 2856 1558 2929 (T
1559 2858 1658 2927 rip.
1692 2872 1768 2923 tv,
1805 2856 1862 2927 9)
1893 2855 2077 2921 vobis,
2184 2862 2250 2918 Et
2277 2862 2405 2916 (licet
2433 2861 2599 2916 omnis
2621 2859 2842 2930 populus
2875 2872 2894 2911 :
2922 2857 3079 2911 Amen
3110 2853 3327 2930 (Deam,
3356 2854 3568 2923 xxvn).

476 2960 535 3009 et
557 2952 806 3010 omnibus
834 2955 923 3026 qui
956 2956 1009 3010 in
1034 2952 1376 3009 Antiochiam
1393 2959 1586 3009 contra
1610 2950 1960 3023 apostolicam
1985 2964 2074 3005 ca-
2253 2956 2431 3024 Quare
2472 2955 2640 3010 miror
2666 2967 2760 3008 vos
2793 2961 2900 3007 tam
2927 2949 3161 3006 audaces
3189 2963 3311 3004 esse
3332 2990 3348 3014 ,
3396 2958 3452 3003 et
3481 2956 3583 3001 tam
3613 2943 3757 3011 impu-

480 3048 842 3120 nonicamque
895 3050 1175 3121 regulam,
1240 3048 1396 3104 nobis
1445 3047 1805 3113 inconsultis,
1861 3044 2078 3101 fueratis

2184 3051 2377 3108 denter
2418 3052 2621 3122 egisse,
2654 3056 2711 3105 et
2739 3048 3001 3104 terminos
3045 3061 3111 3101 ac
3136 3046 3258 3116 iura
3288 3044 3436 3100 beati
3462 3042 3603 3099 Petri
3651 3053 3755 3108 apt»

478 3143 1059 3214 congregati,arguens
1074 3158 1168 3197 vos
1200 3142 1427 3213 primum
1446 3140 1512 3196 de
1534 3140 1743 3211 injuriis
1766 3137 2084 3204 litterarum,
2113 3129 2159 3193 C
2198 3145 2461 3202 stolarum
2495 3142 2752 3215 principis
2783 3141 3060 3197 invasisse.
3093 3139 3186 3196 Sui
3216 3138 3359 3195 enim
3386 3139 3475 3211 (ut
3518 3133 3662 3208 paulo
3684 3148 3757 3188 Stl-

481 3233 679 3290 deinde
726 3250 824 3290 cur
874 3234 1231 3291 Athanasium
1281 3249 1515 3306 suosque
1562 3240 1963 3289 consectatores
2017 3231 2084 3287 ad
2192 3241 2375 3312 net-ius
2403 3237 2811 3310 comprobatum
2842 3235 2968 3308 3.1)
3009 3235 3147 3306 ini-is
3174 3243 3323 3301 erat,
3355 3243 3420 3289 ut
3449 3233 3642 3303 absque
3665 3228 3760 3295 ejus

482 3334 721 3384 Vestrum
752 3328 1040 3384 concilium
1069 3328 1474 3383 cnnvocassetis
1500 3368 1515 3391 .
1549 3326 1845 3382 canoniblls
1881 3324 2088 3381 Scilicet
2190 3343 2391 3388 sanctas
2420 3329 2567 3386 sedis
2594 3329 2944 3393 auctoritate,
2979 3327 3157 3382 nullus
3184 3326 3413 3382 deberet
3443 3333 3536 3380 aut
3561 3319 3758 3378 concilia

485 3418 926 3490 praecipientibus
951 3459 968 3487 ,
997 3418 1131 3475 nihil
1155 3429 1305 3475 extra
1336 3419 1637 3474 Romanum
1666 3417 1884 3474 decerni
1914 3417 2083 3488 ponti-

2190 3424 2385 3502 (Socr.
2416 3434 2462 3480 et
2490 3424 2616 3481 Soz.
2642 3424 2772 3478 alias
2802 3422 2980 3493 citati)
3002 3420 3279 3477 celebrare
3305 3430 3400 3476 aut
3423 3421 3688 3492 episc0pos
3708 3411 3759 3467 ad

483 3509 663 3580 ﬁcem,
692 3510 780 3567 cui
799 3510 916 3568 haec
940 3521 995 3568 et
1018 3513 1224 3583 majora
1251 3513 1604 3569 ecclesiarum
1626 3513 1861 3585 negotia,
1893 3522 1999 3568 tam
2021 3511 2089 3568 ab
2192 3520 2457 3595 synodum
2484 3533 2821 3585 convocare,
2851 3517 2939 3574 vel
2970 3516 3231 3572 damnare
3260 3531 3359 3571 eos
3386 3557 3401 3580 ,
3446 3524 3538 3570 aut
3566 3508 3762 3585 propriis

488 3605 610 3675 ipso
642 3604 892 3674 Domino,
921 3620 1081 3675 quam
1118 3608 1185 3660 ab
1213 3605 1467 3661 omnibus
1500 3606 1877 3662 universorum
1907 3605 2086 3661 conci-

2191 3614 2396 3685 pellere
2426 3612 2678 3678 sedibus,
2710 3620 2803 3667 aut
2848 3609 2983 3667 alios
3014 3610 3067 3665 in
3098 3623 3286 3666 eorum
3335 3607 3460 3664 loco
3504 3605 3760 3667 ordinare,

484 3698 684 3758 liorum
718 3697 991 3763 fratribus,
1022 3699 1240 3771 speciali
1272 3703 1356 3773 (ut
1375 3699 1487 3770 jam
1512 3701 1714 3756 dictum
1749 3697 1856 3772 est)
1875 3699 2091 3771 privile-
2194 3723 2314 3779 qua:
2359 3706 2541 3762 omnia
2592 3720 2690 3760 vos
2738 3714 3005 3761 temerare
3053 3718 3160 3759 non
3192 3701 3473 3758 timuistis.
3505 3696 3634 3768 Quid
3659 3705 3764 3764 ergo

489 3790 580 3863 gio
601 3790 907 3847 contradita
932 3800 1078 3847 sunt.
1109 3790 1272 3847 Vobis
1299 3808 1428 3847 vero
1448 3791 1857 3863 refugientibus,
1900 3800 1976 3858 et,
2023 3790 2090 3845 ad
2194 3809 2280 3856 est
2334 3797 2477 3854 aliud
2524 3797 2641 3852 talis
2690 3797 3071 3868 prmsnmptio,
3104 3795 3204 3850 nisi
3257 3794 3405 3866 quod
3435 3790 3762 3864 apostolorum

491 3884 779 3940 concilium
810 3885 973 3940 toties
998 3885 1338 3949 convocatis,
1373 3885 1562 3940 adeste
1600 3884 1936 3951 nolentibus,
1988 3882 2092 3938 illis
2195 3907 2494 3965 corninnnc
2523 3906 2897 3948 successorum
2927 3890 3143 3946 dccccia
3175 3887 3481 3961 transgredi
3508 3930 3523 3950 θ
3550 3895 3604 3940 ει
3629 3880 3768 3939 male.

396 4050 419 4072 .
497 3993 711 4050 quoque
742 3979 795 4033 in
848 3993 946 4033 sua
982 3979 1364 4035 reclamatioue
1403 3986 1459 4033 ct
1490 3978 1635 4048 iusta
1683 3978 1890 4032 ratione
1922 3990 1987 4047 pe

2196 3986 2490 4041 dictionem
2540 3983 2791 4055 superius
2819 3982 3302 4050 comprehensam,
3354 3981 3409 4037 in
3458 3982 3570 4050 lege
3595 3974 3765 4032 scilicet

491 4071 780 4137 stentibus,
804 4080 1091 4143 vestraque
1117 4080 1504 4143 cognoscentes
1523 4071 1772 4134 crimina,
1794 4081 1848 4125 ct
1878 4069 2093 4125 illorum
2197 4088 2411 4135 mutam
2434 4121 2449 4145 ,
2479 4092 2641 4148 quam
2688 4077 2866 4133 omnis
2896 4075 3126 4148 populus
3153 4091 3260 4129 nnn
3305 4089 3405 4129 occ,
3458 4077 3767 4136 consonaque

490 4163 692 4235 justam
720 4166 1089 4221 examinantes
1114 4168 1399 4233 rationem,
1428 4180 1728 4236 omnesque
1757 4180 1850 4221 eos
1879 4164 2096 4220 Niczeno
2198 4171 2554 4243 responsione
2581 4186 2679 4242 per
2705 4172 2862 4224 Amen
2882 4211 2897 4235 ,
2928 4168 2979 4224 id
3014 4177 3120 4236 est,
3151 4166 3266 4233 ﬁat,
3288 4164 3650 4227 cautirmavit,
3673 4171 3768 4214 sus-

495 4258 727 4315 concilio
748 4258 1146 4329 comperieutes
1173 4268 1231 4314 et
1262 4259 1462 4314 nostris
1498 4258 1813 4330 apostolicis
1838 4257 2099 4329 jussioni-
2197 4263 2381 4335 cipere
2403 4277 2511 4318 non
2541 4260 2825 4317 timuistis?
2871 4259 3007 4316 Nam
3059 4258 3150 4332 (ut
3194 4258 3343 4331 reor)
3395 4256 3588 4314 talibus
3616 4261 3763 4307 trans-

494 4351 597 4409 bus
644 4352 1124 4423 obtemperantes,
1162 4352 1337 4407 visum
1387 4362 1471 4407 est
1523 4351 1681 4407 nobis
1729 4365 1795 4406 ac
1848 4350 2098 4405 universo
2200 4355 2544 4428 gressionum
2572 4352 2837 4409 funiculis
2886 4352 3207 4419 constricti,
3240 4361 3508 4415 nostrum,
3539 4361 3603 4403 ne
3625 4350 3768 4399 vesta

497 4445 750 4513 concilio,
782 4455 840 4502 ut
861 4460 962 4502 nos
991 4444 1189 4501 divinis
1217 4443 1499 4516 praeceptis
1537 4454 1592 4500 et
1629 4445 1941 4517 apostolicis
1977 4459 2096 4500 mo.
2211 4446 2574 4519 proderentur
2599 4445 2823 4517 ﬂagitia,
2849 4459 3074 4500 examen
3097 4443 3430 4510 declinastis,
3457 4451 3510 4498 et
3528 4439 3592 4496 ad
3614 4448 3771 4503 supra-

500 4537 629 4594 nitis
654 4539 672 4612 (
696 4539 757 4595 S.
814 4539 943 4609 Leo,
975 4557 1056 4614 ep.
1111 4541 1191 4613 4)
1222 4538 1529 4605 informati,
1574 4538 1665 4611 qui
1713 4553 1813 4610 pro
1861 4538 2099 4594 omnium
2127 4533 2180 4594 D
2206 4541 2405 4596 dictam
2432 4538 2775 4596 vocationem
2805 4539 2994 4595 venire
3022 4536 3328 4594 distulistis.
3380 4536 3524 4594 Sane
3552 4528 3771 4590 manifw

497 4632 848 4690 ecclesiarum
880 4642 1021 4691 statu
1053 4632 1281 4707 impigro
1307 4634 1528 4706 vigilare
1562 4632 1823 4689 debemus
1870 4630 2100 4701 affectu,
2209 4643 2322 4689 tum
2366 4640 2451 4688 est
2491 4646 2648 4687 suum
2690 4645 2785 4687 eos
2831 4628 3079 4686 conﬁteri
3106 4628 3325 4703 (Bonf.,
3358 4644 3442 4697 ep.
3470 4626 3537 4696 2)
3569 4623 3767 4685 crimen,

500 4728 551 4784 si
585 4727 873 4799 quidquam
945 4731 1351 4800 reprehensioni
1402 4744 1631 4802 usquam
1687 4729 1957 4785 invenitur
2009 4729 2107 4785 ob-
2208 4727 2297 4796 qui
2349 4723 2510 4780 toties
2554 4723 2801 4788 evocati,
2851 4715 3058 4794 absqt‘te
3103 4720 3399 4777 inevitabili
3425 4732 3582 4775 causa
3619 4712 3771 4769 venire

503 4820 731 4876 noxium
750 4822 913 4878 celeri
932 4823 1369 4880 sollicitudineab
1398 4822 1994 4895 ignorantimimperitia
2015 4831 2108 4879 aut
2209 4819 2535 4875 distulerunt
2559 4861 2574 4887 ,
2623 4827 2677 4873 et
2726 4817 2990 4890 purgandi
3018 4832 3078 4872 se
3122 4815 3400 4871 voluntate
3429 4828 3535 4870 non
3564 4817 3767 4867 utuntur.

508 4925 540 4967 a
571 4913 1007 4986 praesumptionis
1038 4916 1389 4987 usurpatione
1410 4930 1746 4974 revocemus.
2209 4911 2343 4970 Nam
2374 4912 2422 4968 si
2449 4912 2518 4969 de
2543 4910 2742 4967 vestris
2766 4910 2925 4967 dictis
2953 4908 3319 4977 confideretis,
3348 4909 3510 4964 etiam
3536 4907 3586 4961 in
3614 4901 3768 4958 faciem

1280 5010 1321 5066 Ι·
2213 5005 2399 5079 (Trip.
2434 5021 2522 5073 tv,
2563 5005 2671 5074 24,
2711 5022 2774 5061 ea:
2801 5004 3020 5072 Tlieod.,
3045 5020 3111 5072 tt,
3135 5004 3170 5059 8
3194 5047 3207 5065 ,
3231 5006 3481 5076 referente
3519 4996 3769 5072 synodiwll

577 5104 675 5160 illis
704 5104 882 5159 taliter
927 5102 1282 5159 consideratis
1309 5110 1471 5174 atque
1501 5102 1782 5168 discretis,
1831 5111 2102 5173 tamquam
2211 5116 2358 5156 conc.
2394 5096 2583 5170 Sard.)
2613 5098 2843 5168 probare
2874 5113 2982 5153 non
3012 5095 3381 5152 distulissetis.
3409 5093 3564 5150 Tales
3589 5086 3770 5147 insidia-

505 5195 753 5273 (Trip.tv
771 5239 787 5265 ,
815 5193 916 5267 15)
945 5195 1185 5251 omnium
1227 5209 1412 5252 curam
1461 5204 1740 5265 gerentes,
1772 5205 1991 5266 propter
2019 5208 2106 5250 se-
2212 5203 2359 5250 tores
2384 5193 2576 5264 spiritu
2607 5191 2964 5263 praeﬁdentes
2991 5191 3160 5247 sancti
3188 5190 3379 5249 Patres
3398 5190 3453 5246 in
3482 5188 3647 5245 Nicaea
3666 5194 3770 5239 con-

506 5288 591 5345 dis
638 5289 867 5360 proprite
895 5286 1209 5358 dignitatem
1229 5327 1244 5353 ,
1289 5287 1629 5357 suscepimus
1658 5302 1752 5343 eos
1782 5285 1833 5341 in
1862 5300 2108 5342 commtt-
2210 5288 2415 5359 gregali
2434 5330 2448 5352 ,
2481 5287 2631 5358 leges
2652 5295 2955 5344 statuerunt
2982 5285 3216 5358 (Eadem
3244 5301 3325 5353 tv,
3355 5285 3452 5353 M,
3506 5299 3566 5340 ea:
3588 5282 3768 5341 Σοῦ-ιν

506 5381 722 5438 nionem
765 5379 846 5457 (2)
889 5380 1223 5452 singulisque
1253 5394 1378 5435 cum
1405 5379 1517 5434 suis
1538 5420 1554 5447 ,
1583 5380 1901 5435 auctoritate
1947 5378 2107 5450 hujus
2209 5382 2322 5457 2‘2)
2345 5426 2360 5451 ,
2407 5396 2542 5455 quas
2572 5397 2671 5438 nos
2697 5396 2937 5437 canones
2966 5380 3307 5453 appellamus
3334 5424 3349 5448 ο
3381 5395 3450 5437 nc
3480 5377 3625 5435 facile
3648 5369 3768 5445 probi

609 5537 662 5610 1)
688 5536 862 5595 Julius
884 5539 935 5594 in
962 5552 1031 5610 ep
1073 5553 1231 5611 quam
1254 5537 1294 5595 S
1332 5537 1657 5594 Athanasius
1676 5535 1864 5593 recitat
1887 5536 2008 5606 apol
2048 5536 2085 5591 2
2214 5477 2283 5532 ab
2326 5475 2587 5581 imptum?
2617 5475 3029 5580 dm'i‘P’im"?
3059 5490 3125 5530 ex
3158 5474 3356 5543 quibus
3384 5470 3651 5530 “omni!”
3671 5479 3769 5520 se".

622 5609 629 5611 ‘
712 5609 719 5611 “
962 5610 965 5611 ⁷
1038 5581 1052 5594 ’
1302 5581 1313 5593 ’
1818 5608 1841 5611 Α
1948 5610 1955 5611 κ
2017 5579 2030 5592 ⁸
2092 5578 2106 5611 ἓ
2217 5572 2414 5611 Manlian
2457 5569 2739 5611 hiemum
2769 5567 3151 5611 mdmnutmns-
3199 5576 3251 5611 nl
3301 5579 3560 5611 tantnmm
3590 5563 3767 5611 Patrum

581 5536 668 5684 iii
688 5536 1231 5684 ξιξ
1251 5536 2110 5684 iafc‘iiiﬁél“ie'sii“éliiﬁ'_xii
2217 5569 2543 5684 {iﬂi‘i‘il'ff
2568 5567 2749 5684 iusti
2762 5563 3767 5684 ίξιειέξξῐὶιξῖξξξ»,ὶ·,ι,.ξτξιιοῖξιξῖξῖξῖ“η2

510 5681 566 5738 id
586 5658 1080 5753 ‘ggign‘iiifgi'oa'
1101 5658 2113 5754 ﬁgo—He'ﬁaifgnﬁ'ﬁuﬁéﬁhic;
2217 5663 2541 5719 auctoritate
2568 5669 2752 5718 nostra
2783 5660 3131 5718 roboraretur
3158 5661 3381 5733 epistola
3398 5701 3416 5728 ,
3444 5667 3597 5754 atque
3618 5658 3769 5754 omnes

512 5767 610 5811 eos
636 5745 871 5825 allegare
899 5745 1064 5812 ausus
1091 5761 1192 5812 est.
1251 5823 1260 5829 _
1753 5745 1771 5754 ’
2016 5745 2033 5754 ’
2220 5758 2552 5825 orientales,
2605 5758 2722 5815 sive
2765 5756 3102 5829 reliquarum
3151 5755 3386 5829 partium
3431 5746 3651 5827 episcopi
3676 5745 3766 5800 Ιιπ
