4046 6302
226 227 336 300 985

229 459 504 515 nationem
530 474 560 513 a
593 455 837 529 patribus
866 454 1140 512 decretam
1170 453 1489 525 percipiant.
1524 451 1834 522 Sequuntur

660 210 998 285 EPISTOLA
1046 222 1121 290 Il,
1172 218 1327 280 SIVE
1369 218 1814 281 BESCRII’TUM
1853 215 2021 279 JULII
2054 215 2069 276 l
2110 215 2205 274 AD
2241 213 2677 276 0RIENT.\I.ES
2712 211 3103 275 EPISCOPOS.

227 363 545 430 audientes,
576 363 628 419 in
658 371 862 418 tantam
895 359 1107 416 foveam
1132 373 1239 415 non
1266 357 1537 426 incidant,
1566 373 1636 412 ne
1679 356 1831 412 dam-
1857 339 1907 400 Α

3429 216 3533 273 980

2684 336 2794 392 VII.

2684 336 2720 391 ν
2780 377 2794 392 .

2007 431 2063 489 Si
2090 431 2211 503 quis
2237 444 2362 502 erga
2386 429 2700 500 episcopum
2733 336 2828 502 :12,
2854 447 2944 503 qu.
2978 431 3009 487 7
3036 448 3050 485 :
3083 429 3146 486 Si
3173 430 3290 504 quis
3316 449 3459 504 erga,
3488 441 3537 488 et

230 551 378 608 enim
415 551 530 607 lucc
554 567 621 607 ex
663 549 924 624 praedicto
963 548 1193 605 concilio
1235 547 1456 603 Nicmno
1484 546 1750 618 capitula,
1781 545 1832 601 id

1963 539 1989 577 η
2016 522 2203 578 decret.
2242 521 2391 577 Alex.
2418 525 2569 595 pap.)
2595 563 2609 588 ,
2640 520 2726 607 vel
2756 530 2968 577 actores
3012 523 3255 579 ecclesiae
3278 565 3293 589 ,
3325 538 3384 580 se
3414 538 3538 594 pro-

229 641 879 713 εδι,18,19,21,25,
909 639 1275 708 26,27,28,
1304 640 1409 704 55,
1440 639 1544 706 41,
1581 640 1650 696 45
1679 648 1735 693 et
1764 639 1833 694 ι17

229 746 287 796 et
313 737 426 810 49(
460 739 532 792 al.
570 737 674 806 48)
702 751 765 792 ac
790 734 892 803 51,
922 734 1026 804 52,
1059 734 1159 803 55,
1188 732 1295 802 5i,
1326 732 1432 801 55,
1465 733 1556 800 57,
1589 732 1693 800 58,
1725 732 1830 798 59,

230 831 326 900 oo,
358 831 588 901 61,65,
618 830 689 888 66
715 832 824 903 (al.
854 830 973 903 67).

1001 920 1066 979 II.

308 1038 381 1096 Ut
402 1053 591 1096 omnes
618 1037 858 1110 episcopi
897 1037 987 1111 (2,
1017 1053 1103 1107 qu.
1136 1035 1192 1104 6,
1225 1035 1414 1091 Omnes
1439 1033 1704 1107 episcopi)
1744 1032 1837 1105 qui

233 1130 291 1189 in
323 1131 644 1202 quibusdam
672 1130 1009 1204 gravioribus
1037 1130 1317 1202 pulsantur
1358 1130 1441 1186 vel
1484 1127 1840 1186 criminantur

231 1229 416 1286 causis
441 1270 457 1295 ,
487 1228 701 1297 quoties
756 1242 980 1283 necesse
1028 1226 1224 1295 fuerit,
1275 1225 1446 1283 libere
1486 1224 1836 1296 apostolicam

235 1322 515 1394 appellent
560 1320 745 1377 sedem
776 1318 970 1394 (Cone.
1003 1319 1162 1376 Sard.
1197 1336 1243 1373 c.
1270 1318 1370 1391 7),
1401 1328 1563 1389 atque
1605 1316 1671 1371 ad
1718 1331 1836 1372 eam

234 1414 391 1487 quasi
421 1414 488 1470 ad
537 1422 768 1470 matrem
815 1414 1160 1484 confugiant,
1192 1422 1249 1467 ut
1293 1413 1362 1467 ab
1405 1427 1465 1468 ea
1497 1409 1672 1486 (sicut
1696 1425 1841 1466 sem-

236 1520 337 1578 per
387 1505 514 1576 l'uit)
574 1506 661 1577 pie
710 1504 1020 1573 luleiantur,
1073 1502 1454 1569 defenduntur,
1506 1511 1561 1557 et
1603 1502 1840 1557 liberen-

235 1606 346 1654 tur.
374 1598 541 1670 Cujus
569 1597 914 1669 diSpositioni
945 1611 1138 1653 omnes
1168 1599 1404 1666 majores
1445 1595 1842 1652 ecclesiasticas

234 1708 451 1761 causas,
482 1705 538 1749 et
568 1692 949 1765 episcoporum
974 1691 1198 1763 judicia,
1224 1690 1444 1761 antiqua
1473 1689 1838 1762 apostolorum

233 1801 535 1859 eorumque
582 1801 958 1843 successorum
1008 1794 1171 1857 atque
1215 1800 1485 1841 canonum
1545 1783 1838 1840 auctoritas

233 1880 555 1936 reservavit.
605 1882 868 1948 Quoniam
917 1879 1206 1951 culpantur
1251 1879 1488 1950 episcOpi
1538 1872 1629 1949 q'ui
1684 1879 1842 1933 aliter

232 1989 362 2047 erga
387 1974 586 2032 fratres
615 1978 825 2047 egerint
852 2016 868 2043 ,
898 1989 1059 2046 quam
1090 1973 1333 2046 ejusdem
1365 1972 1512 2031 sedis
1543 1988 1694 2045 papa:
1726 1971 1841 2028 ﬁeri

233 2067 526 2140 placuerit.

988 2159 1082 2217 III.

308 2279 519 2337 Placuit
563 2279 635 2352 (5
676 2296 766 2348 qu.
800 2278 855 2348 6,
887 2280 1169 2336 Accusatus
1197 2275 1355 2333 Coac.
1381 2275 1433 2351 ),
1469 2285 1527 2331 ut
1555 2282 1840 2331 accusatus

229 2375 321 2431 vel
366 2373 640 2445 judicatus
687 2390 718 2429 a
761 2373 1310 2446 comprovincialibns
1358 2372 1410 2427 in
1457 2372 1631 2442 aliqua
1680 2385 1841 2425 causa

228 2468 529 2538 episcopus
573 2468 801 2523 licenter
831 2467 1057 2536 (Sunt,
1090 2483 1134 2520 c.
1170 2470 1201 2521 4
1221 2507 1235 2532 ,
1267 2465 1302 2521 5
1353 2474 1400 2519 et
1432 2465 1535 2535 17)
1566 2463 1841 2534 appellet,

229 2570 291 2618 et
320 2562 479 2618 adeat
505 2562 819 2634 apostolicae
848 2562 995 2618 sedis
1022 2559 1329 2632 pontiﬁcem
1350 2601 1365 2625 ,
1397 2560 1485 2630 qui
1516 2567 1610 2612 aut
1642 2573 1734 2627 per
1759 2572 1841 2623 se,

229 2664 331 2710 aut
360 2670 460 2727 per
487 2655 720 2711 vicarius
749 2668 880 2709 suos
901 2697 915 2720 ,
958 2653 1075 2725 ejus
1107 2653 1385 2708 retractari
1416 2650 1686 2722 negotium
1716 2664 1842 2720 pro-

229 2757 411 2804 curet.
445 2747 510 2803 Et
538 2746 664 2802 dum
712 2746 910 2803 iterato
930 2745 1133 2816 judicio
1164 2743 1403 2815 pontifex
1434 2758 1651 2799 causam
1692 2757 1843 2797 suam

232 2842 429 2905 audit,
458 2840 640 2897 nullus
682 2841 823 2896 alius
853 2842 905 2897 in
938 2839 1055 2911 ejus
1101 2839 1220 2894 loco
1253 2846 1479 2908 ponatur
1505 2845 1599 2890 aut
1626 2835 1845 2891 ordine-

232 2943 329 2991 tur
354 2934 643 3006 episcopus
669 2978 682 3001 ,
715 2933 969 3006 quoniam
999 2947 1327 3004 quamquam
1359 2947 1387 2985 a
1417 2930 1848 3001 comprovincia-

232 3027 382 3085 Iibns
411 3027 679 3099 episcopis
706 3027 941 3083 accusati
969 3041 1187 3081 causam
1217 3023 1489 3095 pontiﬁcis
1520 3023 1748 3079 scrutari
1783 3024 1847 3079 Ii-

233 3132 359 3180 ceat
378 3162 395 3189 ,
430 3136 535 3177 non
564 3132 743 3176 tamen
768 3120 979 3175 deﬁniri
1006 3162 1022 3186 ,
1053 3118 1357 3175 inconsulto
1383 3117 1628 3172 Romano
1671 3116 1847 3187 ponti-
1875 3159 1921 3222 α

234 3216 374 3284 tice,
408 3216 729 3287 permissum
761 3225 873 3277 est.
906 3230 1027 3270 cum
1077 3214 1237 3270 beato
1265 3213 1427 3269 Petro
1472 3213 1758 3281 apostolo,
1790 3222 1844 3267 et

234 3326 355 3370 non
386 3312 456 3368 ab
480 3311 590 3367 alio
612 3326 772 3384 quam
803 3310 871 3366 ab
893 3311 1013 3382 ipso
1032 3308 1236 3365 dictum
1275 3308 1345 3365 sit
1375 3308 1603 3363 Domino
1638 3326 1650 3362 :
1687 3306 1845 3373 ριιιε-

235 3421 459 3477 cumquc
482 3404 716 3477 ligaveris
737 3420 893 3475 super
917 3413 1126 3468 terram,
1151 3412 1298 3456 erunt
1324 3401 1484 3473 ligata
1508 3410 1555 3455 et
1582 3401 1635 3454 in
1666 3400 1806 3454 cwlis
1829 3413 1848 3453 :

235 3509 292 3557 et
319 3514 651 3571 quacumque
675 3498 886 3552 solveris
914 3513 1071 3568 super
1097 3506 1318 3563 terram,
1345 3501 1489 3548 erunt
1512 3492 1683 3549 soluta
1707 3499 1755 3544 et
1793 3490 1848 3545 iu

237 3592 386 3651 caelis
415 3590 664 3666 (Matth,
694 3590 846 3661 xw).

996 3681 1087 3738 IV.

314 3801 375 3861 Si
404 3803 525 3874 quis
547 3798 820 3872 putaverit
852 3797 923 3871 (2
945 3812 1033 3869 qu.
1065 3795 1100 3852 6
1135 3813 1148 3850 :
1181 3794 1242 3851 Si
1270 3794 1386 3866 quis
1414 3791 1699 3863 putaverit)
1729 3806 1789 3847 se
1819 3806 1850 3846 a

236 3897 463 3972 proprio
501 3895 917 3967 metropolitano
944 3891 1126 3965 (conc.
1158 3888 1362 3953 Calain,
1386 3888 1420 3945 9
1457 3897 1503 3943 et
1529 3889 1616 3953 t7;
1651 3885 1849 3952 Hadr.,

238 3992 346 4048 col.
377 3988 410 4045 6
430 4030 444 4053 ,
477 3989 544 4044 18
564 4030 578 4056 ,
607 3985 710 4060 ‘26)
737 3984 951 4057 gravati
977 4026 991 4052 ,
1024 3981 1166 4052 apud
1200 3982 1480 4049 primatem
1509 3978 1808 4034 dimceseos
1833 4018 1849 4044 ,

236 4092 340 4141 aut
378 4096 546 4154 penes
593 4079 915 4138 universalis
959 4076 1271 4149 apostolicae
1318 4072 1565 4130 ecclesia:
1618 4087 1851 4144 papam,

233 4176 534 4251 judicetur.

1017 4263 1086 4320 γ.

320 4384 678 4442 Accusatores
700 4391 753 4437 et
774 4379 1145 4437 accusationes
1168 4376 1241 4451 (5
1258 4394 1346 4449 qu.
1371 4376 1404 4431 5
1434 4393 1446 4430 :
1471 4375 1853 4445 Accusatores),

242 4492 383 4552 quas
412 4478 559 4548 leges
588 4476 770 4532 saeculi
800 4490 906 4530 non
934 4472 1233 4529 adiciscunt
1261 4469 1496 4543 (Πιτάνη
1524 4486 1560 4525 ιι
1609 4486 1674 4525 ea:
1721 4486 1768 4524 c.
1819 4468 1856 4523 2

1938 618 2108 689 prium
2141 617 2342 673 habere
2371 600 2688 673 crediderit
2712 617 2984 688 negotium
3014 659 3030 684 ,
3065 632 3172 672 non
3207 617 3354 686 prius
3380 616 3540 674 adeat

1932 710 2161 781 judices,
2183 725 2342 780 quam
2374 709 2439 764 ad
2462 725 2554 765 eos
2569 720 2812 767 recurrat
2828 709 3107 767 charitalis
3133 711 3312 767 studio
3337 708 3535 784 (Hadr.

1937 818 2085 869 tt,e:c
2108 819 2157 858 c.
2199 803 2267 859 17
2306 818 2452 857 conc.
2495 818 2524 855 v
2566 799 2770 874 Aurel.)
2796 843 2813 869 ,
2868 811 2923 858 ut
2966 801 3215 858 familiari
3268 803 3539 875 colloquio

1937 898 2278 967 commoniti,
2308 913 2370 954 ea
2399 913 2593 955 sanare
2621 896 2857 954 debeant
2908 913 3027 968 ιιιιω
3058 898 3110 952 in
3140 899 3537 970 querimoniam

1939 990 2299 1048 deducuntur.
2353 990 2506 1060 Quod
2555 991 2601 1047 si
2653 991 2813 1048 aliter
2891 989 3105 1063 egerit,
3161 992 3541 1050 communione

1938 1084 2197 1158 privetur.

2670 1176 2802 1234 VIII.

2013 1271 2183 1328 Nemo
2209 1270 2288 1347 (ξ,
2314 1289 2365 1344 q.
2391 1272 2425 1327 2
2450 1289 2462 1325 :
2494 1270 2689 1326 Nullus
2718 1280 2878 1342 potest
2906 1271 3198 1346 convocari)
3224 1270 3540 1344 pontiﬁcum

1941 1364 2198 1436 deinceps
2225 1366 2460 1437 aliquem
2502 1366 2813 1436 episcopum
2847 1366 2959 1420 suis
2984 1367 3312 1437 espoliatnm
3340 1365 3504 1421 rebus
3522 1413 3536 1435 ,

1941 1470 2032 1515 aut
2061 1474 2094 1514 a
2119 1458 2248 1514 sede
2276 1457 2512 1529 pulsum,
2538 1459 3009 1515 excommunieare
3033 1469 3124 1513 aut
3142 1458 3385 1529 judicare
3408 1474 3542 1528 prae.

1942 1564 2158 1618 sumat;
2191 1552 2314 1623 quia
2344 1568 2450 1608 non
2479 1562 2562 1608 est
2591 1552 2928 1624 privilegium
2970 1566 3078 1624 quo
3120 1553 3295 1624 possit
3320 1550 3540 1621 Spoliari

1938 1645 2050 1716 jam
2079 1643 2309 1699 nudatus
2338 1643 2457 1717 (Ea:
2477 1661 2590 1712 sun.
2621 1660 2651 1699 v
2681 1643 2859 1711 Rom.,
2890 1644 2981 1699 sub
3024 1643 3339 1717 Symmacho
3358 1644 3399 1715 ).

2707 1736 2800 1793 IX.

2018 1830 2137 1885 Pari
2192 1842 2379 1886 tenore
2433 1831 2814 1897 decernimus,
2885 1844 2993 1885 non
3047 1828 3194 1886 credi
3247 1827 3544 1884 accusatori

1944 1924 2213 1997 (Anitmus
2253 1925 2306 1977 in
2333 1934 2498 1980 coast.
2531 1939 2610 1990 ιχ,
2662 1934 2709 1979 et
2739 1940 2865 1989 χιιι,
2915 1925 2992 1980 tit.
3024 1924 3095 1981 59
3120 1967 3134 1993 ,
3177 1923 3267 1980 lib.
3300 1941 3353 1979 ιιι
3378 1964 3395 1992 ,
3424 1924 3543 1978 cod.

1948 2016 2194 2089 Theod.),
2220 2018 2308 2089 qui
2338 2018 2563 2074 absente
2584 2017 2898 2074 achrsario
2918 2032 3138 2073 causam
3164 2018 3404 2089 suggerit
3423 2024 3549 2071 ante

1947 2112 2230 2181 utriusque
2278 2111 2447 2180 partis
2492 2111 2910 2169 discussiouem.
2938 2110 3050 2169 Nec
3094 2121 3437 2169 accusatores
3463 2110 3549 2167 vel

1947 2214 2113 2261 testes
2138 2205 2375 2277 suscipi,
2407 2206 2497 2277 qui
2528 2220 2632 2262 non
2661 2218 2784 2261 Sunt
2812 2205 3014 2262 idonei.

2709 2299 2779 2355 X.

2017 2392 2223 2449 Placuit
2271 2392 2363 2467 (6,
2391 2410 2479 2465 qu.
2513 2394 2538 2448 1
2576 2411 2589 2448 :
2620 2392 2798 2450 Sacer.
2827 2394 2956 2466 qui),
2987 2402 3045 2449 ttt
3070 2394 3114 2449 si
3145 2400 3430 2450 accusatus
3462 2394 3547 2449 vel

1946 2485 2233 2543 damnatus
2262 2489 2547 2558 cpiscopus
2592 2487 2946 2559 appellaverit
2991 2488 3290 2543 Romanum
3340 2487 3552 2559 pontiﬁ-

1947 2596 2063 2637 cem
2093 2581 2112 2655 (
2136 2580 2327 2641 "adn,
2357 2581 2449 2647 9.1,
2480 2598 2544 2636 ea:
2567 2600 2613 2637 c.
2641 2583 2672 2637 7
2700 2580 3034 2652 Sardiceusi)
3055 2623 3070 2647 ,
3103 2581 3153 2636 id
3181 2580 3548 2646 statuendum,

1946 2678 2088 2750 quod
2137 2678 2251 2747 ipse
2277 2679 2423 2749 jllSlc
2460 2680 2754 2733 censuerit.
2806 2677 2870 2733 Et
2914 2692 3107 2733 omnes
3150 2676 3240 2747 qui
3289 2674 3552 2732 adversus

1949 2769 2068 2843 (Ea:
2112 2768 2304 2825 Proclo
2352 2770 2421 2824 ad
2471 2770 2758 2833 Domuum)
2819 2779 2999 2840 patres
3041 2779 3344 2834 armantur,
3415 2769 3552 2825 inla-

1949 2877 2065 2918 mes
2108 2878 2231 2919 esse
2272 2878 2559 2919 censemus
2604 2882 2617 2917 :
2667 2878 2841 2934 neque
2884 2877 2978 2918 eos
3003 2904 3018 2928 ,
3051 2863 3139 2933 qui
3169 2878 3289 2917 cum
3323 2862 3552 2918 inimicis

1950 2969 2232 3014 morantur
2263 2959 2432 3032 (seut.
2470 2961 2492 3014 1
2545 2961 2622 3015 tit.
2667 2960 2735 3015 15
2793 2959 2908 3014 libri
2939 2975 2970 3013 v
3033 2958 3264 3031 Pauli),
3292 2959 3358 3015 ad
3394 2974 3553 3015 accu-

1949 3053 2214 3111 sationem
2245 3054 2328 3110 vel
2352 3054 2419 3110 ad
2453 3054 2817 3109 teStimOuium
2850 3052 3208 3124 recipiendos.

2705 3149 2797 3205 XI.
2894 3140 2899 3145 ’

2023 3245 2271 3314 Placuit,
2317 3254 2376 3300 ιιι
2434 3259 2648 3314 semper
2691 3245 2745 3300 in
2792 3246 3136 3301 accusatione
3181 3244 3504 3303 clericorum
3532 3287 3549 3312 ,

1953 3339 2125 3410 primo
2156 3353 2384 3409 persona
2407 3380 2423 3406 ,
2477 3337 2609 3393 ﬁdes
2634 3380 2649 3405 ,
2679 3337 2786 3392 vita
2832 3349 2887 3393 et
2937 3338 3278 3417 conversatio
3307 3338 3557 3409 blasphe-

1952 3434 2214 3490 mantium
2240 3440 2605 3504 perscrutetnr
2634 3432 2653 3505 (
2676 3430 2870 3498 Hadr.,
2899 3430 2989 3504 4).
3043 3431 3174 3488 Nam
3206 3431 3338 3487 ﬁdes
3366 3447 3556 3487 omnes

1951 3538 2105 3584 actus
2131 3527 2367 3583 hominis
2394 3526 2701 3599 przccedcrc
2729 3528 2926 3592 debet,
2959 3528 3082 3599 quia
3131 3527 3327 3604 dubius
3361 3526 3413 3582 in
3448 3525 3555 3581 ﬁde

1954 3620 2189 3678 inﬁdelis
2212 3630 2294 3676 est
2326 3620 2500 3691 (εἱειειὶ
2529 3634 2659 3676 seut.
2693 3622 2726 3677 5
2756 3630 2811 3676 et
2839 3619 3005 3693 156).
3054 3619 3163 3676 Nec
3212 3620 3291 3675 eis
3335 3621 3556 3677 omnino

1953 3724 2037 3773 est
2062 3715 2390 3772 credendum
2417 3757 2432 3780 ,
2477 3717 2602 3787 quia
2637 3716 2881 3772 veritatis
2931 3715 3091 3772 ﬁdem
3128 3716 3409 3786 ignorant,
3455 3729 3558 3770 nec

1954 3819 2117 3865 recta:
2144 3807 2570 3864 conversationis
2599 3808 2760 3861 vitam
2783 3806 2985 3863 ducunt
3017 3825 3032 3861 :
3060 3808 3315 3879 quoniam
3348 3806 3481 3862 tales
3504 3816 3560 3862 et

1957 3900 2114 3957 facile
2140 3911 2195 3956 et
2218 3898 2590 3956 indifferenter
2642 3900 2882 3954 lacerant
2926 3909 2981 3955 et
3021 3900 3375 3955 criminantur
3411 3909 3560 3954 recte

1956 4005 2011 4050 et
2056 3997 2140 4065 pie
2193 3996 2458 4051 viventes.
2501 3992 2627 4049 Ideo
2681 3994 2917 4064 suspicio
2971 4008 3156 4049 eorum
3226 3992 3561 4048 discutienda

1958 4099 2041 4145 est
2117 4089 2294 4159 primo
2364 4096 2422 4144 et
2488 4087 2839 4159 corrigenda,
2917 4102 3094 4158 neque
3162 4085 3562 4143 accusatoribus

1957 4181 2253 4253 suspectis,
2310 4190 2365 4236 ct
2407 4179 2477 4236 de
2523 4180 2864 4235 inimicorum
2914 4180 3085 4254 (sent.
3133 4180 3159 4235 1
3216 4179 3295 4233 tit.
3347 4179 3417 4235 15
3471 4177 3560 4233 lib.

1960 4292 1991 4330 v
2032 4275 2259 4346 ejusdem
2309 4273 2509 4345 Pauli)
2560 4273 2722 4330 domo
2770 4272 3163 4346 prodeuntibus
3205 4282 3290 4330 est
3341 4270 3583 4328 credent

1958 4368 2106 4425 dum.

2708 4460 2824 4517 XII.

242 4551 394 4629 conc.
427 4587 498 4626 vn
537 4568 777 4638 Carth.),
831 4577 886 4625 et
927 4580 1024 4622 nos
1072 4565 1400 4621 unanimiter
1445 4564 1845 4619 submovcmus.
1877 4565 1926 4625 1)
2024 4556 2177 4626 Quod
2227 4570 2333 4611 non
2382 4556 2502 4612 alite
2536 4555 2967 4624 metropolitanae
3012 4552 3291 4618 ecclesiae,
3323 4551 3411 4609 vel
3457 4553 3572 4623 pri-

241 4666 360 4724 Nec
389 4663 481 4720 ﬁat
510 4664 563 4719 in
590 4663 833 4735 districta
867 4659 1187 4732 probatione
1234 4657 1512 4728 impietas,
1559 4672 1682 4711 eum
1711 4663 1856 4711 recta

243 4761 324 4817 sit
345 4756 532 4829 judicii
557 4754 612 4812 in
639 4755 907 4813 electione
937 4751 1203 4810 sententia
1231 4750 1251 4824 (
1278 4749 1583 4819 Eunodius,
1634 4766 1717 4822 ep.
1755 4750 1855 4817 18,

252 4849 345 4908 lib.
369 4850 432 4923 ι).

1000 4941 1090 4999 VI.

323 5043 518 5101 Nullus
539 5044 825 5115 episcopus
872 5039 1095 5097 alterius
1135 5036 1522 5111 parochianum
1574 5043 1864 5106 prtesumat

246 5140 515 5203 retinere,
536 5145 630 5193 aut
654 5136 909 5193 ordinare
932 5134 1138 5206 absque
1162 5134 1279 5204 ejus
1303 5131 1540 5202 episcopi
1562 5129 1861 5196 voluntate,

249 5232 340 5290 vel
365 5229 609 5304 judicare
655 5228 855 5304 (Hadr.
907 5224 1051 5297 16),
1096 5225 1247 5281 salva
1289 5232 1466 5279 tamen
1515 5223 1568 5279 in
1617 5221 1868 5279 omnibus

252 5326 555 5398 apostolica
580 5321 901 5379 auctoritate
937 5337 951 5374 :
978 5320 1103 5385 quia
1131 5319 1273 5375 sicut
1298 5317 1449 5372 irrita
1481 5317 1586 5372 erit
1615 5314 1736 5386 ejus
1775 5329 1867 5369 or-

255 5420 465 5478 dinatio
486 5460 501 5486 ,
537 5418 608 5473 ita
637 5425 692 5473 et
733 5411 1054 5485 dijudicatio
1086 5429 1099 5467 :
1128 5411 1383 5482 quoniam
1404 5402 1714 5466 'censemus
1740 5408 1866 5463 nul-

255 5514 371 5571 lum
413 5513 432 5586 (
458 5511 751 5578 Annianus,
776 5509 829 5564 iu
858 5514 1019 5562 const.
1051 5506 1252 5559 unicam
1282 5504 1361 5558 tit.
1416 5501 1503 5567 16,
1533 5501 1622 5557 lib.
1641 5517 1709 5583 ,ιιι
1737 5500 1854 5556 cod.

258 5603 494 5675 Theod.)
522 5603 747 5659 alterius
766 5599 964 5673 judicis
990 5596 1091 5654 nisi
1114 5596 1194 5651 sui
1218 5595 1485 5651 sententia
1507 5592 1700 5649 teneri.
1726 5592 1859 5649 Nam

255 5698 349 5770 qui
379 5711 504 5753 eum
532 5694 787 5754 ordinare
816 5707 921 5749 non
956 5688 1161 5762 potuit,
1193 5701 1297 5746 nec
1318 5685 1563 5759 judicare
1591 5683 1862 5743 ullatenus

258 5789 480 5863 poterit.

1963 4658 2136 4708 mates
2179 4649 2285 4704 sint
2308 4689 2322 4715 ,
2358 4648 2459 4703 nisi
2490 4648 2596 4703 illm
2618 4689 2632 4714 ,
2663 4660 2784 4718 qua!
2814 4647 2962 4717 prius
2993 4645 3252 4716 primates
3290 4654 3484 4712 erant,
3515 4654 3571 4700 et

1965 4759 2087 4819 post
2111 4748 2311 4805 Christi
2356 4744 2645 4800 adventum
2666 4785 2682 4808 ,
2714 4741 3036 4797 auctoritate
3078 4739 3373 4810 apostolica
3405 4749 3459 4795 et
3483 4754 3574 4812 sy-

1966 4842 2147 4898 nodali
2200 4842 2488 4912 primatum
2536 4836 2737 4891 habere
2767 4843 3101 4891 meruerunt.
3154 4832 3395 4904 Reliqua:
3442 4847 3572 4888 vero

1966 4952 2074 4993 non
2125 4937 2381 5008 primates
2408 4974 2425 4998 ,
2456 4931 2551 4987 sed
2603 4930 2933 5000 metropoles
2960 4936 3243 4995 vocentur,
3275 4941 3573 4998 eorumque

1968 5029 2240 5102 episcopi,
2275 5042 2382 5082 non
2426 5024 2717 5096 primatum
2746 5022 2766 5096 (
2788 5020 2978 5084 Hadr..
3009 5020 3151 5094 25),
3198 5020 3292 5078 sed
3337 5031 3430 5075 aut
3455 5033 3572 5076 me-

1969 5123 2440 5196 tropolitanorum,
2465 5127 2558 5174 aut
2576 5118 3111 5190 archiepiscoporum
3141 5117 3364 5174 nomine
3393 5114 3574 5172 fruan-

1968 5227 2079 5273 Illl'.

2120 5369 2126 5375 .
2703 5304 2847 5362 XIII.

2040 5404 2272 5461 lnfames
2323 5416 2444 5459 esse
2494 5415 2781 5458 censemus
2830 5414 3067 5467 omnes,
3124 5397 3217 5469 qui
3283 5411 3435 5453 suam
3483 5409 3577 5453 aut

1964 5498 2314 5557 cltristianam
2364 5495 2794 5567 pravarieantur
2856 5495 3063 5564 legem,
3115 5500 3207 5546 aut
3258 5491 3575 5546 canonicam

1967 5598 2298 5665 postponunt
2325 5588 2724 5644 auctoritatem.

2706 5675 2848 5734 XIV.

2041 5780 2209 5837 Salvo
2257 5776 2311 5835 in
2361 5773 2614 5835 omnibus
2658 5771 2918 5829 Romanae
2965 5767 3212 5828 ecclesiae
3257 5767 3576 5844 privilegio,
