  <div class='ocr_page' id='page_1' title='image "/cluster/home/n/w/nwhite01/storage/ocr_20150623/8/hvd.32044015471253/501.png"; bbox 0 0 4046 6302; ppageno 0'>
   <div class='ocr_carea' id='block_1_1' title="bbox 588 263 2186 354">
    <p class='ocr_par' dir='ltr' id='par_1_1' title="bbox 588 263 2186 326">
     <span class='ocr_line' id='line_1_1' title="bbox 588 263 2186 326; baseline 0.004 -9"><span class='ocrx_word' id='word_1_1' title='bbox 588 263 690 318; x_wconf 84' lang='grc'><strong>987</strong></span> <span class='ocrx_word' id='word_1_2' title='bbox 1803 266 2115 326; x_wconf 67' lang='lat' dir='ltr'><strong>SANCTUS</strong></span> <span class='ocrx_word' id='word_1_3' title='bbox 2145 270 2186 326; x_wconf 85' lang='lat' dir='ltr'><strong>Jl</strong></span> 
     </span>
    </p>
   </div>
   <div class='ocr_carea' id='block_1_2' title="bbox 2192 263 3790 354">
    <p class='ocr_par' dir='ltr' id='par_1_2' title="bbox 2192 269 3790 354">
     <span class='ocr_line' id='line_1_2' title="bbox 2192 269 3790 354; baseline 0.016 -26"><span class='ocrx_word' id='word_1_4' title='bbox 2192 269 2379 330; x_wconf 83' lang='lat' dir='ltr'><strong>ULIUS</strong></span> <span class='ocrx_word' id='word_1_5' title='bbox 2421 273 2598 333; x_wconf 65' lang='lat' dir='ltr'><strong>I’APA</strong></span> <span class='ocrx_word' id='word_1_6' title='bbox 2642 278 2680 332; x_wconf 91' lang='lat' dir='ltr'><strong>I.</strong></span> <span class='ocrx_word' id='word_1_7' title='bbox 3719 301 3790 354; x_wconf 65' lang='grc' dir='ltr'><strong>(ιξὲ</strong></span> 
     </span>
    </p>
   </div>
   <div class='ocr_carea' id='block_1_3' title="bbox 587 377 2185 458">
    <p class='ocr_par' dir='ltr' id='par_1_3' title="bbox 587 377 2185 454">
     <span class='ocr_line' id='line_1_3' title="bbox 587 377 2185 454; baseline 0.006 -22"><span class='ocrx_word' id='word_1_8' title='bbox 587 377 760 432; x_wconf 91' lang='lat' dir='ltr'><strong>nullus</strong></span> <span class='ocrx_word' id='word_1_9' title='bbox 788 377 804 448; x_wconf 91' lang='lat'><strong>(</strong></span> <span class='ocrx_word' id='word_1_10' title='bbox 831 377 978 432; x_wconf 78' lang='lat' dir='ltr'><strong>llatlr</strong></span> <span class='ocrx_word' id='word_1_11' title='bbox 1011 423 1024 445; x_wconf 91' lang='lat'><strong>,</strong></span> <span class='ocrx_word' id='word_1_12' title='bbox 1052 379 1121 434; x_wconf 70' lang='grc'><strong>54</strong></span> <span class='ocrx_word' id='word_1_13' title='bbox 1145 422 1158 448; x_wconf 88' lang='grc'><strong>,</strong></span> <span class='ocrx_word' id='word_1_14' title='bbox 1189 397 1252 435; x_wconf 76' lang='lat' dir='ltr'><strong>ex</strong></span> <span class='ocrx_word' id='word_1_15' title='bbox 1277 398 1392 435; x_wconf 78' lang='lat' dir='ltr'><strong>can.</strong></span> <span class='ocrx_word' id='word_1_16' title='bbox 1420 382 1489 436; x_wconf 78' lang='grc'><strong>55</strong></span> <span class='ocrx_word' id='word_1_17' title='bbox 1517 385 1718 454; x_wconf 75' lang='lat' dir='ltr'><strong>Apost.,</strong></span> <span class='ocrx_word' id='word_1_18' title='bbox 1749 385 2023 454; x_wconf 73' lang='lat' dir='ltr'><strong>interprete</strong></span> <span class='ocrx_word' id='word_1_19' title='bbox 2063 386 2185 441; x_wconf 83' lang='lat' dir='ltr'><strong>Dio-</strong></span> 
     </span>
    </p>
   </div>
   <div class='ocr_carea' id='block_1_4' title="bbox 1589 377 3187 458">
    <p class='ocr_par' dir='ltr' id='par_1_4' title="bbox 1589 385 3187 458">
     <span class='ocr_line' id='line_1_4' title="bbox 1589 385 3187 458; baseline 0.015 -26"><span class='ocrx_word' id='word_1_20' title='bbox 1589 393 1718 450; x_wconf 70' lang='lat' dir='ltr'><strong>iost.,</strong></span> <span class='ocrx_word' id='word_1_21' title='bbox 1749 385 2023 454; x_wconf 78' lang='lat' dir='ltr'><strong>interprete</strong></span> <span class='ocrx_word' id='word_1_22' title='bbox 2063 386 2188 441; x_wconf 80' lang='lat' dir='ltr'><strong>Dio-</strong></span> <span class='ocrx_word' id='word_1_23' title='bbox 2215 388 2260 447; x_wconf 77' lang='grc' dir='ltr'><strong>Α</strong></span> <span class='ocrx_word' id='word_1_24' title='bbox 3001 400 3187 458; x_wconf 80' lang='lat' dir='ltr'><strong>XXIII.</strong></span> 
     </span>
    </p>
   </div>
   <div class='ocr_carea' id='block_1_5' title="bbox 584 470 3793 578">
    <p class='ocr_par' dir='ltr' id='par_1_5' title="bbox 584 470 3793 578">
     <span class='ocr_line' id='line_1_5' title="bbox 584 470 3793 578; baseline 0.013 -54"><span class='ocrx_word' id='word_1_25' title='bbox 584 473 732 543; x_wconf 83' lang='lat' dir='ltr'><strong>nysio</strong></span> <span class='ocrx_word' id='word_1_26' title='bbox 763 470 994 545; x_wconf 77' lang='lat' dir='ltr'><strong>Exiguo)</strong></span> <span class='ocrx_word' id='word_1_27' title='bbox 1018 475 1463 545; x_wconf 83' lang='lat' dir='ltr'><strong>tnetropolitanus</strong></span> <span class='ocrx_word' id='word_1_28' title='bbox 1490 476 1693 546; x_wconf 84' lang='lat' dir='ltr'><strong>absque</strong></span> <span class='ocrx_word' id='word_1_29' title='bbox 1721 489 2042 534; x_wconf 67' lang='lat' dir='ltr'><strong>ceterorum</strong></span> <span class='ocrx_word' id='word_1_30' title='bbox 2071 497 2187 535; x_wconf 90' lang='lat' dir='ltr'><strong>om-</strong></span> <span class='ocrx_word' id='word_1_31' title='bbox 2361 483 2416 542; x_wconf 87' lang='lat' dir='ltr'><strong>Si</strong></span> <span class='ocrx_word' id='word_1_32' title='bbox 2468 487 2588 556; x_wconf 88' lang='lat' dir='ltr'><strong>quis</strong></span> <span class='ocrx_word' id='word_1_33' title='bbox 2637 492 3084 562; x_wconf 83' lang='lat' dir='ltr'><strong>metropolitanus</strong></span> <span class='ocrx_word' id='word_1_34' title='bbox 3120 499 3402 570; x_wconf 81' lang='lat' dir='ltr'><strong>cpiscopus</strong></span> <span class='ocrx_word' id='word_1_35' title='bbox 3445 501 3558 572; x_wconf 88' lang='lat' dir='ltr'><strong>(nisi</strong></span> <span class='ocrx_word' id='word_1_36' title='bbox 3601 511 3712 578; x_wconf 87' lang='lat' dir='ltr'><strong>quod</strong></span> <span class='ocrx_word' id='word_1_37' title='bbox 3749 513 3793 567; x_wconf 77' lang='lat' dir='ltr'><strong>ad</strong></span> 
     </span>
    </p>
   </div>
   <div class='ocr_carea' id='block_1_6' title="bbox 586 563 3797 674">
    <p class='ocr_par' dir='ltr' id='par_1_6' title="bbox 586 563 3797 674">
     <span class='ocr_line' id='line_1_6' title="bbox 586 563 3797 674; baseline 0.012 -54"><span class='ocrx_word' id='word_1_38' title='bbox 586 563 732 620; x_wconf 89' lang='lat' dir='ltr'><strong>nium</strong></span> <span class='ocrx_word' id='word_1_39' title='bbox 761 567 1296 637; x_wconf 88' lang='lat' dir='ltr'><strong>comprovincialium</strong></span> <span class='ocrx_word' id='word_1_40' title='bbox 1346 569 1722 639; x_wconf 66' lang='lat' dir='ltr'><strong>episcoliorum</strong></span> <span class='ocrx_word' id='word_1_41' title='bbox 1773 573 2056 637; x_wconf 83' lang='lat' dir='ltr'><strong>instantia,</strong></span> <span class='ocrx_word' id='word_1_42' title='bbox 2089 573 2188 628; x_wconf 91' lang='lat' dir='ltr'><strong>ali-</strong></span> <span class='ocrx_word' id='word_1_43' title='bbox 2288 594 2439 635; x_wconf 87' lang='lat' dir='ltr'><strong>suam</strong></span> <span class='ocrx_word' id='word_1_44' title='bbox 2468 580 2809 640; x_wconf 85' lang='lat' dir='ltr'><strong>solummodo</strong></span> <span class='ocrx_word' id='word_1_45' title='bbox 2837 590 3108 658; x_wconf 74' lang='lat' dir='ltr'><strong>propriam</strong></span> <span class='ocrx_word' id='word_1_46' title='bbox 3141 593 3368 662; x_wconf 83' lang='lat' dir='ltr'><strong>pertinet</strong></span> <span class='ocrx_word' id='word_1_47' title='bbox 3403 597 3691 674; x_wconf 72' lang='lat' dir='ltr'><strong>parochiam)</strong></span> <span class='ocrx_word' id='word_1_48' title='bbox 3713 607 3797 660; x_wconf 84' lang='lat' dir='ltr'><strong>sine</strong></span> 
     </span>
    </p>
   </div>
   <div class='ocr_carea' id='block_1_7' title="bbox 583 659 3798 768">
    <p class='ocr_par' dir='ltr' id='par_1_7' title="bbox 583 659 3798 768">
     <span class='ocr_line' id='line_1_7' title="bbox 583 659 3798 768; baseline 0.013 -59"><span class='ocrx_word' id='word_1_49' title='bbox 583 674 810 731; x_wconf 88' lang='lat' dir='ltr'><strong>quorum</strong></span> <span class='ocrx_word' id='word_1_50' title='bbox 840 659 1019 714; x_wconf 89' lang='lat' dir='ltr'><strong>audiat</strong></span> <span class='ocrx_word' id='word_1_51' title='bbox 1043 675 1233 716; x_wconf 89' lang='lat' dir='ltr'><strong>causas</strong></span> <span class='ocrx_word' id='word_1_52' title='bbox 1253 676 1439 717; x_wconf 91' lang='lat' dir='ltr'><strong>eorum</strong></span> <span class='ocrx_word' id='word_1_53' title='bbox 1461 705 1474 726; x_wconf 94' lang='lat'><strong>,</strong></span> <span class='ocrx_word' id='word_1_54' title='bbox 1503 663 1625 734; x_wconf 87' lang='lat' dir='ltr'><strong>quia</strong></span> <span class='ocrx_word' id='word_1_55' title='bbox 1657 664 1819 719; x_wconf 75' lang='lat' dir='ltr'><strong>irrita:</strong></span> <span class='ocrx_word' id='word_1_56' title='bbox 1851 677 2010 720; x_wconf 89' lang='lat' dir='ltr'><strong>erunt</strong></span> <span class='ocrx_word' id='word_1_57' title='bbox 2030 709 2043 733; x_wconf 91' lang='lat'><strong>,</strong></span> <span class='ocrx_word' id='word_1_58' title='bbox 2077 667 2184 732; x_wconf 84' lang='lat' dir='ltr'><strong>into</strong></span> <span class='ocrx_word' id='word_1_59' title='bbox 2287 673 2515 729; x_wconf 90' lang='lat' dir='ltr'><strong>consilio</strong></span> <span class='ocrx_word' id='word_1_60' title='bbox 2544 685 2597 731; x_wconf 89' lang='lat' dir='ltr'><strong>et</strong></span> <span class='ocrx_word' id='word_1_61' title='bbox 2626 677 2904 734; x_wconf 84' lang='lat' dir='ltr'><strong>voluntate</strong></span> <span class='ocrx_word' id='word_1_62' title='bbox 2925 683 3164 738; x_wconf 92' lang='lat' dir='ltr'><strong>omnium</strong></span> <span class='ocrx_word' id='word_1_63' title='bbox 3193 689 3688 758; x_wconf 75' lang='lat' dir='ltr'><strong>comprovincialium</strong></span> <span class='ocrx_word' id='word_1_64' title='bbox 3724 701 3798 768; x_wconf 79' lang='lat' dir='ltr'><strong>cpi-</strong></span> 
     </span>
    </p>
   </div>
   <div class='ocr_carea' id='block_1_8' title="bbox 584 757 3795 854">
    <p class='ocr_par' dir='ltr' id='par_1_8' title="bbox 584 757 3795 854">
     <span class='ocr_line' id='line_1_8' title="bbox 584 757 3795 854; baseline 0.011 -42"><span class='ocrx_word' id='word_1_65' title='bbox 584 765 639 812; x_wconf 89' lang='lat' dir='ltr'><strong>et</strong></span> <span class='ocrx_word' id='word_1_66' title='bbox 663 771 879 814; x_wconf 84' lang='lat' dir='ltr'><strong>causam</strong></span> <span class='ocrx_word' id='word_1_67' title='bbox 897 757 947 813; x_wconf 93' lang='lat' dir='ltr'><strong>in</strong></span> <span class='ocrx_word' id='word_1_68' title='bbox 971 759 1177 830; x_wconf 80' lang='lat' dir='ltr'><strong>synodo</strong></span> <span class='ocrx_word' id='word_1_69' title='bbox 1202 775 1298 831; x_wconf 91' lang='lat' dir='ltr'><strong>pro</strong></span> <span class='ocrx_word' id='word_1_70' title='bbox 1326 759 1466 818; x_wconf 83' lang='lat' dir='ltr'><strong>Iacto</strong></span> <span class='ocrx_word' id='word_1_71' title='bbox 1480 760 1648 816; x_wconf 87' lang='lat' dir='ltr'><strong>dabit.</strong></span> <span class='ocrx_word' id='word_1_72' title='bbox 2285 780 2593 837; x_wconf 82' lang='lat' dir='ltr'><strong>scaporum,</strong></span> <span class='ocrx_word' id='word_1_73' title='bbox 2625 771 2828 842; x_wconf 87' lang='lat' dir='ltr'><strong>aliquid</strong></span> <span class='ocrx_word' id='word_1_74' title='bbox 2857 789 3018 844; x_wconf 83' lang='lat' dir='ltr'><strong>agere</strong></span> <span class='ocrx_word' id='word_1_75' title='bbox 3041 781 3328 836; x_wconf 86' lang='lat' dir='ltr'><strong>tentaverit</strong></span> <span class='ocrx_word' id='word_1_76' title='bbox 3356 782 3537 851; x_wconf 83' lang='lat' dir='ltr'><strong>(Hadr.</strong></span> <span class='ocrx_word' id='word_1_77' title='bbox 3558 789 3636 854; x_wconf 76' lang='grc'><strong>45,</strong></span> <span class='ocrx_word' id='word_1_78' title='bbox 3655 757 3795 848; x_wconf 70' lang='lat' dir='ltr'><strong>cera».</strong></span> 
     </span>
    </p>
   </div>
   <div class='ocr_carea' id='block_1_9' title="bbox 1237 852 3797 956">
    <p class='ocr_par' dir='ltr' id='par_1_9' title="bbox 1237 852 3797 956">
     <span class='ocr_line' id='line_1_9' title="bbox 1237 852 3797 956; baseline 0.018 -60"><span class='ocrx_word' id='word_1_79' title='bbox 1237 864 1240 866; x_wconf 50' lang='grc' dir='ltr'><strong>ν</strong></span> <span class='ocrx_word' id='word_1_80' title='bbox 1325 852 1444 912; x_wconf 72' lang='lat' dir='ltr'><strong>xv,</strong></span> <span class='ocrx_word' id='word_1_81' title='bbox 2284 872 2450 929; x_wconf 87' lang='lat' dir='ltr'><strong>apost.</strong></span> <span class='ocrx_word' id='word_1_82' title='bbox 2499 862 2614 935; x_wconf 81' lang='grc'>55),</span> <span class='ocrx_word' id='word_1_83' title='bbox 2645 865 2842 936; x_wconf 89' lang='lat' dir='ltr'><strong>gradus</strong></span> <span class='ocrx_word' id='word_1_84' title='bbox 2881 869 2961 923; x_wconf 93' lang='lat' dir='ltr'><strong>sui</strong></span> <span class='ocrx_word' id='word_1_85' title='bbox 3001 872 3238 939; x_wconf 88' lang='lat' dir='ltr'><strong>periculo</strong></span> <span class='ocrx_word' id='word_1_86' title='bbox 3266 875 3568 947; x_wconf 89' lang='lat' dir='ltr'><strong>subjacebit,</strong></span> <span class='ocrx_word' id='word_1_87' title='bbox 3613 852 3657 937; x_wconf 87' lang='lat' dir='ltr'><strong>et</strong></span> <span class='ocrx_word' id='word_1_88' title='bbox 3695 889 3797 956; x_wconf 77' lang='lat' dir='ltr'><strong>quod</strong></span> 
     </span>
    </p>
   </div>
   <div class='ocr_carea' id='block_1_10' title="bbox 653 946 3799 1048">
    <p class='ocr_par' dir='ltr' id='par_1_10' title="bbox 653 946 3799 1048">
     <span class='ocr_line' id='line_1_10' title="bbox 653 946 3799 1048; baseline 0.011 -48"><span class='ocrx_word' id='word_1_89' title='bbox 653 946 860 1001; x_wconf 82' lang='lat' dir='ltr'><strong>Alienis</strong></span> <span class='ocrx_word' id='word_1_90' title='bbox 885 947 1163 1006; x_wconf 84' lang='lat' dir='ltr'><strong>erroribus</strong></span> <span class='ocrx_word' id='word_1_91' title='bbox 1195 949 1284 1026; x_wconf 79' lang='lat'><strong>(5,</strong></span> <span class='ocrx_word' id='word_1_92' title='bbox 1315 967 1402 1024; x_wconf 80' lang='lat' dir='ltr'><strong>qu.</strong></span> <span class='ocrx_word' id='word_1_93' title='bbox 1431 952 1465 1008; x_wconf 74' lang='grc'><strong>4</strong></span> <span class='ocrx_word' id='word_1_94' title='bbox 1499 970 1510 1005; x_wconf 94' lang='lat'>:</span> <span class='ocrx_word' id='word_1_95' title='bbox 1546 951 1738 1008; x_wconf 77' lang='lat' dir='ltr'><strong>Alienis</strong></span> <span class='ocrx_word' id='word_1_96' title='bbox 1760 953 2018 1009; x_wconf 82' lang='lat' dir='ltr'><strong>erroribus</strong></span> <span class='ocrx_word' id='word_1_97' title='bbox 2094 970 2181 1010; x_wconf 86' lang='lat' dir='ltr'><strong>so-</strong></span> <span class='ocrx_word' id='word_1_98' title='bbox 2282 956 2455 1026; x_wconf 86' lang='lat' dir='ltr'><strong>egerit</strong></span> <span class='ocrx_word' id='word_1_99' title='bbox 2487 958 2693 1014; x_wconf 89' lang='lat' dir='ltr'><strong>irritum</strong></span> <span class='ocrx_word' id='word_1_100' title='bbox 2741 960 3002 1019; x_wconf 88' lang='lat' dir='ltr'><strong>habeatur</strong></span> <span class='ocrx_word' id='word_1_101' title='bbox 3035 975 3087 1022; x_wconf 90' lang='lat' dir='ltr'><strong>et</strong></span> <span class='ocrx_word' id='word_1_102' title='bbox 3113 946 3494 1028; x_wconf 76' lang='lat' dir='ltr'><strong>vacuum.Sed</strong></span> <span class='ocrx_word' id='word_1_103' title='bbox 3516 946 3731 1048; x_wconf 77' lang='lat' dir='ltr'><strong>quidquid</strong></span> <span class='ocrx_word' id='word_1_104' title='bbox 3754 984 3799 1038; x_wconf 86' lang='lat' dir='ltr'><strong>de</strong></span> 
     </span>
    </p>
   </div>
   <div class='ocr_carea' id='block_1_11' title="bbox 578 1037 3800 1144">
    <p class='ocr_par' dir='ltr' id='par_1_11' title="bbox 578 1037 3800 1144">
     <span class='ocr_line' id='line_1_11' title="bbox 578 1037 3800 1144; baseline 0.011 -53"><span class='ocrx_word' id='word_1_105' title='bbox 578 1037 810 1104; x_wconf 89' lang='lat' dir='ltr'><strong>ciatum,</strong></span> <span class='ocrx_word' id='word_1_106' title='bbox 845 1041 924 1095; x_wconf 97' lang='lat' dir='ltr'><strong>vel</strong></span> <span class='ocrx_word' id='word_1_107' title='bbox 955 1056 984 1094; x_wconf 89' lang='lat' dir='ltr'><strong>a</strong></span> <span class='ocrx_word' id='word_1_108' title='bbox 1013 1041 1095 1096; x_wconf 91' lang='lat' dir='ltr'><strong>sui</strong></span> <span class='ocrx_word' id='word_1_109' title='bbox 1125 1043 1381 1113; x_wconf 84' lang='lat' dir='ltr'><strong>propositi</strong></span> <span class='ocrx_word' id='word_1_110' title='bbox 1417 1046 1631 1100; x_wconf 87' lang='lat' dir='ltr'><strong>tramite</strong></span> <span class='ocrx_word' id='word_1_111' title='bbox 1679 1047 2019 1103; x_wconf 79' lang='lat' dir='ltr'><strong>recedentem</strong></span> <span class='ocrx_word' id='word_1_112' title='bbox 2043 1092 2055 1116; x_wconf 87' lang='lat'><strong>,</strong></span> <span class='ocrx_word' id='word_1_113' title='bbox 2091 1059 2182 1106; x_wconf 91' lang='lat' dir='ltr'><strong>aut</strong></span> <span class='ocrx_word' id='word_1_114' title='bbox 2281 1053 2818 1119; x_wconf 78' lang='lat' dir='ltr'><strong>comprovincialium</strong></span> <span class='ocrx_word' id='word_1_115' title='bbox 2866 1060 3246 1131; x_wconf 79' lang='lat' dir='ltr'><strong>episcoporum</strong></span> <span class='ocrx_word' id='word_1_116' title='bbox 3293 1067 3495 1133; x_wconf 75' lang='lat' dir='ltr'><strong>causis,</strong></span> <span class='ocrx_word' id='word_1_117' title='bbox 3547 1084 3800 1144; x_wconf 79' lang='lat' dir='ltr'><strong>suarumque</strong></span> 
     </span>
    </p>
   </div>
   <div class='ocr_carea' id='block_1_12' title="bbox 576 1131 3802 1225">
    <p class='ocr_par' dir='ltr' id='par_1_12' title="bbox 576 1131 3802 1225">
     <span class='ocr_line' id='line_1_12' title="bbox 576 1131 3802 1225; baseline 0.011 -39"><span class='ocrx_word' id='word_1_118' title='bbox 576 1131 743 1186; x_wconf 89' lang='lat' dir='ltr'><strong>sacris</strong></span> <span class='ocrx_word' id='word_1_119' title='bbox 769 1134 1065 1188; x_wconf 80' lang='lat' dir='ltr'><strong>canonibus</strong></span> <span class='ocrx_word' id='word_1_120' title='bbox 1091 1135 1485 1196; x_wconf 88' lang='lat' dir='ltr'><strong>inobedientem</strong></span> <span class='ocrx_word' id='word_1_121' title='bbox 1509 1180 1522 1202; x_wconf 94' lang='lat'><strong>,</strong></span> <span class='ocrx_word' id='word_1_122' title='bbox 1552 1139 1826 1208; x_wconf 79' lang='lat' dir='ltr'><strong>suscipere</strong></span> <span class='ocrx_word' id='word_1_123' title='bbox 1859 1157 1964 1195; x_wconf 91' lang='lat' dir='ltr'><strong>non</strong></span> <span class='ocrx_word' id='word_1_124' title='bbox 1994 1157 2182 1211; x_wconf 88' lang='lat' dir='ltr'><strong>possn-</strong></span> <span class='ocrx_word' id='word_1_125' title='bbox 2279 1143 2631 1202; x_wconf 69' lang='lat' dir='ltr'><strong>ecclesiarum</strong></span> <span class='ocrx_word' id='word_1_126' title='bbox 2656 1157 2709 1203; x_wconf 89' lang='lat' dir='ltr'><strong>et</strong></span> <span class='ocrx_word' id='word_1_127' title='bbox 2729 1149 3052 1207; x_wconf 79' lang='lat' dir='ltr'><strong>clericorum</strong></span> <span class='ocrx_word' id='word_1_128' title='bbox 3076 1164 3240 1225; x_wconf 81' lang='lat' dir='ltr'><strong>atque</strong></span> <span class='ocrx_word' id='word_1_129' title='bbox 3264 1159 3589 1215; x_wconf 68' lang='lat' dir='ltr'><strong>saecularium</strong></span> <span class='ocrx_word' id='word_1_130' title='bbox 3617 1168 3802 1220; x_wconf 84' lang='lat' dir='ltr'><strong>necessi-</strong></span> 
     </span>
    </p>
   </div>
   <div class='ocr_carea' id='block_1_13' title="bbox 577 1227 3801 1321">
    <p class='ocr_par' dir='ltr' id='par_1_13' title="bbox 577 1227 3801 1321">
     <span class='ocr_line' id='line_1_13' title="bbox 577 1227 3801 1321; baseline 0.011 -42"><span class='ocrx_word' id='word_1_131' title='bbox 577 1241 726 1291; x_wconf 91' lang='lat' dir='ltr'><strong>mus,</strong></span> <span class='ocrx_word' id='word_1_132' title='bbox 759 1241 858 1282; x_wconf 89' lang='lat' dir='ltr'><strong>nec</strong></span> <span class='ocrx_word' id='word_1_133' title='bbox 888 1227 1149 1302; x_wconf 88' lang='lat' dir='ltr'><strong>impetere</strong></span> <span class='ocrx_word' id='word_1_134' title='bbox 1199 1239 1344 1285; x_wconf 89' lang='lat' dir='ltr'><strong>recte</strong></span> <span class='ocrx_word' id='word_1_135' title='bbox 1377 1231 1690 1306; x_wconf 72' lang='lat' dir='ltr'><strong>credentes,</strong></span> <span class='ocrx_word' id='word_1_136' title='bbox 1739 1234 1820 1288; x_wconf 87' lang='lat' dir='ltr'><strong>vel</strong></span> <span class='ocrx_word' id='word_1_137' title='bbox 1869 1245 2178 1296; x_wconf 86' lang='lat' dir='ltr'><strong>sanctorum</strong></span> <span class='ocrx_word' id='word_1_138' title='bbox 2283 1237 2478 1293; x_wconf 82' lang='lat' dir='ltr'><strong>tatibus</strong></span> <span class='ocrx_word' id='word_1_139' title='bbox 2505 1255 2663 1310; x_wconf 85' lang='lat' dir='ltr'><strong>agere</strong></span> <span class='ocrx_word' id='word_1_140' title='bbox 2704 1250 2797 1298; x_wconf 80' lang='lat' dir='ltr'><strong>aut</strong></span> <span class='ocrx_word' id='word_1_141' title='bbox 2823 1243 3117 1314; x_wconf 84' lang='lat' dir='ltr'><strong>disponere</strong></span> <span class='ocrx_word' id='word_1_142' title='bbox 3145 1265 3366 1306; x_wconf 77' lang='lat' dir='ltr'><strong>necesse</strong></span> <span class='ocrx_word' id='word_1_143' title='bbox 3395 1251 3572 1321; x_wconf 81' lang='lat' dir='ltr'><strong>fuerit,</strong></span> <span class='ocrx_word' id='word_1_144' title='bbox 3595 1255 3679 1312; x_wconf 85' lang='lat' dir='ltr'><strong>hoc</strong></span> <span class='ocrx_word' id='word_1_145' title='bbox 3715 1273 3801 1314; x_wconf 86' lang='lat' dir='ltr'><strong>cum</strong></span> 
     </span>
    </p>
   </div>
   <div class='ocr_carea' id='block_1_14' title="bbox 581 1317 3802 1416">
    <p class='ocr_par' dir='ltr' id='par_1_14' title="bbox 581 1317 3802 1416">
     <span class='ocr_line' id='line_1_14' title="bbox 581 1317 3802 1416; baseline 0.01 -43"><span class='ocrx_word' id='word_1_146' title='bbox 581 1317 798 1374; x_wconf 80' lang='lat' dir='ltr'><strong>Patrum</strong></span> <span class='ocrx_word' id='word_1_147' title='bbox 846 1321 1213 1378; x_wconf 88' lang='lat' dir='ltr'><strong>sanctionibus</strong></span> <span class='ocrx_word' id='word_1_148' title='bbox 1238 1323 1693 1395; x_wconf 85' lang='lat' dir='ltr'><strong>obtemperantes,</strong></span> <span class='ocrx_word' id='word_1_149' title='bbox 1725 1329 2102 1398; x_wconf 84' lang='lat' dir='ltr'><strong>permittimus.</strong></span> <span class='ocrx_word' id='word_1_150' title='bbox 2283 1331 2429 1386; x_wconf 87' lang='lat' dir='ltr'><strong>omni</strong></span> <span class='ocrx_word' id='word_1_151' title='bbox 2460 1347 2730 1390; x_wconf 81' lang='lat' dir='ltr'><strong>consensu</strong></span> <span class='ocrx_word' id='word_1_152' title='bbox 2770 1340 3302 1407; x_wconf 76' lang='lat' dir='ltr'><strong>comprovincialium</strong></span> <span class='ocrx_word' id='word_1_153' title='bbox 3328 1356 3512 1416; x_wconf 80' lang='lat' dir='ltr'><strong>agatur</strong></span> <span class='ocrx_word' id='word_1_154' title='bbox 3539 1350 3802 1416; x_wconf 77' lang='lat' dir='ltr'><strong>pontiﬁcum,</strong></span> 
     </span>
    </p>
   </div>
   <div class='ocr_carea' id='block_1_15' title="bbox 1305 1417 3804 1502">
    <p class='ocr_par' dir='ltr' id='par_1_15' title="bbox 1305 1417 3804 1502">
     <span class='ocr_line' id='line_1_15' title="bbox 1305 1417 3804 1502; baseline 0.01 -30"><span class='ocrx_word' id='word_1_155' title='bbox 1305 1417 1444 1473; x_wconf 89' lang='lat' dir='ltr'><strong>XVI.</strong></span> <span class='ocrx_word' id='word_1_156' title='bbox 2278 1437 2386 1479; x_wconf 87' lang='lat' dir='ltr'><strong>non</strong></span> <span class='ocrx_word' id='word_1_157' title='bbox 2408 1425 2592 1498; x_wconf 83' lang='lat' dir='ltr'><strong>aliquo</strong></span> <span class='ocrx_word' id='word_1_158' title='bbox 2614 1429 3002 1487; x_wconf 87' lang='lat' dir='ltr'><strong>dominationis</strong></span> <span class='ocrx_word' id='word_1_159' title='bbox 3031 1433 3192 1502; x_wconf 77' lang='lat' dir='ltr'><strong>fastu,</strong></span> <span class='ocrx_word' id='word_1_160' title='bbox 3226 1420 3319 1491; x_wconf 85' lang='lat' dir='ltr'><strong>sed</strong></span> <span class='ocrx_word' id='word_1_161' title='bbox 3353 1439 3627 1495; x_wconf 88' lang='lat' dir='ltr'><strong>humillima</strong></span> <span class='ocrx_word' id='word_1_162' title='bbox 3652 1455 3697 1497; x_wconf 90' lang='lat' dir='ltr'><strong>et</strong></span> <span class='ocrx_word' id='word_1_163' title='bbox 3711 1459 3804 1497; x_wconf 83' lang='lat' dir='ltr'><strong>con-</strong></span> 
     </span>
    </p>
   </div>
   <div class='ocr_carea' id='block_1_16' title="bbox 645 1504 3806 1594">
    <p class='ocr_par' dir='ltr' id='par_1_16' title="bbox 645 1504 3806 1594">
     <span class='ocr_line' id='line_1_16' title="bbox 645 1504 3806 1594; baseline 0.011 -37"><span class='ocrx_word' id='word_1_164' title='bbox 645 1504 929 1578; x_wconf 80' lang='lat' dir='ltr'><strong>Peregrina</strong></span> <span class='ocrx_word' id='word_1_165' title='bbox 952 1507 1151 1578; x_wconf 88' lang='lat' dir='ltr'><strong>judicia</strong></span> <span class='ocrx_word' id='word_1_166' title='bbox 1185 1507 1276 1584; x_wconf 77' lang='lat'><strong>(5,</strong></span> <span class='ocrx_word' id='word_1_167' title='bbox 1309 1527 1358 1582; x_wconf 84' lang='lat' dir='ltr'><strong>q.</strong></span> <span class='ocrx_word' id='word_1_168' title='bbox 1391 1512 1422 1567; x_wconf 90' lang='lat'>7</span> <span class='ocrx_word' id='word_1_169' title='bbox 1452 1529 1464 1565; x_wconf 93' lang='lat'><strong>:</strong></span> <span class='ocrx_word' id='word_1_170' title='bbox 1502 1509 1781 1585; x_wconf 79' lang='lat' dir='ltr'><strong>Peregrina</strong></span> <span class='ocrx_word' id='word_1_171' title='bbox 1825 1514 2050 1584; x_wconf 80' lang='lat' dir='ltr'><strong>iudicia)</strong></span> <span class='ocrx_word' id='word_1_172' title='bbox 2085 1533 2176 1586; x_wconf 75' lang='lat' dir='ltr'><strong>ge—</strong></span> <span class='ocrx_word' id='word_1_173' title='bbox 2275 1519 2424 1574; x_wconf 88' lang='lat' dir='ltr'><strong>cordi</strong></span> <span class='ocrx_word' id='word_1_174' title='bbox 2459 1521 2958 1592; x_wconf 84' lang='lat' dir='ltr'><strong>administratione,</strong></span> <span class='ocrx_word' id='word_1_175' title='bbox 2987 1529 3125 1583; x_wconf 85' lang='lat' dir='ltr'><strong>sicut</strong></span> <span class='ocrx_word' id='word_1_176' title='bbox 3167 1531 3425 1588; x_wconf 87' lang='lat' dir='ltr'><strong>Dominus</strong></span> <span class='ocrx_word' id='word_1_177' title='bbox 3467 1538 3569 1591; x_wconf 90' lang='lat' dir='ltr'><strong>ait:</strong></span> <span class='ocrx_word' id='word_1_178' title='bbox 3593 1537 3696 1592; x_wconf 78' lang='lat' dir='ltr'><strong>Non</strong></span> <span class='ocrx_word' id='word_1_179' title='bbox 3725 1543 3806 1594; x_wconf 73' lang='lat' dir='ltr'><strong>certi</strong></span> 
     </span>
    </p>
   </div>
   <div class='ocr_carea' id='block_1_17' title="bbox 569 1601 3805 1698">
    <p class='ocr_par' dir='ltr' id='par_1_17' title="bbox 569 1601 3805 1698">
     <span class='ocr_line' id='line_1_17' title="bbox 569 1601 3805 1698; baseline 0.01 -44"><span class='ocrx_word' id='word_1_180' title='bbox 569 1601 738 1656; x_wconf 89' lang='lat' dir='ltr'><strong>ncrali</strong></span> <span class='ocrx_word' id='word_1_181' title='bbox 766 1603 1044 1658; x_wconf 87' lang='lat' dir='ltr'><strong>sanctione</strong></span> <span class='ocrx_word' id='word_1_182' title='bbox 1074 1603 1452 1682; x_wconf 82' lang='lat' dir='ltr'><strong>prohibemus,</strong></span> <span class='ocrx_word' id='word_1_183' title='bbox 1487 1607 1608 1680; x_wconf 85' lang='lat' dir='ltr'><strong>quia</strong></span> <span class='ocrx_word' id='word_1_184' title='bbox 1645 1607 1919 1679; x_wconf 80' lang='lat' dir='ltr'><strong>indignum</strong></span> <span class='ocrx_word' id='word_1_185' title='bbox 1966 1620 2044 1664; x_wconf 77' lang='lat' dir='ltr'><strong>cst</strong></span> <span class='ocrx_word' id='word_1_186' title='bbox 2070 1653 2082 1675; x_wconf 90' lang='lat'><strong>,</strong></span> <span class='ocrx_word' id='word_1_187' title='bbox 2118 1620 2174 1666; x_wconf 90' lang='lat' dir='ltr'><strong>ut</strong></span> <span class='ocrx_word' id='word_1_188' title='bbox 2275 1613 2591 1678; x_wconf 78' lang='lat' dir='ltr'><strong>ministrari,</strong></span> <span class='ocrx_word' id='word_1_189' title='bbox 2635 1617 2725 1670; x_wconf 85' lang='lat' dir='ltr'><strong>sed</strong></span> <span class='ocrx_word' id='word_1_190' title='bbox 2753 1620 3051 1678; x_wconf 76' lang='lat' dir='ltr'><strong>ministrare</strong></span> <span class='ocrx_word' id='word_1_191' title='bbox 3089 1623 3309 1692; x_wconf 81' lang='lat' dir='ltr'><strong>(Matth.</strong></span> <span class='ocrx_word' id='word_1_192' title='bbox 3339 1627 3457 1698; x_wconf 76' lang='lat' dir='ltr'><strong>xx).</strong></span> <span class='ocrx_word' id='word_1_193' title='bbox 3489 1629 3549 1683; x_wconf 86' lang='lat' dir='ltr'><strong>Et</strong></span> <span class='ocrx_word' id='word_1_194' title='bbox 3572 1631 3710 1686; x_wconf 88' lang='lat' dir='ltr'><strong>alibi:</strong></span> <span class='ocrx_word' id='word_1_195' title='bbox 3733 1632 3805 1698; x_wconf 71' lang='lat' dir='ltr'><strong>Qui</strong></span> 
     </span>
    </p>
   </div>
   <div class='ocr_carea' id='block_1_18' title="bbox 568 1694 3808 1795">
    <p class='ocr_par' dir='ltr' id='par_1_18' title="bbox 568 1694 3808 1795">
     <span class='ocr_line' id='line_1_18' title="bbox 568 1694 3808 1795; baseline 0.01 -48"><span class='ocrx_word' id='word_1_196' title='bbox 568 1694 636 1748; x_wconf 91' lang='lat' dir='ltr'><strong>ab</strong></span> <span class='ocrx_word' id='word_1_197' title='bbox 656 1694 1208 1765; x_wconf 77' lang='lat' dir='ltr'><strong>exterisjudicentur,</strong></span> <span class='ocrx_word' id='word_1_198' title='bbox 1234 1700 1319 1768; x_wconf 86' lang='lat' dir='ltr'><strong>qui</strong></span> <span class='ocrx_word' id='word_1_199' title='bbox 1343 1701 1824 1768; x_wconf 87' lang='lat' dir='ltr'><strong>comprovincialcs</strong></span> <span class='ocrx_word' id='word_1_200' title='bbox 1845 1711 1940 1756; x_wconf 90' lang='lat' dir='ltr'><strong>eta</strong></span> <span class='ocrx_word' id='word_1_201' title='bbox 1965 1717 2023 1758; x_wconf 91' lang='lat' dir='ltr'><strong>se</strong></span> <span class='ocrx_word' id='word_1_202' title='bbox 2041 1704 2174 1759; x_wconf 63' lang='lat' dir='ltr'><strong>cicco</strong></span> <span class='ocrx_word' id='word_1_203' title='bbox 2276 1709 2443 1780; x_wconf 79' lang='lat' dir='ltr'><strong>major</strong></span> <span class='ocrx_word' id='word_1_204' title='bbox 2483 1718 2555 1762; x_wconf 86' lang='lat' dir='ltr'><strong>est</strong></span> <span class='ocrx_word' id='word_1_205' title='bbox 2605 1721 2848 1778; x_wconf 78' lang='lat' dir='ltr'><strong>vestrum,</strong></span> <span class='ocrx_word' id='word_1_206' title='bbox 2897 1715 2992 1768; x_wconf 82' lang='lat' dir='ltr'><strong>erit</strong></span> <span class='ocrx_word' id='word_1_207' title='bbox 3029 1716 3258 1771; x_wconf 79' lang='lat' dir='ltr'><strong>minister</strong></span> <span class='ocrx_word' id='word_1_208' title='bbox 3294 1729 3458 1776; x_wconf 76' lang='lat' dir='ltr'><strong>uester</strong></span> <span class='ocrx_word' id='word_1_209' title='bbox 3497 1722 3666 1792; x_wconf 75' lang='lat' dir='ltr'><strong>(Marc.</strong></span> <span class='ocrx_word' id='word_1_210' title='bbox 3689 1725 3808 1795; x_wconf 80' lang='lat' dir='ltr'><strong>x).et</strong></span> 
     </span>
    </p>
   </div>
   <div class='ocr_carea' id='block_1_19' title="bbox 567 1788 3804 1888">
    <p class='ocr_par' dir='ltr' id='par_1_19' title="bbox 567 1788 3804 1888">
     <span class='ocr_line' id='line_1_19' title="bbox 567 1788 3804 1888; baseline 0.009 -45"><span class='ocrx_word' id='word_1_211' title='bbox 567 1797 648 1856; x_wconf 83' lang='lat' dir='ltr'><strong>tos</strong></span> <span class='ocrx_word' id='word_1_212' title='bbox 682 1788 876 1868; x_wconf 62' lang='lat' dir='ltr'><strong>(Had,</strong></span> <span class='ocrx_word' id='word_1_213' title='bbox 909 1791 994 1864; x_wconf 77' lang='lat' dir='ltr'><strong>l7,</strong></span> <span class='ocrx_word' id='word_1_214' title='bbox 1020 1808 1083 1856; x_wconf 74' lang='lat' dir='ltr'><strong>ea:</strong></span> <span class='ocrx_word' id='word_1_215' title='bbox 1104 1792 1222 1848; x_wconf 87' lang='lat' dir='ltr'><strong>cod.</strong></span> <span class='ocrx_word' id='word_1_216' title='bbox 1249 1792 1475 1868; x_wconf 84' lang='lat' dir='ltr'><strong>Theod.)</strong></span> <span class='ocrx_word' id='word_1_217' title='bbox 1501 1794 1699 1851; x_wconf 89' lang='lat' dir='ltr'><strong>debent</strong></span> <span class='ocrx_word' id='word_1_218' title='bbox 1722 1796 1920 1854; x_wconf 87' lang='lat' dir='ltr'><strong>habere</strong></span> <span class='ocrx_word' id='word_1_219' title='bbox 1939 1797 2167 1870; x_wconf 85' lang='lat' dir='ltr'><strong>judices.</strong></span> <span class='ocrx_word' id='word_1_220' title='bbox 2207 1790 2249 1850; x_wconf 80' lang='grc' dir='ltr'><strong>Β</strong></span> <span class='ocrx_word' id='word_1_221' title='bbox 2282 1799 2505 1871; x_wconf 87' lang='lat' dir='ltr'><strong>reliqua.</strong></span> <span class='ocrx_word' id='word_1_222' title='bbox 2542 1802 2804 1861; x_wconf 79' lang='lat' dir='ltr'><strong>Similiter</strong></span> <span class='ocrx_word' id='word_1_223' title='bbox 2824 1819 2880 1861; x_wconf 90' lang='lat' dir='ltr'><strong>et</strong></span> <span class='ocrx_word' id='word_1_224' title='bbox 2911 1808 3010 1877; x_wconf 83' lang='lat' dir='ltr'><strong>ipsi</strong></span> <span class='ocrx_word' id='word_1_225' title='bbox 3040 1788 3804 1888; x_wconf 73' lang='lat' dir='ltr'><strong>comprovinciales(.4ntiorla.9,</strong></span> 
     </span>
    </p>
   </div>
   <div class='ocr_carea' id='block_1_20' title="bbox 1280 1892 3807 1980">
    <p class='ocr_par' dir='ltr' id='par_1_20' title="bbox 1280 1892 3807 1980">
     <span class='ocr_line' id='line_1_20' title="bbox 1280 1892 3807 1980; baseline 0.012 -45"><span class='ocrx_word' id='word_1_226' title='bbox 1280 1909 1444 1968; x_wconf 43' lang='lat' dir='ltr'><strong>xv&quot;.</strong></span> <span class='ocrx_word' id='word_1_227' title='bbox 2282 1892 2474 1966; x_wconf 72' lang='lat' dir='ltr'><strong>Epiros.</strong></span> <span class='ocrx_word' id='word_1_228' title='bbox 2503 1907 2602 1956; x_wconf 81' lang='lat' dir='ltr'><strong>act.</strong></span> <span class='ocrx_word' id='word_1_229' title='bbox 2629 1897 2682 1962; x_wconf 84' lang='lat'><strong>6,</strong></span> <span class='ocrx_word' id='word_1_230' title='bbox 2716 1898 2892 1954; x_wconf 73' lang='lat' dir='ltr'><strong>Calda.</strong></span> <span class='ocrx_word' id='word_1_231' title='bbox 2920 1918 2966 1956; x_wconf 74' lang='grc' dir='ltr'><strong>ε.</strong></span> <span class='ocrx_word' id='word_1_232' title='bbox 3001 1903 3090 1974; x_wconf 68' lang='lat'><strong>12)</strong></span> <span class='ocrx_word' id='word_1_233' title='bbox 3125 1906 3383 1976; x_wconf 85' lang='lat' dir='ltr'><strong>episeopi,</strong></span> <span class='ocrx_word' id='word_1_234' title='bbox 3414 1923 3530 1963; x_wconf 91' lang='lat' dir='ltr'><strong>cum</strong></span> <span class='ocrx_word' id='word_1_235' title='bbox 3551 1909 3654 1980; x_wconf 83' lang='lat' dir='ltr'><strong>ejus</strong></span> <span class='ocrx_word' id='word_1_236' title='bbox 3670 1912 3807 1966; x_wconf 78' lang='lat' dir='ltr'><strong>consi-</strong></span> 
     </span>
    </p>
   </div>
   <div class='ocr_carea' id='block_1_21' title="bbox 635 1985 2233 2091">
    <p class='ocr_par' dir='ltr' id='par_1_21' title="bbox 635 1999 2169 2082">
     <span class='ocr_line' id='line_1_21' title="bbox 635 1999 2169 2082; baseline 0.008 -28"><span class='ocrx_word' id='word_1_237' title='bbox 635 1999 789 2058; x_wconf 87' lang='lat' dir='ltr'><strong>Salva</strong></span> <span class='ocrx_word' id='word_1_238' title='bbox 819 2002 1130 2071; x_wconf 77' lang='lat' dir='ltr'><strong>apostolica:</strong></span> <span class='ocrx_word' id='word_1_239' title='bbox 1163 2003 1417 2062; x_wconf 72' lang='lat' dir='ltr'><strong>Ecclesia:</strong></span> <span class='ocrx_word' id='word_1_240' title='bbox 1445 2006 1765 2064; x_wconf 85' lang='lat' dir='ltr'><strong>auctoritate</strong></span> <span class='ocrx_word' id='word_1_241' title='bbox 1793 2007 2019 2077; x_wconf 82' lang='lat' dir='ltr'><strong>(Iladr.,</strong></span> <span class='ocrx_word' id='word_1_242' title='bbox 2045 2009 2169 2082; x_wconf 87' lang='lat' dir='ltr'><strong>l8),</strong></span> 
     </span>
    </p>
   </div>
   <div class='ocr_carea' id='block_1_22' title="bbox 2206 1985 3804 2091">
    <p class='ocr_par' dir='ltr' id='par_1_22' title="bbox 2277 1985 3804 2074">
     <span class='ocr_line' id='line_1_22' title="bbox 2277 1985 3804 2074; baseline 0.012 -34"><span class='ocrx_word' id='word_1_243' title='bbox 2277 1985 2351 2042; x_wconf 91' lang='lat' dir='ltr'><strong>lio</strong></span> <span class='ocrx_word' id='word_1_244' title='bbox 2400 1989 2528 2059; x_wconf 85' lang='lat' dir='ltr'><strong>(nisi</strong></span> <span class='ocrx_word' id='word_1_245' title='bbox 2575 2003 2832 2061; x_wconf 92' lang='lat' dir='ltr'><strong>quantum</strong></span> <span class='ocrx_word' id='word_1_246' title='bbox 2879 1994 2946 2049; x_wconf 88' lang='lat' dir='ltr'><strong>ad</strong></span> <span class='ocrx_word' id='word_1_247' title='bbox 2997 1998 3240 2068; x_wconf 85' lang='lat' dir='ltr'><strong>proprias</strong></span> <span class='ocrx_word' id='word_1_248' title='bbox 3288 2003 3522 2068; x_wconf 82' lang='lat' dir='ltr'><strong>pertinet</strong></span> <span class='ocrx_word' id='word_1_249' title='bbox 3565 2003 3804 2074; x_wconf 75' lang='lat' dir='ltr'><strong>parochias)</strong></span> 
     </span>
    </p>
   </div>
   <div class='ocr_carea' id='block_1_23' title="bbox 567 2092 3803 2174">
    <p class='ocr_par' dir='ltr' id='par_1_23' title="bbox 567 2092 3803 2174">
     <span class='ocr_line' id='line_1_23' title="bbox 567 2092 3803 2174; baseline 0.009 -53"><span class='ocrx_word' id='word_1_250' title='bbox 567 2093 747 2156; x_wconf 65' lang='lat' dir='ltr'><strong>&quot;unus</strong></span> <span class='ocrx_word' id='word_1_251' title='bbox 774 2095 1059 2168; x_wconf 64' lang='lat' dir='ltr'><strong>episcopus</strong></span> <span class='ocrx_word' id='word_1_252' title='bbox 1083 2104 1231 2158; x_wconf 54' lang='lat' dir='ltr'><strong>enm</strong></span> <span class='ocrx_word' id='word_1_253' title='bbox 1260 2111 1410 2156; x_wconf 53' lang='lat' dir='ltr'><strong>suam</strong></span> <span class='ocrx_word' id='word_1_254' title='bbox 1442 2097 1774 2172; x_wconf 59' lang='lat' dir='ltr'><strong>provinciam</strong></span> <span class='ocrx_word' id='word_1_255' title='bbox 1815 2100 1881 2156; x_wconf 68' lang='lat' dir='ltr'><strong>ad</strong></span> <span class='ocrx_word' id='word_1_256' title='bbox 1909 2101 2166 2174; x_wconf 60' lang='lat' dir='ltr'><strong>judicium</strong></span> <span class='ocrx_word' id='word_1_257' title='bbox 2273 2093 2453 2153; x_wconf 90' lang='lat' dir='ltr'><strong>agant,</strong></span> <span class='ocrx_word' id='word_1_258' title='bbox 2478 2094 2630 2150; x_wconf 76' lang='lat' dir='ltr'><strong>juxta</strong></span> <span class='ocrx_word' id='word_1_259' title='bbox 2655 2095 2964 2142; x_wconf 89' lang='lat' dir='ltr'><strong>sanctorum</strong></span> <span class='ocrx_word' id='word_1_260' title='bbox 2985 2092 3275 2146; x_wconf 89' lang='lat' dir='ltr'><strong>constituta</strong></span> <span class='ocrx_word' id='word_1_261' title='bbox 3293 2093 3601 2161; x_wconf 87' lang='lat' dir='ltr'><strong>Patrnm,ut</strong></span> <span class='ocrx_word' id='word_1_262' title='bbox 3621 2113 3803 2160; x_wconf 77' lang='lat' dir='ltr'><strong>unuore,</strong></span> 
     </span>
    </p>
   </div>
   <div class='ocr_carea' id='block_1_24' title="bbox 563 2181 3803 2266">
    <p class='ocr_par' dir='ltr' id='par_1_24' title="bbox 563 2181 3803 2266">
     <span class='ocr_line' id='line_1_24' title="bbox 563 2181 3803 2266; baseline 0 -22"><span class='ocrx_word' id='word_1_263' title='bbox 563 2184 884 2242; x_wconf 85' lang='lat' dir='ltr'><strong>devocelur:</strong></span> <span class='ocrx_word' id='word_1_264' title='bbox 905 2188 996 2242; x_wconf 86' lang='lat' dir='ltr'><strong>sed</strong></span> <span class='ocrx_word' id='word_1_265' title='bbox 1020 2200 1270 2250; x_wconf 79' lang='lat' dir='ltr'><strong>evocatus</strong></span> <span class='ocrx_word' id='word_1_266' title='bbox 1295 2190 1636 2261; x_wconf 76' lang='lat' dir='ltr'><strong>(forl.\&#39;ocato</strong></span> <span class='ocrx_word' id='word_1_267' title='bbox 1651 2194 1738 2261; x_wconf 85' lang='lat' dir='ltr'><strong>eo)</strong></span> <span class='ocrx_word' id='word_1_268' title='bbox 1759 2194 2166 2266; x_wconf 56' lang='lat' dir='ltr'><strong>ipsecanonjce’</strong></span> <span class='ocrx_word' id='word_1_269' title='bbox 2273 2193 2378 2232; x_wconf 92' lang='lat' dir='ltr'><strong>uno</strong></span> <span class='ocrx_word' id='word_1_270' title='bbox 2404 2181 2584 2234; x_wconf 89' lang='lat' dir='ltr'><strong>animo</strong></span> <span class='ocrx_word' id='word_1_271' title='bbox 2613 2183 2957 2239; x_wconf 84' lang='lat' dir='ltr'><strong>concorditer</strong></span> <span class='ocrx_word' id='word_1_272' title='bbox 2985 2194 3168 2240; x_wconf 89' lang='lat' dir='ltr'><strong>sancta</strong></span> <span class='ocrx_word' id='word_1_273' title='bbox 3199 2186 3530 2257; x_wconf 83' lang='lat' dir='ltr'><strong>gloriﬁcctur</strong></span> <span class='ocrx_word' id='word_1_274' title='bbox 3579 2192 3751 2244; x_wconf 82' lang='lat' dir='ltr'><strong>trinitas</strong></span> <span class='ocrx_word' id='word_1_275' title='bbox 3769 2193 3803 2244; x_wconf 84' lang='lat' dir='ltr'><strong>iu</strong></span> 
     </span>
    </p>
   </div>
   <div class='ocr_carea' id='block_1_25' title="bbox 563 2272 2486 2358">
    <p class='ocr_par' dir='ltr' id='par_1_25' title="bbox 563 2272 2486 2358">
     <span class='ocr_line' id='line_1_25' title="bbox 563 2272 2486 2358; baseline 0.008 -26"><span class='ocrx_word' id='word_1_276' title='bbox 563 2278 616 2332; x_wconf 91' lang='lat' dir='ltr'><strong>in</strong></span> <span class='ocrx_word' id='word_1_277' title='bbox 647 2279 767 2333; x_wconf 92' lang='lat' dir='ltr'><strong>loco</strong></span> <span class='ocrx_word' id='word_1_278' title='bbox 797 2281 1048 2335; x_wconf 90' lang='lat' dir='ltr'><strong>omnibus</strong></span> <span class='ocrx_word' id='word_1_279' title='bbox 1079 2297 1350 2354; x_wconf 85' lang='lat' dir='ltr'><strong>congruo,</strong></span> <span class='ocrx_word' id='word_1_280' title='bbox 1380 2294 1620 2354; x_wconf 87' lang='lat' dir='ltr'><strong>tempore</strong></span> <span class='ocrx_word' id='word_1_281' title='bbox 1647 2288 1926 2358; x_wconf 84' lang='lat' dir='ltr'><strong>synodali,</strong></span> <span class='ocrx_word' id='word_1_282' title='bbox 1958 2288 2026 2344; x_wconf 92' lang='lat' dir='ltr'><strong>ab</strong></span> <span class='ocrx_word' id='word_1_283' title='bbox 2053 2305 2166 2344; x_wconf 79' lang='grc' dir='ltr'><strong>ωηι-</strong></span> <span class='ocrx_word' id='word_1_284' title='bbox 2267 2272 2486 2332; x_wconf 56' lang='lat'><strong>5330&quot;!“-</strong></span> 
     </span>
    </p>
   </div>
   <div class='ocr_carea' id='block_1_26' title="bbox 562 2371 3154 2454">
    <p class='ocr_par' dir='ltr' id='par_1_26' title="bbox 562 2371 3154 2454">
     <span class='ocr_line' id='line_1_26' title="bbox 562 2371 3154 2454; baseline 0.008 -29"><span class='ocrx_word' id='word_1_285' title='bbox 562 2373 719 2428; x_wconf 89' lang='lat' dir='ltr'><strong>nibus</strong></span> <span class='ocrx_word' id='word_1_286' title='bbox 751 2375 1296 2445; x_wconf 83' lang='lat' dir='ltr'><strong>cetnprcviucialilnts</strong></span> <span class='ocrx_word' id='word_1_287' title='bbox 1323 2379 1591 2449; x_wconf 85' lang='lat' dir='ltr'><strong>episeopis</strong></span> <span class='ocrx_word' id='word_1_288' title='bbox 1619 2381 1888 2445; x_wconf 87' lang='lat' dir='ltr'><strong>audiatur.</strong></span> <span class='ocrx_word' id='word_1_289' title='bbox 1919 2382 2009 2454; x_wconf 90' lang='lat' dir='ltr'><strong>qui</strong></span> <span class='ocrx_word' id='word_1_290' title='bbox 2035 2398 2165 2437; x_wconf 78' lang='lat' dir='ltr'><strong>con-</strong></span> <span class='ocrx_word' id='word_1_291' title='bbox 2962 2371 3154 2430; x_wconf 58' lang='lat' dir='ltr'><strong>XXIV-</strong></span> 
     </span>
    </p>
   </div>
   <div class='ocr_carea' id='block_1_27' title="bbox 557 2461 2155 2544">
    <p class='ocr_par' dir='ltr' id='par_1_27' title="bbox 557 2465 2155 2544">
     <span class='ocr_line' id='line_1_27' title="bbox 557 2465 2155 2544; baseline 0.011 -23"><span class='ocrx_word' id='word_1_292' title='bbox 557 2465 775 2522; x_wconf 86' lang='lat' dir='ltr'><strong>cordem</strong></span> <span class='ocrx_word' id='word_1_293' title='bbox 827 2482 988 2540; x_wconf 86' lang='lat' dir='ltr'><strong>super</strong></span> <span class='ocrx_word' id='word_1_294' title='bbox 1027 2483 1153 2528; x_wconf 90' lang='lat' dir='ltr'><strong>eum</strong></span> <span class='ocrx_word' id='word_1_295' title='bbox 1195 2472 1622 2542; x_wconf 75' lang='lat' dir='ltr'><strong>canonicumque</strong></span> <span class='ocrx_word' id='word_1_296' title='bbox 1670 2472 1918 2544; x_wconf 80' lang='lat' dir='ltr'><strong>proferre</strong></span> <span class='ocrx_word' id='word_1_297' title='bbox 1961 2475 2155 2538; x_wconf 73' lang='lat' dir='ltr'><strong>debent</strong></span> 
     </span>
    </p>
   </div>
   <div class='ocr_carea' id='block_1_28' title="bbox 2202 2461 3800 2544">
    <p class='ocr_par' dir='ltr' id='par_1_28' title="bbox 2335 2461 3800 2542">
     <span class='ocr_line' id='line_1_28' title="bbox 2335 2461 3800 2542; baseline 0.013 -27"><span class='ocrx_word' id='word_1_298' title='bbox 2335 2461 2571 2522; x_wconf 85' lang='lat' dir='ltr'><strong>Caveant</strong></span> <span class='ocrx_word' id='word_1_299' title='bbox 2593 2463 2806 2536; x_wconf 88' lang='lat' dir='ltr'><strong>judices</strong></span> <span class='ocrx_word' id='word_1_300' title='bbox 2830 2465 3088 2526; x_wconf 58' lang='lat' dir='ltr'><strong>Ecclesiae</strong></span> <span class='ocrx_word' id='word_1_301' title='bbox 3115 2468 3194 2542; x_wconf 81' lang='grc'><strong>(5,</strong></span> <span class='ocrx_word' id='word_1_302' title='bbox 3217 2487 3268 2541; x_wconf 74' lang='lat' dir='ltr'><strong>q.</strong></span> <span class='ocrx_word' id='word_1_303' title='bbox 3301 2469 3356 2540; x_wconf 86' lang='lat'><strong>9,</strong></span> <span class='ocrx_word' id='word_1_304' title='bbox 3384 2471 3600 2529; x_wconf 79' lang='lat' dir='ltr'><strong>Caveant</strong></span> <span class='ocrx_word' id='word_1_305' title='bbox 3615 2472 3800 2541; x_wconf 75' lang='lat' dir='ltr'><strong>judices).</strong></span> 
     </span>
    </p>
   </div>
   <div class='ocr_carea' id='block_1_29' title="bbox 556 2556 2154 2638">
    <p class='ocr_par' dir='ltr' id='par_1_29' title="bbox 556 2561 2154 2638">
     <span class='ocr_line' id='line_1_29' title="bbox 556 2561 2154 2638; baseline 0.008 -25"><span class='ocrx_word' id='word_1_306' title='bbox 556 2561 880 2618; x_wconf 85' lang='lat' dir='ltr'><strong>sententiam</strong></span> <span class='ocrx_word' id='word_1_307' title='bbox 905 2579 919 2628; x_wconf 89' lang='lat'><strong>;</strong></span> <span class='ocrx_word' id='word_1_308' title='bbox 949 2563 1203 2633; x_wconf 85' lang='lat' dir='ltr'><strong>quoniam</strong></span> <span class='ocrx_word' id='word_1_309' title='bbox 1235 2565 1279 2620; x_wconf 90' lang='lat' dir='ltr'><strong>si</strong></span> <span class='ocrx_word' id='word_1_310' title='bbox 1314 2567 1415 2622; x_wconf 87' lang='lat' dir='ltr'><strong>hoc</strong></span> <span class='ocrx_word' id='word_1_311' title='bbox 1444 2566 1774 2638; x_wconf 87' lang='lat' dir='ltr'><strong>minoribus,</strong></span> <span class='ocrx_word' id='word_1_312' title='bbox 1813 2580 1919 2624; x_wconf 89' lang='lat' dir='ltr'><strong>tam</strong></span> <span class='ocrx_word' id='word_1_313' title='bbox 1950 2568 2154 2634; x_wconf 81' lang='lat' dir='ltr'><strong>clericis</strong></span> 
     </span>
    </p>
   </div>
   <div class='ocr_carea' id='block_1_30' title="bbox 2205 2556 3803 2638">
    <p class='ocr_par' dir='ltr' id='par_1_30' title="bbox 2266 2556 3803 2633">
     <span class='ocr_line' id='line_1_30' title="bbox 2266 2556 3803 2633; baseline 0.006 -25"><span class='ocrx_word' id='word_1_314' title='bbox 2266 2570 2334 2609; x_wconf 88' lang='lat' dir='ltr'><strong>ne</strong></span> <span class='ocrx_word' id='word_1_315' title='bbox 2373 2556 2600 2616; x_wconf 79' lang='lat' dir='ltr'><strong>absente</strong></span> <span class='ocrx_word' id='word_1_316' title='bbox 2639 2574 2724 2627; x_wconf 87' lang='lat' dir='ltr'><strong>eo,</strong></span> <span class='ocrx_word' id='word_1_317' title='bbox 2775 2560 2926 2628; x_wconf 87' lang='lat' dir='ltr'><strong>cujus</strong></span> <span class='ocrx_word' id='word_1_318' title='bbox 2966 2575 3127 2617; x_wconf 86' lang='lat' dir='ltr'><strong>causa</strong></span> <span class='ocrx_word' id='word_1_319' title='bbox 3179 2565 3494 2633; x_wconf 83' lang='lat' dir='ltr'><strong>ventilatur,</strong></span> <span class='ocrx_word' id='word_1_320' title='bbox 3541 2566 3803 2622; x_wconf 79' lang='lat' dir='ltr'><strong>sententiam</strong></span> 
     </span>
    </p>
   </div>
   <div class='ocr_carea' id='block_1_31' title="bbox 554 2650 2152 2734">
    <p class='ocr_par' dir='ltr' id='par_1_31' title="bbox 554 2655 2152 2734">
     <span class='ocr_line' id='line_1_31' title="bbox 554 2655 2152 2734; baseline 0.011 -31"><span class='ocrx_word' id='word_1_321' title='bbox 554 2669 713 2722; x_wconf 63' lang='lat' dir='ltr'><strong>(liram</strong></span> <span class='ocrx_word' id='word_1_322' title='bbox 746 2655 898 2712; x_wconf 87' lang='lat' dir='ltr'><strong>laicis</strong></span> <span class='ocrx_word' id='word_1_323' title='bbox 928 2671 1247 2716; x_wconf 89' lang='lat' dir='ltr'><strong>concessum</strong></span> <span class='ocrx_word' id='word_1_324' title='bbox 1275 2668 1358 2714; x_wconf 90' lang='lat' dir='ltr'><strong>est</strong></span> <span class='ocrx_word' id='word_1_325' title='bbox 1378 2701 1391 2724; x_wconf 92' lang='lat'><strong>,</strong></span> <span class='ocrx_word' id='word_1_326' title='bbox 1420 2669 1622 2730; x_wconf 89' lang='lat' dir='ltr'><strong>quanto</strong></span> <span class='ocrx_word' id='word_1_327' title='bbox 1648 2661 1817 2732; x_wconf 85' lang='lat' dir='ltr'><strong>magis</strong></span> <span class='ocrx_word' id='word_1_328' title='bbox 1847 2662 1914 2719; x_wconf 89' lang='lat' dir='ltr'><strong>de</strong></span> <span class='ocrx_word' id='word_1_329' title='bbox 1940 2664 2152 2734; x_wconf 88' lang='lat' dir='ltr'><strong>cpisco-</strong></span> 
     </span>
    </p>
   </div>
   <div class='ocr_carea' id='block_1_32' title="bbox 2203 2650 3801 2734">
    <p class='ocr_par' dir='ltr' id='par_1_32' title="bbox 2266 2650 3801 2730">
     <span class='ocr_line' id='line_1_32' title="bbox 2266 2650 3801 2730; baseline 0.005 -27"><span class='ocrx_word' id='word_1_330' title='bbox 2266 2650 2539 2718; x_wconf 82' lang='lat' dir='ltr'><strong>prolerattt</strong></span> <span class='ocrx_word' id='word_1_331' title='bbox 2571 2651 2766 2724; x_wconf 81' lang='lat' dir='ltr'><strong>(Hadr.</strong></span> <span class='ocrx_word' id='word_1_332' title='bbox 2797 2653 2889 2721; x_wconf 67' lang='grc'><strong>49,</strong></span> <span class='ocrx_word' id='word_1_333' title='bbox 2924 2670 3158 2712; x_wconf 74' lang='lat' dir='ltr'><strong>cascouc.</strong></span> <span class='ocrx_word' id='word_1_334' title='bbox 3200 2673 3252 2711; x_wconf 87' lang='lat' dir='ltr'><strong>tv</strong></span> <span class='ocrx_word' id='word_1_335' title='bbox 3292 2656 3476 2720; x_wconf 82' lang='lat' dir='ltr'><strong>Carth.</strong></span> <span class='ocrx_word' id='word_1_336' title='bbox 3512 2677 3556 2717; x_wconf 86' lang='lat' dir='ltr'><strong>c.</strong></span> <span class='ocrx_word' id='word_1_337' title='bbox 3584 2659 3676 2730; x_wconf 83' lang='grc' dir='ltr'><strong>ιθ),</strong></span> <span class='ocrx_word' id='word_1_338' title='bbox 3712 2659 3801 2729; x_wconf 86' lang='lat' dir='ltr'><strong>quia</strong></span> 
     </span>
    </p>
   </div>
   <div class='ocr_carea' id='block_1_33' title="bbox 555 2743 2153 2830">
    <p class='ocr_par' dir='ltr' id='par_1_33' title="bbox 555 2747 2153 2830">
     <span class='ocr_line' id='line_1_33' title="bbox 555 2747 2153 2830; baseline 0.009 -29"><span class='ocrx_word' id='word_1_339' title='bbox 555 2747 636 2816; x_wconf 84' lang='lat' dir='ltr'><strong>pis</strong></span> <span class='ocrx_word' id='word_1_340' title='bbox 665 2748 869 2804; x_wconf 79' lang='lat' dir='ltr'><strong>servari</strong></span> <span class='ocrx_word' id='word_1_341' title='bbox 914 2752 1212 2808; x_wconf 86' lang='lat' dir='ltr'><strong>convenit?</strong></span> <span class='ocrx_word' id='word_1_342' title='bbox 1253 2751 1384 2810; x_wconf 85' lang='lat' dir='ltr'><strong>Nam</strong></span> <span class='ocrx_word' id='word_1_343' title='bbox 1435 2754 1479 2808; x_wconf 93' lang='lat' dir='ltr'><strong>si</strong></span> <span class='ocrx_word' id='word_1_344' title='bbox 1521 2753 1636 2823; x_wconf 79' lang='lat' dir='ltr'><strong>ipse</strong></span> <span class='ocrx_word' id='word_1_345' title='bbox 1680 2756 2153 2830; x_wconf 80' lang='lat' dir='ltr'><strong>metropolitanum</strong></span> 
     </span>
    </p>
   </div>
   <div class='ocr_carea' id='block_1_34' title="bbox 2205 2743 3803 2830">
    <p class='ocr_par' dir='ltr' id='par_1_34' title="bbox 2263 2743 3803 2823">
     <span class='ocr_line' id='line_1_34' title="bbox 2263 2743 3803 2823; baseline 0.004 -21"><span class='ocrx_word' id='word_1_346' title='bbox 2263 2743 2410 2802; x_wconf 87' lang='lat' dir='ltr'><strong>irrita</strong></span> <span class='ocrx_word' id='word_1_347' title='bbox 2457 2746 2588 2812; x_wconf 87' lang='lat' dir='ltr'><strong>erit;</strong></span> <span class='ocrx_word' id='word_1_348' title='bbox 2631 2747 2830 2818; x_wconf 86' lang='lat' dir='ltr'><strong>quippe</strong></span> <span class='ocrx_word' id='word_1_349' title='bbox 2857 2756 2912 2804; x_wconf 91' lang='lat' dir='ltr'><strong>et</strong></span> <span class='ocrx_word' id='word_1_350' title='bbox 2955 2750 3222 2806; x_wconf 88' lang='lat' dir='ltr'><strong>rationem</strong></span> <span class='ocrx_word' id='word_1_351' title='bbox 3248 2768 3351 2823; x_wconf 87' lang='lat' dir='ltr'><strong>pro</strong></span> <span class='ocrx_word' id='word_1_352' title='bbox 3397 2755 3601 2812; x_wconf 87' lang='lat' dir='ltr'><strong>actione</strong></span> <span class='ocrx_word' id='word_1_353' title='bbox 3626 2752 3803 2810; x_wconf 76' lang='lat' dir='ltr'><strong>reddent</strong></span> 
     </span>
    </p>
   </div>
   <div class='ocr_carea' id='block_1_35' title="bbox 551 2837 2149 2920">
    <p class='ocr_par' dir='ltr' id='par_1_35' title="bbox 551 2839 2149 2920">
     <span class='ocr_line' id='line_1_35' title="bbox 551 2839 2149 2920; baseline 0.008 -27"><span class='ocrx_word' id='word_1_354' title='bbox 551 2850 640 2898; x_wconf 88' lang='lat' dir='ltr'><strong>aut</strong></span> <span class='ocrx_word' id='word_1_355' title='bbox 665 2839 878 2912; x_wconf 89' lang='lat' dir='ltr'><strong>judices</strong></span> <span class='ocrx_word' id='word_1_356' title='bbox 899 2854 1181 2914; x_wconf 77' lang='lat' dir='ltr'><strong>suSpectos</strong></span> <span class='ocrx_word' id='word_1_357' title='bbox 1211 2845 1485 2910; x_wconf 85' lang='lat' dir='ltr'><strong>habuerit,</strong></span> <span class='ocrx_word' id='word_1_358' title='bbox 1515 2857 1608 2902; x_wconf 89' lang='lat' dir='ltr'><strong>aut</strong></span> <span class='ocrx_word' id='word_1_359' title='bbox 1636 2846 1874 2906; x_wconf 77' lang='lat' dir='ltr'><strong>infensos</strong></span> <span class='ocrx_word' id='word_1_360' title='bbox 1901 2851 2149 2920; x_wconf 80' lang='lat' dir='ltr'><strong>senserit,</strong></span> 
     </span>
    </p>
   </div>
   <div class='ocr_carea' id='block_1_36' title="bbox 2204 2837 3802 2920">
    <p class='ocr_par' dir='ltr' id='par_1_36' title="bbox 2262 2837 3802 2912">
     <span class='ocr_line' id='line_1_36' title="bbox 2262 2837 3802 2912; baseline 0.006 -21"><span class='ocrx_word' id='word_1_361' title='bbox 2262 2837 2312 2892; x_wconf 91' lang='lat' dir='ltr'><strong>in</strong></span> <span class='ocrx_word' id='word_1_362' title='bbox 2361 2839 2607 2910; x_wconf 82' lang='lat' dir='ltr'><strong>synodo,</strong></span> <span class='ocrx_word' id='word_1_363' title='bbox 2635 2849 2724 2906; x_wconf 93' lang='lat' dir='ltr'><strong>et,</strong></span> <span class='ocrx_word' id='word_1_364' title='bbox 2758 2849 2816 2898; x_wconf 87' lang='lat' dir='ltr'><strong>ut</strong></span> <span class='ocrx_word' id='word_1_365' title='bbox 2855 2843 3146 2912; x_wconf 87' lang='lat' dir='ltr'><strong>proditoris</strong></span> <span class='ocrx_word' id='word_1_366' title='bbox 3187 2846 3482 2910; x_wconf 81' lang='lat' dir='ltr'><strong>calumnia.</strong></span> <span class='ocrx_word' id='word_1_367' title='bbox 3529 2863 3622 2906; x_wconf 84' lang='lat' dir='ltr'><strong>nec</strong></span> <span class='ocrx_word' id='word_1_368' title='bbox 3659 2862 3802 2902; x_wconf 80' lang='lat' dir='ltr'><strong>comm</strong></span> 
     </span>
    </p>
   </div>
   <div class='ocr_carea' id='block_1_37' title="bbox 550 2935 3803 3017">
    <p class='ocr_par' dir='ltr' id='par_1_37' title="bbox 550 2935 3803 3017">
     <span class='ocr_line' id='line_1_37' title="bbox 550 2935 3803 3017; baseline 0.009 -30"><span class='ocrx_word' id='word_1_369' title='bbox 550 2935 692 3006; x_wconf 90' lang='lat' dir='ltr'><strong>apud</strong></span> <span class='ocrx_word' id='word_1_370' title='bbox 723 2938 980 3008; x_wconf 86' lang='lat' dir='ltr'><strong>primates</strong></span> <span class='ocrx_word' id='word_1_371' title='bbox 1005 2938 1328 3006; x_wconf 69' lang='lat' dir='ltr'><strong>dimceseos,</strong></span> <span class='ocrx_word' id='word_1_372' title='bbox 1378 2951 1469 2996; x_wconf 89' lang='lat' dir='ltr'><strong>aut</strong></span> <span class='ocrx_word' id='word_1_373' title='bbox 1517 2940 1656 3017; x_wconf 85' lang='lat' dir='ltr'><strong>apud</strong></span> <span class='ocrx_word' id='word_1_374' title='bbox 1707 2940 1966 3004; x_wconf 64' lang='lat' dir='ltr'><strong>Romana:</strong></span> <span class='ocrx_word' id='word_1_375' title='bbox 2008 2943 2155 3012; x_wconf 80' lang='lat' dir='ltr'><strong>sedis</strong></span> <span class='ocrx_word' id='word_1_376' title='bbox 2258 2943 2442 3004; x_wconf 65' lang='grc' dir='ltr'><strong>Ροδιθε</strong></span> <span class='ocrx_word' id='word_1_377' title='bbox 2470 2950 2571 2990; x_wconf 63' lang='grc' dir='ltr'><strong>τοι</strong></span> <span class='ocrx_word' id='word_1_378' title='bbox 2602 2935 2690 3007; x_wconf 68' lang='grc' dir='ltr'><strong>(εσυ</strong></span> <span class='ocrx_word' id='word_1_379' title='bbox 2714 2936 2916 2992; x_wconf 60' lang='lat' dir='ltr'><strong>Anim“)</strong></span> <span class='ocrx_word' id='word_1_380' title='bbox 2943 2947 2988 2993; x_wconf 75' lang='grc' dir='ltr'><em>ετ</em></span> <span class='ocrx_word' id='word_1_381' title='bbox 3008 2939 3123 3001; x_wconf 66' lang='lat' dir='ltr'><strong>Wd-</strong></span> <span class='ocrx_word' id='word_1_382' title='bbox 3152 2939 3374 3012; x_wconf 63' lang='lat' dir='ltr'><strong>T’teOd-i</strong></span> <span class='ocrx_word' id='word_1_383' title='bbox 3401 2941 3648 2998; x_wconf 68' lang='grc' dir='ltr'><strong>θυάίθιυτσ</strong></span> <span class='ocrx_word' id='word_1_384' title='bbox 3674 2941 3803 2996; x_wconf 64' lang='lat' dir='ltr'><strong>Nm“</strong></span> 
     </span>
    </p>
   </div>
   <div class='ocr_carea' id='block_1_38' title="bbox 552 3026 3801 3107">
    <p class='ocr_par' dir='ltr' id='par_1_38' title="bbox 552 3026 3801 3107">
     <span class='ocr_line' id='line_1_38' title="bbox 552 3026 3801 3107; baseline 0.007 -39"><span class='ocrx_word' id='word_1_385' title='bbox 552 3029 1140 3100; x_wconf 55' lang='lat' dir='ltr'><strong>ponuﬁccsjudjcewr,</strong></span> <span class='ocrx_word' id='word_1_386' title='bbox 2256 3026 2397 3084; x_wconf 90' lang='lat' dir='ltr'><strong>enim</strong></span> <span class='ocrx_word' id='word_1_387' title='bbox 2449 3028 2750 3086; x_wconf 89' lang='lat' dir='ltr'><strong>debitorem</strong></span> <span class='ocrx_word' id='word_1_388' title='bbox 2797 3032 3028 3101; x_wconf 84' lang='lat' dir='ltr'><strong>amplius</strong></span> <span class='ocrx_word' id='word_1_389' title='bbox 3078 3042 3251 3103; x_wconf 82' lang='lat' dir='ltr'><strong>potest</strong></span> <span class='ocrx_word' id='word_1_390' title='bbox 3304 3051 3644 3106; x_wconf 79' lang='lat' dir='ltr'><strong>cognoscere,</strong></span> <span class='ocrx_word' id='word_1_391' title='bbox 3680 3051 3801 3107; x_wconf 72' lang='lat' dir='ltr'><strong>quam</strong></span> 
     </span>
    </p>
   </div>
   <div class='ocr_carea' id='block_1_39' title="bbox 1255 3120 3616 3201">
    <p class='ocr_par' dir='ltr' id='par_1_39' title="bbox 1255 3120 3616 3201">
     <span class='ocr_line' id='line_1_39' title="bbox 1255 3120 3616 3201; baseline 0.005 -27"><span class='ocrx_word' id='word_1_392' title='bbox 1255 3129 1442 3192; x_wconf 77' lang='lat' dir='ltr'><strong>xvm,</strong></span> <span class='ocrx_word' id='word_1_393' title='bbox 2190 3196 2217 3201; x_wconf 40' lang='grc' dir='ltr'><strong><em>Δ</em></strong></span> <span class='ocrx_word' id='word_1_394' title='bbox 2253 3120 2367 3188; x_wconf 85' lang='lat' dir='ltr'><strong>ille,</strong></span> <span class='ocrx_word' id='word_1_395' title='bbox 2396 3122 2486 3194; x_wconf 88' lang='lat' dir='ltr'><strong>qui</strong></span> <span class='ocrx_word' id='word_1_396' title='bbox 2521 3122 2770 3194; x_wconf 76' lang='lat' dir='ltr'><strong>iniuriam</strong></span> <span class='ocrx_word' id='word_1_397' title='bbox 2801 3125 3025 3196; x_wconf 85' lang='lat' dir='ltr'><strong>ejusque</strong></span> <span class='ocrx_word' id='word_1_398' title='bbox 3050 3127 3280 3184; x_wconf 89' lang='lat' dir='ltr'><strong>sustinet</strong></span> <span class='ocrx_word' id='word_1_399' title='bbox 3310 3130 3616 3201; x_wconf 86' lang='lat' dir='ltr'><strong>nequitiam.</strong></span> 
     </span>
    </p>
   </div>
   <div class='ocr_carea' id='block_1_40' title="bbox 621 3196 3160 3301">
    <p class='ocr_par' dir='ltr' id='par_1_40' title="bbox 621 3196 3160 3301">
     <span class='ocr_line' id='line_1_40' title="bbox 621 3196 3160 3301; baseline 0.009 -29"><span class='ocrx_word' id='word_1_400' title='bbox 621 3215 834 3278; x_wconf 88' lang='lat' dir='ltr'><strong>Nemini</strong></span> <span class='ocrx_word' id='word_1_401' title='bbox 879 3219 1117 3292; x_wconf 71' lang='lat' dir='ltr'><strong>(15,qu.</strong></span> <span class='ocrx_word' id='word_1_402' title='bbox 1169 3224 1221 3290; x_wconf 79' lang='grc'>5,</span> <span class='ocrx_word' id='word_1_403' title='bbox 1270 3223 1505 3301; x_wconf 85' lang='lat' dir='ltr'><strong>Nemini)</strong></span> <span class='ocrx_word' id='word_1_404' title='bbox 1528 3227 1679 3288; x_wconf 90' lang='lat' dir='ltr'><strong>dese</strong></span> <span class='ocrx_word' id='word_1_405' title='bbox 1723 3231 1976 3292; x_wconf 80' lang='lat' dir='ltr'><strong>confesso</strong></span> <span class='ocrx_word' id='word_1_406' title='bbox 1997 3234 2143 3292; x_wconf 85' lang='lat' dir='ltr'><strong>credi</strong></span> <span class='ocrx_word' id='word_1_407' title='bbox 2174 3196 2218 3258; x_wconf 68' lang='grc' dir='ltr'>Ο</span> <span class='ocrx_word' id='word_1_408' title='bbox 2992 3241 3160 3298; x_wconf 84' lang='lat' dir='ltr'><strong>XXV.</strong></span> 
     </span>
    </p>
   </div>
   <div class='ocr_carea' id='block_1_41' title="bbox 547 3318 3798 3404">
    <p class='ocr_par' dir='ltr' id='par_1_41' title="bbox 547 3318 3798 3404">
     <span class='ocr_line' id='line_1_41' title="bbox 547 3318 3798 3404; baseline 0.01 -39"><span class='ocrx_word' id='word_1_409' title='bbox 547 3319 726 3381; x_wconf 88' lang='lat' dir='ltr'><strong>potest</strong></span> <span class='ocrx_word' id='word_1_410' title='bbox 747 3329 910 3384; x_wconf 90' lang='lat' dir='ltr'><strong>super</strong></span> <span class='ocrx_word' id='word_1_411' title='bbox 930 3318 1135 3374; x_wconf 88' lang='lat' dir='ltr'><strong>crimen</strong></span> <span class='ocrx_word' id='word_1_412' title='bbox 1166 3319 1404 3378; x_wconf 87' lang='lat' dir='ltr'><strong>alienum</strong></span> <span class='ocrx_word' id='word_1_413' title='bbox 1428 3321 1747 3395; x_wconf 83' lang='lat' dir='ltr'><strong>(Eunodius,</strong></span> <span class='ocrx_word' id='word_1_414' title='bbox 1773 3344 1854 3398; x_wconf 82' lang='lat' dir='ltr'><strong>ep.</strong></span> <span class='ocrx_word' id='word_1_415' title='bbox 1879 3329 1934 3394; x_wconf 78' lang='grc' dir='ltr'>ι,</span> <span class='ocrx_word' id='word_1_416' title='bbox 1959 3329 2048 3386; x_wconf 80' lang='lat' dir='ltr'><strong>lib.</strong></span> <span class='ocrx_word' id='word_1_417' title='bbox 2081 3328 2143 3404; x_wconf 86' lang='lat' dir='ltr'><strong>t),</strong></span> <span class='ocrx_word' id='word_1_418' title='bbox 2321 3329 2376 3387; x_wconf 88' lang='lat' dir='ltr'><strong>Si</strong></span> <span class='ocrx_word' id='word_1_419' title='bbox 2401 3331 2520 3402; x_wconf 86' lang='lat' dir='ltr'><strong>quis</strong></span> <span class='ocrx_word' id='word_1_420' title='bbox 2545 3346 2710 3401; x_wconf 88' lang='lat' dir='ltr'><strong>super</strong></span> <span class='ocrx_word' id='word_1_421' title='bbox 2734 3333 3062 3402; x_wconf 88' lang='lat' dir='ltr'><strong>quibuslibet</strong></span> <span class='ocrx_word' id='word_1_422' title='bbox 3087 3335 3412 3394; x_wconf 88' lang='lat' dir='ltr'><strong>criminibus</strong></span> <span class='ocrx_word' id='word_1_423' title='bbox 3441 3339 3683 3396; x_wconf 85' lang='lat' dir='ltr'><strong>clericum</strong></span> <span class='ocrx_word' id='word_1_424' title='bbox 3708 3335 3798 3403; x_wconf 80' lang='lat' dir='ltr'><strong>pul-</strong></span> 
     </span>
    </p>
   </div>
   <div class='ocr_carea' id='block_1_42' title="bbox 544 3405 3800 3502">
    <p class='ocr_par' dir='ltr' id='par_1_42' title="bbox 544 3405 3800 3502">
     <span class='ocr_line' id='line_1_42' title="bbox 544 3405 3800 3502; baseline 0.009 -46"><span class='ocrx_word' id='word_1_425' title='bbox 544 3405 798 3476; x_wconf 86' lang='lat' dir='ltr'><strong>qnoniam</strong></span> <span class='ocrx_word' id='word_1_426' title='bbox 830 3408 945 3480; x_wconf 84' lang='lat' dir='ltr'><strong>ejus</strong></span> <span class='ocrx_word' id='word_1_427' title='bbox 985 3420 1148 3482; x_wconf 90' lang='lat' dir='ltr'><strong>atque</strong></span> <span class='ocrx_word' id='word_1_428' title='bbox 1191 3415 1368 3470; x_wconf 91' lang='lat' dir='ltr'><strong>omnis</strong></span> <span class='ocrx_word' id='word_1_429' title='bbox 1411 3416 1488 3478; x_wconf 86' lang='lat' dir='ltr'><strong>rei</strong></span> <span class='ocrx_word' id='word_1_430' title='bbox 1533 3419 1796 3489; x_wconf 77' lang='lat' dir='ltr'><strong>professio</strong></span> <span class='ocrx_word' id='word_1_431' title='bbox 1845 3423 2145 3493; x_wconf 81' lang='lat' dir='ltr'><strong>periculosa</strong></span> <span class='ocrx_word' id='word_1_432' title='bbox 2249 3425 2474 3480; x_wconf 86' lang='lat' dir='ltr'><strong>sandum</strong></span> <span class='ocrx_word' id='word_1_433' title='bbox 2506 3426 2792 3482; x_wconf 89' lang='lat' dir='ltr'><strong>crediderit</strong></span> <span class='ocrx_word' id='word_1_434' title='bbox 2825 3428 2900 3497; x_wconf 81' lang='lat'><strong>(5,</strong></span> <span class='ocrx_word' id='word_1_435' title='bbox 2927 3445 3017 3498; x_wconf 81' lang='lat' dir='ltr'><strong>qu.</strong></span> <span class='ocrx_word' id='word_1_436' title='bbox 3051 3427 3104 3494; x_wconf 88' lang='lat'><strong>6,</strong></span> <span class='ocrx_word' id='word_1_437' title='bbox 3130 3429 3192 3485; x_wconf 84' lang='lat' dir='ltr'><strong>Si</strong></span> <span class='ocrx_word' id='word_1_438' title='bbox 3218 3432 3330 3499; x_wconf 83' lang='lat' dir='ltr'><strong>quis</strong></span> <span class='ocrx_word' id='word_1_439' title='bbox 3352 3432 3528 3500; x_wconf 59' lang='lat' dir='ltr'><strong>clem),</strong></span> <span class='ocrx_word' id='word_1_440' title='bbox 3559 3434 3605 3488; x_wconf 90' lang='lat' dir='ltr'><strong>in</strong></span> <span class='ocrx_word' id='word_1_441' title='bbox 3633 3431 3800 3502; x_wconf 76' lang='lat' dir='ltr'><strong>provin-</strong></span> 
     </span>
    </p>
   </div>
   <div class='ocr_carea' id='block_1_43' title="bbox 545 3497 3796 3597">
    <p class='ocr_par' dir='ltr' id='par_1_43' title="bbox 545 3497 3796 3597">
     <span class='ocr_line' id='line_1_43' title="bbox 545 3497 3796 3597; baseline 0.008 -46"><span class='ocrx_word' id='word_1_442' title='bbox 545 3506 629 3552; x_wconf 86' lang='lat' dir='ltr'><strong>est</strong></span> <span class='ocrx_word' id='word_1_443' title='bbox 663 3497 856 3569; x_wconf 82' lang='lat' dir='ltr'><strong>(Hadr.</strong></span> <span class='ocrx_word' id='word_1_444' title='bbox 886 3501 978 3569; x_wconf 69' lang='lat'><strong>64,</strong></span> <span class='ocrx_word' id='word_1_445' title='bbox 1003 3519 1065 3558; x_wconf 75' lang='lat' dir='ltr'><strong>ex</strong></span> <span class='ocrx_word' id='word_1_446' title='bbox 1091 3504 1309 3565; x_wconf 69' lang='lat' dir='ltr'><strong>Arriano.</strong></span> <span class='ocrx_word' id='word_1_447' title='bbox 1341 3507 1409 3564; x_wconf 87' lang='lat' dir='ltr'><strong>In</strong></span> <span class='ocrx_word' id='word_1_448' title='bbox 1435 3511 1572 3570; x_wconf 77' lang='lat' dir='ltr'><strong>decr.</strong></span> <span class='ocrx_word' id='word_1_449' title='bbox 1619 3513 1756 3572; x_wconf 61' lang='grc' dir='ltr'><strong>εἰπειὶ</strong></span> <span class='ocrx_word' id='word_1_450' title='bbox 1801 3532 1952 3588; x_wconf 79' lang='lat' dir='ltr'><strong>papa:</strong></span> <span class='ocrx_word' id='word_1_451' title='bbox 1983 3518 2062 3592; x_wconf 60' lang='grc' dir='ltr'><strong>ἓ),</strong></span> <span class='ocrx_word' id='word_1_452' title='bbox 2092 3529 2148 3583; x_wconf 71' lang='grc' dir='ltr'><strong>ει</strong></span> <span class='ocrx_word' id='word_1_453' title='bbox 2248 3519 2352 3582; x_wconf 89' lang='lat' dir='ltr'><strong>cia,</strong></span> <span class='ocrx_word' id='word_1_454' title='bbox 2389 3518 2440 3572; x_wconf 93' lang='lat' dir='ltr'><strong>in</strong></span> <span class='ocrx_word' id='word_1_455' title='bbox 2465 3534 2570 3590; x_wconf 85' lang='lat' dir='ltr'><strong>qua</strong></span> <span class='ocrx_word' id='word_1_456' title='bbox 2604 3520 2693 3574; x_wconf 90' lang='lat' dir='ltr'><strong>ille</strong></span> <span class='ocrx_word' id='word_1_457' title='bbox 2725 3497 2972 3576; x_wconf 88' lang='lat' dir='ltr'><strong>consistit</strong></span> <span class='ocrx_word' id='word_1_458' title='bbox 2995 3521 3185 3590; x_wconf 83' lang='lat' dir='ltr'><strong>(Iladr.</strong></span> <span class='ocrx_word' id='word_1_459' title='bbox 3208 3497 3263 3592; x_wconf 79' lang='lat'><strong>8)</strong></span> <span class='ocrx_word' id='word_1_460' title='bbox 3293 3526 3386 3596; x_wconf 87' lang='lat' dir='ltr'><strong>qui</strong></span> <span class='ocrx_word' id='word_1_461' title='bbox 3419 3497 3663 3597; x_wconf 77' lang='lat' dir='ltr'><strong>pulsatur,</strong></span> <span class='ocrx_word' id='word_1_462' title='bbox 3701 3538 3796 3578; x_wconf 78' lang='lat' dir='ltr'><strong>suas</strong></span> 
     </span>
    </p>
   </div>
   <div class='ocr_carea' id='block_1_44' title="bbox 545 3590 3799 3678">
    <p class='ocr_par' dir='ltr' id='par_1_44' title="bbox 545 3590 3799 3678">
     <span class='ocr_line' id='line_1_44' title="bbox 545 3590 3799 3678; baseline 0.009 -34"><span class='ocrx_word' id='word_1_463' title='bbox 545 3590 754 3648; x_wconf 88' lang='lat' dir='ltr'><strong>admitti</strong></span> <span class='ocrx_word' id='word_1_464' title='bbox 785 3593 1044 3654; x_wconf 87' lang='lat' dir='ltr'><strong>adversus</strong></span> <span class='ocrx_word' id='word_1_465' title='bbox 1074 3601 1370 3670; x_wconf 85' lang='lat' dir='ltr'><strong>quemlibet</strong></span> <span class='ocrx_word' id='word_1_466' title='bbox 1397 3619 1503 3662; x_wconf 90' lang='lat' dir='ltr'><strong>non</strong></span> <span class='ocrx_word' id='word_1_467' title='bbox 1534 3605 1715 3670; x_wconf 82' lang='lat' dir='ltr'><strong>debet.</strong></span> <span class='ocrx_word' id='word_1_468' title='bbox 2021 3590 2028 3592; x_wconf 11' lang='grc' dir='ltr'>ἡ</span> <span class='ocrx_word' id='word_1_469' title='bbox 2247 3625 2496 3668; x_wconf 83' lang='lat' dir='ltr'><strong>exerceat</strong></span> <span class='ocrx_word' id='word_1_470' title='bbox 2527 3614 2787 3670; x_wconf 89' lang='lat' dir='ltr'><strong>actiones.</strong></span> <span class='ocrx_word' id='word_1_471' title='bbox 2824 3614 2934 3670; x_wconf 88' lang='lat' dir='ltr'><strong>Nec</strong></span> <span class='ocrx_word' id='word_1_472' title='bbox 2962 3617 3191 3673; x_wconf 64' lang='lat' dir='ltr'><strong>aestimet</strong></span> <span class='ocrx_word' id='word_1_473' title='bbox 3231 3634 3358 3678; x_wconf 86' lang='lat' dir='ltr'><strong>eum</strong></span> <span class='ocrx_word' id='word_1_474' title='bbox 3408 3634 3676 3677; x_wconf 80' lang='lat' dir='ltr'><strong>accusator</strong></span> <span class='ocrx_word' id='word_1_475' title='bbox 3699 3635 3799 3675; x_wconf 86' lang='lat' dir='ltr'><strong>suns</strong></span> 
     </span>
    </p>
   </div>
   <div class='ocr_carea' id='block_1_45' title="bbox 1277 3705 3798 3783">
    <p class='ocr_par' dir='ltr' id='par_1_45' title="bbox 1277 3705 3798 3783">
     <span class='ocr_line' id='line_1_45' title="bbox 1277 3705 3798 3783; baseline 0.004 -30"><span class='ocrx_word' id='word_1_476' title='bbox 1277 3717 1424 3776; x_wconf 51' lang='grc' dir='ltr'><strong>χιχ.</strong></span> <span class='ocrx_word' id='word_1_477' title='bbox 2245 3705 2396 3770; x_wconf 85' lang='lat' dir='ltr'><strong>alibi,</strong></span> <span class='ocrx_word' id='word_1_478' title='bbox 2437 3715 2531 3760; x_wconf 91' lang='lat' dir='ltr'><strong>aut</strong></span> <span class='ocrx_word' id='word_1_479' title='bbox 2584 3707 2796 3778; x_wconf 88' lang='lat' dir='ltr'><strong>longius</strong></span> <span class='ocrx_word' id='word_1_480' title='bbox 2853 3709 3275 3778; x_wconf 89' lang='lat' dir='ltr'><strong>pertrabeudum</strong></span> <span class='ocrx_word' id='word_1_481' title='bbox 3328 3713 3396 3768; x_wconf 91' lang='lat' dir='ltr'><strong>ad</strong></span> <span class='ocrx_word' id='word_1_482' title='bbox 3436 3715 3698 3783; x_wconf 89' lang='lat' dir='ltr'><strong>judicium.</strong></span> <span class='ocrx_word' id='word_1_483' title='bbox 3741 3712 3798 3765; x_wconf 85' lang='lat' dir='ltr'><strong>illi</strong></span> 
     </span>
    </p>
   </div>
   <div class='ocr_carea' id='block_1_46' title="bbox 612 3798 2210 3895">
    <p class='ocr_par' dir='ltr' id='par_1_46' title="bbox 612 3798 2140 3895">
     <span class='ocr_line' id='line_1_46' title="bbox 612 3798 2140 3895; baseline 0.016 -39"><span class='ocrx_word' id='word_1_484' title='bbox 612 3798 822 3860; x_wconf 85' lang='lat' dir='ltr'><strong>Incerta</strong></span> <span class='ocrx_word' id='word_1_485' title='bbox 855 3820 1015 3863; x_wconf 88' lang='lat' dir='ltr'><strong>nemo</strong></span> <span class='ocrx_word' id='word_1_486' title='bbox 1044 3823 1278 3882; x_wconf 85' lang='lat' dir='ltr'><strong>unquam</strong></span> <span class='ocrx_word' id='word_1_487' title='bbox 1309 3817 1622 3884; x_wconf 80' lang='lat' dir='ltr'><strong>pontiﬁcum</strong></span> <span class='ocrx_word' id='word_1_488' title='bbox 1643 3819 1895 3890; x_wconf 83' lang='lat' dir='ltr'><strong>judicare</strong></span> <span class='ocrx_word' id='word_1_489' title='bbox 1935 3839 2140 3895; x_wconf 67' lang='lat' dir='ltr'><strong>praesu-</strong></span> 
     </span>
    </p>
   </div>
   <div class='ocr_carea' id='block_1_47' title="bbox 2202 3798 3800 3895">
    <p class='ocr_par' dir='ltr' id='par_1_47' title="bbox 2247 3801 3800 3880">
     <span class='ocr_line' id='line_1_47' title="bbox 2247 3801 3800 3880; baseline 0.005 -25"><span class='ocrx_word' id='word_1_490' title='bbox 2247 3817 2375 3858; x_wconf 87' lang='lat' dir='ltr'><strong>vcro</strong></span> <span class='ocrx_word' id='word_1_491' title='bbox 2403 3801 2492 3873; x_wconf 89' lang='lat' dir='ltr'><strong>qui</strong></span> <span class='ocrx_word' id='word_1_492' title='bbox 2514 3803 2758 3874; x_wconf 83' lang='lat' dir='ltr'><strong>pulsatus</strong></span> <span class='ocrx_word' id='word_1_493' title='bbox 2790 3801 2973 3870; x_wconf 80' lang='lat' dir='ltr'><strong>fuerit,</strong></span> <span class='ocrx_word' id='word_1_494' title='bbox 3007 3804 3053 3864; x_wconf 89' lang='lat' dir='ltr'><strong>si</strong></span> <span class='ocrx_word' id='word_1_495' title='bbox 3076 3805 3286 3876; x_wconf 81' lang='lat' dir='ltr'><strong>judices</strong></span> <span class='ocrx_word' id='word_1_496' title='bbox 3321 3819 3602 3880; x_wconf 83' lang='lat' dir='ltr'><strong>suspectos</strong></span> <span class='ocrx_word' id='word_1_497' title='bbox 3639 3808 3800 3864; x_wconf 84' lang='lat' dir='ltr'><strong>habue-</strong></span> 
     </span>
    </p>
   </div>
   <div class='ocr_carea' id='block_1_48' title="bbox 542 3895 2140 3990">
    <p class='ocr_par' dir='ltr' id='par_1_48' title="bbox 542 3898 2140 3990">
     <span class='ocr_line' id='line_1_48' title="bbox 542 3898 2140 3990; baseline 0.016 -41"><span class='ocrx_word' id='word_1_498' title='bbox 542 3905 670 3961; x_wconf 89' lang='lat' dir='ltr'><strong>mat,</strong></span> <span class='ocrx_word' id='word_1_499' title='bbox 702 3898 826 3968; x_wconf 89' lang='lat' dir='ltr'><strong>quia</strong></span> <span class='ocrx_word' id='word_1_500' title='bbox 858 3903 1102 3970; x_wconf 84' lang='lat' dir='ltr'><strong>quamvis</strong></span> <span class='ocrx_word' id='word_1_501' title='bbox 1141 3921 1268 3962; x_wconf 86' lang='lat' dir='ltr'><strong>vera</strong></span> <span class='ocrx_word' id='word_1_502' title='bbox 1297 3908 1405 3963; x_wconf 90' lang='lat' dir='ltr'><strong>sint</strong></span> <span class='ocrx_word' id='word_1_503' title='bbox 1437 3909 1597 3983; x_wconf 83' lang='lat' dir='ltr'><strong>(Isid.</strong></span> <span class='ocrx_word' id='word_1_504' title='bbox 1641 3929 1700 3982; x_wconf 91' lang='lat' dir='ltr'><strong>ll,</strong></span> <span class='ocrx_word' id='word_1_505' title='bbox 1733 3933 1852 3986; x_wconf 64' lang='grc' dir='ltr'><strong>ενοι.</strong></span> <span class='ocrx_word' id='word_1_506' title='bbox 1887 3916 2000 3990; x_wconf 78' lang='lat' dir='ltr'><strong>I6).</strong></span> <span class='ocrx_word' id='word_1_507' title='bbox 2031 3935 2140 3975; x_wconf 85' lang='lat' dir='ltr'><strong>non</strong></span> 
     </span>
    </p>
   </div>
   <div class='ocr_carea' id='block_1_49' title="bbox 1245 3895 2843 3990">
    <p class='ocr_par' dir='ltr' id='par_1_49' title="bbox 1245 3895 2843 3990">
     <span class='ocr_line' id='line_1_49' title="bbox 1245 3895 2843 3990; baseline 0.003 -29"><span class='ocrx_word' id='word_1_508' title='bbox 1245 3921 1268 3962; x_wconf 70' lang='grc' dir='ltr'>ι</span> <span class='ocrx_word' id='word_1_509' title='bbox 1297 3908 1405 3963; x_wconf 86' lang='lat' dir='ltr'><strong>sint</strong></span> <span class='ocrx_word' id='word_1_510' title='bbox 1437 3909 1597 3983; x_wconf 83' lang='lat' dir='ltr'><strong>(Isid.</strong></span> <span class='ocrx_word' id='word_1_511' title='bbox 1641 3929 1700 3982; x_wconf 90' lang='lat' dir='ltr'><strong>ll,</strong></span> <span class='ocrx_word' id='word_1_512' title='bbox 1733 3933 1852 3986; x_wconf 76' lang='lat' dir='ltr'><strong>syri.</strong></span> <span class='ocrx_word' id='word_1_513' title='bbox 1887 3916 2000 3990; x_wconf 81' lang='lat' dir='ltr'><strong>l6).</strong></span> <span class='ocrx_word' id='word_1_514' title='bbox 2031 3935 2142 3975; x_wconf 86' lang='lat' dir='ltr'><strong>non</strong></span> <span class='ocrx_word' id='word_1_515' title='bbox 2245 3895 2334 3961; x_wconf 60' lang='grc' dir='ltr'><strong>τίει</strong></span> <span class='ocrx_word' id='word_1_516' title='bbox 2366 3895 2525 3956; x_wconf 53' lang='lat' dir='ltr'><strong>liceat</strong></span> <span class='ocrx_word' id='word_1_517' title='bbox 2551 3896 2843 3967; x_wconf 59' lang='lat' dir='ltr'><strong>appellare-</strong></span> 
     </span>
    </p>
   </div>
   <div class='ocr_carea' id='block_1_50' title="bbox 540 3990 3137 4082">
    <p class='ocr_par' dir='ltr' id='par_1_50' title="bbox 540 3990 3137 4082">
     <span class='ocr_line' id='line_1_50' title="bbox 540 3990 3137 4082; baseline 0.009 -38"><span class='ocrx_word' id='word_1_518' title='bbox 540 3998 718 4048; x_wconf 88' lang='lat' dir='ltr'><strong>tamen</strong></span> <span class='ocrx_word' id='word_1_519' title='bbox 744 3993 1040 4062; x_wconf 87' lang='lat' dir='ltr'><strong>credenda,</strong></span> <span class='ocrx_word' id='word_1_520' title='bbox 1067 3999 1165 4053; x_wconf 90' lang='lat' dir='ltr'><strong>nisi</strong></span> <span class='ocrx_word' id='word_1_521' title='bbox 1193 4015 1315 4070; x_wconf 64' lang='lat' dir='ltr'><strong>qum</strong></span> <span class='ocrx_word' id='word_1_522' title='bbox 1345 4004 1641 4061; x_wconf 77' lang='lat' dir='ltr'><strong>manifestis</strong></span> <span class='ocrx_word' id='word_1_523' title='bbox 1667 4007 1875 4064; x_wconf 84' lang='lat' dir='ltr'><strong>indiciis</strong></span> <span class='ocrx_word' id='word_1_524' title='bbox 1895 4025 2143 4082; x_wconf 86' lang='lat' dir='ltr'><strong>compro-</strong></span> <span class='ocrx_word' id='word_1_525' title='bbox 2948 3990 3137 4048; x_wconf 66' lang='lat' dir='ltr'><strong>XXVL</strong></span> 
     </span>
    </p>
   </div>
   <div class='ocr_carea' id='block_1_51' title="bbox 537 4083 3797 4181">
    <p class='ocr_par' dir='ltr' id='par_1_51' title="bbox 537 4083 3797 4181">
     <span class='ocr_line' id='line_1_51' title="bbox 537 4083 3797 4181; baseline 0.007 -42"><span class='ocrx_word' id='word_1_526' title='bbox 537 4083 753 4151; x_wconf 84' lang='lat' dir='ltr'><strong>bantur,</strong></span> <span class='ocrx_word' id='word_1_527' title='bbox 781 4086 882 4142; x_wconf 83' lang='lat' dir='ltr'><strong>nisi</strong></span> <span class='ocrx_word' id='word_1_528' title='bbox 911 4104 1032 4160; x_wconf 67' lang='lat' dir='ltr'><strong>quas</strong></span> <span class='ocrx_word' id='word_1_529' title='bbox 1058 4094 1344 4150; x_wconf 80' lang='lat' dir='ltr'><strong>manifesto</strong></span> <span class='ocrx_word' id='word_1_530' title='bbox 1359 4095 1565 4166; x_wconf 89' lang='lat' dir='ltr'><strong>judicio</strong></span> <span class='ocrx_word' id='word_1_531' title='bbox 1593 4100 2009 4173; x_wconf 89' lang='lat' dir='ltr'><strong>convincuntur,</strong></span> <span class='ocrx_word' id='word_1_532' title='bbox 2037 4105 2140 4162; x_wconf 83' lang='lat' dir='ltr'><strong>nisi</strong></span> <span class='ocrx_word' id='word_1_533' title='bbox 2316 4105 2573 4160; x_wconf 79' lang='lat' dir='ltr'><strong>l‘rimates</strong></span> <span class='ocrx_word' id='word_1_534' title='bbox 2614 4115 2924 4161; x_wconf 88' lang='lat' dir='ltr'><strong>accusatum</strong></span> <span class='ocrx_word' id='word_1_535' title='bbox 2967 4107 3321 4164; x_wconf 85' lang='lat' dir='ltr'><strong>discutientes</strong></span> <span class='ocrx_word' id='word_1_536' title='bbox 3363 4109 3666 4181; x_wconf 86' lang='lat' dir='ltr'><strong>episcopum</strong></span> <span class='ocrx_word' id='word_1_537' title='bbox 3715 4122 3797 4162; x_wconf 82' lang='lat' dir='ltr'><strong>non</strong></span> 
     </span>
    </p>
   </div>
   <div class='ocr_carea' id='block_1_52' title="bbox 536 4178 3792 4273">
    <p class='ocr_par' dir='ltr' id='par_1_52' title="bbox 536 4178 3792 4273">
     <span class='ocr_line' id='line_1_52' title="bbox 536 4178 3792 4273; baseline 0.007 -41"><span class='ocrx_word' id='word_1_538' title='bbox 536 4193 655 4248; x_wconf 68' lang='lat' dir='ltr'><strong>quae</strong></span> <span class='ocrx_word' id='word_1_539' title='bbox 671 4178 961 4250; x_wconf 86' lang='lat' dir='ltr'><strong>judiciario</strong></span> <span class='ocrx_word' id='word_1_540' title='bbox 988 4184 1178 4244; x_wconf 89' lang='lat' dir='ltr'><strong>ordine</strong></span> <span class='ocrx_word' id='word_1_541' title='bbox 1212 4190 1573 4260; x_wconf 77' lang='lat' dir='ltr'><strong>publicentur.</strong></span> <span class='ocrx_word' id='word_1_542' title='bbox 2242 4207 2369 4254; x_wconf 91' lang='lat' dir='ltr'><strong>ante</strong></span> <span class='ocrx_word' id='word_1_543' title='bbox 2417 4201 2744 4254; x_wconf 89' lang='lat' dir='ltr'><strong>sententiam</strong></span> <span class='ocrx_word' id='word_1_544' title='bbox 2788 4199 3066 4270; x_wconf 78' lang='lat' dir='ltr'><strong>proferant</strong></span> <span class='ocrx_word' id='word_1_545' title='bbox 3099 4200 3296 4273; x_wconf 85' lang='lat' dir='ltr'><strong>(Hadr.</strong></span> <span class='ocrx_word' id='word_1_546' title='bbox 3331 4178 3432 4272; x_wconf 17' lang='lat'><strong>557)</strong></span> <span class='ocrx_word' id='word_1_547' title='bbox 3461 4201 3792 4261; x_wconf 71' lang='lat' dir='ltr'><strong>datnuationb.</strong></span> 
     </span>
    </p>
   </div>
   <div class='ocr_carea' id='block_1_53' title="bbox 1337 4291 3798 4362">
    <p class='ocr_par' dir='ltr' id='par_1_53' title="bbox 1337 4291 3798 4362">
     <span class='ocr_line' id='line_1_53' title="bbox 1337 4291 3798 4362; baseline -0.005 -2"><span class='ocrx_word' id='word_1_548' title='bbox 1337 4303 1458 4360; x_wconf 84' lang='lat' dir='ltr'><strong>XX.</strong></span> <span class='ocrx_word' id='word_1_549' title='bbox 2239 4305 2396 4361; x_wconf 89' lang='lat' dir='ltr'><strong>quam</strong></span> <span class='ocrx_word' id='word_1_550' title='bbox 2437 4291 2730 4362; x_wconf 84' lang='lat' dir='ltr'><strong>apostolica</strong></span> <span class='ocrx_word' id='word_1_551' title='bbox 2776 4291 2896 4348; x_wconf 79' lang='lat' dir='ltr'><strong>freti</strong></span> <span class='ocrx_word' id='word_1_552' title='bbox 2922 4295 3277 4361; x_wconf 87' lang='lat' dir='ltr'><strong>auctoritate,</strong></span> <span class='ocrx_word' id='word_1_553' title='bbox 3324 4307 3421 4352; x_wconf 88' lang='lat' dir='ltr'><strong>aut</strong></span> <span class='ocrx_word' id='word_1_554' title='bbox 3449 4313 3594 4354; x_wconf 87' lang='lat' dir='ltr'><strong>reum</strong></span> <span class='ocrx_word' id='word_1_555' title='bbox 3629 4311 3681 4350; x_wconf 90' lang='lat' dir='ltr'><strong>se</strong></span> <span class='ocrx_word' id='word_1_556' title='bbox 3711 4295 3798 4360; x_wconf 79' lang='lat' dir='ltr'><strong>ipse</strong></span> 
     </span>
    </p>
   </div>
   <div class='ocr_carea' id='block_1_54' title="bbox 603 4384 2201 4479">
    <p class='ocr_par' dir='ltr' id='par_1_54' title="bbox 603 4384 2134 4479">
     <span class='ocr_line' id='line_1_54' title="bbox 603 4384 2134 4479; baseline 0.012 -37"><span class='ocrx_word' id='word_1_557' title='bbox 603 4384 1020 4447; x_wconf 90' lang='lat' dir='ltr'><strong>Criminatioues</strong></span> <span class='ocrx_word' id='word_1_558' title='bbox 1063 4393 1324 4465; x_wconf 90' lang='lat' dir='ltr'><strong>majorum</strong></span> <span class='ocrx_word' id='word_1_559' title='bbox 1375 4397 1452 4470; x_wconf 76' lang='lat'><strong>(2,</strong></span> <span class='ocrx_word' id='word_1_560' title='bbox 1498 4417 1582 4471; x_wconf 88' lang='lat' dir='ltr'><strong>qu.</strong></span> <span class='ocrx_word' id='word_1_561' title='bbox 1625 4401 1678 4468; x_wconf 90' lang='lat'><strong>7,</strong></span> <span class='ocrx_word' id='word_1_562' title='bbox 1720 4401 2134 4479; x_wconf 81' lang='lat' dir='ltr'><strong>Criminatioues)</strong></span> 
     </span>
    </p>
   </div>
   <div class='ocr_carea' id='block_1_55' title="bbox 2199 4384 3797 4479">
    <p class='ocr_par' dir='ltr' id='par_1_55' title="bbox 2239 4385 3797 4456">
     <span class='ocr_line' id='line_1_55' title="bbox 2239 4385 3797 4456; baseline 0.002 -17"><span class='ocrx_word' id='word_1_563' title='bbox 2239 4385 2580 4451; x_wconf 78' lang='lat' dir='ltr'><strong>conﬁteatur,</strong></span> <span class='ocrx_word' id='word_1_564' title='bbox 2611 4394 2703 4440; x_wconf 85' lang='lat' dir='ltr'><strong>aut</strong></span> <span class='ocrx_word' id='word_1_565' title='bbox 2731 4401 2827 4456; x_wconf 88' lang='lat' dir='ltr'><strong>per</strong></span> <span class='ocrx_word' id='word_1_566' title='bbox 2856 4386 3170 4445; x_wconf 88' lang='lat' dir='ltr'><strong>innocentes</strong></span> <span class='ocrx_word' id='word_1_567' title='bbox 3195 4398 3251 4446; x_wconf 81' lang='lat' dir='ltr'><strong>et</strong></span> <span class='ocrx_word' id='word_1_568' title='bbox 3276 4393 3544 4452; x_wconf 85' lang='lat' dir='ltr'><strong>canonice</strong></span> <span class='ocrx_word' id='word_1_569' title='bbox 3570 4388 3797 4446; x_wconf 76' lang='lat' dir='ltr'><strong>exantiua-</strong></span> 
     </span>
    </p>
   </div>
   <div class='ocr_carea' id='block_1_56' title="bbox 534 4477 2132 4566">
    <p class='ocr_par' dir='ltr' id='par_1_56' title="bbox 534 4484 2132 4566">
     <span class='ocr_line' id='line_1_56' title="bbox 534 4484 2132 4566; baseline 0.013 -32"><span class='ocrx_word' id='word_1_570' title='bbox 534 4488 661 4536; x_wconf 89' lang='lat' dir='ltr'><strong>natu</strong></span> <span class='ocrx_word' id='word_1_571' title='bbox 697 4498 792 4552; x_wconf 90' lang='lat' dir='ltr'><strong>per</strong></span> <span class='ocrx_word' id='word_1_572' title='bbox 832 4484 968 4541; x_wconf 92' lang='lat' dir='ltr'><strong>alios</strong></span> <span class='ocrx_word' id='word_1_573' title='bbox 997 4502 1063 4542; x_wconf 83' lang='lat' dir='ltr'><strong>ne</strong></span> <span class='ocrx_word' id='word_1_574' title='bbox 1095 4486 1224 4544; x_wconf 82' lang='lat' dir='ltr'><strong>ﬁant</strong></span> <span class='ocrx_word' id='word_1_575' title='bbox 1255 4489 1356 4545; x_wconf 91' lang='lat' dir='ltr'><strong>nisi</strong></span> <span class='ocrx_word' id='word_1_576' title='bbox 1384 4507 1477 4560; x_wconf 85' lang='lat' dir='ltr'><strong>per</strong></span> <span class='ocrx_word' id='word_1_577' title='bbox 1504 4492 1647 4563; x_wconf 89' lang='lat' dir='ltr'><strong>ipsos</strong></span> <span class='ocrx_word' id='word_1_578' title='bbox 1678 4498 1767 4566; x_wconf 92' lang='lat' dir='ltr'><strong>qui</strong></span> <span class='ocrx_word' id='word_1_579' title='bbox 1798 4498 2023 4553; x_wconf 88' lang='lat' dir='ltr'><strong>crimina</strong></span> <span class='ocrx_word' id='word_1_580' title='bbox 2058 4500 2132 4556; x_wconf 93' lang='lat' dir='ltr'><strong>in-</strong></span> 
     </span>
    </p>
   </div>
   <div class='ocr_carea' id='block_1_57' title="bbox 1662 4477 3260 4566">
    <p class='ocr_par' dir='ltr' id='par_1_57' title="bbox 1678 4477 3260 4566">
     <span class='ocr_line' id='line_1_57' title="bbox 1678 4477 3260 4566; baseline -0.005 -18"><span class='ocrx_word' id='word_1_581' title='bbox 1678 4498 1767 4566; x_wconf 88' lang='lat' dir='ltr'><strong>qui</strong></span> <span class='ocrx_word' id='word_1_582' title='bbox 1798 4498 2023 4553; x_wconf 69' lang='lat' dir='ltr'><strong>crimina</strong></span> <span class='ocrx_word' id='word_1_583' title='bbox 2058 4477 2138 4556; x_wconf 63' lang='lat' dir='ltr'><strong>in;</strong></span> <span class='ocrx_word' id='word_1_584' title='bbox 2243 4485 2323 4535; x_wconf 82' lang='lat' dir='ltr'><strong>los</strong></span> <span class='ocrx_word' id='word_1_585' title='bbox 2350 4477 2674 4548; x_wconf 82' lang='lat' dir='ltr'><strong>regulariter</strong></span> <span class='ocrx_word' id='word_1_586' title='bbox 2702 4487 2867 4538; x_wconf 85' lang='lat' dir='ltr'><strong>testes</strong></span> <span class='ocrx_word' id='word_1_587' title='bbox 2893 4480 3260 4542; x_wconf 82' lang='lat' dir='ltr'><strong>convincatur.</strong></span> 
     </span>
    </p>
   </div>
   <div class='ocr_carea' id='block_1_58' title="bbox 537 4573 3128 4662">
    <p class='ocr_par' dir='ltr' id='par_1_58' title="bbox 537 4573 3128 4662">
     <span class='ocr_line' id='line_1_58' title="bbox 537 4573 3128 4662; baseline 0.01 -35"><span class='ocrx_word' id='word_1_588' title='bbox 537 4573 759 4629; x_wconf 87' lang='lat' dir='ltr'><strong>tendunt</strong></span> <span class='ocrx_word' id='word_1_589' title='bbox 804 4575 982 4648; x_wconf 77' lang='lat' dir='ltr'><strong>(Cone.</strong></span> <span class='ocrx_word' id='word_1_590' title='bbox 1017 4595 1054 4634; x_wconf 89' lang='lat' dir='ltr'><strong>tt</strong></span> <span class='ocrx_word' id='word_1_591' title='bbox 1085 4579 1264 4636; x_wconf 72' lang='grc' dir='ltr'><strong>ϐαι-Νι.</strong></span> <span class='ocrx_word' id='word_1_592' title='bbox 1294 4599 1339 4637; x_wconf 87' lang='lat' dir='ltr'><strong>c.</strong></span> <span class='ocrx_word' id='word_1_593' title='bbox 1359 4582 1448 4656; x_wconf 88' lang='lat'><strong>6),</strong></span> <span class='ocrx_word' id='word_1_594' title='bbox 1482 4585 1526 4640; x_wconf 92' lang='lat' dir='ltr'><strong>sl</strong></span> <span class='ocrx_word' id='word_1_595' title='bbox 1566 4593 1742 4642; x_wconf 83' lang='lat' dir='ltr'><strong>tamen</strong></span> <span class='ocrx_word' id='word_1_596' title='bbox 1772 4589 1871 4659; x_wconf 85' lang='lat' dir='ltr'><strong>ipsi</strong></span> <span class='ocrx_word' id='word_1_597' title='bbox 1901 4589 2044 4662; x_wconf 85' lang='lat' dir='ltr'><strong>digni</strong></span> <span class='ocrx_word' id='word_1_598' title='bbox 2079 4604 2132 4648; x_wconf 89' lang='lat' dir='ltr'><strong>et</strong></span> <span class='ocrx_word' id='word_1_599' title='bbox 2160 4599 2214 4659; x_wconf 83' lang='lat'><strong>1)</strong></span> <span class='ocrx_word' id='word_1_600' title='bbox 2911 4594 3128 4651; x_wconf 77' lang='lat' dir='ltr'><strong>XXVII.</strong></span> 
     </span>
    </p>
   </div>
   <div class='ocr_carea' id='block_1_59' title="bbox 534 4666 3795 4764">
    <p class='ocr_par' dir='ltr' id='par_1_59' title="bbox 534 4666 3795 4764">
     <span class='ocr_line' id='line_1_59' title="bbox 534 4666 3795 4764; baseline 0.009 -44"><span class='ocrx_word' id='word_1_601' title='bbox 534 4666 1036 4738; x_wconf 87' lang='lat' dir='ltr'><strong>irreprehensibiles</strong></span> <span class='ocrx_word' id='word_1_602' title='bbox 1061 4676 1423 4745; x_wconf 87' lang='lat' dir='ltr'><strong>apparuerint,</strong></span> <span class='ocrx_word' id='word_1_603' title='bbox 1450 4686 1504 4732; x_wconf 91' lang='lat' dir='ltr'><strong>et</strong></span> <span class='ocrx_word' id='word_1_604' title='bbox 1527 4680 1661 4734; x_wconf 88' lang='lat' dir='ltr'><strong>actis</strong></span> <span class='ocrx_word' id='word_1_605' title='bbox 1684 4681 1910 4750; x_wconf 88' lang='lat' dir='ltr'><strong>publicis</strong></span> <span class='ocrx_word' id='word_1_606' title='bbox 1933 4683 2134 4741; x_wconf 87' lang='lat' dir='ltr'><strong>docue—</strong></span> <span class='ocrx_word' id='word_1_607' title='bbox 2310 4685 2517 4742; x_wconf 85' lang='lat' dir='ltr'><strong>lrritam</strong></span> <span class='ocrx_word' id='word_1_608' title='bbox 2549 4687 2624 4757; x_wconf 80' lang='lat'><strong>(5,</strong></span> <span class='ocrx_word' id='word_1_609' title='bbox 2667 4704 2720 4758; x_wconf 88' lang='lat' dir='ltr'><strong>q.</strong></span> <span class='ocrx_word' id='word_1_610' title='bbox 2747 4686 2802 4754; x_wconf 89' lang='lat'><strong>6,</strong></span> <span class='ocrx_word' id='word_1_611' title='bbox 2852 4688 3088 4761; x_wconf 81' lang='lat' dir='ltr'><strong>Irritam)</strong></span> <span class='ocrx_word' id='word_1_612' title='bbox 3118 4703 3242 4748; x_wconf 87' lang='lat' dir='ltr'><strong>esse</strong></span> <span class='ocrx_word' id='word_1_613' title='bbox 3273 4692 3535 4763; x_wconf 84' lang='lat' dir='ltr'><strong>injustam</strong></span> <span class='ocrx_word' id='word_1_614' title='bbox 3558 4695 3795 4764; x_wconf 82' lang='lat' dir='ltr'><strong>episcopo-</strong></span> 
     </span>
    </p>
   </div>
   <div class='ocr_carea' id='block_1_60' title="bbox 534 4762 3795 4860">
    <p class='ocr_par' dir='ltr' id='par_1_60' title="bbox 534 4762 3795 4860">
     <span class='ocr_line' id='line_1_60' title="bbox 534 4762 3795 4860; baseline 0.007 -44"><span class='ocrx_word' id='word_1_615' title='bbox 534 4762 663 4827; x_wconf 89' lang='lat' dir='ltr'><strong>riut,</strong></span> <span class='ocrx_word' id='word_1_616' title='bbox 708 4766 854 4820; x_wconf 90' lang='lat' dir='ltr'><strong>omni</strong></span> <span class='ocrx_word' id='word_1_617' title='bbox 897 4783 956 4826; x_wconf 91' lang='lat' dir='ltr'><strong>se</strong></span> <span class='ocrx_word' id='word_1_618' title='bbox 991 4784 1178 4827; x_wconf 90' lang='lat' dir='ltr'><strong>carere</strong></span> <span class='ocrx_word' id='word_1_619' title='bbox 1209 4772 1515 4843; x_wconf 61' lang='lat' dir='ltr'><strong>susiiicione</strong></span> <span class='ocrx_word' id='word_1_620' title='bbox 1541 4772 1721 4847; x_wconf 81' lang='lat' dir='ltr'><strong>(Cone.</strong></span> <span class='ocrx_word' id='word_1_621' title='bbox 1763 4791 1778 4830; x_wconf 91' lang='grc' dir='ltr'>ι</span> <span class='ocrx_word' id='word_1_622' title='bbox 1838 4777 2130 4835; x_wconf 84' lang='lat' dir='ltr'><strong>Arelatens.</strong></span> <span class='ocrx_word' id='word_1_623' title='bbox 2235 4797 2352 4836; x_wconf 90' lang='lat' dir='ltr'><strong>rum</strong></span> <span class='ocrx_word' id='word_1_624' title='bbox 2393 4781 2790 4838; x_wconf 83' lang='lat' dir='ltr'><strong>damnationem</strong></span> <span class='ocrx_word' id='word_1_625' title='bbox 2822 4783 3162 4840; x_wconf 86' lang='lat' dir='ltr'><strong>decernimus</strong></span> <span class='ocrx_word' id='word_1_626' title='bbox 3194 4785 3533 4860; x_wconf 73' lang='lat' dir='ltr'><strong>(censemus),</strong></span> <span class='ocrx_word' id='word_1_627' title='bbox 3561 4798 3610 4843; x_wconf 87' lang='lat' dir='ltr'><strong>et</strong></span> <span class='ocrx_word' id='word_1_628' title='bbox 3635 4787 3795 4841; x_wconf 65' lang='lat' dir='ltr'><strong>idcirco</strong></span> 
     </span>
    </p>
   </div>
   <div class='ocr_carea' id='block_1_61' title="bbox 535 4855 3792 4956">
    <p class='ocr_par' dir='ltr' id='par_1_61' title="bbox 535 4855 3792 4956">
     <span class='ocr_line' id='line_1_61' title="bbox 535 4855 3792 4956; baseline 0.008 -47"><span class='ocrx_word' id='word_1_629' title='bbox 535 4873 580 4909; x_wconf 78' lang='grc' dir='ltr'><strong>ε.</strong></span> <span class='ocrx_word' id='word_1_630' title='bbox 617 4855 726 4930; x_wconf 76' lang='grc'><strong>15),</strong></span> <span class='ocrx_word' id='word_1_631' title='bbox 763 4868 920 4930; x_wconf 88' lang='lat' dir='ltr'><strong>atque</strong></span> <span class='ocrx_word' id='word_1_632' title='bbox 963 4863 1261 4934; x_wconf 89' lang='lat' dir='ltr'><strong>inimicitia,</strong></span> <span class='ocrx_word' id='word_1_633' title='bbox 1296 4875 1349 4923; x_wconf 88' lang='lat' dir='ltr'><strong>et</strong></span> <span class='ocrx_word' id='word_1_634' title='bbox 1395 4866 1923 4940; x_wconf 89' lang='lat' dir='ltr'><strong>irreprehenslbilem</strong></span> <span class='ocrx_word' id='word_1_635' title='bbox 1970 4872 2130 4930; x_wconf 86' lang='lat' dir='ltr'><strong>Iidem</strong></span> <span class='ocrx_word' id='word_1_636' title='bbox 2233 4891 2262 4929; x_wconf 89' lang='lat' dir='ltr'><strong>a</strong></span> <span class='ocrx_word' id='word_1_637' title='bbox 2295 4875 2522 4952; x_wconf 41' lang='lat' dir='ltr'><strong>synodo.</strong></span> <span class='ocrx_word' id='word_1_638' title='bbox 2545 4878 2946 4934; x_wconf 88' lang='lat' dir='ltr'><strong>retraetandam</strong></span> <span class='ocrx_word' id='word_1_639' title='bbox 2988 4855 3352 4953; x_wconf 20' lang='lat' dir='ltr'><strong>(ﬂama-Eii),</strong></span> <span class='ocrx_word' id='word_1_640' title='bbox 3387 4885 3460 4939; x_wconf 87' lang='lat' dir='ltr'><strong>ita</strong></span> <span class='ocrx_word' id='word_1_641' title='bbox 3487 4855 3542 4940; x_wconf 86' lang='lat' dir='ltr'><strong>ut</strong></span> <span class='ocrx_word' id='word_1_642' title='bbox 3563 4881 3792 4956; x_wconf 83' lang='lat' dir='ltr'><strong>oppressis</strong></span> 
     </span>
    </p>
   </div>
   <div class='ocr_carea' id='block_1_62' title="bbox 532 4957 3502 5032">
    <p class='ocr_par' dir='ltr' id='par_1_62' title="bbox 532 4957 3502 5032">
     <span class='ocr_line' id='line_1_62' title="bbox 532 4957 3502 5032; baseline 0.01 -30"><span class='ocrx_word' id='word_1_643' title='bbox 532 4957 695 5022; x_wconf 89' lang='lat' dir='ltr'><strong>atque</strong></span> <span class='ocrx_word' id='word_1_644' title='bbox 716 4963 1179 5016; x_wconf 74' lang='lat' dir='ltr'><strong>conversationem</strong></span> <span class='ocrx_word' id='word_1_645' title='bbox 1210 4961 1428 5020; x_wconf 89' lang='lat' dir='ltr'><strong>ducere.</strong></span> <span class='ocrx_word' id='word_1_646' title='bbox 2235 4969 2304 5026; x_wconf 88' lang='lat' dir='ltr'><strong>ab</strong></span> <span class='ocrx_word' id='word_1_647' title='bbox 2328 4970 2578 5027; x_wconf 89' lang='lat' dir='ltr'><strong>omnibus</strong></span> <span class='ocrx_word' id='word_1_648' title='bbox 2603 4970 2656 5026; x_wconf 94' lang='lat' dir='ltr'><strong>in</strong></span> <span class='ocrx_word' id='word_1_649' title='bbox 2685 4973 2894 5030; x_wconf 90' lang='lat' dir='ltr'><strong>cunctis</strong></span> <span class='ocrx_word' id='word_1_650' title='bbox 2921 4973 3271 5029; x_wconf 90' lang='lat' dir='ltr'><strong>subveniatur</strong></span> <span class='ocrx_word' id='word_1_651' title='bbox 3299 4977 3502 5032; x_wconf 90' lang='lat' dir='ltr'><strong>causis.</strong></span> 
     </span>
    </p>
   </div>
   <div class='ocr_carea' id='block_1_63' title="bbox 1255 5054 2853 5145">
    <p class='ocr_par' dir='ltr' id='par_1_63' title="bbox 1255 5054 1400 5112">
     <span class='ocr_line' id='line_1_63' title="bbox 1255 5054 1400 5112; baseline 0.007 -1"><span class='ocrx_word' id='word_1_652' title='bbox 1255 5054 1400 5112; x_wconf 81' lang='lat' dir='ltr'><strong>XXI.</strong></span> 
     </span>
    </p>
   </div>
   <div class='ocr_carea' id='block_1_64' title="bbox 1637 5054 3235 5145">
    <p class='ocr_par' dir='ltr' id='par_1_64' title="bbox 2902 5087 3235 5145">
     <span class='ocr_line' id='line_1_64' title="bbox 2902 5087 3235 5145; baseline 0.003 -1"><span class='ocrx_word' id='word_1_653' title='bbox 2902 5087 3144 5145; x_wconf 79' lang='lat' dir='ltr'><strong>XXVIII.</strong></span> <span class='ocrx_word' id='word_1_654' title='bbox 3233 5087 3235 5090; x_wconf 34' lang='grc'><em>⁴</em></span> 
     </span>
    </p>
   </div>
   <div class='ocr_carea' id='block_1_65' title="bbox 607 5141 3787 5259">
    <p class='ocr_par' dir='ltr' id='par_1_65' title="bbox 607 5141 3787 5259">
     <span class='ocr_line' id='line_1_65' title="bbox 607 5141 3787 5259; baseline 0.013 -63"><span class='ocrx_word' id='word_1_655' title='bbox 607 5141 673 5197; x_wconf 85' lang='lat' dir='ltr'><strong>Et</strong></span> <span class='ocrx_word' id='word_1_656' title='bbox 723 5145 1062 5214; x_wconf 87' lang='lat' dir='ltr'><strong>provincialis</strong></span> <span class='ocrx_word' id='word_1_657' title='bbox 1116 5149 1328 5222; x_wconf 81' lang='lat' dir='ltr'><strong>(Hadr.</strong></span> <span class='ocrx_word' id='word_1_658' title='bbox 1376 5153 1484 5226; x_wconf 77' lang='lat'><strong>59)</strong></span> <span class='ocrx_word' id='word_1_659' title='bbox 1534 5156 1772 5228; x_wconf 85' lang='lat' dir='ltr'><strong>synodus</strong></span> <span class='ocrx_word' id='word_1_660' title='bbox 1807 5163 2134 5215; x_wconf 87' lang='lat' dir='ltr'><strong>retractetur</strong></span> <span class='ocrx_word' id='word_1_661' title='bbox 2305 5181 2648 5240; x_wconf 59' lang='lat' dir='ltr'><strong>Demclores</strong></span> <span class='ocrx_word' id='word_1_662' title='bbox 2697 5181 2772 5255; x_wconf 50' lang='grc' dir='ltr'><strong>(δ’</strong></span> <span class='ocrx_word' id='word_1_663' title='bbox 2801 5199 2851 5256; x_wconf 64' lang='grc' dir='ltr'>η,</span> <span class='ocrx_word' id='word_1_664' title='bbox 2875 5141 3287 5251; x_wconf 28' lang='lat' dir='ltr'><strong>stigmam“</strong></span> <span class='ocrx_word' id='word_1_665' title='bbox 3326 5201 3562 5259; x_wconf 69' lang='lat' dir='ltr'><strong>quoque;</strong></span> <span class='ocrx_word' id='word_1_666' title='bbox 3602 5186 3652 5250; x_wconf 72' lang='lat'><strong>2,</strong></span> <span class='ocrx_word' id='word_1_667' title='bbox 3681 5201 3723 5253; x_wconf 84' lang='lat' dir='ltr'><strong>q.</strong></span> <span class='ocrx_word' id='word_1_668' title='bbox 3748 5183 3787 5242; x_wconf 80' lang='lat'><strong>7,</strong></span> 
     </span>
    </p>
   </div>
   <div class='ocr_carea' id='block_1_66' title="bbox 531 5241 2129 5348">
    <p class='ocr_par' dir='ltr' id='par_1_66' title="bbox 531 5241 2127 5322">
     <span class='ocr_line' id='line_1_66' title="bbox 531 5241 2127 5322; baseline 0.01 -29"><span class='ocrx_word' id='word_1_669' title='bbox 531 5252 628 5308; x_wconf 91' lang='lat' dir='ltr'><strong>per</strong></span> <span class='ocrx_word' id='word_1_670' title='bbox 659 5241 890 5298; x_wconf 88' lang='lat' dir='ltr'><strong>vicarios</strong></span> <span class='ocrx_word' id='word_1_671' title='bbox 916 5242 1068 5300; x_wconf 89' lang='lat' dir='ltr'><strong>urbis</strong></span> <span class='ocrx_word' id='word_1_672' title='bbox 1102 5245 1286 5301; x_wconf 69' lang='lat' dir='ltr'><strong>Romze</strong></span> <span class='ocrx_word' id='word_1_673' title='bbox 1310 5249 1571 5320; x_wconf 85' lang='lat' dir='ltr'><strong>episcopi,</strong></span> <span class='ocrx_word' id='word_1_674' title='bbox 1597 5250 1640 5306; x_wconf 92' lang='lat' dir='ltr'><strong>si</strong></span> <span class='ocrx_word' id='word_1_675' title='bbox 1671 5251 1786 5322; x_wconf 86' lang='lat' dir='ltr'><strong>ipse</strong></span> <span class='ocrx_word' id='word_1_676' title='bbox 1808 5252 2127 5310; x_wconf 89' lang='lat' dir='ltr'><strong>decreverit.</strong></span> 
     </span>
    </p>
   </div>
   <div class='ocr_carea' id='block_1_67' title="bbox 2188 5241 3786 5348">
    <p class='ocr_par' dir='ltr' id='par_1_67' title="bbox 2236 5241 3786 5348">
     <span class='ocr_line' id='line_1_67' title="bbox 2236 5241 3786 5348; baseline -0.001 -20"><span class='ocrx_word' id='word_1_677' title='bbox 2236 5272 2497 5348; x_wconf 81' lang='lat' dir='ltr'><strong>Majorum</strong></span> <span class='ocrx_word' id='word_1_678' title='bbox 2531 5241 2823 5346; x_wconf 58' lang='lat' dir='ltr'><strong>quispiam)</strong></span> <span class='ocrx_word' id='word_1_679' title='bbox 2845 5276 2934 5347; x_wconf 88' lang='lat' dir='ltr'><strong>qui</strong></span> <span class='ocrx_word' id='word_1_680' title='bbox 2968 5274 3148 5330; x_wconf 86' lang='lat' dir='ltr'><strong>divina</strong></span> <span class='ocrx_word' id='word_1_681' title='bbox 3181 5241 3480 5335; x_wconf 69' lang='lat' dir='ltr'><strong>atttoritate</strong></span> <span class='ocrx_word' id='word_1_682' title='bbox 3524 5273 3786 5336; x_wconf 83' lang='lat' dir='ltr'><strong>eradicandi</strong></span> 
     </span>
    </p>
   </div>
   <div class='ocr_carea' id='block_1_68' title="bbox 1268 5359 3787 5444">
    <p class='ocr_par' dir='ltr' id='par_1_68' title="bbox 1268 5359 3787 5444">
     <span class='ocr_line' id='line_1_68' title="bbox 1268 5359 3787 5444; baseline 0.002 -27"><span class='ocrx_word' id='word_1_683' title='bbox 1268 5359 1440 5418; x_wconf 87' lang='lat' dir='ltr'><strong>XXII.</strong></span> <span class='ocrx_word' id='word_1_684' title='bbox 1985 5385 1990 5388; x_wconf 93' lang='grc'><strong>·</strong></span> <span class='ocrx_word' id='word_1_685' title='bbox 2232 5377 2392 5434; x_wconf 88' lang='lat' dir='ltr'><strong>sunt,</strong></span> <span class='ocrx_word' id='word_1_686' title='bbox 2425 5377 2480 5423; x_wconf 89' lang='lat' dir='ltr'><strong>et</strong></span> <span class='ocrx_word' id='word_1_687' title='bbox 2510 5367 2748 5424; x_wconf 81' lang='lat' dir='ltr'><strong>fautores</strong></span> <span class='ocrx_word' id='word_1_688' title='bbox 2794 5368 3160 5433; x_wconf 89' lang='lat' dir='ltr'><strong>inimicorum,</strong></span> <span class='ocrx_word' id='word_1_689' title='bbox 3193 5368 3261 5424; x_wconf 92' lang='lat' dir='ltr'><strong>ab</strong></span> <span class='ocrx_word' id='word_1_690' title='bbox 3288 5370 3582 5444; x_wconf 86' lang='lat' dir='ltr'><strong>episcopali</strong></span> <span class='ocrx_word' id='word_1_691' title='bbox 3610 5371 3787 5427; x_wconf 89' lang='lat' dir='ltr'><strong>submo-</strong></span> 
     </span>
    </p>
   </div>
   <div class='ocr_carea' id='block_1_69' title="bbox 601 5447 3784 5538">
    <p class='ocr_par' dir='ltr' id='par_1_69' title="bbox 601 5447 3784 5538">
     <span class='ocr_line' id='line_1_69' title="bbox 601 5447 3784 5538; baseline 0.005 -35"><span class='ocrx_word' id='word_1_692' title='bbox 601 5447 825 5518; x_wconf 89' lang='lat' dir='ltr'><strong>Piacuit,</strong></span> <span class='ocrx_word' id='word_1_693' title='bbox 856 5461 911 5508; x_wconf 94' lang='lat' dir='ltr'><strong>ut</strong></span> <span class='ocrx_word' id='word_1_694' title='bbox 940 5468 968 5508; x_wconf 89' lang='lat' dir='ltr'><strong>a</strong></span> <span class='ocrx_word' id='word_1_695' title='bbox 997 5455 1424 5530; x_wconf 89' lang='lat' dir='ltr'><strong>quibuscumque</strong></span> <span class='ocrx_word' id='word_1_696' title='bbox 1444 5457 1717 5532; x_wconf 90' lang='lat' dir='ltr'><strong>judicibus</strong></span> <span class='ocrx_word' id='word_1_697' title='bbox 1746 5462 2130 5524; x_wconf 84' lang='lat' dir='ltr'><strong>ecclesiasticis</strong></span> <span class='ocrx_word' id='word_1_698' title='bbox 2233 5479 2422 5524; x_wconf 88' lang='lat' dir='ltr'><strong>vemus</strong></span> <span class='ocrx_word' id='word_1_699' title='bbox 2464 5464 2831 5524; x_wconf 86' lang='lat' dir='ltr'><strong>accusatione.</strong></span> <span class='ocrx_word' id='word_1_700' title='bbox 2866 5464 3128 5521; x_wconf 89' lang='lat' dir='ltr'><strong>Similiter</strong></span> <span class='ocrx_word' id='word_1_701' title='bbox 3149 5509 3163 5532; x_wconf 92' lang='lat'><strong>,</strong></span> <span class='ocrx_word' id='word_1_702' title='bbox 3201 5481 3267 5521; x_wconf 89' lang='lat' dir='ltr'><strong>ne</strong></span> <span class='ocrx_word' id='word_1_703' title='bbox 3313 5483 3641 5525; x_wconf 91' lang='lat' dir='ltr'><strong>summorum</strong></span> <span class='ocrx_word' id='word_1_704' title='bbox 3668 5465 3784 5538; x_wconf 86' lang='lat' dir='ltr'><strong>quis-</strong></span> 
     </span>
    </p>
   </div>
   <div class='ocr_carea' id='block_1_70' title="bbox 528 5542 3783 5634">
    <p class='ocr_par' dir='ltr' id='par_1_70' title="bbox 528 5542 3783 5634">
     <span class='ocr_line' id='line_1_70' title="bbox 528 5542 3783 5634; baseline 0.007 -38"><span class='ocrx_word' id='word_1_705' title='bbox 528 5542 593 5596; x_wconf 91' lang='lat' dir='ltr'><strong>ad</strong></span> <span class='ocrx_word' id='word_1_706' title='bbox 615 5545 747 5600; x_wconf 89' lang='lat' dir='ltr'><strong>alios</strong></span> <span class='ocrx_word' id='word_1_707' title='bbox 771 5547 984 5617; x_wconf 89' lang='lat' dir='ltr'><strong>judices</strong></span> <span class='ocrx_word' id='word_1_708' title='bbox 1011 5552 1411 5608; x_wconf 77' lang='lat' dir='ltr'><strong>ecclesiasticos</strong></span> <span class='ocrx_word' id='word_1_709' title='bbox 1437 5553 1548 5630; x_wconf 91' lang='lat' dir='ltr'><strong>(ubi</strong></span> <span class='ocrx_word' id='word_1_710' title='bbox 1581 5565 1663 5612; x_wconf 87' lang='lat' dir='ltr'><strong>est</strong></span> <span class='ocrx_word' id='word_1_711' title='bbox 1691 5558 1980 5613; x_wconf 86' lang='lat' dir='ltr'><strong>auctoritas</strong></span> <span class='ocrx_word' id='word_1_712' title='bbox 2013 5574 2127 5614; x_wconf 87' lang='lat' dir='ltr'><strong>ma-</strong></span> <span class='ocrx_word' id='word_1_713' title='bbox 2235 5561 2375 5631; x_wconf 80' lang='lat' dir='ltr'><strong>piam</strong></span> <span class='ocrx_word' id='word_1_714' title='bbox 2406 5561 2676 5618; x_wconf 90' lang='lat' dir='ltr'><strong>minorum</strong></span> <span class='ocrx_word' id='word_1_715' title='bbox 2719 5561 3152 5617; x_wconf 81' lang='lat' dir='ltr'><strong>accusationibus</strong></span> <span class='ocrx_word' id='word_1_716' title='bbox 3181 5561 3479 5634; x_wconf 88' lang='lat' dir='ltr'><strong>impetatur</strong></span> <span class='ocrx_word' id='word_1_717' title='bbox 3508 5575 3592 5621; x_wconf 84' lang='lat' dir='ltr'><strong>aut</strong></span> <span class='ocrx_word' id='word_1_718' title='bbox 3617 5565 3783 5633; x_wconf 76' lang='lat' dir='ltr'><strong>disper-</strong></span> 
     </span>
    </p>
   </div>
   <div class='ocr_carea' id='block_1_71' title="bbox 522 5635 3778 5731">
    <p class='ocr_par' dir='ltr' id='par_1_71' title="bbox 522 5635 3778 5731">
     <span class='ocr_line' id='line_1_71' title="bbox 522 5635 3778 5731; baseline 0.005 -38"><span class='ocrx_word' id='word_1_719' title='bbox 522 5635 632 5705; x_wconf 90' lang='lat' dir='ltr'><strong>jor)</strong></span> <span class='ocrx_word' id='word_1_720' title='bbox 664 5637 821 5695; x_wconf 80' lang='lat' dir='ltr'><strong>fuerit</strong></span> <span class='ocrx_word' id='word_1_721' title='bbox 853 5659 1222 5714; x_wconf 86' lang='lat' dir='ltr'><strong>provocatum,</strong></span> <span class='ocrx_word' id='word_1_722' title='bbox 1268 5648 1536 5710; x_wconf 76' lang='lat' dir='ltr'><strong>audientis</strong></span> <span class='ocrx_word' id='word_1_723' title='bbox 1571 5665 1676 5705; x_wconf 90' lang='lat' dir='ltr'><strong>non</strong></span> <span class='ocrx_word' id='word_1_724' title='bbox 1708 5651 2055 5724; x_wconf 77' lang='lat' dir='ltr'><strong>negetur(Et</strong></span> <span class='ocrx_word' id='word_1_725' title='bbox 2075 5653 2126 5706; x_wconf 84' lang='lat' dir='ltr'><strong>in</strong></span> <span class='ocrx_word' id='word_1_726' title='bbox 2234 5667 2349 5724; x_wconf 89' lang='lat' dir='ltr'><strong>eat;</strong></span> <span class='ocrx_word' id='word_1_727' title='bbox 2401 5671 2575 5726; x_wconf 90' lang='lat' dir='ltr'><strong>neque</strong></span> <span class='ocrx_word' id='word_1_728' title='bbox 2623 5655 2675 5709; x_wconf 92' lang='lat' dir='ltr'><strong>in</strong></span> <span class='ocrx_word' id='word_1_729' title='bbox 2715 5671 2774 5711; x_wconf 89' lang='lat' dir='ltr'><strong>re</strong></span> <span class='ocrx_word' id='word_1_730' title='bbox 2815 5655 2974 5710; x_wconf 89' lang='lat' dir='ltr'><strong>dubia</strong></span> <span class='ocrx_word' id='word_1_731' title='bbox 3022 5654 3181 5711; x_wconf 91' lang='lat' dir='ltr'><strong>detur</strong></span> <span class='ocrx_word' id='word_1_732' title='bbox 3226 5661 3494 5716; x_wconf 87' lang='lat' dir='ltr'><strong>sententia</strong></span> <span class='ocrx_word' id='word_1_733' title='bbox 3543 5659 3622 5731; x_wconf 90' lang='lat' dir='ltr'><strong>(S.</strong></span> <span class='ocrx_word' id='word_1_734' title='bbox 3660 5656 3778 5727; x_wconf 62' lang='lat' dir='ltr'><strong>Orig.</strong></span> 
     </span>
    </p>
   </div>
   <div class='ocr_carea' id='block_1_72' title="bbox 529 5732 3778 5830">
    <p class='ocr_par' dir='ltr' id='par_1_72' title="bbox 529 5732 3778 5830">
     <span class='ocr_line' id='line_1_72' title="bbox 529 5732 3778 5830; baseline 0.006 -48"><span class='ocrx_word' id='word_1_735' title='bbox 529 5732 714 5790; x_wconf 80' lang='lat' dir='ltr'><strong>concit.</strong></span> <span class='ocrx_word' id='word_1_736' title='bbox 745 5733 922 5792; x_wconf 84' lang='lat' dir='ltr'><strong>Carth.</strong></span> <span class='ocrx_word' id='word_1_737' title='bbox 968 5755 1046 5808; x_wconf 87' lang='lat' dir='ltr'><strong>tu,</strong></span> <span class='ocrx_word' id='word_1_738' title='bbox 1078 5757 1194 5818; x_wconf 83' lang='lat' dir='ltr'><strong>cap.</strong></span> <span class='ocrx_word' id='word_1_739' title='bbox 1222 5742 1309 5813; x_wconf 80' lang='grc'><strong>10,</strong></span> <span class='ocrx_word' id='word_1_740' title='bbox 1333 5743 1390 5812; x_wconf 79' lang='grc'>2,</span> <span class='ocrx_word' id='word_1_741' title='bbox 1418 5761 1470 5830; x_wconf 77' lang='lat' dir='ltr'><strong>q.</strong></span> <span class='ocrx_word' id='word_1_742' title='bbox 1500 5743 1553 5814; x_wconf 87' lang='lat'><strong>6,</strong></span> <span class='ocrx_word' id='word_1_743' title='bbox 1588 5742 1818 5830; x_wconf 79' lang='lat' dir='ltr'><strong>Placuit,</strong></span> <span class='ocrx_word' id='word_1_744' title='bbox 1851 5754 1907 5799; x_wconf 90' lang='lat' dir='ltr'><strong>ut</strong></span> <span class='ocrx_word' id='word_1_745' title='bbox 1956 5762 1988 5816; x_wconf 82' lang='grc' dir='ltr'><em>ᾳ</em></span> <span class='ocrx_word' id='word_1_746' title='bbox 2013 5747 2123 5828; x_wconf 78' lang='lat' dir='ltr'><strong>qui-</strong></span> <span class='ocrx_word' id='word_1_747' title='bbox 2233 5766 2316 5818; x_wconf 81' lang='lat' dir='ltr'><strong>ep.</strong></span> <span class='ocrx_word' id='word_1_748' title='bbox 2363 5748 2459 5814; x_wconf 82' lang='lat'><strong>50,</strong></span> <span class='ocrx_word' id='word_1_749' title='bbox 2487 5749 2574 5804; x_wconf 85' lang='lat' dir='ltr'><strong>lib.</strong></span> <span class='ocrx_word' id='word_1_750' title='bbox 2599 5765 2712 5815; x_wconf 87' lang='lat' dir='ltr'><strong>vut,</strong></span> <span class='ocrx_word' id='word_1_751' title='bbox 2746 5749 2908 5815; x_wconf 70' lang='lat' dir='ltr'><strong>e152,</strong></span> <span class='ocrx_word' id='word_1_752' title='bbox 2941 5749 3032 5805; x_wconf 79' lang='lat' dir='ltr'><strong>tib.</strong></span> <span class='ocrx_word' id='word_1_753' title='bbox 3069 5750 3165 5824; x_wconf 74' lang='lat' dir='ltr'><strong>xx),</strong></span> <span class='ocrx_word' id='word_1_754' title='bbox 3194 5767 3294 5809; x_wconf 90' lang='lat' dir='ltr'><strong>nec</strong></span> <span class='ocrx_word' id='word_1_755' title='bbox 3328 5753 3504 5810; x_wconf 91' lang='lat' dir='ltr'><strong>ullum</strong></span> <span class='ocrx_word' id='word_1_756' title='bbox 3541 5752 3778 5830; x_wconf 68' lang='lat' dir='ltr'><strong>judicium,</strong></span> 
     </span>
    </p>
   </div>
   <div class='ocr_carea' id='block_1_73' title="bbox 533 5820 2131 5916">
    <p class='ocr_par' dir='ltr' id='par_1_73' title="bbox 533 5820 2035 5896">
     <span class='ocr_line' id='line_1_73' title="bbox 533 5820 2035 5896; baseline 0.013 -23"><span class='ocrx_word' id='word_1_757' title='bbox 533 5820 876 5896; x_wconf 69' lang='lat' dir='ltr'><strong>bustumque).</strong></span> <span class='ocrx_word' id='word_1_758' title='bbox 1434 5820 1442 5830; x_wconf 67' lang='grc'>’</span> <span class='ocrx_word' id='word_1_759' title='bbox 1601 5829 1608 5837; x_wconf 87' lang='grc'><em>’</em></span> <span class='ocrx_word' id='word_1_760' title='bbox 1733 5820 1735 5823; x_wconf 31' lang='grc'>’</span> <span class='ocrx_word' id='word_1_761' title='bbox 1815 5835 1817 5838; x_wconf 37' lang='grc'><em>⁴</em></span> <span class='ocrx_word' id='word_1_762' title='bbox 2031 5821 2035 5831; x_wconf 22' lang='grc' dir='ltr'>ἴ</span> 
     </span>
    </p>
   </div>
   <div class='ocr_carea' id='block_1_74' title="bbox 1721 5820 3319 5916">
    <p class='ocr_par' dir='ltr' id='par_1_74' title="bbox 1733 5820 3319 5916">
     <span class='ocr_line' id='line_1_74' title="bbox 1733 5820 3319 5916; baseline 0.048 -59"><span class='ocrx_word' id='word_1_763' title='bbox 1733 5820 1735 5823; x_wconf 62' lang='grc' dir='ltr'><strong><em>τ</em></strong></span> <span class='ocrx_word' id='word_1_764' title='bbox 1815 5835 1817 5838; x_wconf 62' lang='grc'>‹</span> <span class='ocrx_word' id='word_1_765' title='bbox 2031 5821 2035 5831; x_wconf 74' lang='lat'>‘</span> <span class='ocrx_word' id='word_1_766' title='bbox 2239 5843 2342 5915; x_wconf 55' lang='lat' dir='ltr'><strong>nisi</strong></span> <span class='ocrx_word' id='word_1_767' title='bbox 2372 5841 2744 5916; x_wconf 81' lang='lat' dir='ltr'><strong>ordinabiliter</strong></span> <span class='ocrx_word' id='word_1_768' title='bbox 2765 5843 3026 5916; x_wconf 60' lang='lat' dir='ltr'><strong>habitum,</strong></span> <span class='ocrx_word' id='word_1_769' title='bbox 3058 5820 3319 5904; x_wconf 62' lang='grc' dir='ltr'><strong>ιθέιθθίυτ·</strong></span> 
     </span>
    </p>
   </div>
  </div>
