4046 6302
219 271 320 327 980

910 391 1104 449 XXIX.

287 485 445 542 Plura
469 484 537 542 de
561 485 645 543 his
670 485 795 544 ideo
827 486 915 543 hic
931 501 1037 543 non
1055 484 1347 543 inserimus
1366 482 1517 558 (vide
1536 481 1808 552 Hincmar,

213 578 304 636 lib.
333 593 420 646 ιν,
453 595 501 634 c.
531 577 651 649 εο),
682 594 751 636 ne
774 593 1004 635 vacuare
1034 579 1265 635 viicmve
1292 576 1601 649 praedictam
1632 574 1812 632 facere

211 670 477 745 synodum
498 671 824 739 videremur,
848 680 941 728 aut
963 669 1233 728 fastidium
1259 669 1563 744 legentibus
1588 668 1812 725 audien-

213 768 459 840 tibnsque
504 767 712 839 prolixa
759 766 959 823 faceret
999 766 1250 839 cpistola.
1281 765 1338 822 Si
1379 765 1500 838 quis
1535 774 1714 821 autem
1742 762 1813 821 de

210 864 295 920 his
337 861 601 936 ampliora
643 872 805 935 atque
843 860 1236 919 abnndantiora
1279 860 1420 917 scire
1460 858 1726 927 voluerit,
1754 857 1808 916 in

210 971 362 1013 sacro
393 964 594 1015 nostra
627 955 875 1013 ecclesiae
918 955 1063 1012 sedis
1101 954 1302 1012 scrinio
1345 962 1403 1011 et
1429 969 1490 1011 ea
1519 968 1641 1026 qua:
1672 969 1810 1022 pra:-

208 1046 440 1105 diximus
468 1048 710 1105 invenire
750 1048 968 1119 poterit.
997 1046 1198 1103 Verum
1232 1063 1319 1103 me
1365 1042 1600 1120 (Ennod,
1647 1043 1737 1100 lib.
1768 1061 1806 1114 t,

206 1138 412 1214 cp.20)
458 1139 665 1197 dixisse
714 1142 868 1197 testis
916 1151 999 1198 est
1039 1140 1317 1197 divinitas.
1367 1140 1444 1196 De
1495 1138 1809 1212 receptione

207 1247 336 1291 vero
363 1232 527 1299 sedis,
559 1241 613 1290 et
640 1233 951 1297 sacerdotii.
981 1242 1143 1307 atque
1176 1234 1419 1303 honoris,
1444 1250 1564 1307 quae
1592 1233 1808 1290 dixistis

206 1326 563 1383 Athanasium
593 1326 799 1399 absque
838 1326 1052 1384 concilii
1102 1328 1325 1385 decreto
1363 1328 1663 1400 suscipere.
1698 1345 1805 1387 non

204 1419 277 1476 ita
305 1418 607 1478 invenimus
629 1420 772 1478 sicut
791 1421 1106 1493 eaiumniati
1128 1424 1261 1480 estis
1286 1442 1301 1480 τ
1324 1422 1419 1481 sed
1448 1423 1806 1497 quorumdam

201 1515 582 1587 episcoporum
631 1517 863 1585 consilio
906 1528 1067 1590 atque
1120 1517 1340 1574 decreto
1398 1520 1603 1590 recepit
1647 1534 1804 1576 suum

201 1605 345 1680 quod
396 1608 596 1679 injuste
640 1610 952 1682 perdiderat
992 1611 1378 1682 sacerdotium,
1409 1627 1472 1669 ac
1513 1613 1715 1670 resedit
1750 1614 1803 1671 in

200 1698 334 1755 sede
356 1697 531 1771 (Tt-ip.
561 1717 617 1768 χ,
660 1701 751 1769 1⁸1,
775 1717 840 1758 ea:
887 1700 1065 1772 Socr.,
1100 1703 1248 1772 Soz.,
1279 1703 1436 1776 etc.).
1481 1704 1635 1775 Quod
1657 1706 1803 1762 enim

640 267 975 329 EPISTOLA
1006 267 1048 327 ll
1076 312 1091 339 ,
1148 268 1302 326 SIVE
1332 266 1463 324 RES
1477 265 1767 323 ,RIPTl‘M
1794 263 1965 324 JULil
1993 265 2012 320 l
2053 265 2143 322 Ali
2179 264 2615 322 ORlEN'I‘ALES
2655 263 3039 324 EPISCOPOS.

1837 394 1890 454 Α
1914 388 2141 444 animam
2166 395 2335 444 autem
2367 404 2473 444 non
2504 397 2717 458 possunt
2763 388 3010 444 occidere.
3056 387 3164 445 Sed
3206 391 3374 462 potius
3400 410 3514 448 tum

3409 275 3513 330 $90

1915 483 2106 547 timete,
2136 486 2225 552 qui
2246 489 2411 552 potest
2437 491 2484 535 et
2514 482 2743 535 animum
2781 491 2831 536 et
2868 498 3054 552 corpus
3096 484 3307 553 perdere
3350 486 3403 539 in
3431 503 3518 558 ge-

1914 573 2136 629 hennam
2158 574 2374 645 (Matth.
2406 573 2486 646 χ).
2505 572 2701 630 Multos
2720 574 2863 630 enim
2889 576 3240 645 cognovimus
3266 580 3515 647 pessimis

1913 664 2410 723 machinationibus
2437 666 2635 737 injuste
2664 666 2942 738 depositus
2970 686 2983 721 :
3017 668 3138 725 ideo
3170 685 3514 743 summopere

1911 772 1942 815 a
1972 775 2061 816 me
2086 759 2183 833 (al.
2216 758 2394 830 mihi),
2420 761 2507 815 cui
2548 761 2665 815 vice
2701 761 3071 830 apostolorum
3098 762 3356 835 principis
3400 766 3519 822 titil-

1914 853 2144 910 versaiis
2191 853 2450 910 Ecclesiae
2478 867 2609 909 cura
2631 854 2927 910 commissa
2969 863 3071 923 est,
3122 856 3515 930 providendum

1910 953 2020 1013 est,
2051 945 2349 1002 auxiliante
2377 946 2496 1017 ipso
2515 960 2727 1003 summo
2750 948 3028 1017 apostolo,
3058 965 3125 1006 ne
3145 949 3404 1024 deinceps
3436 965 3517 1010 ta-

1912 1037 1982 1093 lia
2012 1036 2145 1097 ﬂant
2174 1056 2191 1093 i
2222 1038 2481 1110 quoniam
2526 1039 2653 1095 ideo
2684 1038 2806 1095 huic
2831 1051 3032 1096 sanctae
3075 1042 3189 1098 sedi
3231 1043 3311 1114 (Ξ,
3337 1061 3424 1116 qu.
3458 1045 3513 1115 6,

1911 1127 2041 1186 ideo
2070 1130 2191 1185 ltitia
2230 1138 2423 1187 mm
2462 1132 2596 1204 sedi)
2625 1131 2844 1202 prmfata
2884 1134 3168 1207 privilegia
3213 1139 3518 1209 specialiter

1907 1233 2031 1279 sunt
2051 1237 2333 1291 concessa,
2369 1234 2477 1282 tam
2500 1226 2570 1281 de
2596 1228 2990 1298 congregandis
3017 1224 3263 1288 conciliis
3289 1243 3343 1288 et
3367 1234 3513 1304 judi-

1907 1315 2005 1371 eiis
2034 1329 2099 1377 ac
2120 1317 2556 1377 restitutioniims
2579 1321 2978 1391 episcoporum,
3011 1338 3171 1394 quam
3202 1333 3255 1381 et
3282 1326 3348 1383 de
3368 1345 3516 1384 suui-

1908 1409 2011 1464 mis
2047 1410 2398 1467 ecclesiarum
2430 1411 2689 1484 negotiis.
2728 1424 2786 1467 ut
2830 1415 2897 1469 ab
2942 1430 3003 1470 ea
3043 1432 3234 1474 omnes
3261 1423 3505 1491 Oppressi

1904 1503 2191 1569 auxilium,
2226 1513 2280 1560 et
2321 1504 2522 1576 injuste
2560 1504 2804 1565 damnati
2850 1507 3245 1567 restitutionem
3274 1524 3511 1581 sumant,

1906 1609 1961 1655 et
1988 1600 2111 1656 talia
2136 1600 2343 1675 (concil.
2392 1602 2546 1658 Rom.
2578 1616 2655 1665 ιη.
2686 1602 2781 1658 sub
2837 1602 3175 1677 Symmacho)
3202 1608 3270 1662 ab
3305 1608 3512 1680 imptu-

1904 1692 1990 1747 bis
2022 1708 2090 1749 ne
2109 1707 2507 1763 praesunmntur
2536 1694 2744 1766 absque
2768 1694 2999 1763 ultione,
3022 1712 3122 1754 nec
3156 1709 3515 1758 exerceantur

198 1791 497 1863 scripsistis
521 1834 536 1858 ,
577 1809 685 1850 non
714 1808 836 1850 eum
877 1810 1037 1866 posse
1080 1811 1109 1851 a
1138 1796 1392 1867 pauciore
1430 1813 1656 1854 numero
1684 1799 1793 1869 epi-

1900 1784 2106 1857 absque
2138 1785 2236 1859 (al.
2263 1784 2387 1859 sua)
2413 1786 2782 1844 damnatione.
2820 1788 2938 1843 Non
2976 1804 3106 1860 ergo
3131 1801 3278 1846 recte
3303 1793 3510 1863 egistis,

198 1897 487 1957 scoparum
506 1886 741 1955 restitui,
764 1904 925 1960 quam
949 1887 1226 1960 depositus
1246 1886 1442 1959 fuerat,
1466 1907 1571 1947 non
1592 1893 1664 1948 ita
1688 1901 1804 1961 est;

198 1993 302 2034 nec
333 1978 450 2036 haec
491 1981 675 2054 regula
721 1982 1148 2041 orthodoxorutn
1191 1994 1393 2040 sanctae
1433 1984 1679 2055 ecclesim
1722 1995 1807 2055 est

199 2075 617 2160 episcoporum;
664 2076 761 2133 sed
808 2077 1130 2135 Arianorum
1159 2123 1174 2148 ,
1231 2080 1501 2138 sociorum
1557 2081 1807 2139 videlicet

196 2178 529 2237 vestrorum,
560 2170 678 2227 tunc
717 2168 1030 2228 adlnventio
1076 2172 1145 2228 ad
1192 2172 1548 2242 perditionem
1611 2174 1803 2230 ortho-

195 2259 462 2316 doxorum
485 2262 861 2339 episcoporum
888 2273 1139 2321 contexta
1161 2272 1267 2321 est.
1294 2264 1451 2337 Nam,l
1493 2276 1549 2322 ut
1578 2266 1733 2324 nobis
1770 2281 1801 2333 a

192 2352 481 2411 verticibus
500 2364 584 2411 est
610 2355 838 2413 testibus
860 2358 1113 2427 relatum,
1135 2360 1355 2432 quando
1372 2359 1673 2419 Antiochia:
1704 2378 1802 2435 pro

191 2445 547 2505 damnatione
566 2445 688 2517 fidei
715 2447 785 2507 de
809 2448 1370 2509 cousubstantiaiitate
1394 2453 1597 2525 prolata
1626 2440 1802 2514 fuistis

189 2543 528 2614 congregati,
575 2538 703 2599 odio
752 2543 994 2613 praedicti
1041 2543 1322 2602 Athanasii
1372 2532 1512 2603 lianc
1557 2548 1798 2629 regulam

187 2633 526 2704 protulistis,
558 2649 679 2705 qua:
710 2634 885 2691 nullas
925 2634 1086 2692 habet
1129 2637 1274 2693 vires
1294 2680 1308 2707 ,
1340 2653 1440 2694 nec
1470 2637 1670 2696 habere
1697 2656 1800 2712 po-

186 2728 354 2795 terit;
395 2729 648 2800 quoniam
677 2744 778 2786 nec
810 2728 880 2786 ab
905 2728 1226 2787 ortiiodosis
1252 2733 1519 2807 episcopis
1544 2732 1647 2790 hoc
1668 2749 1801 2790 con-

186 2820 377 2877 cilium
423 2829 603 2878 actum
647 2831 768 2905 est,
795 2837 896 2879 nec
922 2822 1181 2880 Romanae
1211 2824 1457 2883 ecclesia:
1482 2825 1679 2898 iegatio
1710 2827 1798 2884 in-

186 2912 398 2982 terfuit,
417 2914 719 2974 cauonibus
736 2916 1175 3001 praecipientibus
1192 2920 1314 2977 sine
1334 2920 1451 2991 ejus
1469 2921 1798 2980 auctoritate

183 3007 422 3066 concilia
468 3007 589 3065 ﬂeri
637 3025 745 3066 non
794 3010 995 3069 debere
1042 3010 1212 3087 (Trip.
1259 3030 1335 3083 tv,
1364 3015 1399 3073 9
1439 3025 1494 3072 et
1535 3015 1653 3087 i9).
1684 3015 1797 3074 Nec

184 3098 358 3157 ullum
398 3111 573 3158 ratum
619 3113 704 3161 est
744 3113 841 3162 aut
864 3106 970 3162 erit
998 3090 1234 3181 unquam
1277 3095 1617 3179 concilium,
1647 3108 1793 3199 quod

182 3208 292 3252 non
318 3194 516 3253 fultum
543 3194 707 3255 fuerit
733 3199 852 3270 ejus
877 3201 1219 3258 auctoritate.

896 3310 1071 3383 xxx.

251 3401 425 3485 igitur
448 3401 516 3458 de
546 3401 706 3486 luga,
735 3419 901 3477 super
943 3421 1049 3485 qua
1099 3404 1454 3475 Athanasium
1487 3406 1566 3493 (i)
1598 3423 1792 3480 repree

181 3494 444 3564 ineruditis,
467 3512 572 3562 non
587 3497 725 3555 bene
742 3497 838 3581 (al.
860 3500 1054 3581 recte),
1074 3500 1232 3572 agitis
1257 3516 1378 3558 cum
1403 3501 1515 3585 ipse
1536 3498 1793 3558 Dominus

179 3588 500 3647 mandatum
535 3589 638 3647 boc
682 3590 839 3647 nobis
863 3591 1094 3648 dederit.
1124 3592 1252 3655 Cum
1284 3595 1536 3675 persecuti
1568 3610 1656 3653 vos
1681 3595 1794 3668 fite-

177 3684 288 3738 rint
314 3684 372 3736 in
401 3701 505 3737 una
529 3684 752 3755 ciuitate,
774 3685 937 3767 [agite
961 3686 1015 3741 in
1036 3686 1195 3749 aliam
1222 3684 1436 3763 (Matth.
1470 3684 1551 3759 κ).
1583 3685 1654 3754 Et
1676 3684 1791 3760 ipse

179 3776 482 3853 Dominus,
508 3792 606 3857 per
642 3778 994 3850 semetipsum
1042 3778 1350 3863 exemplum
1380 3779 1537 3835 nobis
1562 3779 1790 3835 demou-

176 3880 366 3927 strans
394 3870 488 3947 (al.
511 3868 949 3955 demonstravit),
978 3872 1196 3951 quando
1221 3871 1787 3929 Pharisaeiconcilium

175 3966 428 4022 iecerunt
468 3965 729 4022 adversus
772 3981 919 4043 eum,
972 3977 1031 4022 ut
1076 3982 1198 4029 etim
1230 3967 1579 4026 occiderent:
1605 3968 1789 4029 Sciens

172 4071 354 4116 autent
380 4059 557 4142 Iesus,
581 4061 816 4117 discessit
842 4061 960 4119 inde
985 4060 1203 4135 (Matth.
1233 4061 1355 4135 itii).
1390 4062 1459 4120 Et
1493 4063 1653 4123 alibi:
1679 4061 1791 4121 Tu-

173 4150 356 4209 lertmt
387 4152 586 4225 lapides
609 4150 818 4219 Iudici,
849 4163 903 4209 ut
930 4160 1166 4233 [acerem
1189 4156 1245 4211 in
1276 4172 1412 4212 cum.
1443 4155 1597 4215 Jesus
1616 4167 1786 4213 autent

175 4246 455 4303 abscondit
500 4263 574 4323 se,
599 4256 646 4307 et
667 4248 819 4315 exivit
845 4249 907 4304 de
935 4248 1125 4331 templo
1158 4247 1338 4333 (Joan.
1379 4248 1517 4329 Viti).
1550 4249 1619 4307 Et
1645 4262 1789 4307 trait-

169 4341 319 4398 siens
348 4359 443 4427 per
466 4342 690 4404 medium
732 4360 929 4410 eorum,
971 4343 1148 4417 abicit,
1194 4355 1241 4400 et
1269 4346 1342 4400 ita
1370 4343 1599 4404 discessit
1628 4343 1780 4421 (Luc.

169 4435 275 4509 iv).
328 4434 463 4491 Nam
495 4444 552 4495 et
576 4434 823 4511 discipuli
857 4448 1078 4523 propter
1108 4448 1311 4495 metum
1335 4437 1648 4497 Judmoi‘um
1696 4455 1784 4503 re-

159 4540 481 4594 cesserunt,
509 4530 753 4587 celantes
772 4531 1116 4602 semetipsos.
1149 4531 1216 4588 Et
1246 4531 1523 4606 Pauius(|l
1551 4532 1671 4589 Cor.
1700 4529 1777 4615 xi)

1908 1878 2055 1945 quod
2086 1880 2375 1951 prtedictos
2396 1880 2589 1937 fratres
2616 1883 2931 1938 caiumnlatl
2966 1885 3118 1951 estis,
3158 1885 3371 1943 dicente
3407 1889 3511 1943 Do-

1908 1973 2057 2028 mitio
2083 1991 2097 2028 :
2133 1972 2259 2029 Neu
2287 1977 2447 2048 facies
2476 1975 2793 2032 calumniam
2820 1978 3055 2050 proximo
3087 1988 3192 2047 tuo,
3228 1997 3320 2036 nec
3344 1982 3393 2036 ui
3420 2000 3513 2052 op.

1907 2068 2095 2138 prime;
2140 2086 2257 2123 eum
2309 2067 2495 2141 (Leuit.
2543 2070 2683 2144 itis).
2741 2070 2852 2127 Nec
2903 2081 3049 2128 recte
3108 2073 3317 2144 egistis,
3361 2075 3505 2146 quod

1906 2162 2064 2219 nobis
2115 2163 2433 2220 inconsultis
2477 2166 2770 2222 concilium
2810 2166 3149 2233 celebrastis,
3195 2167 3397 2240 eosque
3438 2169 3507 2225 ad

1903 2258 2196 2317 concilium
2234 2260 2491 2322 vocastis,
2521 2270 2575 2317 et
2597 2259 2859 2316 damnare
2880 2261 3325 2330 praisumpsistis,
3353 2277 3511 2318 eano-

1904 2347 2063 2407 iiibtts
2109 2351 2192 2421 (ut
2242 2353 2580 2422 praemissum
2624 2352 2730 2423 est)
2764 2352 3074 2422 iubentibus
3121 2351 3296 2427 (Trip.
3345 2369 3419 2419 tv,
3449 2354 3506 2427 9)

1900 2444 2035 2500 nihil
2080 2456 2149 2501 ex
2180 2445 2263 2500 bis
2308 2445 2515 2516 absque
2558 2444 2714 2517 tutius
2755 2454 2956 2502 sancite
2984 2446 3132 2503 sedis
3177 2448 3506 2505 auctoritate

1904 2539 2022 2596 iierl
2048 2539 2268 2596 debere.
2320 2540 2438 2597 Non
2486 2550 2632 2597 recte
2682 2542 2868 2612 egistis
2921 2542 3065 2612 quod
3110 2543 3429 2614 regulariter
3473 2558 3503 2599 a

1899 2631 2057 2688 nobis
2085 2632 2153 2687 ad
2173 2633 2461 2689 concilium
2486 2633 2660 2689 vocati
2687 2634 2872 2690 venire
2895 2634 3196 2692 distulistis.
3215 2635 3331 2691 Non
3354 2644 3502 2694 recte

1910 2727 2098 2798 egistis
2126 2722 2271 2799 quod
2301 2737 2487 2784 contra
2520 2744 2616 2785 eos
2655 2730 2924 2786 rationem
2959 2729 3211 2795 reddere,
3241 2742 3297 2786 ut
3322 2740 3501 2788 vestra

1899 2834 2025 2890 erga
2056 2834 2153 2877 eos
2181 2828 2274 2876 aut
2306 2822 2625 2892 probaretur
2646 2831 2790 2879 recta
2814 2824 3082 2879 sententia
3108 2831 3199 2878 aut
3225 2824 3501 2895 improba-

1896 2928 2067 2982 retur,
2089 2931 2195 2972 non
2211 2918 2452 2983 venistis,
2478 2932 2578 2975 nec
2600 2917 2919 2976 rationalem
2940 2917 3236 2979 mandastis
3255 2934 3498 2991 causam,

1895 3018 1957 3065 ut
1982 3010 2111 3081 quid
2133 3009 2251 3068 haec
2277 3011 2551 3068 renuistis.

1969 3102 2066 3159 liis
2108 3120 2241 3176 ergo
2277 3105 2527 3161 omnibus
2563 3107 2865 3178 perpensis,
2893 3106 3240 3164 manifestum
3281 3116 3367 3166 est
3407 3122 3503 3164 vos

1816 3191 1865 3257 Ο
1897 3203 2022 3252 reos
2052 3198 2323 3265 existere,
2365 3209 2421 3254 et
2442 3199 2562 3255 illos
2605 3198 2931 3257 innocentes
2952 3215 3236 3258 remanere
3263 3218 3279 3257 :
3311 3211 3366 3259 et
3406 3218 3502 3258 vos

1898 3302 2048 3348 recte
2071 3294 2593 3361 excommunicatos,
2624 3292 2853 3366 illosque
2874 3295 3019 3366 justo
3049 3296 3287 3353 liberari.
3320 3295 3503 3353 Noluit

1896 3387 2080 3459 itaque
2112 3386 2369 3443 Dominus
2408 3396 2512 3443 tam
2538 3387 2729 3443 leviter
2759 3403 2887 3444 suos
2933 3391 3151 3446 tractari
3196 3391 3497 3459 ministros,

1894 3479 2035 3535 sicut
2057 3478 2266 3546 facitis;
2295 3489 2387 3536 aut
2431 3496 2458 3536 a
2495 3480 2649 3537 vobis
2676 3480 2951 3548 damnari,
2980 3485 3073 3538 sed
3104 3482 3267 3556 (sicut
3288 3501 3500 3542 metuo-

1895 3581 2073 3628 ratum
2117 3571 2227 3646 est)
2269 3582 2364 3630 aut
2410 3574 2479 3629 ab
2527 3576 2626 3631 hac
2652 3585 2837 3632 sancta
2892 3575 3050 3642 sede,
3094 3578 3178 3633 cui
3220 3579 3497 3636 commissi

1894 3676 2043 3735 sunt,
2070 3680 2160 3723 aut
2179 3684 2279 3724 suo
2291 3669 2562 3726 reservari
2582 3670 2809 3740 judicio.
2837 3670 2927 3726 Ait
2948 3671 3090 3728 enim
3112 3690 3126 3726 :
3149 3671 3249 3740 Qui
3270 3689 3355 3729 vos
3379 3689 3503 3729 con-

1892 3759 2134 3828 tristabll,
2156 3777 2238 3816 me
2266 3746 2583 3818 contristabit
2618 3762 2766 3835 (Luc.
2805 3762 2885 3837 χ).
2915 3764 3020 3833 Qui
3042 3766 3219 3843 fecerit
3250 3766 3499 3839 injuriam

1891 3854 2060 3921 vobis,
2106 3854 2317 3924 recipiet
2350 3853 2407 3909 id
2446 3854 2587 3923 quod
2618 3854 2794 3926 inique
2837 3857 2991 3929 gessit
3030 3856 3250 3928 (Coloss.
3294 3856 3393 3931 iit).
3431 3859 3498 3915 Et

1890 3956 2092 4017 quanta
2135 3960 2291 4017 pinna
2337 3950 2587 4018 expectet
2612 3962 2708 4004 eos
2758 3948 2847 4018 qui
2879 3948 3088 4005 Domini
3130 3951 3499 4010 scandalizent

1889 4039 2185 4114 discipulos
2207 4086 2222 4109 ,
2254 4041 2604 4115 Evangeiium
2648 4042 2984 4100 sufficienter
3027 4045 3280 4115 exponit,
3310 4045 3396 4103 ubi
3427 4047 3495 4104 de

1889 4133 2384 4191 seandaiisantibus
2429 4135 2729 4207 discipulos
2779 4136 3035 4207 loquitur.
3082 4136 3215 4194 Nam
3271 4140 3412 4211 quod
3461 4157 3492 4198 a

1888 4229 2046 4286 vobis
2074 4244 2181 4286 non
2223 4229 2334 4287 sint
2375 4229 2699 4298 damnandi,
2723 4230 2822 4288 sed
2855 4239 2946 4288 aut
2975 4233 3043 4289 ab
3073 4233 3171 4289 hac
3193 4244 3379 4291 saneta
3411 4236 3497 4311 (ut

1886 4321 2172 4393 prtefatum
2201 4324 2309 4395 est)
2335 4323 2496 4391 sede,
2521 4334 2613 4381 aut
2642 4326 2745 4382 sibi
2786 4325 3137 4397 reservandi,
3172 4327 3288 4399 ipse
3321 4326 3495 4384 mani-

1889 4414 2030 4472 feste
2069 4414 2166 4472 dat
2207 4418 2514 4489 exemplum
2535 4462 2549 4487 ,
2599 4419 2814 4491 quando
2839 4432 3124 4493 peccantes
3152 4424 3486 4491 sacerdotes,

1886 4521 2115 4579 quorum
2164 4509 2340 4566 locum
2373 4512 2535 4567 modo
2557 4512 2613 4568 in
2640 4524 2829 4570 sancta
2869 4515 3102 4572 ecclesia
3144 4524 3332 4571 tenent
3372 4516 3490 4587 cpi-

161 4625 224 4681 in
274 4624 541 4689 Damasco
579 4639 610 4679 a
638 4623 884 4709 principe
907 4599 1083 4697 gentis
1123 4626 1413 4705 quaesitus,
1441 4599 1510 4682 de
1533 4642 1694 4682 muro
1722 4599 1775 4683 ξιξ
1804 4599 1859 4662 D
1882 4601 2055 4673 scopi,
2083 4617 2190 4709 non
2215 4616 2314 4709 per
2335 4603 2521 4709 alium,
2550 4605 2646 4709 sed
2674 4624 2765 4678 per
2788 4610 3114 4679 semetipsum
3136 4608 3405 4709 uendentes
3435 4617 3482 4664 et

158 4725 357 4797 sporta
397 4715 675 4788 depositus
701 4725 819 4784 est,
849 4728 905 4773 et
942 4732 1130 4779 manus
1159 4719 1450 4793 quaerentis
1474 4718 1679 4795 eli‘ugit.
1715 4720 1783 4777 Et

158 4808 265 4865 alii
296 4808 678 4891 quamplurimi
704 4818 760 4866 et
788 4810 1212 4867 innumerabiles
1234 4814 1426 4881 sancti,
1447 4820 1554 4868 tam
1586 4814 1636 4869 in
1668 4811 1778 4869 Ve-

157 4904 271 4969 teri
309 4903 679 4983 Testamento,
702 4919 865 4983 quam
901 4905 953 4961 in
984 4903 1153 4973 Novo,
1182 4903 1384 4983 fugisse
1409 4905 1682 4981 leguntur.
1713 4907 1772 4965 Si

156 5011 306 5075 ergo
336 4996 514 5079 fugam
545 4998 921 5081 improperatis
945 4997 1293 5081 fugientibus,
1325 4999 1632 5056 erubescite
1675 5016 1773 5072 po-

154 5091 277 5146 tius
327 5090 607 5162 persequi,
653 5100 709 5147 et
747 5092 1010 5163 quiescite
1056 5091 1333 5161 insidiari,
1383 5096 1770 5173 quiescentque

150 5183 431 5240 continuo
480 5185 768 5257 fugientes.
816 5185 952 5251 Nam
993 5187 1109 5251 sive
1150 5188 1430 5258 perimatis
1471 5204 1590 5257 eos,
1619 5206 1770 5248 mors

151 5293 392 5359 semper
432 5289 619 5335 contra
661 5294 760 5339 vos
797 5282 1098 5340 exclamat:
1121 5281 1239 5339 sive
1278 5300 1466 5344 rursus
1487 5287 1646 5346 exilia
1684 5302 1771 5351 su-

145 5372 502 5443 perponatis,
537 5372 731 5449 ubique
761 5374 813 5429 in
845 5390 944 5430 vos
970 5376 1098 5432 mali
1131 5380 1449 5440 memoriam
1495 5379 1768 5445 destinare

143 5463 453 5523 noscimiui
478 5507 494 5534 ,
534 5474 591 5523 et
626 5466 702 5522 illi
751 5467 1007 5539 patiendo
1052 5467 1154 5526 sibi
1182 5469 1491 5541 proﬁciunt.
1522 5471 1677 5531 Unde
1713 5482 1770 5531 et

143 5554 428 5613 Dominus
456 5558 571 5618 ait:
604 5556 784 5615 Nolite
824 5560 1001 5616 timere
1040 5576 1127 5617 eos
1148 5563 1236 5645 qui
1281 5563 1521 5620 occidunt
1554 5581 1765 5649 corpus,

224 5732 690 5833 (pingita‘nnao
728 5738 1161 5833 dignitatum};
1193 5755 1225 5799 a
1264 5740 1527 5833 Gregorio
1551 5738 1757 5825 pulsus.

139 5808 305 5869 Vide
328 5808 605 5889 eius'apol.
634 5810 691 5886 ὓ,
721 5821 779 5869 et
800 5809 950 5886 Trip.
980 5827 1054 5884 vr,
1088 5812 1180 5875 Si.

1881 4703 2104 4750 ementes
2136 4696 2286 4766 ejecit
2321 4696 2387 4752 de
2418 4698 2606 4766 templo
2628 4740 2643 4764 ,
2697 4708 2745 4754 et
2766 4715 2970 4755 mensas
3027 4701 3489 4758 nununularlorum

1882 4787 2094 4859 proprio
2116 4789 2293 4843 evertit
2312 4790 2542 4860 ﬂagello,
2579 4800 2630 4849 et
2653 4792 2800 4863 ejccit
2824 4793 2888 4848 de
2908 4793 3100 4865 templo
3122 4794 3338 4868 (Matth.
3373 4812 3485 4863 xiii;

1882 4881 2054 4946 Marc.
2080 4900 2138 4951 ii;
2166 4884 2301 4944 Lua.
2339 4902 2452 4954 xta;
2476 4886 2637 4944 Joan.
2673 4888 2756 4961 ii).
2788 4888 2855 4944 Et
2891 4890 3006 4960 ipse
3037 4891 3165 4947 alibi
3192 4891 3312 4946 ait:
3344 4888 3488 4946 Deus

1877 4978 2020 5036 stetit
2044 4979 2100 5033 in
2119 4995 2389 5051 synagoga
2414 4979 2651 5046 deorum,
2675 4981 2730 5035 in
2756 4982 2922 5039 medio
2944 4993 3114 5038 autem
3150 4983 3273 5039 deos
3295 4984 3490 5041 discer-

1880 5070 1956 5127 ttit
2000 5069 2176 5143 (Psal.
2215 5070 2419 5144 Lassi),
2452 5082 2505 5129 et
2544 5072 2747 5146 reliqua
2795 5075 2919 5131 talia
2960 5084 3017 5131 et
3043 5075 3128 5135 his
3163 5076 3383 5132 similia.
3418 5076 3486 5132 Et

1879 5162 2007 5223 alibi
2047 5163 2193 5222 idem
2238 5165 2355 5236 ipse
2373 5165 2485 5221 ait:
2513 5164 2692 5223 Nolite
2732 5167 3006 5238 judicare,
3059 5179 3114 5225 ut
3152 5169 3481 5240 noujtttiicc-t

1876 5256 2024 5323 mitti.
2046 5256 2203 5315 nolite
2221 5258 2581 5326 condemnare,
2618 5268 2673 5315 ut
2702 5276 2805 5317 non
2825 5262 3233 5331 oondemacmini
3263 5261 3481 5334 (Matth.

1874 5349 1998 5417 vn).
2037 5349 2107 5406 In
2146 5368 2247 5423 quo
2284 5353 2421 5409 enim
2459 5352 2668 5429 judicia
2716 5354 3077 5426 judicaveritis
3116 5355 3480 5424 judicabimini

1874 5441 2031 5516 (Luc.
2055 5443 2153 5517 ιιι).

2577 5541 2772 5599 XXXI.

1943 5631 2286 5704 Quapropter
2325 5635 2440 5705 (30,
2485 5654 2576 5709 qu.
2610 5636 2664 5700 5,
2703 5634 2835 5694 Jud.
2875 5653 3037 5709 apus:
3087 5647 3135 5693 et
3195 5638 3249 5693 in
3287 5638 3479 5707 ticeret.

1873 5723 2184 5798 Eleutherii)
2220 5740 2327 5788 non
2358 5736 2465 5795 tam
2494 5738 2699 5789 temere
2734 5731 2816 5805 (ut
2849 5745 2946 5790 vos
2975 5731 3177 5804 facitis)
3207 5732 3475 5804 quispiam

1869 5832 2021 5885 suam
2048 5829 2341 5897 praesumat
2359 5835 2614 5882 evomere
2644 5823 3000 5901 iniquitatem,
3025 5825 3120 5883 sed
3138 5824 3472 5909 iudicantem
