4046 6302
633 245 735 306 991

1289 250 1347 309 s.
1389 249 1622 310 JULIUS
1661 253 1841 312 mea
1883 253 1922 311 ι.
1966 253 2186 310 EPIST.
2227 254 2267 312 ιι
2322 255 2412 312 an
2449 256 2818 316 ORIENTAL.
2862 258 3247 320 EPISCOPOS.
3747 276 3818 332 993

633 375 828 422 cuncta
876 377 1092 439 oportet
1139 368 1219 444 (ι)
1248 370 1453 439 rimari,
1492 380 1547 426 et
1583 371 1827 428 ordinem
1869 388 2048 428 rerum
2079 373 2233 443 plena
2261 377 2310 436 Α
2339 389 2431 428 sua
2461 377 2639 432 omnia
2673 378 2722 432 ei
2751 378 2957 448 legibus
2986 384 3152 444 (conc.
3185 382 3336 438 Rom.
3365 399 3435 450 tn,
3467 387 3550 441 sub
3570 387 3821 465 Symmacho)

632 459 984 532 inquisitione
1003 462 1295 531 discutere,
1316 480 1413 520 nec
1441 465 1509 522 de
1533 465 1657 531 illis,
1681 481 1801 536 qua:
1825 467 1873 522 ei
1916 467 2231 522 inconcessa

630 565 780 620 sunt,
810 555 920 610 ullo
949 556 1111 612 modo
1136 557 1395 628 judicium
1428 575 1752 626 praesumere
1785 561 2148 631 interrogandi
2170 576 2233 618 ac

632 650 970 724 proponendi
998 650 1417 724 adjiciendiqne,
1447 654 1703 723 patientia
1726 655 1945 724 przebita
1975 655 2044 709 ab
2065 672 2149 720 eo,
2177 666 2233 712 ιιι

632 743 707 799 ibi
735 745 877 800 actio
907 747 1134 816 partium
1161 748 1382 802 limitata
1413 749 1485 804 sit
1513 751 1760 818 pleniter.
1793 750 1903 806 Nec
1934 753 2081 822 prius
2135 753 2234 808 liti-

630 841 884 910 gantibus
913 841 1008 912 (al.
1034 842 1386 915 priusjudex)
1414 859 1508 899 sua
1539 845 1666 900 velit
1691 848 1956 902 sententia
1986 848 2229 912 obviare,

629 931 735 988 nisi
763 933 976 1004 quando
1004 934 1102 1001 illi,
1137 937 1371 1006 peractis
1394 937 1668 1004 omnibus,
1695 941 1806 1008 jam
1839 939 1972 994 nihil
2000 941 2231 1011 amplius

632 1024 924 1082 habuerint
956 1027 1010 1082 in
1034 1030 1330 1100 quaestione
1357 1031 1496 1102 quod
1532 1044 1853 1102 proponant.
1883 1033 1993 1089 Nec
2017 1045 2232 1106 Oportet

627 1134 950 1190 quemquam
978 1120 1212 1191 jndicari
1238 1133 1330 1178 aut
1355 1123 1639 1192 damnari,
1669 1135 1955 1198 antequam
1988 1143 2115 1182 suos
2142 1143 2231 1183 ac-

635 1223 914 1270 cusatores
945 1227 1241 1286 praesentes
1275 1218 1488 1285 habeat,
1524 1218 1809 1290 locumque
1839 1218 2055 1275 defendi
2088 1221 2231 1276 acci-

628 1304 738 1376 piat
763 1308 1060 1378 spatiosum
1088 1311 1154 1364 ad
1181 1310 1445 1366 abluenda
1468 1312 1692 1366 crimina
1716 1310 1912 1385 (Hadr.
1947 1311 2065 1384 xx).

1311 1404 1525 1461 XXXII.

697 1493 959 1554 Similiter
988 1498 1039 1553 in
1057 1497 1169 1565 jam
1198 1498 1303 1553 fata
1333 1500 1541 1572 synodo
1568 1508 1825 1556 statutum
1867 1509 1952 1556 est
1986 1500 2065 1572 (2,
2091 1518 2143 1571 q.
2171 1501 2224 1569 6,

630 1584 780 1643 Ultra
809 1590 1234 1664 provinciarum),
1267 1601 1326 1647 ttt
1357 1592 1495 1648 ultra
1526 1594 1815 1663 provinciae
1850 1595 2112 1650 terminos
2138 1611 2230 1650 ac-

625 1682 851 1738 cusandi
883 1684 1096 1739 licentia
1143 1701 1251 1740 non
1289 1685 1484 1758 (Hadr.
1521 1702 1574 1750 x,
1604 1703 1666 1740 ex
1695 1686 1813 1740 cod.
1845 1685 2071 1757 Theod.)
2104 1704 2228 1758 pro-

2336 467 2445 523 sint
2468 469 2813 540 integerrime
2835 475 3150 528 reformata.
3183 475 3279 530 Est
3305 492 3520 548 namque
3545 481 3588 534 in
3620 485 3821 556 sapejam

2335 563 2477 618 dicta
2521 577 2706 621 sancta
2745 569 2954 638 synodo
2990 570 3058 624 ab
3091 571 3342 627 omnibus
3383 575 3669 632 unanimiter
3694 579 3824 636 decre-

2337 666 2446 712 ιιιιιι
2488 666 2542 712 et
2569 661 2864 728 apostolica
2905 663 3222 718 auctoritate
3268 663 3592 732 roboratum,
3619 679 3663 722 ιιι
3689 671 3822 736 siquis

2333 750 2711 822 episcoporum
2743 752 2800 824 (Ε).
2823 795 2837 818 ,
2881 771 2968 821 qu.
2992 754 3060 820 2,
3101 755 3164 810 Si
3204 757 3466 829 episcopus
3501 760 3818 828 suis-[uerit;et

2335 845 2387 897 in
2434 845 2570 899 decr.
2607 845 2813 901 Eusebii
2853 865 3003 918 papa:
3030 850 3415 922 sententialiter)
3438 852 3542 907 suis
3565 853 3696 908 fuerit
3717 856 3824 910 rebus

2335 938 2669 1008 expoliatus,
2705 949 2760 994 et
2792 941 2843 994 in
2886 943 3228 997 accusatione
3269 946 3532 1014 pulsatus,
3571 945 3828 1003 ordinatione

2336 1029 2651 1098 pontiﬁcum
2699 1040 2910 1101 Oportet
2958 1041 3013 1088 et
3069 1032 3225 1088 decet
3279 1045 3516 1090 Sanctum
3575 1039 3825 1108 propositum

2334 1121 2508 1192 prima
2535 1121 2707 1177 fronte
2734 1123 2951 1190 cedere,
2980 1134 3038 1178 ut
3067 1125 3246 1179 omnia
3277 1142 3396 1196 qua:
3424 1142 3511 1196 per
3545 1130 3828 1200 suggestiones

2334 1217 2673 1273 inimicorum
2721 1234 2940 1273 suorum
2963 1221 3237 1286 amiserat,
3264 1220 3500 1292 legaliter
3525 1223 3675 1291 primo
3700 1233 3828 1292 putes-

2334 1311 2425 1365 tati
2467 1311 2586 1380 ejus
2629 1312 2696 1365 ab
2743 1311 3043 1368 honorabili
3077 1315 3306 1369 concilio
3359 1315 3765 1383 redintegrentur,
3796 1327 3831 1372 et

2334 1403 2534 1474 przesul
2566 1405 2886 1475 regulariter
2923 1408 3072 1477 prius
3103 1409 3262 1462 statui
3296 1409 3516 1479 pristino
3559 1409 3777 1471 reddatur.
3796 1421 3831 1465 et

2332 1495 2467 1565 ipse,
2499 1495 2768 1567 dispositis
2795 1498 3160 1569 ordinatisque
3186 1501 3319 1567 suis,
3347 1513 3469 1558 tunc
3496 1500 3558 1556 ad
3588 1510 3758 1572 tempus
3775 1518 3832 1558 ve-

2332 1589 2443 1643 niat
2465 1588 2532 1644 ad
2554 1605 2795 1658 causam,
2822 1601 2877 1647 et
2896 1593 2939 1646 si
2968 1595 3037 1647 ita
3059 1593 3315 1664 juste(al.
3332 1595 3553 1666 justum)
3573 1596 3832 1661 videtur,ac-

2331 1683 2632 1737 cusantium
2680 1686 3134 1754 propositionibus
3179 1689 3522 1758 respondeat.
3562 1690 3712 1758 Quare
3748 1704 3833 1760 ergo

625 1774 924 1846 grediatur,
953 1777 1054 1831 nisi
1077 1777 1144 1831 ad
1171 1777 1309 1833 hanc
1329 1780 1679 1849 apostolicam
1709 1777 1870 1834 fuerit
1893 1781 2077 1836 sedem
2099 1797 2227 1853 pro—
2257 1782 2304 1842 B
2333 1778 2649 1848 transgressi
2671 1780 2801 1833 estis
2826 1781 3087 1835 terminos
3111 1781 3353 1848 Patrum,
3378 1783 3657 1852 iudicantes
3675 1782 3833 1838 etdam-

625 1877 914 1937 vocatum,
961 1870 1026 1924 ad
1057 1886 1216 1940 quam
1256 1886 1445 1926 omnes
1481 1872 1570 1942 qui
1618 1871 1884 1926 voluerint
1922 1873 2124 1941 libere,
2174 1885 2230 1930 et

626 1961 832 2032 absque
858 1961 966 2017 ullo
992 1963 1378 2035 impedimento
1398 1980 1427 2019 a
1457 1964 1778 2036 quibusdam
1814 1966 2058 2038 agendo,
2099 1983 2230 2024 con-

627 2055 796 2115 ﬂuere
823 2058 1040 2115 debent.

1295 2152 1535 2210 XXXIII.

698 2244 960 2301 Similiter
1009 2245 1061 2301 in
1089 2245 1198 2317 jam
1238 2249 1314 2319 (3,
1353 2264 1440 2318 qu.
1489 2249 1544 2312 5,
1593 2246 1843 2304 Similiter
1889 2248 1944 2303 in
1983 2248 2222 2321 prazfato)

628 2341 844 2411 praefixa
865 2340 958 2410 (al.
981 2341 1225 2414 prrefata)
1242 2342 1449 2422 synodo
1465 2352 1549 2400 est
1563 2342 1864 2409 decretum,
1882 2359 1949 2400 ne
1967 2345 2224 2415 suspecti,

625 2442 721 2489 aut
771 2433 1002 2489 infames
1046 2433 1246 2503 (Hadr.
1305 2436 1420 2506 xv),
1465 2446 1559 2490 aut
1605 2437 1906 2505 critninosi,
1960 2446 2051 2492 aut
2104 2453 2227 2508 gra-

628 2528 749 2583 tiosi
775 2529 881 2599 (2),
899 2527 988 2586 vel
1021 2530 1440 2587 calumniatores
1458 2575 1472 2598 ,
1494 2531 1577 2586 vel
1612 2532 1824 2599 affines,
1845 2533 2103 2588 autfacile
2121 2533 2227 2588 liti-

625 2631 814 2694 gantes
841 2624 1205 2692 suspiciantnr
1229 2635 1607 2692 accusatores,
1635 2627 1728 2681 sed
1760 2626 1924 2690 tales,
1957 2626 2046 2696 qui
2079 2626 2225 2680 omni

625 2727 847 2771 careant
875 2719 1207 2787 suspicione,
1232 2720 1356 2790 quia
1384 2719 1664 2774 columnas
1689 2733 1814 2774 suas
1847 2719 2106 2774 Dominus
2132 2719 2226 2775 lir-

626 2807 789 2865 miter
817 2818 962 2866 stare
991 2810 1180 2878 voluit,
1217 2827 1314 2867 nec
1340 2829 1368 2865 a
1396 2813 1824 2883 quibuscumque
1849 2814 2063 2884 agitari.

1298 2904 1537 2960 XXXIV.

698 2993 958 3051 Similiter
983 2997 1170 3052 statuit
1209 2998 1428 3069 przefata
1465 2998 1732 3070 synodus,
1762 3009 1819 3053 ut
1861 2999 2065 3055 nullum
2102 3016 2226 3056 sen-

631 3089 829 3153 tentia,
859 3088 961 3143 nisi
991 3105 1019 3143 a
1063 3105 1163 3145 suo
1188 3091 1368 3160 judice
1398 3092 1576 3158 dicta,
1621 3094 1974 3164 conStringat.
2007 3093 2224 3151 Judices

2332 1879 2524 1925 nantes
2551 1886 2646 1927 eos
2677 1886 2811 1942 quos
2851 1888 2957 1927 non
2992 1874 3292 1930 debuistis?
3315 1875 3491 1945 Quare
3518 1877 3754 1946 judicastis
3774 1892 3834 1931 eos

2331 1978 2466 2034 quos
2523 1980 2628 2017 non
2675 1963 2994 2035 regulariter
3044 1967 3421 2037 approbastis?
3456 1967 3565 2024 Non
3591 1970 3834 2023 observastis

2331 2055 2536 2127 (Anast.
2563 2055 2610 2111 II
2641 2073 2794 2128 papa,
2843 2057 2895 2110 in
2933 2074 3016 2126 ep.
3046 2059 3114 2112 ad
3138 2059 3321 2114 Anast.
3355 2060 3514 2132 Aug.,
3535 2076 3578 2114 c.
3609 2059 3662 2131 2)
3677 2059 3782 2131 quod
3801 2061 3835 2114 in

2331 2147 2645 2218 Regnorum
2687 2147 2824 2204 libro
2855 2150 3118 2220 scriptum
3147 2161 3232 2206 est
3260 2170 3274 2206 :
3308 2151 3456 2220 Non,
3498 2152 3718 2222 quomodo
3747 2152 3835 2204 ridet

2331 2243 2501 2306 homo,
2523 2243 2653 2296 videt
2681 2241 2850 2298 Deus:
2875 2244 2997 2314 quia
3019 2244 3171 2299 Itomo
3187 2245 3319 2299 videt
3343 2247 3395 2300 in
3415 2247 3562 2318 facie,
3583 2244 3702 2300 Deus
3723 2254 3838 2298 autem

2329 2335 2382 2389 in
2429 2335 2580 2389 corde
2625 2337 2754 2390 videt
2790 2335 2846 2405 (I
2887 2336 3013 2407 Reg.
3043 2338 3182 2408 χιιι).
3220 2338 3288 2393 Ει
3330 2340 3385 2393 in
3442 2339 3835 2409 Paralipomenon;

2333 2428 2519 2483 Omnia
2549 2429 2708 2484 corda
2749 2440 3012 2484 scrutatur
3031 2429 3173 2486 Deus
3194 2473 3208 2497 ,
3239 2441 3284 2487 et
3335 2449 3532 2488 onmem
3567 2432 3837 2504 cogitationem

2329 2524 2465 2578 novit
2511 2522 2589 2597 (ll
2621 2523 2745 2579 Par.
2799 2526 3010 2594 xxvm).
3060 2525 3129 2579 Et
3171 2525 3296 2580 alibi
3339 2525 3594 2597 scriptum
3628 2520 3837 2581 estzlt'ott

2327 2626 2491 2690 potest
2531 2618 2754 2672 humano
2781 2619 3110 2672 condemnari
3137 2619 3371 2673 examine
3388 2635 3532 2690 quem
3553 2615 3676 2672 Deus
3691 2631 3762 2670 suo
3786 2631 3838 2668 rt-

2328 2713 2754 2784 sert'avitjttdicio
2776 2710 2972 2786 (Hadr.
2999 2729 3044 2767 c.
3076 2709 3191 2782 55).
3222 2713 3350 2768 Ilzec
3375 2715 3549 2769 omnia
3577 2724 3840 2780 summopere

2331 2804 2680 2873 praecavenda
2715 2815 2874 2867 sunt,
2917 2820 3014 2859 nec
3055 2805 3327 2860 accusatio
3369 2809 3716 2877 episcoporum
3739 2802 3841 2857 facile

2328 2909 2411 2953 est
2431 2898 2762 2968 recipienda,
2783 2898 2999 2954 dicente
3026 2900 3253 2954 Domino
3285 2917 3298 2952 :
3331 2899 3456 2954 Non
3477 2900 3700 2970 suscipias
3725 2911 3841 2951 cotem

2329 2992 2581 3046 mendacii
2619 2990 2816 3064 (Exod.
2866 2992 3039 3063 χχιιι).
3071 2991 3139 3046 Ει
3161 2993 3457 3063 Apostolus
3493 2993 3679 3064 inquit:
3707 2988 3841 3044 Adm-

2326 3101 2414 3140 sus
2445 3084 2788 3156 presbyterum
2810 3085 3191 3156 inscriptionem
3218 3103 3322 3140 non
3350 3087 3693 3160 recipiendam,
3714 3083 3842 3152 absque

625 3193 806 3237 autem
829 3183 920 3238 alii
947 3185 1025 3257 (1,
1059 3197 1240 3256 (μιωδι,
1266 3187 1319 3252 ί,
1349 3186 1561 3241 ludi“;
1591 3197 1760 3241 αιιιειη
1799 3187 1914 3259 alii)
1957 3203 2080 3246 esse
2117 3206 2225 3245 non
2254 3179 2299 3241 C
2333 3179 2530 3232 duobus
2552 3179 2628 3233 vel
2656 3179 2813 3234 tribus
2836 3180 3031 3234 idoneis
3053 3179 3260 3234 testibus
3287 3180 3345 3253 (I
3374 3180 3594 3236 Timotlt.
3618 3187 3686 3254 v).
3706 3179 3748 3235 Si
3765 3178 3840 3232 hac

626 3273 856 3339 debent,
899 3293 1056 3347 quam
1086 3295 1222 3350 quos
1255 3281 1369 3350 ipse
1402 3280 1491 3350 qui
1540 3281 1814 3352 impetitur
1851 3283 2075 3354 elegerit
2118 3282 2220 3355 (5),

627 3377 719 3422 aut
747 3384 882 3439 quos
910 3383 1009 3424 suo
1051 3386 1171 3426 cum
1208 3387 1476 3428 consensu
1515 3374 1630 3429 ha-c
1666 3385 1850 3430 sancta
1897 3376 2088 3442 sedes,
2133 3388 2226 3431 aut

626 3461 747 3532 ejus
781 3464 1040 3533 primates
1066 3468 1388 3523 auctoritate
1418 3468 1576 3538 hujus
1602 3481 1801 3524 sanctae
1837 3469 1981 3524 sedis
2009 3471 2224 3542 delega-

626 3558 820 3616 verint.
857 3558 935 3614 Ex
965 3560 1050 3615 Itis
1077 3561 1220 3616 enim
1265 3573 1319 3619 et
1347 3563 1470 3619 aliis
1499 3580 1621 3635 qua:
1665 3575 1771 3619 tam
1802 3564 1856 3618 in
1901 3563 2002 3620 hac
2038 3577 2222 3620 sancta

625 3652 756 3708 sede
779 3669 937 3723 quam
979 3666 1031 3709 et
1067 3655 1134 3710 ab
1177 3657 1437 3727 apostolis
1475 3672 1772 3728 eorumque
1819 3658 2224 3714 successoribus

625 3753 754 3799 sunt
793 3755 1022 3814 statuta,
1069 3747 1203 3802 nihil
1243 3748 1480 3819 prtefatis
1521 3749 1791 3818 episcopis
1838 3751 2182 3806 concessistis
2207 3791 2221 3815 ,

623 3838 720 3894 sed
744 3838 852 3893 vim
883 3840 962 3895 eis
993 3839 1320 3906 inferentes,
1355 3842 1661 3914 injusteque
1683 3842 1765 3915 (ιιι
1800 3857 2050 3913 superius
2076 3858 2226 3898 com-

625 3942 977 3988 memoratum
999 3934 1102 4006 est)
1131 3950 1225 3990 eos
1254 3935 1592 3998 datnnantes,
1622 3937 1835 4007 aliquos
1859 3935 2111 3992 absentes
2131 3952 2223 3992 ex-

625 4023 860 4096 pulistis,
878 4026 1020 4096 quod
1042 4027 1190 4082 omni
1212 4028 1518 4084 christiana:
1539 4030 1783 4101 religioni
1815 4040 1899 4086 est
1921 4030 2218 4086 inimicum.

627 4119 684 4175 In
731 4121 924 4191 quibus
967 4130 1213 4192 apparet,
1245 4123 1386 4188 quod
1420 4139 1519 4179 nec
1563 4124 1790 4179 Domino
1833 4138 1928 4179 sua
1968 4125 2224 4180 servastis

621 4212 777 4284 jura,
805 4228 904 4269 nec
942 4213 1069 4270 huic
1112 4211 1310 4270 sancta:
1337 4215 1494 4270 matri
1517 4231 1571 4272 et
1599 4217 1914 4288 apostolicae
1943 4217 2221 4283 Ecclesia},

623 4324 744 4380 qum
771 4307 853 4381 (ιιι
877 4311 1249 4381 prtescriptum
1291 4312 1396 4382 est)
1428 4326 1524 4367 eos
1563 4327 1662 4366 suo
1697 4312 1932 4383 judicio,
1963 4322 2056 4367 aut
2098 4312 2224 4369 huic

621 4401 739 4459 sedi
762 4403 930 4458 voluit
962 4405 1248 4468 reservari,
1275 4420 1343 4460 ne
1369 4420 1398 4459 a
1424 4413 1529 4458 tarn
1556 4407 1733 4474 pravis
1754 4403 1918 4479 (sicut
1943 4405 2102 4476 estis)
2128 4408 2224 4460 Ιιο-

622 4495 858 4552 minibus
883 4496 1272 4554 damnarentur
1291 4507 1383 4554 aut
1409 4498 1756 4568 ejicerentur,
1782 4501 1833 4554 in
1863 4498 1945 4554 his
1970 4500 2221 4556 omnibus

2328 3272 2396 3328 de
2421 3273 2750 3345 presbyteris
2778 3273 2861 3327 vel
2892 3274 3104 3329 caeteris
3128 3275 3380 3329 lidelibus
3406 3286 3531 3330 sunt
3555 3272 3841 3345 prtecavettda,

2328 3376 2530 3438 quanto
2563 3369 2733 3440 magis
2773 3367 2842 3424 de
2883 3369 3188 3440 episcopis?
3217 3369 3430 3438 Quibus
3467 3370 3696 3441 cognitis,
3729 3363 3844 3435 magis

2329 3459 2416 3534 (S.
2447 3461 2572 3528 Leo,
2606 3478 2686 3533 ep.
2718 3462 2806 3526 8i,
2843 3479 2890 3516 c.
2922 3462 2961 3534 ι)
2992 3477 3086 3517 vos
3113 3462 3385 3518 dominari
3413 3463 3550 3520 velle
3585 3459 3842 3517 manifestum

2327 3565 2432 3622 est,
2474 3571 2633 3626 quam
2675 3555 2961 3610 consulere
3012 3555 3303 3624 fratribus,
3339 3569 3436 3612 aut
3475 3566 3743 3612 sustentare
3767 3565 3841 3612 eos,

2329 3652 2453 3722 quia
2496 3651 2670 3706 honor
2710 3649 2861 3706 inflat
2895 3650 2959 3705 ad
3000 3651 3309 3720 superbiam
3342 3661 3438 3708 :et
3467 3653 3603 3724 quod
3640 3650 3839 3722 provisum

2329 3757 2408 3799 est
2457 3744 2522 3798 ad
2553 3745 2918 3810 concordiam,
2949 3745 3120 3800 tendit
3141 3745 3207 3799 ad
3228 3762 3451 3800 noxam.
3486 3746 3723 3802 Decuerat
3745 3754 3843 3796 nunt-

2331 3855 2436 3910 que
2478 3855 2571 3895 vos
2605 3842 2756 3910 juxta
2797 3840 3047 3911 prtefatas
3091 3841 3304 3911 regulas
3327 3883 3340 3906 ,
3383 3843 3430 3897 si
3464 3841 3653 3912 aliquid
3677 3837 3844 3907 egissent

2330 3944 2514 3990 contra
2549 3951 2705 3989 suum
2745 3935 3025 4000 ordinem,
3052 3935 3310 3991 mandare
3336 3935 3494 3990 nobis
3516 3977 3531 4004 ,
3563 3942 3614 3990 et
3635 3939 3842 4002 expeaare

2331 4029 2457 4102 quid
2489 4029 2553 4084 ad
2587 4041 2760 4085 vestra
2791 4029 3032 4084 consulta
3064 4029 3516 4096 rescriberemus,
3555 4034 3774 4085 intantnm
3795 4028 3842 4078 ut.

2329 4123 2372 4177 si
2398 4123 2559 4177 etiam
2603 4123 2892 4194 quidquam
2928 4138 3092 4191 grave
3134 4123 3644 4193 intolerandumque
3669 4112 3844 4176 commit-

2331 4225 2535 4280 terent,
2582 4229 2762 4272 nostra
2797 4217 3203 4286 prasstolaretur
3230 4232 3487 4272 censura.
3524 4217 3587 4271 Et
3611 4213 3719 4269 nihil
3745 4208 3842 4281 prius

2328 4320 2419 4363 aut
2445 4308 2589 4363 aliud
2611 4309 2999 4376 decerneretis,
3029 4325 3188 4381 quam
3215 4310 3361 4381 quod
3396 4311 3554 4366 nobis
3593 4309 3766 4380 placere
3783 4315 3844 4356 c0-

2327 4405 2672 4474 gnovissetis,
2706 4406 2774 4458 ita
2807 4414 2866 4458 ut
2901 4421 2930 4458 a
2969 4405 3168 4475 regulis
3201 4405 3522 4475 prmstitutis
3557 4405 3683 4460 nulla
3701 4409 3845 4454 autne—

2327 4497 2605 4569 gligenlia,
2635 4512 2726 4552 aut
2747 4499 3168 4569 praesumptione
3209 4499 3560 4555 recederetis.
3589 4498 3747 4555 Cesset
3767 4489 3847 4562 (30‘

623 4603 720 4644 vos
741 4591 936 4645 stultos
957 4600 1010 4646 et
1039 4593 1487 4661 przevaricatores
1514 4591 1933 4664 Evangeliorum
1971 4603 2024 4649 et
2053 4609 2217 4650 cano-
2249 4579 2302 4640 D
2329 4590 2577 4661 ηἱῙαεὶιιδ,
2601 4608 2682 4663 ep-
2710 4591 2762 4662 5)
2796 4591 3104 4661 huiusmodi
3148 4607 3334 4662 pressa
3383 4604 3571 4648 nostra
3606 4586 3844 4645 auctoritate

623 4697 748 4738 num
773 4699 914 4751 esse,
947 4685 1078 4739 nulli
1106 4701 1238 4741 sane
1264 4686 1588 4757 sapientnnn
1615 4696 1700 4742 est
1724 4685 2124 4742 absconditum.

1312 4801 1529 4856 XXXV.

695 4891 804 4947 Nec
825 4891 910 4949 bis
935 4896 1174 4950 contenti
1199 4897 1249 4950 in
1278 4907 1459 4952 Vestra
1487 4899 1618 4953 estis
1661 4897 2108 4968 praevaricatione
2139 4898 2218 4971 (2,

623 5003 676 5056 q.
700 4987 760 5050 ‘2,
789 4984 984 5041 Nullus
1006 4998 1167 5057 potest
1203 4989 1515 5062 convocari),
1547 4989 1642 5046 sed
1674 4991 1858 5055 etiam,
1890 4991 2033 5061 quod
2076 4992 2224 5060 prius

623 5079 878 5150 expulsos
908 5096 1022 5148 eos,
1047 5092 1100 5137 et
1127 5083 1241 5136 suis
1264 5083 1564 5152 expoliatos
1583 5084 1768 5150 rebus,
1795 5085 1948 5154 quasi
1986 5084 2222 5140 vocastis

623 5185 784 5246 atque
800 5173 1119 5245 damnastis,
1139 5192 1259 5232 cum
1278 5179 1452 5231 nullus
1470 5178 1786 5248 regulariter
1805 5188 1897 5234 aut
1912 5178 2098 5233 vocari
2125 5186 2220 5234 aut

619 5267 846 5341 jndicari
867 5270 1065 5341 possit,
1085 5279 1372 5340 antequam
1392 5271 1463 5325 sit
1501 5270 1824 5341 regulariter
1851 5271 2151 5337 restitutus,
2167 5281 2220 5328 et

697 5451 967 5523 (I)Hadr.
1021 5451 1095 5506 24
1124 5467 1306 5523 papae,
1335 5467 1400 5506 ex
1439 5449 1628 5523 Const.
1655 5467 1692 5516 ι,
1721 5452 1805 5506 tit.
1844 5453 1927 5515 18,
1964 5452 2000 5507 l.
2033 5469 2070 5508 tt
2097 5453 2223 5509 cod.

635 5522 842 5580 Theod.
874 5541 994 5579 cum
1024 5522 1250 5593 interpr.
1277 5522 1489 5578 Aniani.
1520 5523 1574 5578 ln
1606 5523 1812 5579 tlecret.
1844 5523 1934 5580 Ivo
1957 5525 2049 5579 lib.
2075 5541 2147 5580 tv.

698 5597 776 5679 (ξ)
806 5595 861 5651 Id
892 5607 995 5664 est,
1024 5595 1339 5660 adulatores,
1373 5604 1430 5648 ut
1465 5595 1687 5666 exponit
1711 5595 1892 5664 glossa
1925 5597 1975 5650 in
2004 5596 2226 5666 pra-fato

625 5679 978 5812 caggflladr.
1003 5739 1093 5804 57,
1117 5756 1181 5794 ex
1203 5741 1316 5795 cod.
1333 5739 1530 5796 Tlteod.
1553 5738 1645 5796 lib.
1672 5754 1746 5806 Iv,
1764 5740 1847 5795 tit.
1863 5735 1954 5805 I6,
1976 5750 2149 5797 const.
2169 5741 2226 5812 2,

631 5810 770 5881 apud
801 5809 962 5880 Grcg.
995 5827 1084 5880 ep.
1117 5812 1188 5867 56
1217 5813 1332 5868 libri
1362 5829 1435 5866 xu.

2327 4683 2712 4753 praesumptio,
2755 4683 2990 4738 vitentur
3038 4684 3344 4755 hujusmodi
3396 4694 3730 4744 nocumenta;
3767 4673 3844 4747 quia

2325 4790 2663 4846 nequaquam
2704 4775 2825 4830 talia
2858 4776 3124 4846 patienter
3151 4778 3292 4832 ferre
3335 4791 3622 4848 possumus
3652 4769 3846 4828 inachaia-

2327 4879 2507 4924 menta
2554 4869 2808 4939 quoniam
2850 4872 3102 4924 convenit
3140 4886 3240 4926 nos
3300 4879 3642 4941 paternarum
3685 4858 3845 4920 sanatio-

2324 4978 2452 5018 num
2497 4963 2783 5033 diligentes
2830 4978 2953 5019 esse
2995 4964 3271 5020 custodes.
3315 4963 3513 5019 Merito
3553 4962 3650 5032 (S.
3687 4957 3843 5013 Celata

2327 5076 2408 5132 ep.
2427 5058 2480 5130 t)
2505 5072 2737 5130 namque
2768 5073 2866 5115 nos
2891 5073 3052 5114 causa
3074 5059 3314 5130 respicit,
3339 5059 3387 5114 si
3414 5059 3625 5116 silentio
3651 5055 3844 5111 faveamus

2328 5153 2526 5210 errori.

3011 5235 3258 5302 XXXVI.

2401 5343 2499 5400 Est
2534 5342 2820 5413 insuperin
2856 5342 3106 5412 praedicta
3134 5351 3318 5398 sancta
3362 5341 3579 5398 Niczena
3607 5334 3772 5412 synodo
3791 5329 3837 5399 (1.

2330 5455 2420 5511 qu.
2447 5439 2501 5503 7,
2536 5436 2603 5490 In
2627 5445 2804 5490 sancta
2835 5435 3076 5508 Nicwna)
3099 5445 3356 5491 statutum
3381 5477 3398 5502 ,
3433 5447 3492 5492 ut
3521 5449 3666 5492 nemo
3693 5423 3841 5486 anathe-

2333 5548 2419 5588 ma
2445 5531 2496 5586 in
2522 5541 2702 5584 nostra
2730 5529 3058 5598 suscipiatur
3076 5531 3427 5586 accusatione
3451 5551 3464 5584 :
3496 5545 3592 5585 nec
3613 5528 3678 5583 illi
3698 5523 3763 5593 qui
3785 5530 3842 5570 nos

2335 5625 2390 5682 in
2419 5639 2514 5680 sua
2547 5623 2736 5678 nolunt
2765 5622 3007 5694 recipere
3029 5624 3250 5694 querela
3284 5623 3364 5678 vel
3399 5621 3745 5678 accusatione.
3765 5621 3839 5664 0"“

2337 5733 2439 5773 nos
2466 5732 2630 5787 super
2653 5715 2772 5770 illos
2797 5715 3033 5772 sciamus
3052 5731 3082 5771 a
3105 5716 3330 5772 Domino
3356 5717 3688 5777 constitutos,
3711 5722 3785 5763 non
3805 5701 3841 5750 il'

2333 5813 2416 5868 los
2449 5825 2612 5881 super
2633 5824 2751 5864 nos.
2785 5807 2857 5864 Et
2875 5809 3017 5868 sicut
3043 5807 3240 5881 (ϐείω.
3271 5809 3332 5863 de
3381 5810 3587 5868 uinculo
3623 5806 3840 5863 attollim-
