4046 6302
219 210 329 280 993

678 205 1090 276 VlCTORlNUS
1126 212 1217 277 ET
1255 209 1599 276 CANDIDUS
1638 214 1960 278 ARIANUS.
2032 215 2119 276 DE
2158 214 2528 279 VICTORINO
2564 215 2752 280 ΑἰτΠο
2791 215 3092 282 NOTI‘I'IA.

3417 217 3524 283 904

223 329 310 395 lis)
343 328 515 398 major
545 342 652 385 non
676 340 855 400 potest
880 348 910 387 a
940 331 1134 388 minori
1163 332 1416 403 judicari,
1446 333 1515 389 ita
1539 346 1640 389 nec
1669 333 1824 388 colli-
1848 345 1898 404 Α
1927 331 2045 387 fulti
2076 332 2278 388 auxilio
2306 333 2373 387 ab
2403 333 2652 388 omnibus
2681 347 2823 386 nunc
2849 340 2904 386 et
2933 330 2984 385 in
3017 335 3337 402 perpetuum
3369 337 3524 384 tuea-

219 418 335 490 gari
367 437 382 473 :
416 420 538 491 quia
588 437 772 478 rarum
806 423 972 494 (Zos.
1017 441 1134 494 cap.
1175 426 1235 490 1,
1269 442 1350 494 ep.
1387 426 1408 480 1
1439 424 1458 496 )
1505 435 1588 480 cst
1621 439 1820 491 omne,

219 512 364 581 quod
395 528 646 585 maguum
670 526 772 569 est.
798 515 1084 572 Portamus
1111 531 1277 572 onera
1304 518 1544 573 omnium
1573 517 1822 587 (Siricius

222 619 305 676 ep.
343 606 396 669 1)
424 606 514 676 qui
562 617 872 675 gravantur,
905 609 1148 679 quinimo
1192 609 1308 665 hzcc
1353 619 1531 682 portat
1581 611 1633 664 in
1667 610 1823 665 nobis

219 699 414 755 beatus
441 699 723 770 apostolus
768 701 987 768 Petrus,
1023 702 1178 772 cujus
1215 703 1332 759 vice
1364 702 1634 774 fungimur
1674 704 1820 772 lega-

223 793 406 865 (ione,
438 803 495 849 et
539 793 694 864 cujus
738 795 923 867 regula
973 795 1346 864 inlormamur,
1398 806 1664 869 quatenus
1703 795 1820 867 ejus

1928 441 2045 480 mur
2079 425 2345 481 adversis.
2397 425 2526 480 Data
2558 424 2814 480 Kalendis
2845 424 3168 480 Novembris
3192 463 3206 488 ,
3252 421 3525 479 Feliciano

1926 529 1982 577 et
2011 522 2092 593 (1)
2121 521 2445 576 Maximiano
2473 521 2604 577 viris
2630 519 2947 576 clarissimis
2976 517 3307 576 consulibus.

2000 723 2079 796 (l)
2107 722 2322 796 Titiano
2347 723 2727 793 corrigendum
2759 722 2826 779 ad
2857 737 3031 795 eoque
3058 735 3201 778 anno
3227 721 3356 790 ‘257,
3391 718 3533 777 unde

1929 795 2075 866 patet
2104 796 2261 851 dolus
2291 795 2644 851 iabricatoris.

228 925 1982 964 rm

1366 937 3497 943 wm

1403 1056 1542 1098 ANNO
1592 1056 1777 1097 DOMIN!
1831 1055 1927 1098 CCC
1935 1055 2321 1100 LXII—CCCLXX
2331 1056 2386 1095 11.

303 1177 504 1345 C.
586 1179 798 1339 F.
895 1058 3458 1342 ΜΑιέῗθὲἓωῖῗῖῗῖΤθιὶιΝυδ

821 1576 1224 1727 CAN
1243 1576 1822 1726 DIDUE

1993 1577 2607 1723 ARIAN
2625 1580 2931 1730 US.

594 1763 881 1836 (Galland.
929 1761 1066 1818 Bibl.
1121 1779 1172 1834 p.
1217 1777 1452 1827 vit-1x;
1500 1761 1639 1830 155,
1689 1762 1822 1828 199;

1930 1761 2005 1818 ἀὶἱ
2049 1762 2184 1817 Coll.
2235 1771 2273 1816 t.
2324 1778 2421 1829 ιιι,
2475 1775 2607 1834 part.
2658 1780 2734 1833 tt,
2779 1783 2832 1836 ρ.
2887 1765 3155 1839 1-165.)

1413 1951 2352 2042 PROLEGOMENA.

881 2074 1158 2133 NOTITIA

718 2186 786 2227 DE
828 2183 1121 2226 VICTORINO
1159 2183 1317 2224 AFRO.

289 2269 331 2325 ῐ.
366 2268 426 2325 C.
458 2265 655 2322 Fabius
683 2264 882 2320 Marius
914 2262 1220 2318 Victorinus
1247 2259 1307 2315 V.
1335 2257 1397 2315 C.
1429 2258 1645 2314 natione
1669 2255 1820 2322 Afer,

215 2372 358 2420 teste
395 2369 584 2418 sancto
627 2359 953 2429 Hieronymo
994 2356 1102 2426 (1),
1135 2355 1324 2410 Roma:
1362 2352 1464 2408 sub
1503 2349 1821 2407 Constantio

212 2457 464 2528 principe
491 2453 818 2510 rhetoricam
851 2449 1066 2516 docuit,
1101 2458 1155 2502 et
1185 2447 1237 2502 in
1269 2455 1508 2502 extrema
1540 2451 1822 2500 senectute

211 2551 419 2608 Christi
461 2549 621 2605 tidem
662 2545 930 2616 suscepit:
973 2542 1118 2615 quod
1149 2542 1364 2614 quidem
1398 2540 1539 2596 haud
1570 2539 1660 2594 diu
1691 2547 1818 2593 ante

212 2661 421 2702 annum
463 2657 711 2709 ceeLxu,
743 2657 850 2710 quo
880 2638 1129 2694 Julianus
1157 2644 1402 2706 aposmta
1436 2650 1614 2691 rerum
1647 2633 1818 2706 potic-

214 2741 400 2806 batur,
432 2738 723 2808 contigisse
762 2733 995 2790 videtur.
1039 2733 1271 2788 Sanctus
1307 2729 1453 2786 enim
1493 2727 1822 2798 Augustinus

213 2834 390 2890 Deum
420 2831 734 2902 alloquens,
766 2827 835 2883 de
867 2825 1144 2881 Victorino
1175 2823 1291 2879 haec
1321 2821 1484 2877 habet
1512 2820 1623 2894 (2):
1664 2839 1682 2872 ‹
1718 2818 1823 2873 lm-

215 2925 485 3000 peratoris
514 2923 714 2980 Juliani
745 2917 1078 2990 temporibus
1111 2917 1229 2989 lege
1259 2915 1382 2970 data
1411 2913 1670 2986 prohibiti
1697 2921 1824 2968 sunt

213 3017 509 3076 Christiani
548 3015 744 3071 docere
781 3012 1141 3067 litteraturam
1182 3017 1236 3062 et
1273 3007 1605 3063 oratoriam:
1658 3020 1820 3076 quam

217 3114 396 3185 legem
435 3111 524 3167 ille
563 3104 945 3182 (Victorinus)
989 3103 1306 3174 amplexus,
1341 3102 1620 3173 loquacem
1661 3099 1822 3154 scho-

214 3207 329 3262 lam
369 3204 621 3260 desererc
660 3199 883 3260 maluit,
924 3213 1085 3268 quam
1115 3196 1340 3251 verbum
1385 3206 1531 3250 tuum
1571 3209 1678 3264 quo
1716 3193 1822 3247 lin-

213 3318 356 3375 guas
377 3300 654 3357 infantium
680 3295 1070 3352 facisdiscrtas.
1086 3311 1104 3345 ι
1126 3291 1309 3362 Magna
1326 3305 1487 3361 porro
1505 3289 1823 3360 eloquentia:

214 3393 381 3451 laude
417 3409 479 3448 ac
506 3391 909 3461 disciplinarum
943 3385 1122 3440 studio
1153 3384 1325 3452 ipsum
1355 3382 1493 3439 adeo
1523 3382 1783 3438 claruisse
1805 3423 1819 3448 ,

1849 2077 1899 2138 B
1926 2085 2052 2124 num
2081 2071 2283 2148 Christi
2309 2090 2509 2144 eeeLx,
2539 2085 2631 2132 aut
2656 2093 2842 2135 eeein
2868 2090 3147 2152 superstes
3173 2080 3332 2138 fuerit
3360 2090 3539 2140 tantus

1925 2165 2027 2233 vir,
2058 2181 2165 2223 non
2190 2179 2274 2224 est
2300 2169 2438 2226 adeo
2463 2173 2845 2243 exploratum,
2869 2186 2929 2230 ut
2954 2176 3244 2248 quidquam
3271 2180 3402 2234 certi
3429 2187 3539 2234 sta-

1925 2261 1998 2316 tui
2031 2263 2222 2333 possit.
2265 2263 2464 2320 Verum
2492 2269 2536 2321 si
2568 2269 2920 2326 attendantur
2947 2271 3062 2342 ejus
3093 2271 3390 2328 litterarum
3422 2288 3541 2330 mo-

1924 2356 2164 2413 nimenta
2197 2376 2318 2432 quae
2345 2373 2642 2432 superant,
2671 2379 2794 2419 cum
2825 2377 3016 2421 contra
3056 2365 3384 2424 Manichmos
3426 2378 3538 2425 tum

1925 2447 2189 2505 adversus
2219 2451 2450 2509 Arianos
2480 2465 2698 2510 exarata
2719 2497 2734 2522 ,
2764 2473 2862 2513 nec
2895 2473 3000 2513 non
3030 2461 3451 2515 commentarios
3481 2460 3537 2518 iit

1921 2539 2245 2613 Apostolum
2277 2560 2415 2617 quos
2448 2559 2716 2604 memorat
2753 2561 2808 2605 et
2849 2551 2979 2622 legit
3017 2562 3237 2608 sanctus
3275 2553 3541 2627 Hierony-

1925 2651 2046 2692 mus
2081 2638 2157 2710 (1)
2178 2679 2194 2706 ,
2228 2655 2472 2712 quosque
2500 2643 2794 2700 etiamnum
2825 2647 3146 2704 delitescere
3168 2665 3297 2705 mss.
3324 2651 3377 2706 in
3426 2650 3534 2707 He-

1923 2731 2195 2788 rivallensi
2217 2734 2405 2792 codice
2431 2747 2660 2795 testatur
2681 2740 3004 2798 Sirmondus
3030 2743 3109 2816 (2)
3129 2761 3142 2799 :
3166 2744 3293 2802 hinc
3319 2747 3537 2803 demum

1920 2824 2044 2895 jure
2089 2826 2339 2899 enlligas,
2371 2828 2712 2888 Victorinum
2733 2874 2750 2903 ,
2781 2850 2967 2890 senem
3009 2836 3136 2893 licet
3163 2837 3230 2892 ad
3262 2837 3538 2895 Christum

1921 2932 2274 2988 conversum,
2309 2937 2483 2993 neque
2513 2925 2657 2982 vires
2697 2942 2872 2999 neque
2914 2928 3191 3001 ingenium
3229 2930 3536 3002 defecisse,

1922 3009 2168 3082 adeoque
2197 3023 2324 3084 post
2350 3030 2551 3071 annum
2577 3033 2775 3086 eccex,
2804 3029 2896 3076 aut
2923 3021 3296 3094 insequentem
3337 3025 3540 3082 diutius

1929 3104 2106 3161 adhuc
2134 3107 2185 3160 in
2218 3108 2322 3162 vita
2351 3108 2546 3177 fuisse,
2577 3128 2684 3182 quo
2708 3113 3019 3170 christianis
3057 3117 3323 3189 dogmatis
3351 3120 3539 3176 addis-

1923 3199 2111 3255 cendis
2139 3201 2328 3258 sedqu
2370 3204 2725 3276 incumbens,
2769 3224 2865 3279 pro
2905 3209 3010 3266 llde
3055 3227 3119 3268 ac
3158 3213 3422 3286 religione
3453 3224 3532 3273 tot

1921 3307 1987 3349 ac
2019 3303 2161 3350 tanta
2197 3297 2580 3366 perscriberet.
2615 3300 2672 3356 In
2707 3300 2847 3358 hanc
2887 3314 3066 3360 autem
3105 3309 3430 3364 sententiam
3470 3323 3538 3366 eo

1925 3386 1977 3440 in
2012 3387 2200 3457 primis
2231 3389 2492 3458 adducor,
2526 3393 2670 3464 quod
2725 3394 2866 3451 idem
2915 3409 3135 3454 sanctus
3177 3399 3538 3474 Hieronymus

215 3499 280 3544 ut
310 3496 538 3542 statuam
573 3487 624 3539 in
656 3485 772 3537 loro
797 3478 1014 3550 Trajani
1045 3478 1343 3544 meruerit;
1372 3483 1599 3532 testatur
1625 3475 1821 3530 Doctor
1845 3484 1890 3548 (ζ
1923 3483 2227 3555 apologiam
2268 3497 2568 3543 contexens
2609 3504 2706 3560 pro
2744 3491 2858 3545 suis
2897 3491 3050 3549 libris
3089 3493 3348 3551 adversus
3386 3496 3538 3553 Jovi-

215 3583 488 3640 maximus
529 3578 628 3653 (5).
671 3578 786 3647 Qua
825 3575 893 3631 dc
931 3590 990 3631 re
1033 3575 1196 3630 Deum
1227 3573 1422 3628 iterum
1453 3572 1819 3642 alloquentcm

213 3677 578 3749 Augustinum
610 3673 794 3728 audire
823 3679 1039 3742 praestat
1060 3667 1138 3741 (1)
1160 3685 1172 3721 :
1198 3667 1355 3734 «Ille,
1388 3667 1592 3737 inquit,
1624 3665 1824 3720 doetis-

215 3773 394 3829 sirnus
419 3784 579 3826 senex
601 3807 616 3836 ,
647 3777 700 3822 et
728 3764 968 3820 omnium
995 3761 1360 3818 doctrinarum
1393 3758 1693 3815 liberalium
1723 3773 1820 3828 pe-

216 3866 546 3932 ritissimus,
588 3863 784 3934 quippe
815 3856 1253 3930 philosophorum
1287 3864 1394 3910 tam
1427 3853 1589 3908 multa
1623 3853 1825 3923 legerat

219 3971 284 4018 et
314 3958 703 4032 dijudicaverat
731 3963 783 4009 et
812 3952 1228 4018 dilueidavcrat,
1261 3947 1450 4004 doctor
1468 3955 1544 4002 tot
1566 3945 1820 4001 nobilium

216 4063 568 4118 senatorum,
599 4049 690 4120 qui
721 4047 883 4104 etiam
915 4046 984 4101 ob
1011 4043 1221 4114 insigne
1251 4039 1493 4114 praeclari
1525 4037 1823 4113 magisterii

216 4156 460 4208 statuam
492 4146 545 4200 in
577 4143 820 4198 Romano
850 4139 968 4196 foro
999 4146 1270 4194 meruerat
1299 4144 1354 4191 et
1378 4143 1692 4205 acceperat,
1728 4149 1823 4188 us-

215 4257 334 4316 que
357 4240 422 4295 ad
448 4239 591 4294 illam
617 4246 830 4292 aetatem
857 4240 1146 4290 venerator
1172 4230 1437 4285 idolorum
1456 4243 1666 4284 ....non
1693 4243 1822 4282 cru-

217 4336 345 4394 buit
373 4347 495 4390 esse
525 4347 658 4403 puer
688 4327 886 4385 Christi
913 4327 1020 4394 tui,
1062 4337 1116 4382 et
1146 4323 1322 4380 infans
1355 4323 1518 4379 fontis
1554 4322 1660 4390 tui,
1692 4320 1822 4377 sub-

215 4434 371 4504 jecto
399 4427 540 4484 collo
568 4425 633 4480 ad
668 4423 986 4479 humilitatis
1020 4422 1242 4491 jugum,
1283 4427 1337 4475 et
1374 4417 1608 4474 edomita
1649 4415 1826 4471 fronte

219 4527 295 4584 ad
330 4523 504 4581 crucis
531 4519 901 4592 opprobrium.
929 4537 948 4571 ι
975 4514 1361 4586 Nonnullisque
1382 4510 1678 4583 interjemis
1722 4511 1823 4566 ista

218 4619 413 4680 subdit
450 4624 663 4673 sanctus
705 4615 931 4670 Doctor:
975 4610 1196 4684 Legebat
1224 4619 1451 4664 sanctam
1479 4609 1822 4679 scripturam,

221 4729 502 4782 omnesque
531 4710 836 4766 christianos
865 4708 1058 4763 litteras
1088 4703 1419 4776 investigabat
1457 4702 1828 4757 studiosissime

219 4821 273 4867 et
302 4806 738 4880 perscrutabalur.
761 4804 876 4872 Qua
899 4802 1114 4858 demmn
1140 4813 1292 4857 sacra
1317 4798 1572 4854 subactus
1599 4795 1827 4852 lectione

1921 3575 2138 3631 nianum
2171 3594 2330 3648 quam
2362 3580 2710 3639 Pammachio
2742 3584 3035 3657 inscripsit,
3071 3590 3186 3645 lllBC
3215 3589 3375 3647 habet
3402 3608 3415 3645 :
3458 3592 3524 3649 Si

1924 3668 1980 3721 id
2009 3670 2177 3740 ipsum
2219 3671 2360 3742 virgo
2398 3684 2606 3745 putatur
2642 3686 2691 3730 et
2733 3688 2928 3750 nupta,
2972 3697 3064 3734 cur
3099 3683 3365 3754 piaculum
3403 3686 3540 3742 vocis

1925 3762 2080 3826 huius
2108 3760 2287 3818 Ranae
2325 3763 2614 3823 Victorinus
2642 3771 2824 3826 audire
2847 3789 2949 3826 non
2975 3775 3177 3843 potuit?
3205 3776 3354 3833 Haud
3381 3779 3537 3850 equi-

1924 3853 2046 3910 dem
2081 3856 2299 3926 iguoro,
2329 3858 2508 3916 locum
2536 3861 2698 3917 istum
2729 3864 3207 3939 Hieronymianum
3235 3871 3400 3930 fuisse
3429 3874 3539 3945 pri-

1926 3964 2074 4004 mum
2105 3965 2135 4004 a
2168 3950 2480 4011 Martiantco
2510 3955 2847 4014 immutatmn
2878 3961 2985 4034 (5),
3014 3965 3104 4034 qui
3131 3966 3334 4023 omisso
3371 3967 3540 4025 Victo-

1923 4043 2027 4097 rini
2058 4044 2302 4111 nomine,
2336 4049 2410 4103 ita
2442 4051 2753 4122 rescripsit:
2786 4052 2955 4110 Roma
2986 4058 3170 4114 audire
3197 4077 3300 4115 non
3329 4063 3493 4131 potuit
3513 4065 3540 4119 ?

1924 4133 2108 4206 Neque
2133 4137 2291 4192 aliter
2312 4138 2630 4209 Vallarsius,
2659 4144 2924 4203 editorem
2948 4148 3356 4208 Bcnedictiuum
3385 4155 3538 4211 dein-

1924 4241 2053 4299 ceps
2082 4240 2300 4287 secutus
2329 4231 2432 4306 (4).
2454 4233 2608 4290 Editi
2664 4247 2840 4295 tamen
2890 4243 3135 4312 priores,
3170 4246 3381 4302 Erasmi
3427 4265 3538 4320 pra:

1925 4323 2137 4378 caeteris
2191 4322 2273 4398 (5)
2306 4335 2361 4382 et
2389 4326 2607 4385 Mariani
2643 4329 2864 4389 Victorii
2920 4334 3022 4409 (6),
3055 4339 3248 4409 quibus
3293 4341 3538 4412 adstipu-

1927 4413 2109 4471 lautur
2148 4432 2279 4474 mss.
2325 4434 2432 4476 nou
2478 4424 2666 4492 pauci,
2717 4425 3002 4484 lectionem
3035 4442 3350 4490 constanter
3377 4435 3535 4490 exhi-

1928 4511 2053 4568 bent
2080 4529 2200 4585 quae
2236 4513 2486 4574 Victorini
2517 4534 2713 4577 nomen
2744 4524 2972 4594 retinet,
3008 4527 3164 4584 nobis
3207 4529 3368 4585 modo
3409 4546 3535 4600 pro-

1927 4605 2126 4661 latam:
2177 4615 2236 4662 ut
2279 4609 2504 4680 proinde
2550 4627 2655 4668 non
2700 4622 2902 4672 temere
2946 4618 3237 4688 rejicienda
3269 4623 3534 4682 videatur.

1928 4700 2038 4756 Hac
2064 4701 2242 4772 itaque
2270 4711 2453 4760 vetere
2479 4704 2712 4762 lectione
2739 4710 2905 4766 semel
2932 4711 3166 4769 admissa
3194 4723 3250 4771 et
3276 4732 3408 4774 mss.
3441 4733 3540 4774 aus

1927 4789 2176 4848 ctoritate
2225 4794 2466 4865 lirmata,
2518 4797 2572 4852 in
2614 4799 2750 4856 vivis
2792 4801 2969 4858 adhuc
3010 4808 3182 4877 egerit
3227 4807 3536 4870 Victorinus

217 4902 448 4961 Christo
476 4915 669 4956 nomen
696 4896 877 4953 dedit:
909 4891 968 4950 ut
994 4906 1275 4966 propterea
1306 4892 1486 4947 mitius
1514 4889 1822 4961 accipienda
1853 4883 1902 4943 D
1929 4902 2068 4943 anno
2097 4902 2416 4944 cccuxxn.
2439 4890 2661 4948 Constat
2686 4909 2916 4968 namque
2936 4897 3075 4955 inter
3093 4902 3366 4973 eruditos,
3389 4905 3536 4963 Jovi-

219 4997 513 5053 videantur
538 5009 598 5050 ea
631 4991 803 5049 sancti
836 4989 1150 5062 Hieronymi
1183 4987 1376 5053 verba,
1411 4985 1606 5056 quibus
1637 4986 1710 5040 ait
1741 4982 1822 5057 (5)

217 5087 373 5163 quod
405 5085 709 5142 Victorinus
740 5091 1019 5153 occupatus
1056 5081 1341 5136 eruditione
1377 5079 1704 5135 simulat-ium
1741 5077 1829 5132 lit-

219 5194 484 5246 terarum,
511 5179 794 5248 scripturas
823 5177 1030 5231 omnino
1057 5185 1259 5230 sanctas
1285 5173 1611 5246 ignoraverit.

299 5273 369 5331 ΙΙ.
401 5272 649 5340 Quandiu
678 5286 808 5328 vero
846 5278 970 5343 post
1013 5267 1170 5324 ﬁdem
1211 5277 1517 5338 susceptam
1557 5265 1699 5322 circa
1737 5281 1832 5320 an-

337 5473 388 5541 1)
418 5472 634 5527 Hieron.
671 5471 764 5527 lib.
796 5471 864 5527 de
893 5469 1008 5526 Vir.
1047 5469 1241 5525 illustr.
1266 5485 1385 5541 cap.
1416 5471 1540 5527 101.

331 5545 387 5616 2)
420 5546 551 5616 Aug.
583 5542 830 5616 Confess.
864 5542 955 5598 lib.
991 5558 1114 5616 vui,
1142 5556 1260 5616 cap.
1291 5545 1348 5616 5,
1370 5542 1428 5598 n°
1452 5543 1539 5598 10.

298 5614 381 5690 (3)
417 5614 631 5690 Hieron.
666 5618 718 5671 in
747 5614 1030 5690 Chronad
1061 5630 1196 5690 ann.
1219 5614 1380 5690 2579.

330 5685 389 5762 4)
415 5689 549 5762 Aug.
583 5690 620 5742 Ι.
653 5704 703 5744 c.
734 5703 854 5762 cap.
887 5685 1132 5762 2,‘num.
1164 5686 1198 5742 5
1225 5695 1281 5742 et
1309 5686 1364 5762 ξ.

333 5757 390 5833 5)
426 5757 637 5818 Hieron.
670 5759 878 5833 praefat.
910 5757 978 5815 ad
1003 5767 1293 5816 comment.
1325 5757 1379 5816 in
1405 5758 1580 5832 Epist.
1613 5757 1678 5817 ad
1705 5759 1825 5818 Gal.

1932 4981 2151 5036 nianum
2198 4983 2510 5040 haereticum
2556 5002 2714 5058 quem
2760 4989 3120 5067 Hieronymus
3149 5013 3215 5054 eo
3260 4999 3364 5056 loci
3410 5017 3534 5072 per-

2035 5139 2087 5214 1)
2123 5139 2335 5214 Hieron.
2365 5143 2421 5199 ll.
2447 5124 2531 5203 ce.

2035 5143 2087 5266 li)
2123 5143 2335 5270 gicron.
2365 5143 2421 5199 ll.
2447 5161 2531 5203 cc.
2889 5227 2917 5242 _
3139 5231 3150 5244 ο

2007 5143 2092 5357 ἱδι
2127 5228 3172 5357 οίξςξέαιθιιξαιεηιεειλειξιιξῗςςηι,ἐς

1941 5285 2375 5430 pag3)202!étrtian.
2400 5285 2543 5346 'edit.
2572 5285 2938 5369 Hieron'opp.
2965 5285 3170 5371 to'ni’iv,
3216 5305 3373 5376 epist.
3401 5323 3528 5384 xxx,

1935 5449 2354 5594 pugnergllars.
2409 5455 2628 5513 Hieron.
2679 5475 2806 5533 opp.
2859 5472 2987 5520 tom.
3036 5483 3076 5534 ι,
3110 5467 3271 5540 epist.
3320 5487 3532 5543 smn,

2115 5619 2317 5677 Erasm.
2343 5621 2559 5708 Hieron.
2583 5640 2710 5698 opp.
2737 5637 2868 5685 tom.
2893 5645 2954 5699 ιι,
2977 5633 3138 5702 epist.
3160 5651 3211 5703 ι..
3245 5651 3297 5708 p.
3321 5637 3445 5708 101,
3478 5657 3532 5695 a.

2032 5691 2064 5746 6
2119 5691 2256 5749 Mar.
2320 5693 2454 5753 Vict.
2505 5695 2722 5755 Hieron.
2773 5716 2900 5762 om).
2955 5711 3089 5762 tom.
3138 5722 3209 5762 ιι.
3260 5710 3418 5762 cnist.
3469 5729 3530 5762 ι..

2119 5691 2286 5784 ἔφη,
2320 5693 2454 5753 Vict.
2505 5691 2722 5755 Hieron.
2773 5716 2900 5774 opp.
2938 5691 3089 5764 'to'm.
3138 5691 3211 5776 Il;
3245 5691 3530 5784 epist—.1,

1935 5761 2058 5835 pag.
2090 5761 2195 5822 588
2219 5808 2232 5835 ,
2267 5765 2317 5822 lt.
