4046 6302
307 238 311 245 -
334 202 441 270 ουτ

1402 201 1493 273 ne
1531 216 1892 279 VICTORINO
1930 208 2118 281 aruo
2152 200 2450 277 atomis.

3539 217 3643 277 998

407 332 496 389 Vl.
529 332 659 389 Jnre
687 332 868 405 itaque
894 332 1057 391 modo
1095 333 1323 392 laudatis
1353 339 1627 408 opusculis
1657 341 1825 398 libros
1851 360 1926 411 tv,
1955 348 2011 411 Α
2032 342 2218 398 datum
2246 336 2571 405 Simonium,
2603 334 2759 407 plura
2784 333 2931 391 dabit
2961 334 3200 394 Joannes
3231 305 3429 394 Millius
3458 336 3563 414 (l).

332 425 593 483 adversus
622 428 815 484 Arium
841 427 1193 499 subjecimus,
1228 446 1367 486 more
1404 431 1676 490 dialectico
1717 438 1935 509 scriptas

332 527 390 574 et
414 518 564 575 ualde
602 519 866 587 obscurat,
888 521 1070 593 judice
1102 522 1430 595 Hieronymo
1465 526 1570 599 (l),
1608 529 1697 599 qui
1737 531 1836 587 nisi
1870 531 1934 586 ab

332 613 549 671 eruditis
580 630 685 670 nou
721 613 1100 688 intelliguntur.
1132 615 1227 674 His
1272 619 1549 688 praeﬁxum
1589 632 1670 676 est
1709 621 1933 681 Catidldi

330 708 640 778 epistolium
698 708 975 767 Victorino
1029 711 1375 780 inscriptum,
1423 714 1508 771 cui
1559 715 1792 774 Arianus
1842 717 1934 774 ille

332 798 445 856 Arii
477 801 761 871 epistolam
785 801 851 857 ad
878 802 1168 859 Eusebium
1190 802 1659 864 Nicomediencem
1684 809 1931 879 intexuit,

286 950 289 951 ν
333 893 405 949 ab
443 892 746 964 Epiplutnio
775 893 879 966 (2),
915 893 1246 951 Tlteodorito
1276 895 1351 968 (5)
1401 907 1457 952 et
1501 898 1804 971 Niceplioro
1847 899 1930 975 (i)

333 988 633 1043 recitatum.
683 986 739 1043 ld
770 1003 902 1044 vero
939 1003 1047 1044 non
1094 992 1379 1062 agnovisse
1428 993 1572 1049 viros
1612 994 1800 1057 doctos
1842 997 1934 1068 qui

300 1091 577 1145 ,veterum
634 1083 855 1139 l'atrum‘
902 1082 1262 1143 bibliothecas
1313 1087 1801 1158 consarcinatum,
1850 1099 1937 1149 est

331 1175 476 1248 quod
505 1177 795 1245 miremur;
828 1177 1079 1237 eatndem
1130 1180 1341 1237 scilicet
1372 1182 1659 1254 epistolam
1698 1182 1854 1241 libris
1878 1202 1933 1243 IV

334 1269 594 1329 Victorini
624 1272 1010 1341 pmmitteutes
1034 1274 1274 1345 quidem,
1302 1276 1395 1332 sed
1422 1277 1566 1337 nulla
1588 1276 1933 1336 distinctione

334 1380 510 1437 neque
530 1365 625 1421 ulli
650 1376 800 1422 certo
828 1366 1033 1423 auctori
1056 1368 1373 1427 tribuentes.
1401 1369 1551 1427 Hauc
1575 1380 1754 1429 autem
1775 1372 1932 1430 Aria-

334 1476 456 1515 nam
489 1461 772 1531 epistolam
806 1462 873 1518 ab
911 1464 1085 1520 amico
1111 1480 1210 1520 suo
1249 1464 1491 1522 Candide
1519 1468 1820 1538 postulasse
1853 1469 1931 1540 ip-

331 1563 565 1609 summet
591 1552 926 1613 Victorinum
948 1595 965 1624 ,
995 1565 1053 1612 et
1079 1572 1188 1629 quo
1216 1559 1447 1616 consilio
1489 1561 1790 1631 postulasse
1811 1602 1829 1629 .
1857 1577 1928 1618 ex

327 1644 519 1700 eodem
563 1648 947 1719 Comperimus.
974 1648 1066 1706 Sic
1106 1651 1251 1706 enim
1296 1651 1388 1708 ille
1423 1652 1726 1710 Candidum
1768 1669 1926 1710 suum

2109 434 2225 493 Vll.
2283 431 2402 489 Jam
2431 445 2562 486 vero
2593 430 2660 485 do
2685 438 2929 499 tempore
2954 445 3060 501 quo
3090 431 3274 501 scripti
3302 430 3454 488 fuere
3475 432 3636 488 iidem

2036 527 2161 585 libri
2191 525 2452 581 advenas
2473 522 2706 591 Arium,
2756 521 2825 578 ab
2871 523 2986 596 ipso
3018 522 3292 581 Victorino
3330 526 3631 582 erudimur.

2036 620 2096 677 In
2123 619 2190 676 iis
2208 618 2352 675 enim
2386 618 2612 689 loquens
2639 616 2707 673 de
2734 616 2969 673 concilio
2997 615 3217 674 Nicaeam
3249 617 3330 690 (9)
3362 634 3378 673 :
3440 617 3641 675 Proba-

2035 721 2146 767 tum
2171 710 2322 775 illud,
2351 710 2427 764 ait
2456 750 2472 775 ,
2501 709 2565 764 ab
2593 708 2903 778 imperatore
2926 706 3329 782 (Constantino)
3354 709 3638 780 imperato-

2037 804 2109 860 ria
2137 804 2297 860 nostri
2329 800 2677 875 (Constantii)
2699 809 2864 871 patre.
2898 799 3005 856 Eos
3029 800 3210 873 itaque
3237 801 3405 858 libros
3431 802 3638 861 scribe-

2035 894 2127 950 bat
2154 905 2344 952 auctor
2370 934 2385 960 ,
2430 891 2562 948 dum
2590 891 2885 948 etiamnum
2929 907 3108 949 rerum
3158 893 3464 965 potiebatur
3489 892 3636 953 Con—

2034 988 2271 1045 stantius
2298 1004 2315 1056 ;
2370 986 2475 1057 sub
2502 1000 2608 1059 quo
2630 986 2756 1042 item
2789 984 3033 1058 principe
3060 986 3232 1057 ipsum
3261 986 3438 1045 adhuc
3459 987 3639 1045 ethni-

2034 1096 2159 1139 cum
2187 1079 2475 1146 claruisse,
2500 1078 2753 1150 superius
2781 1088 2847 1137 ex
2883 1078 3215 1153 Hieronymo
3243 1079 3632 1137 intelleximus.

2036 1174 2176 1243 Quin
2231 1182 2286 1230 et
2323 1172 2485 1230 aliam
2537 1171 2800 1245 temporis
2848 1173 3182 1227 notationem
3213 1172 3389 1245 signat
3435 1172 3635 1231 ibidem

2036 1269 2348 1327 Victorinus
2378 1313 2395 1339 ,
2446 1267 2538 1323 ubi
2591 1282 2778 1324 rursus
2816 1266 3250 1325 conciliiNiczeni
3304 1270 3635 1326 mentionem

2030 1363 2280 1436 injicicns
2307 1404 2325 1435 ,
2372 1361 2501 1421 illud
2527 1372 2646 1418 ante
2669 1376 2739 1417 χι.
2765 1378 2930 1417 annos
2955 1361 3285 1418 celebratum
3332 1362 3495 1418 tradit
3526 1361 3633 1436 (5).

2032 1458 2206 1528 Quum
2261 1467 2443 1515 autem
2496 1456 2635 1512 idem
2689 1454 2978 1512 concilium
3019 1453 3256 1538 liabitum
3280 1453 3441 1513 fuerit
3490 1471 3635 1512 anno

2031 1560 2241 1602 eccxxv
2268 1586 2284 1612 ,
2318 1545 2433 1599 lucc
2459 1542 2617 1614 igitur
2643 1540 2843 1598 litteris
2880 1539 3228 1611 consignabat
3274 1552 3461 1600 auctor
3489 1559 3632 1600 anno

2032 1652 2254 1705 cecaxv,
2289 1636 2584 1707 imperante
2608 1633 2987 1690 Valentiniano
3018 1676 3031 1698 ,
3064 1630 3111 1689 si
3139 1644 3339 1692 rectam
3368 1651 3632 1693 annorum

331 1737 597 1793 allocutus
640 1718 721 1808 (Si
773 1757 787 1793 :
835 1740 967 1808 Qum
1006 1743 1270 1812 proposita
1316 1753 1466 1816 atque
1504 1752 1724 1801 ηαςιηω
1761 1744 1851 1801 ωε
1892 1756 1941 1802 ιε
1967 1744 2015 1805 Β
2045 1731 2305 1789 rationem
2355 1731 2554 1789 inierit.
2587 1718 2887 1801 Utrumque
2950 1744 3112 1801 porro
3148 1728 3405 1786 Victorini
3454 1732 3630 1786 locmn

325 1841 445 1887 sunt
474 1831 529 1911 (ο
548 1834 712 1889 amice
735 1833 992 1909 Candide)
1016 1853 1326 1909 quamquam
1348 1849 1402 1895 ut
1422 1841 1654 1910 oportuit
1675 1834 1923 1898 dissoluta

324 1936 477 1992 sunt;
517 1935 685 1982 tamen
725 1928 920 1983 idcirco
967 1930 1069 1984 ista
1108 1947 1175 1985 ea:
1212 1946 1392 1988 nonan
1433 1946 1707 1990 aeternus
1741 1935 1925 1991 adire

324 2019 579 2075 valebam
603 2037 622 2076 :
648 2031 704 2076 nt
730 2022 857 2077 dum
878 2024 986 2079 hoc
1014 2025 1154 2079 omni
1176 2027 1529 2098 cunfatatloue
1552 2030 1920 2098 coniunctium,

324 2114 416 2169 illa
443 2131 639 2187 quoque
667 2133 730 2171 ea:
749 2119 960 2173 istarum
983 2121 1331 2191 confutatiane
1357 2123 1636 2178 vincamus.
1654 2114 1920 2179 Caeterum

322 2207 614 2264 admonere
644 2222 824 2267 nostra
853 2212 1098 2281 interest,
1128 2214 1179 2269 in
1221 2213 1414 2272 horum
1468 2233 1519 2272 tv
1550 2218 1808 2274 librorum
1837 2218 1921 2273 in-

319 2302 617 2372 scriptione
658 2319 720 2363 ac
747 2304 798 2360 in
832 2305 1185 2377 prtecedcnlis
1217 2307 1564 2382 Confutatorii
1610 2307 1796 2379 titulo,
1834 2326 1921 2368 se-

319 2405 474 2451 Cutns
503 2412 599 2452 nos
626 2397 791 2456 fuisse
830 2410 1039 2459 veteres
1075 2401 1269 2470 editos,
1307 2404 1361 2458 in
1393 2404 1582 2476 quibus
1614 2404 1921 2465 Victurinus

330 2485 421 2542 Vir
448 2488 762 2560 Consularia,
791 2488 862 2547 ab
891 2506 953 2550 re
980 2501 1179 2561 tamen,
1207 2493 1441 2562 dicitur;
1470 2506 1635 2568 quum
1673 2513 1805 2555 mss.
1838 2500 1919 2557 Ii-

318 2581 422 2651 gla:
484 2581 542 2637 V.
588 2583 647 2640 C.
695 2580 983 2641 reddenda:
1027 2594 1390 2657 agnOSCantur
1440 2582 1531 2644 Vir
1566 2582 1917 2660 (Verissimus,

318 2675 627 2747 neutiquam
655 2692 787 2733 vero
828 2676 1163 2748 Constitui-is,
1196 2689 1253 2736 ut
1299 2691 1447 2739 recte
1477 2682 1710 2740 advertit
1752 2685 1919 2741 Tillc-

324 2770 558 2825 mnmius
587 2770 687 2844 (6).
722 2772 897 2844 Atque
925 2773 996 2829 ita
1035 2788 1167 2832 sanie
1195 2788 1318 2833 eum
1346 2776 1397 2833 in
1442 2777 1621 2835 fronte
1647 2779 1923 2837 collectio-

318 2862 400 2917 nis
428 2877 649 2934 operum
679 2866 917 2937 ejusdem
944 2870 1203 2937 auctoris,
1227 2878 1337 2926 tum
1360 2872 1520 2928 etiam
1542 2873 1671 2929 alibi
1708 2886 1922 2933 nosmet

318 2954 417 3024 ipsi
448 2957 839 3027 rescripsimus.
870 2958 1054 3030 Neque
1080 2977 1208 3018 vero
1240 2962 1360 3018 beic
1388 2965 1744 3023 omittendum
1776 2966 1919 3040 quod

314 3047 595 3104 admonuit
636 3050 1077 3110 Brasicliellcnsis
1117 3054 1220 3128 (7),
1252 3066 1415 3113 caute
1461 3058 1712 3115 nimirum
1758 3060 1921 3118 hosce

2030 1827 2197 1900 probe
2216 1826 2597 1884 animadvertit
2623 1823 2916 1893 Baronius,
2934 1826 3023 1898 qui
3051 1824 3120 1881 de
3144 1825 3444 1896 posteriore
3471 1826 3632 1883 verba

2028 1918 2233 1977 faciens
2279 1919 2356 1991 (4)
2387 1937 2401 1975 :
2465 1938 2484 1975 t
2518 1918 2799 1977 Annorum
2841 1933 2912 1975 XI.
2965 1934 3248 1975 numerum
3281 1957 3301 1986 ,
3333 1916 3504 1989 inquit
3534 1959 3553 1989 ,
3584 1917 3631 1973 si

2027 2016 2147 2086 quis
2176 2013 2306 2070 velit
2334 2012 2401 2069 ad
2427 2021 2675 2070 exactum
2725 2011 2932 2069 referre
2974 2011 3238 2070 calculum
3270 2051 3288 2081 ,
3343 2010 3629 2069 dicendum

2026 2115 2173 2165 esset
2223 2105 2556 2165 Victorinum
2595 2104 2811 2163 nonnisi
2857 2105 3067 2162 Domini
3103 2120 3247 2161 anno
3294 2100 3631 2178 sexagesimo

2035 2204 2224 2274 quinto
2254 2212 2377 2274 post
2402 2203 2845 2260 trecentesimum
2871 2216 2967 2258 eos
3001 2201 3167 2258 libros
3188 2201 3494 2273 scripsisse,
3521 2216 3630 2275 quo

2026 2296 2275 2366 expletur
2291 2309 2549 2352 numerus
2574 2295 2669 2352 ille
2693 2294 3149 2366 quadragenarius
3181 2309 3211 2349 a
3237 2294 3382 2351 dicto
3412 2295 3629 2351 Niceno

2024 2389 2276 2444 concilio.
2307 2389 2669 2460 Quamobrem
2716 2388 2935 2459 sicipse
2982 2389 3316 2462 expressisse
3343 2404 3627 2445 numerum

2024 2480 2174 2543 illim
2208 2480 2436 2555 intelligi
2489 2488 2654 2554 posse
2674 2480 2886 2539 videtur
2909 2522 2925 2549 ,
2978 2488 3088 2538 novt
3117 2490 3261 2538 utea
3286 2483 3460 2540 obiter
3487 2492 3627 2540 trac-

2027 2582 2146 2629 tans
2168 2583 2377 2630 certum
2404 2573 2633 2631 voluerit
2652 2584 2922 2630 annorum
2948 2586 3233 2631 numerum
3255 2577 3623 2649 eousiguasse,

2025 2668 2121 2725 sed
2172 2668 2314 2741 quod
2372 2678 2494 2740 post
2522 2668 2740 2724 tertium
2788 2685 3050 2725 annormn
3095 2668 3374 2725 denarium
3404 2681 3627 2743 quartus

2020 2758 2133 2830 jam
2145 2759 2470 2818 volveretur.
2492 2780 2515 2816 ι
2534 2760 2660 2818 llaec
2676 2761 2758 2819 vir
2769 2776 3033 2819 summm.
3057 2761 3227 2818 Aliter
3240 2772 3415 2819 tamen
3437 2774 3627 2822 censet

2028 2846 2391 2910 Gothofredus
2419 2846 2539 2928 (5);
2590 2852 2681 2927 qui
2709 2846 2967 2911 Victorini
3001 2857 3162 2913 verba
3196 2898 3212 2926 ,
3261 2868 3381 2914 ante
3408 2876 3477 2915 χι.
3531 2877 3627 2916 αη-

2020 2962 2117 3003 nos
2152 2989 2166 3015 ,
2196 2944 2400 3004 tantum
2426 2949 2619 3006 abesse
2644 2960 2795 3021 putat
2825 2992 2840 3017 ,
2872 2950 3238 3009 deductiorem
3270 2994 3285 3020 ,
3313 2968 3411 3010 seu
3454 2955 3624 3011 mina-

2023 3056 2131 3096 rem
2163 3040 2550 3115 quadragesimo
2602 3058 2887 3101 numerum
2936 3045 3243 3118 signiﬁcent
3274 3088 3289 3113 ,
3352 3054 3410 3102 nt
3435 3059 3624 3106 contra

314 3139 483 3195 mnos
508 3158 630 3199 esse
667 3144 943 3216 legendos,
990 3148 1041 3200 in
1073 3146 1271 3217 quibus
1307 3150 1563 3205 nmmum,
1609 3152 1918 3209 duriuscula
1947 3150 1993 3214 ε
2023 3134 2184 3189 etiam
2212 3130 2521 3191 ulteriorem
2548 3132 2829 3193 suadeant.
2857 3136 2971 3206 Qua
2998 3132 3066 3195 de
3092 3156 3149 3195 re
3170 3141 3425 3197 nonnulla
3443 3142 3627 3199 obser-

315 3235 599 3306 minusqne
646 3236 711 3291 ad
755 3238 1076 3295 catholicam
1119 3240 1357 3313 regulam
1398 3257 1637 3314 expensa
1678 3247 1919 3317 reperire

311 3336 437 3396 est,
496 3340 831 3402 quorumque
888 3341 1199 3401 auctorem,
1259 3343 1316 3390 ut
1367 3335 1442 3391 ait
1495 3336 1746 3396 Petavius
1796 3338 1915 3416 (8),

308 3418 541 3477 σκοτινὸν
588 3438 694 3477 non
732 3420 926 3479 minori
961 3425 1114 3495 jure,
1157 3441 1317 3498 quam
1366 3422 1694 3487 lleraclitum
1735 3430 1912 3500 illum,

311 3515 698 3585 cognominare
720 3516 913 3587 possis.
947 3516 1143 3573 Verum
1171 3520 1221 3575 in
1256 3516 1393 3577 hanc
1419 3525 1744 3579 sententiam
1771 3525 1917 3598 legas

312 3603 549 3663 maxime
576 3608 736 3663 velim
758 3649 776 3674 ,
808 3623 931 3681 quae
958 3609 1024 3665 ad
1054 3610 1276 3667 Marium
1306 3611 1638 3671 Victorinum
1672 3616 1741 3673 ab
1774 3615 1918 3687 ejus-

310 3700 436 3757 dem
470 3701 675 3758 Petavii
699 3718 929 3761 censura
957 3704 1335 3763 vindicandum
1363 3709 1558 3766 litteris
1582 3711 1917 3768 tradiderunt

311 3796 411 3851 viri
458 3794 622 3863 docti,
657 3800 746 3869 qui
776 3798 833 3854 S.
865 3798 1099 3856 Zenonis
1138 3800 1467 3883 Veronensis
1504 3804 1744 3878 episcopi
1787 3806 1915 3865 Ser-

312 3903 501 3944 mones
528 3888 754 3946 eruditis
795 3891 1264 3951 dissertationibus
1292 3894 1629 3953 illustrarunt
1656 3896 1760 3974 (9).
1798 3898 1915 3957 Cte-

310 3990 484 4037 terum
519 3998 676 4039 nemo
719 3984 930 4042 inficias
961 3986 1113 4053 ierit,
1155 3989 1483 4062 exemplaria
1518 3992 1665 4049 edita
1702 3996 1914 4053 mendis

284 4075 510 4157 ‘passim
542 4074 739 4133 {redata
764 4076 1121 4149 circumferri,
1153 4083 1365 4139 nonnisi
1394 4083 1621 4156 alicujus
1652 4088 1915 4148 vetustio-

308 4171 385 4227 ris
414 4169 615 4229 codicis
660 4172 916 4241 tollenda,
949 4176 1252 4247 cujusmodi
1291 4187 1378 4237 est
1407 4180 1500 4238 ille
1535 4180 1910 4242 Claromonta-

306 4281 412 4323 nus
441 4266 1228 4343 septingentorumannorum,
1261 4273 1414 4346 cujus
1444 4277 1691 4337 meminit
1730 4277 1912 4338 Simo-

306 4359 429 4417 nius
454 4360 566 4435 (10)
599 4381 613 4420 :
640 4362 724 4419 cui
755 4373 933 4420 tamen
958 4364 1099 4423 malo
1125 4364 1328 4423 mederi
1350 4367 1572 4426 studens
1592 4371 1680 4442 qui
1706 4371 1912 4444 primus

306 4468 404 4510 eos
450 4454 617 4512 libros
658 4456 953 4528 evolgavit,
991 4458 1198 4530 aliquot
1235 4459 1645 4521 emcndationes
1678 4466 1909 4540 margini

2022 3238 2112 3287 vat
2133 3229 2513 3287 Tillemontius
2542 3228 2561 3302 (
2587 3231 2663 3301 6)
2696 3250 2710 3289 :
2742 3233 2831 3305 qui
2866 3241 3043 3289 tamen
3073 3234 3273 3291 laboris
3304 3236 3620 3308 impatiens,

2020 3316 2279 3379 Victorini
2327 3322 2504 3381 locum
2532 3339 2561 3379 a
2592 3324 2824 3382 Barooio
2855 3329 3148 3385 excitatum
3174 3330 3460 3389 consolere
3482 3332 3625 3390 haud

2016 3414 2293 3475 sustinuit.
2318 3416 2407 3472 Sic
2433 3418 2581 3473 enim
2612 3418 2685 3473 ait
2709 3430 2721 3472 :
2760 3434 2778 3472 ι
2812 3419 3020 3478 Poni-le
3045 3422 3431 3492 premierlivre
3456 3439 3552 3482 sur
3573 3426 3622 3483 la

2014 3500 2225 3566 Trinité
2258 3509 2384 3567 d’oit
2410 3512 2676 3569 Baronius
2706 3513 2757 3570 Ie
2778 3516 2920 3584 cite,
2977 3516 3011 3572 il
3042 3528 3127 3574 est
3156 3527 3275 3590 trop
3316 3518 3441 3592 long
3490 3534 3624 3592 poor

2017 3602 2096 3661 les
2126 3616 2159 3676 y
2177 3603 2572 3677 chercbcr(ccs
2591 3604 2664 3663 40
2692 3605 2811 3678 ans)
2834 3622 2853 3659 ›
2887 3606 3153 3664 Craterum
3182 3611 3483 3669 monendus
3506 3612 3625 3670 beic

2020 3704 2107 3754 est
2149 3698 2325 3753 lector
2344 3741 2360 3765 ,
2393 3699 2613 3770 probam
2637 3696 2910 3755 Victorini
2939 3700 3227 3759 lectionem
3253 3746 3268 3770 ,
3296 3713 3414 3761 ante
3432 3718 3502 3762 ιι.
3531 3720 3625 3761 an-

2017 3802 2111 3846 nos
2156 3798 2372 3847 exstare
2401 3790 2452 3846 in
2484 3807 2590 3847 una
2613 3790 2991 3867 ﬂereseologia
3022 3794 3242 3852 Joannis
3282 3796 3496 3855 Heroldi
3517 3796 3622 3872 (7),

2016 3878 2106 3938 ubi
2161 3892 2455 3940 occurrunt
2504 3884 2627 3941 libri
2667 3900 2717 3941 ιν
2766 3886 3013 3957 ejusdem
3079 3889 3316 3945 auctoris
3365 3889 3625 3948 adversus

2015 3974 2203 4032 Arium
2236 3982 2253 4044 ξ
2305 3988 2408 4049 qua
2436 3989 2504 4037 ex
2544 3977 2779 4035 editione
2829 3976 2974 4035 illam
3029 3979 3269 4037 hauserit
3312 3981 3621 4040 Duronius:

2016 4078 2143 4124 nam
2190 4078 2402 4126 πίει-ω
2429 4084 2548 4142 qua:
2577 4070 2833 4129 insecuta:
2860 4083 2986 4130 sunt
3032 4075 3083 4131 in
3138 4074 3342 4133 nimbus
3381 4088 3625 4135 veterum

2014 4156 2234 4219 Patrum
2279 4161 2620 4222 bibliothecis
2646 4165 3029 4238 parisiensibns
3060 4166 3178 4243 (8)
3208 4170 3467 4229 mendose
3496 4171 3625 4243 legi-

2014 4262 2102 4312 tur
2126 4266 2243 4312 ante
2279 4270 2317 4314 tt
2343 4268 2504 4315 annos
2525 4268 2546 4327 ,‘
2569 4272 2728 4332 quem
2768 4260 2984 4333 quidem
3014 4278 3297 4321 numerum
3329 4265 3520 4324 litteris
3546 4267 3626 4324 sic

2013 4362 2328 4422 expressum
2370 4352 2604 4409 undecim
2636 4396 2653 4422 ,
2695 4354 2916 4412 exhibet
2952 4371 3166 4430 quoque
3189 4366 3459 4431 postrema
3486 4352 3626 4434 Lug-

2010 4442 2269 4501 dunensis
2297 4442 2412 4516 (9);
2443 4448 2893 4520 quemadmodum
2949 4458 3003 4508 et
3032 4462 3213 4509 nostra
3246 4451 3387 4528 (10),
3409 4454 3479 4510 ad
3530 4468 3624 4512 eas

278 4540 524 4615 _ad|evit,
550 4558 683 4621 quas
710 4548 774 4606 ad
805 4550 1027 4606 limhum
1049 4567 1148 4626 pro
1172 4569 1321 4611 more
1343 4563 1531 4613 nostro
1551 4556 1902 4628 subjecitnus,

2027 4540 2258 4597 videlicet
2298 4541 2568 4601 editiones
2617 4550 2805 4601 exacta
2835 4586 2854 4608 .
2900 4545 3045 4618 quod
3094 4554 3206 4603 tum
3238 4545 3624 4621 llwreseolayia

280 4630 548 4713 pauculis
585 4644 747 4700 etiam
790 4646 989 4701 nostris
1038 4646 1275 4703 intextis.
1319 4646 1395 4704 De
1439 4650 1739 4720 potioribus
1775 4668 1907 4711 vero
1967 4695 1973 4701 ν

302 4728 445 4794 Novi
474 4734 719 4796 Fosderis
748 4739 931 4797 locisa
958 4739 1235 4800 Victorino
1262 4743 1534 4815 excitatis,
1565 4757 1764 4817 praeter
1791 4747 1907 4806 lau-

274 4990 287 4997 —
822 4963 947 5040 Vir.
969 4964 1168 5040 illustr.
1199 4979 1323 5040 cap.
1354 4967 1476 5027 101.

274 5085 283 5091 ρ
373 5035 454 5112 (si
491 5036 683 5112 Eripit:
715 5035 858 5112 Her.-
888 5036 988 5105 69.
1015 5036 1122 5112 se.

496 5102 926 5186 ζ’]ςὲοάοζι-ιιίει.
960 5102 1108 5186 ccci.
1129 5109 1222 5168 lib.
1254 5126 1302 5176 ι,
1332 5126 1452 5186 cap.

408 5177 461 5257 ξ)
493 5177 850 5257 {Vicep._ﬂlst.
888 5182 1021 5257 eccl.
1054 5178 1149 5257 lib.
1182 5192 1303 5257 vin,
1334 5177 1454 5257 ca'p.
1484 5178 1539 5241 9.

399 5248 457 5328 ὅ)
494 5248 636 5328 [ἱερᾷ
662 5252 803 5328 ἢῆ.)
835 5253 959 5309 adv.
993 5257 1085 5328 ᾼν.
1118 5254 1153 5328 §
1185 5256 1238 5310 1.

400 5321 458 5399 ti)
492 5321 693 5399 Tulerit.
724 5325 886 5399 Mem.
908 5326 1043 5399 ccci.
1071 5321 1200 5383 tein.
1234 5343 1293 5393 χ,
1318 5341 1373 5399 p.
1398 5327 1528 5393 401,
1560 5338 1677 5389 θοι.
1708 5329 1762 5385 1.

290 5440 295 5444 .
375 5393 458 5538 {7;
490 5393 723 5451 Brasich.
761 5397 920 5483 Iudex
943 5398 1128 5482 libror.
1159 5393 1380 5471 expufg.
1408 5410 1518 5457 tom
1541 5416 1578 5458 ι.
1605 5415 1726 5473 pag.
1757 5400 1884 5459 121.

402 5466 435 5520 8
489 5464 670 5522 Pctuv.
703 5467 772 5525 de
796 5465 990 5525 Trmit.
1023 5467 1161 5526 1ι1).ι
1189 5485 1308 5542 cap.
1342 5472 1397 5537 5,
1426 5485 1549 5544 pag.
1576 5470 1648 5529 50
1682 5478 1736 5529 et
1761 5472 1884 5530 103.

286 5554 734 5690 ’Μέῑωὸξείίενίω
759 5560 825 5618 ad
870 5558 931 5620 s.
969 5561 1173 5622 ZenOn.
1205 5562 1413 5621 Dissert
1441 5578 1479 5621 u
1508 5576 1628 5637 cap.
1663 5558 1731 5634 Ι.
1791 5562 1821 5642 5
1858 5564 1915 5635 δ’

302 5638 728 5870 Ὲίῆὄξπῗι.
770 5727 969 5804 oms).
1027 5729 1103 5789 de
1143 5730 1194 5787 ιι
1237 5726 1378 5788 Bibl.
1416 5730 1516 5789 ea
1562 5736 1673 5789 aut.
1732 5734 1866 5792 seel.
1902 5776 1917 5805 ,

2011 4628 2229 4690 ﬂeroldi
2256 4634 2321 4692 ad
2350 4648 2544 4695 manus
2567 4648 2675 4695 non
2698 4637 2845 4697 esset
2870 4650 2887 4696 τ
2910 4639 2999 4697 ubi
3018 4648 3304 4714 propterea
3334 4643 3625 4702 restituen-

2012 4830 2160 4966 nug‘)
2380 4830 2684 4916 Prolegom.
2745 4841 2815 4901 ad
2862 4836 2925 4900 N.
2988 4834 3343 4908 Testam.Gr.
3373 4864 3497 4927 pag.
3529 4842 3620 4913 74,

2087 4981 2416 5068 (1)me.
2443 4984 2541 5042 lib.
2567 4986 2751 5045 tudv.
2782 4987 2927 5119 Ἓξ
2951 4989 3013 5057 ο,
3047 4991 3103 5049 in
3126 4992 3220 5049 ill.

2087 5056 2167 5119 ιε)
2194 5053 2509 5119 1ά.,ιὺίἀη
2538 5057 2634 5115 lib.
2668 5076 2710 5119 ι.
2743 5059 2774 5119 8
2878 5100 2892 5116 .

2082 5053 2167 5135 is)
2194 5053 2313 5135 1_a.,
2338 5057 2509 5135 ibid.)
2538 5057 2634 5115 lib.
2668 5076 2710 5135 1,
2743 5053 2892 5135 sas.

2084 5096 2146 5184 Ἰ
2194 5096 3016 5200 ‘55:.2’.";1r.?.7.23.t,‘°'3n.

2082 5096 2169 5270 f5;
2191 5196 2427 5270 Gothofr.
2453 5198 2585 5258 Cod.
2600 5198 2808 5262 Theod.
2828 5133 2984 5264 ium.
3005 5218 3016 5254 τ

2191 5196 2427 5289 enim.
2453 5198 2585 5289 god.
2600 5196 2808 5262 Theon.
2828 5196 2984 5264 Tom.
3005 5216 3082 5280 vi,
3105 5212 3245 5283 part.
3270 5218 3311 5281 ι,
3334 5220 3454 5289 pag.
3508 5212 3619 5273 2'75

2011 5269 2152 5327 edit.
2174 5282 2329 5342 πον..
2356 5269 2429 5329 at.
2455 5273 2585 5331 251.

2092 5363 2176 5495 (eg
2654 5371 2795 5429 ccci.
2825 5378 2957 5431 tom.
2987 5388 3044 5444 ι,
3075 5384 3199 5452 pag.
3249 5381 3375 5453 799,
3407 5392 3521 5444 net.
3552 5385 3611 5459 a,

2019 5440 2552 5511 aurS.Sv'mplicieu.
3031 5440 3094 5449 ”
3146 5440 3176 5452 ”
3332 5440 3501 5493 θ’

2094 5508 2175 5591 (ῃ
2204 5511 2445 5591 ﬁgeres;
2463 5512 2681 5591 afraid.
2708 5532 2831 5591 pag.
2862 5516 2967 5591 res
2992 5521 3120 5591 edit.
3152 5518 3314 5591 Basil.
3342 5526 3505 5588 1556.

2094 5508 2180 5656 t7)
2207 5508 2408 5596 Haeres.
2463 5512 2681 5599 Ηενοέά.
2708 5532 2831 5591 pag.
2862 5516 2966 5578 186
2992 5521 3120 5579 edit.
3152 5518 3314 5583 Basil.
3342 5526 3505 5613 1556.

2024 5578 2671 5728 paﬂ'i’iz’l’ss'ft‘s'
2727 5606 2854 5648 ³¹¹¹¹·
2913 5588 3318 5669 ίωείίδηι
3377 5606 3611 5674 ίοωοιν,

2520 5726 2702 5812 lfugd.
2729 5728 2875 5790 ton.
2904 5751 2981 5807 xv,
3008 5754 3067 5812 ρ.
3091 5740 3221 5808 ω,
3253 5743 3313 5800 It.

2094 5807 2215 5880 (to)
2239 5808 2376 5869 Bibl.
2400 5810 2509 5870 pr.
2529 5810 2667 5872 Ven.
2691 5822 2825 5875 tota.
2854 5828 2977 5889 Vill,
3005 5807 3125 5896 pag.
3154 5807 3279 5899 tea,
3302 5827 3362 5886 ά.
3439 5865 3443 5869 .
