4046 6302
555 210 658 274 999

1383 204 1644 266 MARIUS
1683 200 2095 263 VICTORINUS
2135 200 2221 256 ET
2253 196 2598 258 CANDIDUS
2637 193 2962 259 ABIANUS.
2997 203 3000 206 ’

3691 205 3804 267 i800

554 329 656 385 dus
708 341 964 384 numerus
990 343 1079 394 χι,
1135 327 1225 398 qui
1253 327 1608 401 caligantibus
1635 325 1972 383 oculisfacili
2007 324 2157 394 lapsu
2186 323 2232 383 Α
2265 321 2573 391 Sequuntur
2591 318 2786 392 llymni
2806 334 2866 373 ιιι
2881 317 2944 372 de
2963 314 3414 372 Trinitateametrl
3443 325 3494 373 et
3509 319 3801 390 anarytltmi:

555 425 609 479 in
642 440 693 479 xl
720 424 950 494 perverti
988 424 1198 494 potuit;
1241 439 1306 480 ex
1335 440 1441 495 quo
1485 424 1741 492 deinceps
1789 417 2023 477 manavit
2063 436 2160 475 nuo

557 532 740 573 merus
801 517 894 573 ille
941 516 1272 572 arabicusii
1305 527 1360 572 et
1409 517 1546 573 alter
1595 515 1829 570 undecim
1856 512 2160 584 syllabatim

2263 422 2424 468 caute
2458 411 2675 483 quidem
2719 410 2928 482 legendi
2959 427 2973 474 ;
3023 410 3077 465 in
3129 409 3402 466 nonnullis
3439 411 3572 466 enim
3602 453 3615 478 ,
3655 412 3808 482 judice

2266 507 2504 563 Launoio
2527 504 2642 578 (1),
2673 505 3023 575 interpretem
3087 503 3375 576 benignum
3402 506 3607 576 exigunt
3634 547 3647 572 ,
3668 514 3718 560 ut
3741 507 3808 560 vi-

559 619 833 666 exaratus.
860 609 965 667 Sed
987 609 1113 676 utin
1141 609 1278 664 viam
1308 608 1705 680 regrediamur,
1740 606 1869 662 illud
1899 617 2160 677 praeterea
2263 601 2394 656 dere
2415 612 2498 656 est
2527 598 2665 670 apud
2693 597 3176 654 Brasichellensem
3199 594 3302 670 (2).
3342 596 3421 652 Ad
3467 598 3672 653 Carmen
3697 614 3804 654 vero

559 703 627 759 de
677 704 782 760 hoc
831 702 1092 760 Victorini
1135 719 1302 774 opere
1361 701 1899 758 animadvertendum
1948 700 2111 756 fuerit
2142 741 2159 768 ,
2263 694 2407 767 quod
2442 700 2652 767 spectat
2700 693 2766 747 de
2805 702 2994 764 septem
3022 691 3270 764 fratribus
3310 689 3633 747 Macchabteis
3663 733 3675 757 ,
3704 691 3825 766 Vic-I

561 797 799 854 librumt
835 797 1068 855 fortasse
1089 798 1339 855 desinere
1365 814 1490 854 cum
1520 796 1854 869 professione
1885 795 2012 851 ﬁdei
2042 810 2163 866 qua:

560 903 711 952 extat
749 909 870 965 cap.
916 909 1082 961 XLVII,
1117 892 1494 964 clauditnrque
1525 890 1610 946 Itis
1635 890 1814 946 verbis
1843 907 1855 944 :
1912 888 2092 944 Gratia
2117 897 2165 942 et

563 1006 667 1059 pax
693 1006 724 1043 a
752 987 860 1044 Deo
880 997 1026 1060 patre
1051 998 1098 1042 et
1126 988 1236 1057 ﬁlio
1259 990 1370 1061 ejus
1411 984 1444 1040 J
1451 1002 1539 1040 esu
1569 983 1772 1040 Christo
1794 983 2016 1039 Domino
2046 999 2164 1038 nos-

563 1093 642 1138 tro
663 1125 678 1151 ,
703 1084 777 1138 sic
799 1084 895 1139 ista
917 1082 1180 1153 confitenti
1205 1082 1261 1136 in
1292 1081 1466 1136 onmia
1494 1080 1682 1135 “ecula
1711 1080 2040 1134 awcuforum.
2070 1078 2164 1133 At-

563 1193 666 1249 que
689 1177 996 1249 hujusmodi
1020 1175 1330 1247 conjectura
1358 1190 1422 1230 ex
1446 1175 1511 1230 iis
1533 1174 1840 1229 conﬁrmari
1891 1189 2052 1246 posse
2084 1171 2164 1228 vi-

563 1270 723 1326 detur
758 1313 772 1338 ,
801 1286 921 1341 qua:
961 1271 1123 1326 habet
1160 1279 1352 1324 auctor
1379 1269 1479 1324 sub
1517 1267 1727 1323 initium
1755 1283 1874 1338 cap.
1922 1266 1992 1323 54
2019 1267 2165 1338 ejus-

563 1362 686 1420 dem
719 1363 838 1419 libri
861 1378 899 1430 ι,
931 1363 1019 1418 ubi
1042 1362 1121 1418 sic
1151 1379 1163 1415 ε
1199 1361 1439 1427 Dictum,
1465 1359 1740 1430 inquit,de
1761 1361 1870 1430 istis
1901 1373 1974 1415 est
2011 1360 2064 1414 in
2089 1375 2169 1415 u-

564 1471 667 1514 ano
694 1471 785 1522 QUI
806 1472 942 1512 mre
966 1471 1146 1512 ts'ruu.
1167 1455 1367 1512 Verum
1394 1455 1462 1512 ab
1485 1454 1646 1511 editis
1664 1470 1769 1510 non
1798 1453 2166 1521 discessimus,

565 1548 618 1604 id
642 1557 844 1605 tantum
873 1562 1160 1605 annotasse
1189 1552 1452 1604 contenti.

639 1641 777 1698 VIII.
831 1642 1010 1698 Libris
1036 1658 1087 1698 1v
1157 1641 1414 1698 adversus
1445 1640 1629 1697 Arium
1674 1641 1987 1712 subjicimus
2010 1654 2172 1712 Opus-

568 1736 748 1794 culum
780 1737 844 1792 de
865 1736 1124 1810 ὁμοουσίῳ
1150 1736 1461 1808 recipiendo,
1493 1734 1633 1805 quod
1658 1734 1777 1806 jure
1803 1735 2008 1806 optimo
2028 1733 2173 1790 vide—
2203 1727 2249 1788 Β

571 1842 659 1889 tur
677 1832 1020 1889 existimasse
1037 1830 1284 1887 laudatus
1304 1829 1690 1896 Gothofredus,
1723 1829 1854 1884 nihil
1880 1828 2020 1884 aliud
2046 1843 2167 1884 esse

569 1941 728 1998 quam
777 1925 1062 1996 Epitomen
1112 1924 1488 1995 praedictorum
1541 1937 1592 1978 tv
1637 1922 1900 1978 librorum
1933 1963 1948 1988 ,
1981 1931 2165 1993 poste-

573 2019 684 2075 rius
711 2017 938 2090 proinde
979 2018 1050 2075 ab
1090 2027 1313 2074 auctore
1364 2017 1622 2088 scriptum
1657 2031 1673 2082 ;
1728 2016 1871 2086 quod
1903 2024 2080 2071 tamen
2113 2015 2169 2070 in

571 2122 728 2169 antea
757 2112 988 2183 vulgatis
1017 2122 1138 2184 post
1166 2111 1434 2184 Hymnum
1462 2127 1480 2167 ι
1529 2125 1814 2183 perperam
1847 2109 2166 2166 collocatur.

2267 790 2442 844 torino
2468 797 2654 843 nostro
2678 797 2836 842 antea
2868 786 3123 841 tributum
3149 800 3165 850 ;
3195 783 3324 839 illud
3361 799 3484 840 vero
3533 784 3810 854 pra'termit-

2278 883 2500 938 tendum
2531 881 2781 937 duximus
2825 895 2947 936 cum
2973 879 3102 934 viris
3129 878 3354 935 eruditis
3379 878 3574 934 Joanne
3616 894 3644 934 a
3670 878 3812 935 Bosco

2270 976 2392 1050 (δ),
2476 976 2695 1033 Barthio
2758 974 2880 1048 (lt),
2932 975 3149 1032 Labbeo
3223 973 3300 1046 (5)
3333 1015 3350 1042 ,
3401 973 3599 1030 Oudino
3658 972 3724 1044 (6)
3769 981 3814 1028 et

2268 1070 2574 1126 Balleriniis
2667 1069 2790 1143 f7);
2841 1069 2932 1140 qui
2998 1067 3354 1138 complurium
3407 1065 3633 1122 codicum
3706 1079 3812 1121 mss.

2267 1165 2585 1220 auctoritate
2615 1163 2759 1218 ducti
2785 1205 2799 1229 ,
2835 1177 3056 1218 carmen
3086 1161 3216 1216 illud
3249 1161 3426 1232 potius
3452 1171 3623 1216 sancto
3651 1159 3815 1215 llilario

2269 1259 2524 1330 episcopo
2546 1257 2847 1313 Arelatensi
2877 1298 2890 1325 ,
2913 1271 3072 1328 quam
3101 1255 3378 1313 Victorino
3409 1254 3530 1311 Afro
3553 1252 3816 1310 adscriben-

2269 1352 2399 1408 dum
2424 1352 2758 1408 existimant.

2345 1539 2426 1610 (l)
2455 1538 2623 1594 Laun.
2651 1537 2717 1593 de
2734 1536 2941 1593 Victor.
2957 1553 3084 1608 app.
3103 1547 3234 1592 tom.
3260 1552 3319 1605 tt,
3335 1546 3470 1609 part.
3493 1552 3530 1602 ι,
3552 1535 3776 1610 pag.6i8.

2349 1605 2430 1683 (2)
2462 1609 2698 1683 Βναδὶείι.
2727 1610 2886 1664 Index
2912 1605 3044 1683 libr;
3067 1626 3291 1680 expurg.
3337 1605 3465 1663 tom.
3492 1625 3527 1672 ι,
3554 1605 3673 1683 pag.
3718 1605 3816 1664 ΕΞ.

2373 1680 2430 1752 5)
2455 1682 2543 1740 Jo.
2569 1699 2599 1736 a
2629 1681 2790 1736 Bosco
2815 1683 2950 1737 szl.
2985 1680 3128 1736 Flor.
3159 1691 3288 1736 totn.
3319 1697 3377 1748 ll,
3406 1696 3521 1752 pag.
3544 1682 3653 1736 198.

2375 1754 2428 1821 4)
2455 1755 2637 1810 Barth.
2663 1754 2890 1809 Advers.
2917 1769 2994 1821 ιιι,
3020 1755 3109 1810 25.

2347 1821 2426 1898 (ὁ)
2455 1826 2613 1882 Labb.
2657 1827 2882 1898 Dissert.
2909 1826 2977 1881 de
3005 1826 3201 1892 Script.
3247 1825 3385 1881 eecl.
3420 1833 3544 1880 tom.
3573 1839 3633 1898 tt,
3649 1838 3694 1894 p.
3720 1821 3822 1878 468.

2350 1896 2429 1968 (6)
2460 1899 2654 1953 Oudin.
2700 1898 2769 1953 de
2794 1897 2993 1968 Script.
3017 1897 3149 1953 eccl.
3187 1906 3315 1952 tom.
3350 1913 3384 1965 I,
3413 1912 3528 1966 pag.
3555 1896 3697 1951 1250.

2456 1970 2677 2097 4Bauer.
2723 1969 2790 2025 ad
2838 1965 3108 2027 SCLeon.
3152 1984 3277 2041 Opp.
3332 1965 3461 2026 tom.
3487 1965 3558 2037 in,
3581 1982 3686 2039 pag.
3723 1965 3824 2032 545,

2279 2060 2430 2100 ιιιιιιι.
2456 2060 2512 2097 4.

593 2253 3816 2294 _____________________________._____.___o

1061 2413 1842 2585 MAR]!
2018 2413 3405 2636 YICTORINI

676 2727 746 2786 θ
1162 2751 1508 2836 LIBER
1570 2752 1732 2835 AD
1814 2749 2420 2835 JUSTINUM
2513 2745 3280 2832 MANICHEEUM‘

2135 2926 2344 2970 CONTRA

1109 3056 1248 3114 DUO
1300 3053 1639 3112 PRINCIPIA
1681 3047 2258 3119 MANICHEOBUM,
2297 3047 2389 3105 ET
2428 3047 2518 3104 DE
2563 3047 2745 3104 VERA
2791 3044 3024 3103 CARNE
3061 3043 3356 3103 CHRISTI.

649 3268 691 3325 1.
733 3266 901 3339 Loqui
932 3263 1000 3333 ei,
1032 3263 1121 3336 qui
1147 3261 1258 3335 jam
1285 3259 1418 3316 olim
1449 3257 1616 3312 multa
1647 3253 1898 3320 lectione,
1927 3248 2170 3307 continui
2197 3258 2242 3322 ρ
2276 3258 2492 3320 prepter
2521 3262 2582 3305 ea
2617 3263 2738 3321 qua:
2768 3249 2822 3304 in
2852 3263 2911 3304 se
2939 3256 3064 3304 sunt
3088 3254 3277 3320 arguat
3301 3256 3358 3303 et
3384 3243 3637 3317 objurget.
3664 3238 3754 3298 Sed
3779 3252 3832 3293 ne

578 3367 781 3423 laboris
809 3364 1004 3435 vigiliis
1025 3357 1332 3421 indefessis,
1358 3353 1596 3411 tenuerit
1613 3349 1739 3422 quid
1763 3349 1829 3404 ad
1854 3347 2014 3404 ﬁdem
2041 3345 2177 3416 legis

577 3459 770 3515 debeat
800 3454 1042 3512 conﬁteri
1068 3495 1084 3521 ,
1117 3449 1348 3507 errantis
1374 3457 1486 3512 est,
1519 3443 1727 3501 Justine
1752 3484 1766 3508 ,
1798 3440 1893 3497 sed
1919 3439 2172 3496 amantis.

579 3553 732 3612 Unde
757 3567 858 3623 ego
888 3549 1050 3606 malui
1079 3545 1262 3619 quanti
1296 3552 1348 3599 te
1374 3542 1599 3596 habeam
1632 3536 1866 3610 pandere
1888 3577 1902 3602 ,
1929 3543 1984 3590 et
2003 3533 2177 3589 liben-

577 3657 661 3704 ter
691 3644 874 3715 accepi
906 3641 958 3699 id
986 3657 1074 3698 me
1104 3637 1246 3710 apud
1285 3646 1338 3693 te
1383 3635 1660 3690 laborasse
1683 3674 1698 3698 ,
1743 3630 1819 3686 uti
1863 3626 2178 3700 praeintelli-

577 3754 733 3813 geres
763 3737 937 3794 adhuc
967 3735 1062 3791 tibi
1095 3747 1216 3790 esse
1245 3727 1627 3802 requirendum
1660 3724 1802 3798 quod
1827 3722 2174 3791 Manichacus,

576 3846 633 3894 et
663 3845 719 3891 ut
760 3834 805 3889 is
847 3830 1092 3888 Andreas
1119 3827 1328 3884 actibus
1366 3825 1670 3896 eloquitur,
1704 3831 1864 3892 atque
1900 3818 2177 3875 Thesauro

577 3928 856 3988 revelavit.
889 3926 1007 3994 Quo
1035 3939 1136 3996 ego
1173 3929 1477 3978 conventus
1507 3917 1725 3974 adtente
1766 3913 2009 3985 disquiro
2049 3926 2178 3968 vere

578 4025 695 4082 hzec
724 4025 968 4090 diceres,
1018 4033 1226 4076 necne:
1261 4016 1475 4073 diversa
1516 4012 1895 4082 contrariaque
1925 4007 2080 4064 nobis
2109 4006 2177 4062 ab

578 4135 687 4176 nuo
732 4132 856 4175 esse
885 4112 1149 4186 principio
1170 4153 1184 4177 ,
1215 4107 1586 4166 disserendum
1619 4105 1826 4160 habens
1875 4116 1972 4175 pro
2009 4107 2135 4156 voto
2158 4139 2175 4167 ,

578 4213 770 4272 eadem
823 4225 932 4266 non
976 4206 1136 4263 abuui
1194 4201 1546 4275 respondere.
1599 4198 1735 4254 Volo
1774 4204 1956 4251 autem
1984 4235 2000 4259 ,
2044 4191 2178 4246 faxis

578 4308 774 4373 frater,
807 4318 986 4376 operte
1017 4314 1138 4358 esse
1169 4297 1397 4369 pretium
1441 4294 1585 4349 hunc
1610 4289 1869 4346 laborem.
1912 4284 2176 4342 Libellum

576 4402 886 4474 frequenter
913 4397 1092 4466 relege
1130 4393 1456 4449 destinatum
1482 4430 1498 4457 ,
1531 4397 1585 4443 et
1615 4387 1730 4457 ipse
1765 4379 2031 4438 volvendo
2057 4393 2178 4451 qua:

578 4497 830 4554 dicuntur
859 4490 1068 4550 altioris
1096 4486 1460 4560 inquisitionis
1487 4490 1697 4538 secreto
1727 4485 1948 4550 penetra
1982 4475 2066 4531 vel
2096 4475 2178 4529 in-

577 4591 734 4661 daga.
782 4587 957 4644 Vincit
1003 4583 1144 4639 enim
1173 4579 1338 4636 verba
1378 4577 1526 4632 visus
1567 4574 1822 4640 interior,
1857 4578 1912 4626 et
1937 4566 2173 4623 abditum

2281 3343 2394 3398 haec
2421 3343 2650 3400 dicendo
2687 3342 2962 3413 increpem
3005 3340 3186 3412 potius
3214 3355 3378 3412 quam
3416 3334 3772 3408 respondeam,
3796 3327 3832 3384 si

2279 3436 2568 3502 moverint,
2599 3445 2725 3507 post
2754 3434 3002 3490 dicentur
3032 3452 3044 3488 :
3076 3433 3236 3489 modo
3267 3431 3457 3502 accipe
3478 3446 3592 3502 qua!
3613 3421 3830 3500 qua-sisti.

2352 3527 2416 3583 ll.
2460 3529 2651 3586 Valere
2671 3539 2726 3584 et
2755 3529 2920 3584 licere
2947 3527 3105 3584 nobis
3127 3542 3374 3600 quaerere
3401 3525 3469 3581 de
3498 3525 3576 3579 his
3598 3537 3704 3594 qua:
3723 3518 3832 3575 ultra

2278 3637 2377 3678 nos
2407 3632 2566 3692 atque
2596 3621 2852 3704 mundum
2881 3631 3039 3688 sunt,
3063 3636 3184 3676 cum
3216 3636 3355 3691 pene
3382 3619 3479 3689 ipsi
3512 3615 3654 3674 nobis
3693 3613 3832 3667 simus

2277 3714 2567 3786 incogniti,
2617 3699 2805 3770 amens
2847 3723 2930 3770 cst
2974 3723 3029 3769 et
3069 3714 3358 3779 insanum,
3396 3712 3610 3782 verique
3651 3699 3833 3778 periculi

2279 3810 2552 3880 ambigere
2583 3808 2724 3864 unde
2751 3817 2808 3864 et
2827 3807 3100 3879 quomodo
3119 3849 3133 3873 ,
3161 3807 3244 3862 vel
3276 3821 3304 3860 a
3342 3822 3450 3875 quo
3479 3807 3580 3872 sis,
3607 3815 3716 3857 cum
3739 3807 3834 3852 esse

2279 3913 2330 3958 te
2359 3913 2554 3959 etcum
2584 3917 2746 3959 carne
2778 3901 2961 3958 haberi
2993 3918 3097 3956 non
3125 3901 3323 3956 audeas
3353 3899 3624 3962 dubitare,
3656 3892 3832 3948 videas-

2277 4012 2383 4068 quc
2411 3997 2692 4068 persiiieue
2722 3996 2775 4052 in
2803 3995 3004 4051 mundo
3044 4004 3097 4051 te
3136 3994 3337 4066 degere
3358 4035 3376 4062 ,
3404 4003 3460 4050 et
3487 3992 3558 4048 tui
3586 3981 3834 4047 conditoris

2277 4106 2401 4162 ope,
2429 4106 2550 4147 cum
2572 4091 2620 4147 ei
2642 4105 2703 4146 es
2725 4098 2901 4146 tamen
2931 4089 3313 4160 obtemperans
3333 4129 3348 4154 ,
3377 4085 3622 4144 liberari:
3646 4079 3837 4137 habeas-

2277 4201 2383 4257 que
2406 4184 2710 4241 confessum
2737 4183 2876 4255 quod
2899 4168 3148 4240 Salvator
3169 4197 3308 4238 unus
3333 4182 3430 4248 sit,
3452 4177 3655 4250 etquod
3676 4174 3734 4229 ab
3749 4185 3832 4226 uno

2278 4278 2480 4335 factore
2509 4279 2581 4334 sis
2613 4293 2807 4349 paveas
2836 4277 3119 4343 conﬁteri,
3151 4275 3400 4331 dividens
3421 4272 3629 4346 quidem
3649 4266 3836 4324 alterum

2279 4371 2538 4429 factorem
2561 4372 2760 4439 carnis,
2782 4371 2976 4426 animm
3002 4371 3228 4426 alterum
3251 4368 3605 4425 conditorem.
3639 4360 3835 4418 Dicimus

2277 4465 2439 4538 igitur
2481 4465 2598 4520 haec
2636 4463 2995 4536 imaginantes
3039 4462 3183 4535 quod
3218 4461 3422 4518 tnundo
3451 4470 3662 4529 uterque
3693 4446 3836 4507 domi-

2279 4569 2512 4624 nantur,
2558 4568 2614 4616 et
2661 4558 2921 4615 facturam
2966 4574 3117 4613 suam
3168 4558 3220 4612 in
3270 4557 3491 4611 homine
3535 4546 3834 4608 custodiunt:

578 4634 826 4741 imiuensi
866 4680 1032 4735 etiam
1073 4675 1241 4746 ipsius
1279 4668 1476 4728 mentis
1516 4665 1852 4738 suspiciones
1881 4660 2094 4731 fastigat
2121 4665 2176 4714 et
2199 4658 2254 4720 D
2280 4654 2533 4710 insistens
2577 4654 2781 4724 pariter
2821 4668 2890 4708 ne
2942 4652 3216 4722 diSpereat
3258 4649 3401 4720 quod
3443 4648 3512 4704 de
3553 4644 3657 4702 suis
3691 4634 3837 4709 regnis

577 4785 746 4833 cacat
769 4817 782 4841 ,
823 4771 1016 4845 quibus
1046 4784 1168 4825 cum
1214 4767 1300 4838 pie
1337 4773 1394 4821 et
1422 4767 1732 4818 reverenter
1757 4754 2046 4828 quaeritur,
2081 4751 2175 4807 de-

576 4867 740 4925 lectat
769 4866 946 4939 potius
969 4878 1130 4936 quam
1154 4872 1359 4917 terrere
1388 4853 1721 4925 intelligitur.
1751 4849 1992 4918 Namque
2011 4846 2174 4901 homo

579 4973 805 5035 uterque
836 4961 1108 5025 victurus,
1137 4969 1259 5011 cum
1289 4967 1452 5022 unum
1485 4947 1802 5020 principium
1831 4957 1953 4999 esse
1974 4947 2176 4996 sanctae

577 5058 776 5116 mentis
817 5051 1041 5110 intentio
1091 5053 1435 5120 percontatur
1459 5084 1474 5111 ,
1521 5053 1757 5111 caroque
1795 5036 1910 5092 haec
1952 5042 2133 5089 nostra
2158 5071 2174 5098 ,

576 5169 737 5229 quam
767 5148 962 5208 abditis
989 5159 1112 5201 cum
1141 5141 1324 5198 herbis
1350 5149 1406 5195 et
1427 5134 1757 5210 graminibus
1784 5146 1905 5203 qua:
1933 5127 2174 5229 diligitis,

577 5219 741 5305 tinum
781 5239 1137 5309 eutndemque
1162 5248 1318 5290 suum
1345 5245 1409 5286 ac
1445 5229 1608 5285 totius
1635 5224 1852 5292 mundi,
1885 5230 2045 5295 prout
2073 5219 2175 5275 sibi

576 5352 661 5400 est
682 5354 873 5412 agere,
904 5339 1195 5391 veneratur
1223 5337 1522 5382 auctorem.
1553 5320 1840 5377 Admirans
1869 5325 2048 5373 autem
2076 5327 2177 5386 ego

576 5407 798 5510 ipse,—et
821 5433 1209 5501 obstupescens
1236 5420 1486 5493 pertinax
1517 5425 1667 5471 tuum
1697 5412 2005 5478 consilium,
2030 5407 2173 5480 quod

576 5504 798 5590 carnem
826 5526 1007 5584 oderis
1032 5567 1046 5591 ,
1079 5531 1134 5578 et
1171 5515 1411 5592 gramina
1454 5507 1762 5576 venereris,
1796 5504 2033 5561 nondum
2063 5504 2175 5557 scio

579 5638 758 5686 utrum
790 5624 907 5680 htec
944 5619 1013 5676 ab
1052 5631 1160 5674 uno
1201 5628 1270 5669 an
1306 5605 1534 5666 diversis
1573 5601 1808 5659 fatearis.
1841 5596 1998 5666 Quod
2026 5595 2070 5651 si
2108 5594 2178 5650 ab

581 5735 688 5778 uno
715 5717 884 5783 dices,
917 5710 1046 5785 quid
1075 5707 1280 5767 incidas
1308 5700 1500 5759 vides:
1525 5697 1569 5754 si
1595 5695 1662 5752 ab
1682 5693 1872 5758 altero,
1905 5689 2174 5745 incautum

581 5824 664 5872 est
693 5806 913 5867 alterius
940 5811 1158 5878 propter
1178 5801 1281 5858 alia
1304 5794 1526 5855 laudare
1547 5790 1804 5849 factorem
1826 5824 1842 5853 ,
1865 5797 2020 5843 suunt
2047 5796 2178 5840 vero

2278 4748 2505 4819 quisque
2531 4745 2778 4818 perfecit.
2813 4744 3040 4815 Respuit
3071 4741 3188 4799 haec
3217 4741 3300 4797 sol
3329 4740 3635 4812 pra-clarus,
3653 4742 3701 4790 et
3716 4734 3835 4786 casta

2277 4839 2559 4912 virginitas
2598 4847 2759 4910 atque
2784 4838 3051 4909 gloriosus
3078 4835 3317 4890 siderum
3355 4835 3581 4895 chorus,
3612 4824 3836 4912 totiusque

2279 4911 2464 4992 mundi
2493 4936 2668 4990 onmis
2701 4932 2816 4988 lttec
2844 4931 3042 4986 fabrica
3077 4929 3275 4986 refutat
3299 4937 3462 4999 atque
3486 4923 3676 4995 abiicit,
3704 4911 3838 4983 origi-

2279 5045 2401 5085 nem
2441 5029 2541 5084 sibi
2568 5044 2599 5083 a
2625 5025 2837 5084 duobus
2862 5025 3089 5080 diversis
3116 5034 3172 5080 et
3196 5022 3410 5079 duobus
3441 5016 3676 5092 ingenitis
3702 5009 3836 5067 obve-

2279 5123 2415 5178 nire.
2445 5121 2690 5177 Violatur
2715 5119 2858 5176 enim
2888 5116 3126 5189 profanis
3153 5130 3347 5173 sensus
3373 5112 3598 5177 nebulis,
3623 5108 3666 5164 si
3691 5109 3834 5162 tantus

2281 5213 2535 5287 splendor
2566 5213 2789 5285 fulgoris
2820 5211 3069 5268 immensi
3111 5207 3504 5280 antiquioribus
3531 5197 3743 5260 tenebris
3766 5198 3834 5248 ιιι

2283 5326 2388 5382 que
2417 5324 2605 5365 earum
2637 5315 2788 5380 parte
2814 5307 3094 5363 consistat.
3127 5305 3220 5361 Sic
3259 5304 3402 5360 enim
3429 5296 3679 5368 contingit
3703 5300 3750 5346 ιιι
3776 5299 3831 5343 εἰ

2277 5405 2410 5476 ipsis
2431 5403 2510 5459 sol
2541 5403 2632 5470 sit,
2665 5401 2709 5458 si
2738 5400 2807 5457 de
2832 5400 3046 5456 duobus
3069 5397 3348 5471 principiis
3376 5395 3549 5451 omnis
3571 5385 3773 5476 mundus
3789 5384 3834 5433 ιιι

2277 5474 2424 5556 esset
2446 5497 2674 5569 accepit.
2705 5495 2871 5551 Plane
2898 5494 3021 5566 quia
3059 5502 3303 5550 nostrum
3339 5506 3446 5546 non
3483 5494 3564 5544 est
3598 5486 3644 5540 in
3668 5474 3831 5569 hisin-

2279 5567 2629 5664 telligentiam
2653 5587 2920 5655 detinere,
2949 5596 3110 5658 atque
3136 5585 3190 5641 in
3221 5584 3320 5640 hac
3345 5594 3537 5638 sensus
3563 5567 3831 5664 peregrina‘

2279 5686 2427 5743 tione
2462 5684 2794 5748 consistere,
2839 5680 3075 5753 fugimus
3119 5689 3175 5736 et
3205 5677 3489 5734 horremus
3534 5657 3831 5753 eum,cui'_1s

2277 5780 2440 5838 etiam
2478 5778 2578 5850 ipsi
2611 5776 2847 5835 victores
2872 5787 3088 5844 sumus,
3121 5788 3152 5828 a
3178 5787 3238 5830 se
3267 5783 3386 5830 esse
3413 5761 3667 5825 confiteri.
3693 5747 3825 5825 θεοί·
