4046 6302
367 251 507 308 1001

1513 248 1606 303 AD
1643 241 1972 305 JUSTINUM
2011 242 2468 304 MANICIUEUM.

3531 252 3675 313 1002

371 386 475 442 que
506 369 684 441 capias
714 367 994 436 desidero,
1023 367 1179 438 quale
1205 377 1289 424 est
1314 367 1494 423 dicere
1515 381 1733 422 carnem
1763 366 1964 435 absque
1992 364 2047 425 Α
2072 372 2125 416 ιιι
2155 363 2367 420 intuens
2398 362 2719 419 recordaris.
2744 363 2837 419 Illa
2867 377 3020 432 vero,
3079 362 3168 422 illa
3222 362 3483 425 immensa
3531 379 3587 426 ει
3635 387 3668 429 a

369 481 436 522 eo
465 480 585 520 esse
613 481 640 518 a
672 480 778 536 quo
797 463 1074 521 exordium
1100 472 1294 518 cuncta
1315 470 1663 532 sumpserunt
1695 476 1708 513 :
1741 472 1968 528 eamque

369 559 423 614 in
457 557 634 630 regnis
659 556 1026 629 superioribus
1055 555 1317 621 habitare,
1347 555 1435 610 ubi
1463 562 1546 609 est
1575 553 1664 608 illa
1689 551 1967 622 virginitas

368 662 696 720 memorata,
747 652 957 724 gloria,
1005 650 1102 706 lux
1159 649 1446 721 prmdicata
1492 665 1504 701 :
1563 661 1683 718 quac
1734 645 1856 717 quia
1912 645 1965 699 in

367 751 637 810 Christum
689 749 814 805 inde
851 746 1163 813 descendit,
1211 746 1282 801 ibi
1329 759 1436 800 non
1483 758 1604 799 esse
1634 757 1740 796 non
1792 747 1968 810 potest

366 846 643 904 :estimari.
676 843 803 900 lude
827 843 970 898 enim
992 851 1074 898 est
1101 840 1313 898 Christo
1335 838 1534 895 habere
1553 851 1769 893 carnem
1795 876 1809 900 ,
1842 849 1964 889 cum

366 939 434 995 de
462 937 626 993 Maria
665 935 850 992 dicere
887 942 973 989 tua
1012 948 1121 988 non
1148 932 1348 1001 patitur
1377 929 1671 986 veneratio.
1718 927 1964 982 Dicemus

366 1048 496 1106 ergo
508 1032 574 1086 ab
595 1031 766 1086 altero
777 1043 898 1085 esse
909 1026 1052 1099 quod
1077 1027 1242 1081 Deum
1265 1022 1527 1093 sumpsit?
1547 1021 1684 1090 Quid
1697 1019 1963 1092 agendutn

365 1136 481 1182 erat
502 1133 802 1195 sumpturo,
824 1122 868 1176 si
897 1136 1004 1176 non
1029 1119 1118 1191 qui
1145 1127 1227 1174 est
1255 1115 1503 1174 conditor
1529 1113 1858 1170 fabricaret?
1886 1116 1964 1170 Ac

363 1221 409 1276 si
438 1218 762 1289 composuit,
793 1214 1050 1284 numquid
1079 1223 1162 1269 est
1186 1212 1343 1282 digna
1374 1209 1606 1264 mereri?

436 1315 524 1369 lll.
547 1313 663 1378 llic,
688 1321 745 1367 ut
763 1310 942 1375 video,
963 1308 1207 1363 laudatur
1231 1307 1474 1361 inventor
1487 1303 1821 1369 etcondilor,
1845 1303 1888 1358 si
1909 1301 1960 1357 in

363 1428 425 1469 ea
439 1411 650 1482 dignata
665 1407 1032 1464 estmternitas
1054 1403 1315 1458 habitare.
1333 1400 1388 1457 Si
1403 1410 1582 1456 autem
1606 1399 1709 1453 alia
1726 1398 1815 1453 illa
1837 1412 1961 1453 caro

361 1521 481 1576 qua:
496 1505 546 1559 in
560 1501 798 1566 Christo,
816 1515 922 1554 non
939 1508 1114 1553 tamen
1129 1495 1417 1565 antiquior,
1433 1501 1488 1548 et
1502 1493 1642 1548 Deus
1655 1491 1826 1546 factor
1840 1506 1962 1562 pos-

363 1599 530 1656 terior
560 1595 848 1653 invenitur.
868 1593 926 1651 Si
955 1591 1245 1663 antiquior,
1268 1603 1366 1644 cur
1393 1587 1504 1658 ipsa
1539 1587 1590 1640 in
1620 1584 1821 1641 mundo
1852 1599 1957 1638 non

359 1705 462 1763 est,
479 1702 640 1749 etcur
655 1691 708 1746 in
723 1689 862 1747 caelo
875 1696 978 1752 est,
1001 1686 1089 1742 ubi
1113 1699 1340 1740 carneus
1358 1681 1535 1737 nullus
1549 1679 1670 1735 est?
1698 1679 1764 1733 Et
1785 1679 1827 1733 si
1845 1678 1958 1747 ipsa

2070 458 2396 528 semetipsis,
2430 458 2542 528 ipsa
2564 473 2748 514 carere
2765 459 3128 527 similitudine,
3161 463 3560 530 comparatione
3585 465 3667 519 vi-

2070 549 2246 616 duari,
2271 552 2517 622 exemplo
2546 551 2778 608 deiicere
2800 568 2958 609 nemo
2979 552 3246 610 dubitabit
3277 572 3288 608 :
3323 571 3428 626 quo
3457 559 3667 628 cogitur

2069 644 2404 712 contitvri;et
2431 644 2496 700 ad
2527 644 2576 699 id
2597 655 2813 715 urgetur
2830 647 2994 702 artari
3025 657 3223 702 nostra:
3247 647 3559 704 intentionis
3585 651 3666 705 in-

2066 737 2274 805 gressio
2300 737 2367 792 ad
2393 738 2485 793 illa
2512 739 2709 796 excelsi
2729 740 2910 797 abdita
2933 741 3218 798 indefessis
3245 741 3439 799 finibus
3479 759 3666 801 mean-

2069 831 2142 886 tia
2161 872 2177 896 ,
2220 830 2285 886 ad
2316 832 2574 888 secretius
2605 843 2936 890 secretorum
2983 845 3267 905 penetrare
3297 839 3662 894 venerandum

2069 939 2288 989 rerum,
2337 926 2452 980 sola
2488 926 2704 997 quidem
2738 937 2996 998 quantum
3037 939 3216 986 tamen
3263 932 3405 988 valet
3442 941 3662 996 natura,

2066 1026 2327 1088 quantum
2365 1032 2546 1075 sermo
2577 1019 2778 1075 sufficit
2813 1020 2944 1088 fari,
2987 1022 3234 1094 aggredi,
3267 1025 3532 1096 attingere
3578 1025 3665 1081 vel

2069 1119 2298 1169 tentare.
2343 1114 2409 1168 Et
2450 1113 2569 1170 ideo
2610 1116 2873 1172 immenso
2915 1116 3041 1188 quid
3084 1120 3188 1174 erit
3224 1120 3400 1178 simile
3422 1122 3532 1192 jam
3578 1137 3666 1180 re-

2065 1221 2239 1277 qutro.

2137 1297 2202 1353 ν.
2240 1298 2431 1368 Dicito,
2459 1303 2501 1357 si
2532 1303 2697 1371 vales,
2731 1306 2818 1376 qui
2846 1309 3275 1379 eompationibus
3331 1311 3489 1369 fidem
3541 1313 3652 1370 lar-

2063 1391 2218 1463 giens
2242 1405 2587 1452 consecutum
2613 1407 2662 1452 te
2683 1399 2859 1456 credis
2886 1416 2980 1471 per
3009 1403 3296 1474 imaginum
3323 1405 3538 1462 umbras
3565 1423 3658 1463 ve-

2034 1486 2038 1490 ’
2064 1486 2298 1542 ritatem.
2349 1490 2456 1546 Sed
2484 1499 2543 1547 ut
2567 1493 2724 1548 video
2751 1494 2934 1552 delicis
2973 1514 3078 1553 non
3105 1509 3181 1566 tu,
3211 1499 3441 1568 Iustine,
3473 1503 3659 1572 rebus,

2063 1591 2221 1650 quam
2261 1582 2353 1637 tibi
2385 1600 2491 1640 res.
2524 1586 2701 1657 Atque
2724 1587 2790 1655 si,
2816 1597 2874 1644 ut
2899 1591 3039 1647 aisse
3076 1593 3220 1648 soles
3250 1604 3304 1649 et
3351 1610 3493 1650 nunc
3531 1595 3667 1653 dicis

2063 1677 2206 1733 aliud
2256 1695 2500 1752 regnum,
2556 1684 2812 1754 numquid
2871 1686 2973 1743 hoc
3022 1688 3273 1744 estaliud
3304 1690 3488 1746 nescio
3517 1691 3662 1763 quod

360 1789 414 1843 in
447 1786 647 1843 mundo
675 1799 780 1840 non
802 1791 888 1838 est
907 1797 1024 1851 quae
1043 1781 1097 1834 in
1119 1779 1352 1845 Christo,
1376 1774 1516 1830 unde
1542 1774 1594 1828 in
1619 1773 1800 1844 regnis
1822 1772 1953 1826 alie-
1985 1771 2032 1831 B
2060 1785 2284 1842 regnum
2312 1773 2451 1844 quod
2483 1783 2534 1830 et
2557 1774 2874 1833 immensum
2901 1780 2924 1833 ?
2979 1779 3084 1836 Sed
3115 1795 3220 1836 non
3250 1782 3405 1838 video
3459 1799 3662 1841 conve-

361 1882 446 1938 nis
475 1881 711 1937 externis
740 1876 849 1932 oris
877 1873 1101 1931 obvenit
1125 1869 1528 1927 creatura?aut
1554 1867 1694 1922 unde
1724 1866 1807 1920 hic
1838 1863 1958 1919 aui-

359 1991 463 2034 ma:
489 1972 811 2047 copulatur?
841 1979 934 2026 aut
962 1983 1128 2040 quare
1171 1965 1313 2020 valet
1359 1973 1463 2018 tam
1509 1960 1817 2030 frequenter
1853 1957 1954 2013 sibi

357 2072 564 2128 animas
591 2068 887 2139 captivare,
921 2075 978 2119 ut
1020 2078 1158 2134 pene
1189 2059 1309 2130 plus
1342 2067 1531 2128 potens
1563 2055 1614 2109 in
1648 2053 1826 2125 regnis
1858 2067 1953 2123 pa-

355 2175 474 2222 reat
502 2161 728 2219 alienis?
758 2169 815 2216 et
853 2157 978 2230 quid
1021 2157 1228 2212 laborat
1269 2161 1457 2208 auctor
1494 2149 1770 2206 interioris
1811 2146 1955 2201 hunc

356 2258 667 2315 interiorem
697 2271 729 2310 e
753 2268 916 2310 carne
945 2247 1208 2307 liberare?
1231 2255 1324 2302 aut
1351 2260 1445 2301 cur
1475 2243 1619 2299 unde
1644 2240 1954 2298 liberandus

353 2364 508 2422 erat,
551 2367 673 2408 eum
722 2359 780 2406 ut
821 2347 1163 2404 clauderetur
1200 2341 1452 2398 admisit?
1480 2338 1641 2395 Certe
1671 2345 1838 2394 totum
1869 2334 1954 2391 hic

351 2445 495 2518 quod
523 2443 755 2501 mundus
778 2450 862 2499 est
891 2453 1113 2511 regnum
1135 2445 1219 2493 est
1246 2433 1489 2490 veritatis
1519 2441 1573 2488 et
1594 2430 1750 2498 lucis,
1778 2436 1834 2502 et
1861 2427 1952 2500 qui

351 2540 526 2596 factor
553 2537 671 2610 ejus
697 2547 780 2593 εει
821 2534 1150 2591 dominatur.
1203 2529 1259 2586 Si
1299 2528 1352 2583 in
1403 2527 1506 2582 hoc
1546 2524 1690 2581 omni
1734 2521 1950 2594 proprio

351 2634 455 2691 sibi
484 2648 654 2704 regno
683 2644 848 2685 unum
876 2635 960 2683 est
986 2624 1208 2681 alterius
1237 2620 1382 2692 quod
1411 2634 1539 2675 caro
1568 2617 1783 2680 dicitur,
1809 2614 1951 2669 lucc-

350 2743 456 2800 que
481 2727 598 2782 sola
626 2731 829 2780 tantum
859 2719 1029 2794 possit
1049 2727 1104 2774 et
1125 2717 1318 2784 valeat,
1350 2722 1406 2769 ut
1432 2710 1661 2784 impulsa
1692 2707 1808 2780 ejus
1834 2707 1952 2764 ani-

353 2835 443 2877 ma
467 2821 700 2890 jactetur
727 2815 995 2872 fluctuans
1014 2821 1069 2868 et
1098 2811 1311 2882 fatigata
1343 2809 1687 2877 languescat,
1719 2811 1950 2874 quantus

350 2914 404 2971 in
437 2913 549 2969 suis
579 2912 758 2983 regnis
788 2923 908 2966 esse
937 2904 1107 2978 possit
1136 2905 1223 2975 qui
1247 2903 1418 2958 factor
1450 2897 1628 2956 carnis
1663 2905 1746 2953 est
1776 2895 1950 2951 intue-

349 3022 490 3063 mur.
527 3004 582 3063 Si
613 3003 757 3060 enim
803 3002 904 3058 hoc
934 3013 1156 3072 regnum
1187 2997 1327 3066 quod
1359 2992 1590 3071 mundus
1619 2989 1793 3046 omnis
1823 2995 1906 3044 cst
1930 3027 1946 3055 ,

348 3100 467 3170 ejus
490 3113 611 3154 esse
633 3097 927 3168 capiamus,
957 3109 986 3148 a
1001 3108 1106 3164 quo
1119 3103 1336 3146 carnem
1358 3086 1629 3143 credimus
1645 3083 1948 3138 ministram

2062 1862 2179 1918 nire
2210 1873 2267 1918 ut
2293 1864 2612 1921 immensum
2643 1866 2871 1938 dicatur,
2900 1871 2944 1926 si
2977 1884 3098 1927 esse
3131 1881 3185 1928 et
3213 1873 3365 1929 alteri
3409 1890 3514 1930 non
3566 1891 3662 1932 ne-

2058 1966 2250 2027 gatur:
2281 1957 2368 2014 ubi
2395 1959 2538 2014 enim
2568 1960 2754 2032 incipit
2776 1977 2898 2019 esse
2945 1964 3117 2032 alteri,
3181 1966 3288 2022 illic
3313 1966 3494 2023 deficit
3540 1968 3662 2026 finis

2057 2050 2319 2120 alterius,
2347 2061 2400 2108 ει
2421 2062 2613 2109 neuter
2637 2063 2721 2110 est
2758 2054 3016 2112 inﬁnitus.
3051 2058 3205 2126 Quod
3232 2061 3276 2115 si
3306 2060 3379 2115 ita
3409 2070 3492 2117 est
3511 2071 3572 2117 ut
3596 2063 3661 2118 fi-

2059 2140 2230 2196 nitum
2258 2144 2348 2210 sit,
2377 2159 2410 2198 a
2433 2161 2649 2217 quoquo
2688 2147 2928 2218 ipsorum
2966 2165 3088 2206 esse
3114 2167 3312 2222 respuo
3334 2154 3417 2210 vel
3439 2153 3656 2212 abutor.

2056 2235 2258 2294 Tamen
2283 2239 2404 2308 quia
2428 2239 2496 2294 ab
2511 2241 2682 2297 altero
2700 2258 2905 2310 sumus,
2928 2253 2984 2300 et
3014 2245 3246 2302 mundus
3269 2262 3299 2301 a
3329 2263 3389 2304 se
3417 2264 3520 2305 non
3548 2260 3655 2319 est,

2055 2331 2252 2402 quique
2277 2333 2593 2402 quantusvis
2619 2335 2709 2400 sit,
2735 2345 2819 2392 est
2849 2347 3024 2393 tamen
3050 2337 3249 2406 finitus,
3283 2341 3328 2395 si
3354 2355 3462 2398 non
3493 2354 3657 2400 caete-

2055 2423 2150 2492 ris,
2186 2425 2374 2497 utique
2404 2426 2486 2482 vel
2512 2427 2702 2484 factori
2737 2446 2750 2482 :
2785 2429 2920 2486 adeo
2957 2430 3223 2487 inﬁnitum
3255 2433 3514 2492 factorem
3538 2437 3656 2508 ejus

2053 2529 2458 2577 sacrosanctum
2483 2531 2569 2578 est
2592 2524 2862 2580 conﬁteri.
2899 2525 3038 2596 Ergo
3063 2527 3247 2584 omnia
3275 2544 3393 2599 qua
3415 2529 3471 2584 in
3494 2546 3652 2586 mun-

2052 2610 2123 2667 do
2147 2622 2292 2682 sunt,
2311 2628 2372 2668 ea
2403 2629 2630 2685 quaeque
2659 2626 2783 2671 sunt
2805 2616 2947 2687 quod
2973 2618 3088 2687 ipse
3109 2620 3342 2675 mundus
3363 2632 3468 2690 est,
3495 2622 3561 2678 ab
3585 2638 3654 2679 eo

2052 2718 2174 2760 esse
2196 2705 2456 2777 principio
2482 2705 2702 2762 intueor
2725 2717 2780 2763 et
2803 2724 3092 2780 cognosco,
3122 2712 3264 2783 quod
3294 2730 3457 2769 unum
3487 2725 3542 2770 et
3562 2731 3653 2772 so-

2053 2797 2160 2853 lum
2191 2814 2222 2854 a
2261 2793 2322 2856 s'e
2349 2800 2466 2871 ipso
2498 2801 2549 2855 in
2581 2817 2640 2857 se
2675 2802 2776 2857 sibi
2797 2811 2909 2868 est,
2939 2805 3190 2877 quodque
3216 2805 3536 2864 immensum
3573 2818 3649 2865 to-

2053 2900 2274 2964 tumque
2301 2893 2508 2950 infinite
2531 2895 2822 2966 porrigitur
2851 2937 2866 2962 ,
2912 2907 3050 2952 eteo
3083 2907 3227 2954 meat
3260 2909 3318 2954 ut
3347 2918 3452 2956 non
3476 2904 3546 2957 sit
3568 2912 3652 2958 at-

2052 3002 2156 3058 que
2204 2987 2419 3043 deﬁciat
2447 3030 2461 3053 ,
2512 2989 2599 3044 ubi
2646 2990 2805 3070 alteri
2851 3006 2973 3047 esse
3014 2993 3086 3048 sit
3124 2994 3209 3048 vel
3251 2995 3482 3051 existere
3516 3013 3528 3049 :
3558 3005 3653 3052 aut

2055 3081 2242 3138 haberi
2295 3083 2438 3139 aliud
2486 3085 2676 3155 nequit
2717 3100 2838 3142 esse
2877 3086 3019 3158 quod
3073 3097 3247 3144 tamen
3280 3097 3559 3146 externum
3581 3093 3652 3146 sit

346 3192 498 3263 ejus;
528 3191 770 3247 dicemus
797 3188 998 3253 solem,
1045 3194 1099 3241 et
1127 3183 1274 3239 illum
1302 3181 1525 3238 chorum
1548 3220 1563 3246 ,
1593 3192 1658 3232 ac
1682 3174 1941 3247 virginem
1970 3168 2016 3231 C
2050 3177 2131 3231 vel
2179 3177 2450 3246 divisum,
2498 3178 2694 3250 fiatque
2741 3180 2994 3234 aemulum
3034 3189 3127 3236 aut
3168 3183 3427 3237 consistat
3475 3183 3650 3239 inimi-

345 3287 704 3359 singularem,
739 3281 1114 3340 elatebrarum
1150 3278 1296 3334 fonte
1325 3275 1604 3332 claruisse.
1639 3268 1791 3338 Quod
1836 3281 1937 3340 ego

343 3379 562 3452 quidem
590 3379 764 3434 libens
789 3374 1106 3447 amplector,
1140 3379 1195 3426 et
1219 3371 1361 3424 elata
1382 3365 1564 3422 lattitia
1584 3362 1792 3435 gaudeo
1814 3373 1938 3432 pro-

342 3475 507 3543 fiteri,
539 3488 704 3530 unum
733 3471 818 3528 his
848 3469 1097 3526 omnibus
1121 3465 1455 3522 conditorem
1473 3502 1487 3526 ,
1517 3473 1750 3529 cumque
1775 3469 1936 3528 quem

341 3570 513 3626 lucem
540 3582 680 3632 esse,
712 3575 767 3622 et
797 3563 1107 3624 veritatem,
1138 3568 1300 3629 atque
1335 3565 1504 3610 tntum
1523 3550 1706 3607 haberi
1735 3548 1816 3603 fas
1832 3547 1932 3612 sit,

330 3660 444 3734 'piw
464 3657 826 3732 inquisitionis
843 3661 1055 3712 secreto
1080 3664 1244 3707 causa
1263 3659 1407 3703 cura:
1432 3639 1760 3714 penetrautis
1787 3635 1936 3710 agni-

341 3729 455 3811 tum
477 3729 741 3808 venerari.
765 3748 842 3803 lta
869 3745 1069 3802 habere
1090 3736 1614 3800 cxsultantisanima:
1631 3729 1933 3788 recordatio

337 3847 516 3903 elevat
530 3858 746 3909 sensus,
778 3851 832 3897 et
855 3853 1044 3896 omnes
1071 3849 1229 3893 curas
1248 3831 1470 3902 spiritus
1499 3823 1806 3882 fluctuantis
1829 3822 1934 3877 fes-

336 3940 408 3996 tis
457 3939 727 3994 rationum
769 3931 946 3990 causis
971 3931 1120 4002 origo
1167 3925 1362 3982 melior
1407 3918 1738 3978 consolatur.
1767 3913 1933 3982 Quid-

336 4030 467 4104 quid
509 4029 709 4086 saecula
746 4027 1032 4092 dicuntur,
1082 4029 1175 4077 aut
1222 4033 1385 4090 regna
1421 4021 1801 4085 numerantur,
1845 4007 1931 4065 vel

335 4101 522 4183 mundi
542 4125 826 4191 habentur,
842 4117 1097 4192 quidquid
1118 4113 1457 4184 omniprisco
1486 4108 1633 4181 prius
1661 4101 1931 4161 antevenit

335 4232 501 4275 unum
524 4232 666 4285 esse,
693 4216 926 4272 existere
949 4210 1296 4282 singularem,
1327 4204 1577 4277 quodque
1604 4201 1927 4256 immensum

334 4311 524 4370 haberi
552 4326 619 4368 eo
654 4308 958 4380 colligitur,
989 4302 1133 4376 quod
1164 4310 1335 4358 totum
1363 4299 1462 4363 sit,
1495 4293 1590 4352 sed
1618 4307 1754 4349 unus
1781 4291 1928 4347 dica-

334 4418 493 4558 ῑωιῖν.
536 4500 706 4558 Aliter
739 4498 954 4573 quidem
980 4539 994 4565 ,
1015 4494 1256 4561 Iustine,
1289 4487 1432 4563 quod
1467 4487 1582 4559 ipse
1610 4493 1727 4552 est,
1769 4480 1925 4537 aliter

2044 3262 2206 3337 cum,
2256 3269 2399 3341 quod
2458 3270 2511 3325 in
2562 3271 2676 3326 suis
2711 3272 2944 3342 positum
2994 3282 3050 3329 et
3103 3289 3452 3330 commanens
3506 3275 3652 3332 vinci

2043 3365 2300 3436 recipiat,
2355 3374 2410 3421 ει
2464 3377 2586 3437 post
2635 3367 2972 3439 captivetur,
3025 3379 3186 3440 atque
3239 3371 3377 3427 intra
3430 3373 3652 3430 victoris

2041 3471 2207 3528 regna
2247 3457 2390 3513 adsit
2426 3467 2746 3527 attractum,
2794 3460 3222 3534 translatumque
3261 3463 3332 3519 ibi
3388 3480 3508 3522 esse
3548 3466 3649 3522 de-

2040 3548 2200 3616 sinat,
2242 3559 2419 3605 cessct
2453 3550 2542 3607 ubi
2573 3552 2622 3606 ei
2653 3567 2772 3607 esse
2799 3551 2962 3609 fuerit
2994 3563 3120 3610 ante
3156 3554 3376 3612 bellum.
3409 3555 3568 3615 Certe
3596 3560 3645 3616 si

2041 3640 2092 3696 in
2123 3656 2190 3697 eo
2229 3642 2406 3698 adhuc
2452 3651 2569 3712 εει,
2615 3644 2790 3700 adhuc
2815 3655 3123 3718 superatura
3156 3665 3264 3706 non
3304 3661 3387 3707 cst
3430 3670 3442 3706 :
3489 3668 3552 3709 ac
3596 3654 3645 3710 si

2039 3740 2146 3798 est,
2181 3732 2316 3790 forte
2362 3745 2662 3806 reparetur.
2711 3737 2888 3806 Quoto
2930 3739 2981 3794 id
3036 3756 3259 3796 numero
3299 3742 3438 3798 fiet?
3475 3761 3640 3816 quan-

2039 3825 2106 3880 tis
2133 3827 2344 3881 szcculis
2374 3843 2545 3900 pugna
2583 3829 2681 3883 ista
2715 3829 2974 3886 durabit?
3002 3834 3216 3902 quando
3253 3833 3522 3891 cessabit?
3551 3853 3619 3893 ex

2037 3918 2267 3974 stinctus
2296 3929 2389 3974 aut
2431 3920 2476 3976 si
2513 3920 2623 3991 jam
2665 3920 2839 3978 victus
2868 3931 2986 3990 εει,
3030 3924 3080 3979 in
3120 3928 3234 3982 suis
3273 3943 3378 3982 non
3423 3937 3549 3984 est:
3589 3936 3652 3985 et

2040 4028 2263 4085 usquam
2293 4015 2422 4070 est?
2449 4014 2576 4085 quin
2609 4015 2775 4070 immo
2802 4015 2852 4070 ei
2884 4031 3006 4072 esse
3039 4017 3148 4089 jam
3175 4017 3316 4075 desit
3341 4029 3396 4076 et
3439 4032 3637 4077 cessat.

2031 4105 2114 4188 glta
2157 4118 2212 4164 et
2251 4109 2431 4165 omnia
2473 4125 2594 4181 qua:
2636 4110 2755 4180 ejus
2794 4123 2949 4168 erant
2985 4128 3107 4169 cum
3153 4130 3252 4170 suo
3280 4115 3428 4172 fonte
3462 4120 3640 4189 perie-

2036 4210 2200 4268 runt,
2241 4213 2403 4273 atque
2440 4202 2653 4259 sublata
2689 4211 2835 4267 sunt.
2881 4204 2940 4260 Si
2989 4207 3294 4278 perierunt,
3339 4209 3484 4264 nulla
3520 4211 3638 4282 ejus

2036 4308 2271 4366 unquam
2307 4304 2435 4352 sunt
2469 4312 2482 4350 :
2525 4306 2581 4353 et
2625 4309 2754 4353 caro
2780 4313 2900 4370 quae
2947 4309 3065 4370 εει,
3115 4317 3220 4359 non
3252 4302 3370 4375 ejus
3395 4314 3498 4373 est,
3539 4305 3636 4362 sed

2035 4387 2179 4444 illius
2208 4387 2299 4459 qui
2323 4389 2448 4444 vicit
2478 4390 2675 4461 potius.

2107 4481 2194 4538 Vl.
2225 4481 2306 4538 Tu
2332 4482 2471 4540 forte
2497 4484 2656 4541 malis
2676 4487 2935 4543 victorem
2964 4487 3124 4545 istum
3150 4498 3409 4561 tropaeum
3440 4490 3543 4548 sibi
3563 4495 3632 4550 ad

333 4614 454 4672 qum
500 4597 568 4653 ab
594 4598 728 4669 ipso.
757 4594 909 4664 Quod
935 4594 1050 4664 ipse
1077 4599 1161 4647 est
1184 4602 1348 4644 unum
1380 4592 1494 4649 est,
1531 4591 1808 4651 totumque
1846 4583 1928 4632 est
1951 4580 2006 4641 D
2031 4588 2129 4630 sua
2159 4591 2323 4648 regna
2341 4577 2554 4634 vexisse
2583 4595 2652 4635 ex
2699 4579 2783 4636 his
2812 4580 2992 4653 aliqua
3035 4598 3155 4654 qua:
3203 4585 3296 4656 qui
3329 4586 3501 4642 victus
3549 4598 3635 4644 est

329 4691 587 4764 quidquid
617 4691 732 4761 ipse
761 4698 878 4745 est:
903 4685 1044 4758 quod
1065 4697 1196 4740 vero
1221 4681 1288 4736 ab
1309 4680 1426 4751 ipso
1457 4684 1560 4742 est,
1583 4676 1926 4730 innumerum

327 4792 432 4841 est.
456 4782 522 4839 Et
550 4783 665 4839 haec
687 4790 831 4847 sunt,
849 4779 1043 4851 quibus
1061 4775 1302 4847 repletur
1336 4784 1497 4826 omne
1517 4765 1660 4838 quod
1682 4780 1788 4820 uno
1812 4769 1925 4817 toto

328 4877 598 4935 clauditur
627 4885 679 4932 et
707 4874 960 4930 ambitur.
993 4871 1192 4927 Verum
1217 4865 1362 4938 quod
1386 4868 1534 4918 varia
1560 4869 1684 4916 sunt
1714 4871 1833 4928 qua:
1854 4853 1922 4909 ab

327 4970 446 5040 ipso
468 4979 624 5035 sunt,
653 4967 743 5039 qui
771 4983 800 5022 a
823 4982 884 5023 se
914 4972 996 5021 est
1023 4973 1077 5020 et
1105 4976 1280 5031 unum,
1301 4966 1416 5024 est,
1444 4953 1607 5010 variis
1637 4965 1758 5006 eum
1786 4962 1918 5004 con-

323 5064 470 5120 venit
497 5063 784 5118 dominari.
813 5060 879 5115 Et
903 5067 960 5114 ut
989 5055 1331 5125 omnipotens
1351 5057 1594 5121 apparet,
1619 5041 1919 5101 contrario-

320 5173 442 5214 rum
471 5157 635 5213 etiam
656 5150 1134 5227 origoipsedebuit
1161 5145 1411 5203 inveniri.
1442 5140 1609 5212 quue
1640 5133 1918 5227 planejam

319 5252 465 5309 illius
487 5253 635 5308 silva:
659 5226 775 5318 est,
802 5265 920 5321 quae
948 5261 1109 5302 omne
1139 5244 1338 5313 lignum
1396 5234 1621 5294 materie
1661 5226 1922 5286 discrevit

319 5348 654 5422 specierum,
694 5345 947 5402 arborum
983 5353 1182 5414 genere
1217 5336 1400 5406 dispar
1420 5341 1582 5402 atque
1610 5325 1871 5385 dissimile
1901 5341 1914 5380 :

319 5420 374 5518 ει
401 5448 510 5497 tota
541 5449 720 5496 tamen
743 5438 876 5495 silva
907 5451 971 5491 ac
999 5447 1165 5506 penes
1193 5430 1425 5486 discreta
1445 5423 1691 5482 confusio
1711 5463 1726 5490 ,
1749 5420 1803 5476 in
1826 5421 1912 5474 in-

317 5533 563 5591 numeris
596 5532 825 5589 millium
844 5529 1145 5586 vmilliorum
1183 5521 1625 5590 materielignum
1643 5529 1764 5572 esse
1793 5527 1913 5568 con-

315 5629 546 5701 spicitur
570 5637 624 5685 et
660 5627 892 5692 videtur,
930 5633 986 5681 et
1023 5638 1132 5680 non
1168 5630 1345 5676 tamen
1377 5626 1566 5671 natura
1603 5612 1910 5667 denotatur.

317 5724 446 5781 llmc
467 5721 875 5780 similitudinum
902 5733 1022 5777 esse
1050 5731 1170 5789 quae
1190 5715 1408 5772 decreta
1430 5716 1574 5775 sunt,
1605 5715 1766 5777 atque
1794 5717 1914 5775 qua:

315 5819 386 5879 ab
407 5818 578 5876 altero
608 5825 667 5875 ut
691 5824 877 5874 essent
905 5814 983 5870 eis
1014 5809 1240 5881 contigit
1269 5802 1592 5880 provenire,
1621 5813 1830 5858 mecum
1858 5803 1915 5854 et

767 5912 1043 5973 ΡΑΤιιοι..
1101 5903 1246 5966 Vlll
1259 5947 1273 5962 .

2031 4667 2359 4738 possidebat.
2396 4669 2524 4724 Esto
2554 4668 2681 4726 licet
2708 4670 2818 4726 sint
2859 4671 2995 4740 haec,
3043 4689 3151 4730 non
3200 4687 3376 4734 tamen
3409 4677 3629 4736 inimica

2028 4770 2175 4829 sunt,
2207 4777 2328 4834 quae
2357 4763 2640 4818 manubias
2670 4766 2760 4836 qui
2803 4765 2934 4822 vicit
2975 4767 3218 4825 abduxit.
3255 4769 3529 4828 luimicam
3570 4782 3628 4829 ιιι

2027 4848 2156 4912 vero
2177 4871 2394 4912 carnem
2427 4857 2540 4912 Deo
2561 4857 2736 4914 adhuc
2764 4857 2926 4915 hodie
2967 4863 3262 4920 confiteris.
3288 4866 3332 4921 0
3355 4867 3622 4938 ignaviam

2026 4951 2440 5022 triumphantis!
2473 4968 2507 5008 ο
2533 4955 2700 5009 otium
2725 4956 3024 5012 verberati!
3049 4974 3082 5014 o
3105 4960 3217 5016 laesi
3248 4971 3515 5034 torporem
3542 4967 3555 5019 l
3585 4979 3621 5021 o

2024 5043 2260 5100 lacessiti
2283 5044 2461 5116 pigras
2490 5045 2666 5101 vires!
2710 5061 2742 5103 ο
2769 5049 2976 5104 domini
3013 5052 3304 5109 auctoritas
3338 5058 3623 5128 conquies-

2024 5139 2188 5193 cens!
2219 5138 2456 5208 Captivis
2485 5139 2590 5196 tuis
2619 5139 2671 5196 in
2703 5149 2793 5196 tuo
2820 5158 2988 5214 regno
3014 5146 3276 5217 fatigaris;
3309 5159 3363 5204 et
3382 5150 3470 5220 qui
3502 5151 3620 5206 vin-

2023 5246 2148 5289 cere
2167 5232 2418 5288 bellando
2457 5233 2696 5303 valuisti,
2729 5235 3004 5294 adsuescis
3034 5240 3308 5310 parcendo
3348 5243 3614 5314 superari.

2021 5326 2331 5384 Habeantur
2360 5328 2450 5383 tali
2476 5328 2664 5385 ordine
2692 5346 2812 5401 qua:
2840 5333 3012 5402 prima
3036 5343 3182 5402 sunt,
3207 5343 3263 5391 et
3291 5336 3446 5408 longe
3468 5349 3616 5394 retro

2019 5429 2305 5492 antequam
2345 5421 2578 5476 mundus
2606 5434 2688 5478 est
2731 5438 2944 5481 errores
2969 5427 3184 5500 colligat
3214 5429 3317 5484 ista
3355 5433 3611 5504 suspicio.

2017 5517 2178 5572 Certe
2205 5529 2237 5568 a
2276 5530 2336 5571 se
2367 5527 2649 5588 utrumque
2680 5516 2786 5586 ais,
2813 5533 2947 5589 quos
2975 5519 3120 5576 bello
3159 5523 3332 5578 coisse
3369 5539 3609 5583 comme-

1988 5624 2238 5666 vmoras:
2273 5624 2369 5680 par
2396 5608 2482 5666 his
2516 5611 2687 5665 virtus
2714 5618 2818 5678 est,
2846 5612 3038 5683 quibus
3076 5627 3107 5667 a
3152 5630 3212 5671 se
3239 5616 3389 5687 origo
3425 5629 3478 5673 ει
3502 5633 3608 5673 una

2018 5702 2292 5760 aeternitas
2320 5702 2606 5774 reperitur.
2637 5701 2880 5760 Audeam
2910 5703 2997 5761 hic
3025 5720 3125 5778 ego
3154 5707 3396 5764 alterum
3425 5709 3610 5768 dicere

2017 5796 2321 5866 meliorem,
2340 5805 2499 5868 atque
2517 5798 2688 5866 majus
2706 5809 2827 5854 esse
2850 5797 2901 5853 in
2921 5797 3089 5855 altero
3107 5800 3370 5870 suspicari
3394 5819 3407 5858 :
3432 5817 3610 5861 nonne

3188 5891 3269 5956 32
