  <div class='ocr_page' id='page_1' title='image "/cluster/home/n/w/nwhite01/storage/ocr_20150623/8/hvd.32044015471253/509.png"; bbox 0 0 4046 6302; ppageno 0'>
   <div class='ocr_carea' id='block_1_1' title="bbox 482 268 622 353">
    <p class='ocr_par' dir='ltr' id='par_1_1' title="bbox 482 268 622 353">
     <span class='ocr_line' id='line_1_1' title="bbox 482 268 622 353; baseline 0.007 -27"><span class='ocrx_word' id='word_1_1' title='bbox 482 268 622 353; x_wconf 72' lang='lat' dir='ltr'><strong>tuos</strong></span> 
     </span>
    </p>
   </div>
   <div class='ocr_carea' id='block_1_2' title="bbox 1740 258 2520 319">
    <p class='ocr_par' dir='ltr' id='par_1_2' title="bbox 1740 258 2520 319">
     <span class='ocr_line' id='line_1_2' title="bbox 1740 258 2520 319; baseline -0.003 -2"><span class='ocrx_word' id='word_1_2' title='bbox 1740 258 1935 319; x_wconf 79' lang='lat' dir='ltr'><strong>MAlill</strong></span> <span class='ocrx_word' id='word_1_3' title='bbox 1971 258 2321 319; x_wconf 77' lang='lat' dir='ltr'><strong>VICTORINI</strong></span> <span class='ocrx_word' id='word_1_4' title='bbox 2359 258 2520 317; x_wconf 78' lang='lat' dir='ltr'><strong>AFRl</strong></span> 
     </span>
    </p>
   </div>
   <div class='ocr_carea' id='block_1_3' title="bbox 3635 263 3761 324">
    <p class='ocr_par' dir='ltr' id='par_1_3' title="bbox 3635 263 3761 324">
     <span class='ocr_line' id='line_1_3' title="bbox 3635 263 3761 324; baseline 0.016 -2"><span class='ocrx_word' id='word_1_5' title='bbox 3635 263 3761 324; x_wconf 74' lang='grc'><strong>1001</strong></span> 
     </span>
    </p>
   </div>
   <div class='ocr_carea' id='block_1_4' title="bbox 480 375 3766 452">
    <p class='ocr_par' dir='ltr' id='par_1_4' title="bbox 480 375 3766 452">
     <span class='ocr_line' id='line_1_4' title="bbox 480 375 3766 452; baseline -0.002 -8"><span class='ocrx_word' id='word_1_6' title='bbox 480 389 661 444; x_wconf 83' lang='lat' dir='ltr'><strong>incido</strong></span> <span class='ocrx_word' id='word_1_7' title='bbox 703 385 788 444; x_wconf 89' lang='lat' dir='ltr'><strong>vel</strong></span> <span class='ocrx_word' id='word_1_8' title='bbox 849 383 1098 452; x_wconf 88' lang='lat' dir='ltr'><strong>incurro,</strong></span> <span class='ocrx_word' id='word_1_9' title='bbox 1147 391 1202 440; x_wconf 92' lang='lat' dir='ltr'><strong>et</strong></span> <span class='ocrx_word' id='word_1_10' title='bbox 1257 389 1461 438; x_wconf 80' lang='lat' dir='ltr'><strong>teterno</strong></span> <span class='ocrx_word' id='word_1_11' title='bbox 1519 379 1621 452; x_wconf 90' lang='lat' dir='ltr'><strong>ipsi</strong></span> <span class='ocrx_word' id='word_1_12' title='bbox 1646 425 1660 445; x_wconf 88' lang='lat'><strong>,</strong></span> <span class='ocrx_word' id='word_1_13' title='bbox 1714 379 1856 451; x_wconf 90' lang='lat' dir='ltr'><strong>quod</strong></span> <span class='ocrx_word' id='word_1_14' title='bbox 1911 395 2073 435; x_wconf 91' lang='lat' dir='ltr'><strong>unum</strong></span> <span class='ocrx_word' id='word_1_15' title='bbox 2106 381 2152 442; x_wconf 82' lang='lat' dir='ltr'><strong>A</strong></span> <span class='ocrx_word' id='word_1_16' title='bbox 2181 387 2236 434; x_wconf 90' lang='lat' dir='ltr'><strong>et</strong></span> <span class='ocrx_word' id='word_1_17' title='bbox 2275 379 2517 449; x_wconf 61' lang='lat' dir='ltr'><strong>praelium</strong></span> <span class='ocrx_word' id='word_1_18' title='bbox 2545 384 2929 436; x_wconf 73' lang='lat' dir='ltr'><strong>commoveret.</strong></span> <span class='ocrx_word' id='word_1_19' title='bbox 2965 375 3162 436; x_wconf 80' lang='lat' dir='ltr'><strong>Verum</strong></span> <span class='ocrx_word' id='word_1_20' title='bbox 3193 377 3338 451; x_wconf 88' lang='lat' dir='ltr'><strong>quod</strong></span> <span class='ocrx_word' id='word_1_21' title='bbox 3362 375 3482 435; x_wconf 70' lang='lat' dir='ltr'><strong>duae</strong></span> <span class='ocrx_word' id='word_1_22' title='bbox 3517 376 3766 439; x_wconf 85' lang='lat' dir='ltr'><strong>habentur</strong></span> 
     </span>
    </p>
   </div>
   <div class='ocr_carea' id='block_1_5' title="bbox 480 473 2078 552">
    <p class='ocr_par' dir='ltr' id='par_1_5' title="bbox 480 473 2078 552">
     <span class='ocr_line' id='line_1_5' title="bbox 480 473 2078 552; baseline -0.006 -13"><span class='ocrx_word' id='word_1_23' title='bbox 480 496 694 552; x_wconf 88' lang='lat' dir='ltr'><strong>semper</strong></span> <span class='ocrx_word' id='word_1_24' title='bbox 711 489 814 549; x_wconf 91' lang='lat' dir='ltr'><strong>est,</strong></span> <span class='ocrx_word' id='word_1_25' title='bbox 838 495 961 536; x_wconf 89' lang='lat' dir='ltr'><strong>rcus</strong></span> <span class='ocrx_word' id='word_1_26' title='bbox 975 479 1274 535; x_wconf 89' lang='lat' dir='ltr'><strong>constituor</strong></span> <span class='ocrx_word' id='word_1_27' title='bbox 1291 485 1345 532; x_wconf 92' lang='lat' dir='ltr'><strong>et</strong></span> <span class='ocrx_word' id='word_1_28' title='bbox 1373 475 1627 531; x_wconf 90' lang='lat' dir='ltr'><strong>addicor?</strong></span> <span class='ocrx_word' id='word_1_29' title='bbox 1655 473 1914 530; x_wconf 90' lang='lat' dir='ltr'><strong>liabeudo</strong></span> <span class='ocrx_word' id='word_1_30' title='bbox 1935 474 2078 544; x_wconf 86' lang='lat' dir='ltr'><strong>quod</strong></span> 
     </span>
    </p>
   </div>
   <div class='ocr_carea' id='block_1_6' title="bbox 479 570 2081 644">
    <p class='ocr_par' dir='ltr' id='par_1_6' title="bbox 479 570 2081 644">
     <span class='ocr_line' id='line_1_6' title="bbox 479 570 2081 644; baseline -0.006 -12"><span class='ocrx_word' id='word_1_31' title='bbox 479 585 740 633; x_wconf 84' lang='lat' dir='ltr'><strong>aeternum</strong></span> <span class='ocrx_word' id='word_1_32' title='bbox 768 583 851 631; x_wconf 88' lang='lat' dir='ltr'><strong>est</strong></span> <span class='ocrx_word' id='word_1_33' title='bbox 877 573 1143 644; x_wconf 88' lang='lat' dir='ltr'><strong>superari,</strong></span> <span class='ocrx_word' id='word_1_34' title='bbox 1169 581 1222 626; x_wconf 92' lang='lat' dir='ltr'><strong>et</strong></span> <span class='ocrx_word' id='word_1_35' title='bbox 1246 570 1388 642; x_wconf 89' lang='lat' dir='ltr'><strong>quod</strong></span> <span class='ocrx_word' id='word_1_36' title='bbox 1420 585 1450 624; x_wconf 87' lang='lat' dir='ltr'><strong>a</strong></span> <span class='ocrx_word' id='word_1_37' title='bbox 1480 585 1539 624; x_wconf 89' lang='lat' dir='ltr'><strong>se</strong></span> <span class='ocrx_word' id='word_1_38' title='bbox 1562 578 1644 624; x_wconf 92' lang='lat' dir='ltr'><strong>est</strong></span> <span class='ocrx_word' id='word_1_39' title='bbox 1670 583 1832 622; x_wconf 91' lang='lat' dir='ltr'><strong>unum</strong></span> <span class='ocrx_word' id='word_1_40' title='bbox 1861 583 1967 623; x_wconf 93' lang='lat' dir='ltr'><strong>non</strong></span> <span class='ocrx_word' id='word_1_41' title='bbox 1994 581 2081 623; x_wconf 86' lang='lat' dir='ltr'><strong>cs—</strong></span> 
     </span>
    </p>
   </div>
   <div class='ocr_carea' id='block_1_7' title="bbox 480 661 2078 738">
    <p class='ocr_par' dir='ltr' id='par_1_7' title="bbox 480 661 2078 738">
     <span class='ocr_line' id='line_1_7' title="bbox 480 661 2078 738; baseline -0.006 -13"><span class='ocrx_word' id='word_1_42' title='bbox 480 685 540 725; x_wconf 91' lang='lat' dir='ltr'><strong>se</strong></span> <span class='ocrx_word' id='word_1_43' title='bbox 570 683 675 724; x_wconf 92' lang='lat' dir='ltr'><strong>non</strong></span> <span class='ocrx_word' id='word_1_44' title='bbox 709 681 930 738; x_wconf 82' lang='lat' dir='ltr'><strong>paveam</strong></span> <span class='ocrx_word' id='word_1_45' title='bbox 963 665 1199 736; x_wconf 88' lang='lat' dir='ltr'><strong>profiteri</strong></span> <span class='ocrx_word' id='word_1_46' title='bbox 1229 680 1243 718; x_wconf 89' lang='lat'><strong>:</strong></span> <span class='ocrx_word' id='word_1_47' title='bbox 1275 675 1435 734; x_wconf 90' lang='lat' dir='ltr'><strong>atque</strong></span> <span class='ocrx_word' id='word_1_48' title='bbox 1469 661 1612 732; x_wconf 92' lang='lat' dir='ltr'><strong>quod</strong></span> <span class='ocrx_word' id='word_1_49' title='bbox 1656 661 2078 730; x_wconf 76' lang='lat' dir='ltr'><strong>omnipotentem</strong></span> 
     </span>
    </p>
   </div>
   <div class='ocr_carea' id='block_1_8' title="bbox 479 752 2079 828">
    <p class='ocr_par' dir='ltr' id='par_1_8' title="bbox 479 752 2079 828">
     <span class='ocr_line' id='line_1_8' title="bbox 479 752 2079 828; baseline -0.007 -12"><span class='ocrx_word' id='word_1_50' title='bbox 479 761 764 828; x_wconf 90' lang='lat' dir='ltr'><strong>fateamur,</strong></span> <span class='ocrx_word' id='word_1_51' title='bbox 796 759 954 815; x_wconf 83' lang='lat' dir='ltr'><strong>alicui</strong></span> <span class='ocrx_word' id='word_1_52' title='bbox 978 773 1083 814; x_wconf 90' lang='lat' dir='ltr'><strong>non</strong></span> <span class='ocrx_word' id='word_1_53' title='bbox 1110 755 1400 828; x_wconf 79' lang='lat' dir='ltr'><strong>aliquando</strong></span> <span class='ocrx_word' id='word_1_54' title='bbox 1441 769 1678 810; x_wconf 86' lang='lat' dir='ltr'><strong>asseram</strong></span> <span class='ocrx_word' id='word_1_55' title='bbox 1709 752 2079 810; x_wconf 83' lang='lat' dir='ltr'><strong>dominatum?</strong></span> 
     </span>
    </p>
   </div>
   <div class='ocr_carea' id='block_1_9' title="bbox 479 850 2080 920">
    <p class='ocr_par' dir='ltr' id='par_1_9' title="bbox 479 850 2080 920">
     <span class='ocr_line' id='line_1_9' title="bbox 479 850 2080 920; baseline -0.005 -10"><span class='ocrx_word' id='word_1_56' title='bbox 479 855 636 910; x_wconf 67' lang='lat' dir='ltr'><strong>Caeca</strong></span> <span class='ocrx_word' id='word_1_57' title='bbox 666 869 752 910; x_wconf 90' lang='lat' dir='ltr'><strong>res</strong></span> <span class='ocrx_word' id='word_1_58' title='bbox 783 865 834 910; x_wconf 86' lang='lat' dir='ltr'><strong>et</strong></span> <span class='ocrx_word' id='word_1_59' title='bbox 866 855 1010 909; x_wconf 92' lang='lat' dir='ltr'><strong>omni</strong></span> <span class='ocrx_word' id='word_1_60' title='bbox 1056 852 1338 908; x_wconf 82' lang='lat' dir='ltr'><strong>obscurius</strong></span> <span class='ocrx_word' id='word_1_61' title='bbox 1370 851 1662 906; x_wconf 85' lang='lat' dir='ltr'><strong>tenebroso</strong></span> <span class='ocrx_word' id='word_1_62' title='bbox 1702 850 1952 920; x_wconf 84' lang='lat' dir='ltr'><strong>panditur</strong></span> <span class='ocrx_word' id='word_1_63' title='bbox 1994 863 2080 902; x_wconf 88' lang='lat' dir='ltr'><strong>sa-</strong></span> 
     </span>
    </p>
   </div>
   <div class='ocr_carea' id='block_1_10' title="bbox 477 942 2078 1019">
    <p class='ocr_par' dir='ltr' id='par_1_10' title="bbox 477 942 2078 1019">
     <span class='ocr_line' id='line_1_10' title="bbox 477 942 2078 1019; baseline -0.004 -16"><span class='ocrx_word' id='word_1_64' title='bbox 477 949 664 1019; x_wconf 84' lang='lat' dir='ltr'><strong>crilegi</strong></span> <span class='ocrx_word' id='word_1_65' title='bbox 695 949 912 1004; x_wconf 87' lang='lat' dir='ltr'><strong>erroris.</strong></span> <span class='ocrx_word' id='word_1_66' title='bbox 951 945 1090 1000; x_wconf 84' lang='lat' dir='ltr'><strong>Cura</strong></span> <span class='ocrx_word' id='word_1_67' title='bbox 1112 945 1344 1001; x_wconf 89' lang='lat' dir='ltr'><strong>dementi</strong></span> <span class='ocrx_word' id='word_1_68' title='bbox 1373 943 1534 999; x_wconf 87' lang='lat' dir='ltr'><strong>fando</strong></span> <span class='ocrx_word' id='word_1_69' title='bbox 1571 944 1768 998; x_wconf 85' lang='lat' dir='ltr'><strong>victum</strong></span> <span class='ocrx_word' id='word_1_70' title='bbox 1797 958 1917 998; x_wconf 90' lang='lat' dir='ltr'><strong>esse</strong></span> <span class='ocrx_word' id='word_1_71' title='bbox 1935 942 2078 1013; x_wconf 92' lang='lat' dir='ltr'><strong>quod</strong></span> 
     </span>
    </p>
   </div>
   <div class='ocr_carea' id='block_1_11' title="bbox 481 1036 2081 1110">
    <p class='ocr_par' dir='ltr' id='par_1_11' title="bbox 481 1036 2081 1110">
     <span class='ocr_line' id='line_1_11' title="bbox 481 1036 2081 1110; baseline -0.002 -14"><span class='ocrx_word' id='word_1_72' title='bbox 481 1056 512 1096; x_wconf 88' lang='lat' dir='ltr'><strong>a</strong></span> <span class='ocrx_word' id='word_1_73' title='bbox 553 1057 612 1098; x_wconf 92' lang='lat' dir='ltr'><strong>se</strong></span> <span class='ocrx_word' id='word_1_74' title='bbox 651 1050 756 1110; x_wconf 89' lang='lat' dir='ltr'><strong>est,</strong></span> <span class='ocrx_word' id='word_1_75' title='bbox 792 1049 848 1097; x_wconf 90' lang='lat' dir='ltr'><strong>ut</strong></span> <span class='ocrx_word' id='word_1_76' title='bbox 893 1047 948 1098; x_wconf 90' lang='lat' dir='ltr'><strong>et</strong></span> <span class='ocrx_word' id='word_1_77' title='bbox 972 1041 1345 1110; x_wconf 85' lang='lat' dir='ltr'><strong>victorenrqui</strong></span> <span class='ocrx_word' id='word_1_78' title='bbox 1387 1055 1418 1092; x_wconf 91' lang='lat' dir='ltr'><strong>a</strong></span> <span class='ocrx_word' id='word_1_79' title='bbox 1448 1055 1508 1094; x_wconf 91' lang='lat' dir='ltr'><strong>se</strong></span> <span class='ocrx_word' id='word_1_80' title='bbox 1534 1047 1619 1094; x_wconf 86' lang='lat' dir='ltr'><strong>est</strong></span> <span class='ocrx_word' id='word_1_81' title='bbox 1648 1047 1824 1094; x_wconf 91' lang='lat' dir='ltr'><strong>metus</strong></span> <span class='ocrx_word' id='word_1_82' title='bbox 1847 1036 2081 1108; x_wconf 77' lang='lat' dir='ltr'><strong>exagitet</strong></span> 
     </span>
    </p>
   </div>
   <div class='ocr_carea' id='block_1_12' title="bbox 478 1129 2079 1204">
    <p class='ocr_par' dir='ltr' id='par_1_12' title="bbox 478 1129 2079 1204">
     <span class='ocr_line' id='line_1_12' title="bbox 478 1129 2079 1204; baseline -0.003 -16"><span class='ocrx_word' id='word_1_83' title='bbox 478 1135 754 1203; x_wconf 87' lang='lat' dir='ltr'><strong>captivati,</strong></span> <span class='ocrx_word' id='word_1_84' title='bbox 773 1133 916 1204; x_wconf 88' lang='lat' dir='ltr'><strong>quod</strong></span> <span class='ocrx_word' id='word_1_85' title='bbox 944 1142 1028 1188; x_wconf 88' lang='lat' dir='ltr'><strong>est</strong></span> <span class='ocrx_word' id='word_1_86' title='bbox 1055 1133 1351 1203; x_wconf 84' lang='lat' dir='ltr'><strong>ingenitum</strong></span> <span class='ocrx_word' id='word_1_87' title='bbox 1372 1130 1674 1201; x_wconf 74' lang='lat' dir='ltr'><strong>subiacere.</strong></span> <span class='ocrx_word' id='word_1_88' title='bbox 1701 1131 1776 1185; x_wconf 91' lang='lat' dir='ltr'><strong>De</strong></span> <span class='ocrx_word' id='word_1_89' title='bbox 1804 1129 2079 1200; x_wconf 85' lang='lat' dir='ltr'><strong>oppressis</strong></span> 
     </span>
    </p>
   </div>
   <div class='ocr_carea' id='block_1_13' title="bbox 477 1223 2080 1298">
    <p class='ocr_par' dir='ltr' id='par_1_13' title="bbox 477 1223 2080 1298">
     <span class='ocr_line' id='line_1_13' title="bbox 477 1223 2080 1298; baseline -0.002 -17"><span class='ocrx_word' id='word_1_90' title='bbox 477 1242 606 1297; x_wconf 89' lang='lat' dir='ltr'><strong>ergo</strong></span> <span class='ocrx_word' id='word_1_91' title='bbox 637 1229 816 1298; x_wconf 82' lang='lat' dir='ltr'><strong>regnis</strong></span> <span class='ocrx_word' id='word_1_92' title='bbox 843 1242 902 1283; x_wconf 91' lang='lat' dir='ltr'><strong>se</strong></span> <span class='ocrx_word' id='word_1_93' title='bbox 933 1228 1104 1282; x_wconf 88' lang='lat' dir='ltr'><strong>victor</strong></span> <span class='ocrx_word' id='word_1_94' title='bbox 1133 1227 1282 1282; x_wconf 73' lang='lat' dir='ltr'><strong>auxit</strong></span> <span class='ocrx_word' id='word_1_95' title='bbox 1321 1228 1663 1296; x_wconf 88' lang='lat' dir='ltr'><strong>omnipotens</strong></span> <span class='ocrx_word' id='word_1_96' title='bbox 1687 1265 1704 1292; x_wconf 92' lang='lat'><strong>,</strong></span> <span class='ocrx_word' id='word_1_97' title='bbox 1745 1235 1798 1280; x_wconf 89' lang='lat' dir='ltr'><strong>et</strong></span> <span class='ocrx_word' id='word_1_98' title='bbox 1827 1223 1969 1294; x_wconf 91' lang='lat' dir='ltr'><strong>quod</strong></span> <span class='ocrx_word' id='word_1_99' title='bbox 1999 1223 2080 1278; x_wconf 90' lang='lat' dir='ltr'><strong>in-</strong></span> 
     </span>
    </p>
   </div>
   <div class='ocr_carea' id='block_1_14' title="bbox 477 1319 2072 1391">
    <p class='ocr_par' dir='ltr' id='par_1_14' title="bbox 477 1319 2072 1391">
     <span class='ocr_line' id='line_1_14' title="bbox 477 1319 2072 1391; baseline -0.003 -16"><span class='ocrx_word' id='word_1_100' title='bbox 477 1319 712 1390; x_wconf 83' lang='lat' dir='ltr'><strong>genitum</strong></span> <span class='ocrx_word' id='word_1_101' title='bbox 746 1320 1104 1391; x_wconf 85' lang='lat' dir='ltr'><strong>percontaris,</strong></span> <span class='ocrx_word' id='word_1_102' title='bbox 1149 1321 1352 1391; x_wconf 84' lang='lat' dir='ltr'><strong>promis</strong></span> <span class='ocrx_word' id='word_1_103' title='bbox 1400 1319 1677 1376; x_wconf 87' lang='lat' dir='ltr'><strong>abolelieri</strong></span> <span class='ocrx_word' id='word_1_104' title='bbox 1724 1319 1811 1376; x_wconf 89' lang='lat' dir='ltr'><strong>vel</strong></span> <span class='ocrx_word' id='word_1_105' title='bbox 1854 1319 2072 1374; x_wconf 86' lang='lat' dir='ltr'><strong>auferri.</strong></span> 
     </span>
    </p>
   </div>
   <div class='ocr_carea' id='block_1_15' title="bbox 477 1413 2074 1486">
    <p class='ocr_par' dir='ltr' id='par_1_15' title="bbox 477 1413 2074 1486">
     <span class='ocr_line' id='line_1_15' title="bbox 477 1413 2074 1486; baseline 0.001 -18"><span class='ocrx_word' id='word_1_106' title='bbox 477 1413 620 1480; x_wconf 80' lang='lat' dir='ltr'><strong>Quin</strong></span> <span class='ocrx_word' id='word_1_107' title='bbox 658 1422 712 1470; x_wconf 89' lang='lat' dir='ltr'><strong>et</strong></span> <span class='ocrx_word' id='word_1_108' title='bbox 741 1416 846 1470; x_wconf 91' lang='lat' dir='ltr'><strong>erit</strong></span> <span class='ocrx_word' id='word_1_109' title='bbox 872 1429 903 1468; x_wconf 89' lang='lat' dir='ltr'><strong>a</strong></span> <span class='ocrx_word' id='word_1_110' title='bbox 931 1429 990 1470; x_wconf 90' lang='lat' dir='ltr'><strong>se</strong></span> <span class='ocrx_word' id='word_1_111' title='bbox 1019 1429 1139 1471; x_wconf 91' lang='lat' dir='ltr'><strong>esse</strong></span> <span class='ocrx_word' id='word_1_112' title='bbox 1169 1430 1331 1486; x_wconf 87' lang='lat' dir='ltr'><strong>quem</strong></span> <span class='ocrx_word' id='word_1_113' title='bbox 1372 1413 1614 1486; x_wconf 84' lang='lat' dir='ltr'><strong>sequitur</strong></span> <span class='ocrx_word' id='word_1_114' title='bbox 1660 1429 1764 1470; x_wconf 92' lang='lat' dir='ltr'><strong>non</strong></span> <span class='ocrx_word' id='word_1_115' title='bbox 1807 1414 2074 1481; x_wconf 86' lang='lat' dir='ltr'><strong>futurum,</strong></span> 
     </span>
    </p>
   </div>
   <div class='ocr_carea' id='block_1_16' title="bbox 475 1506 2076 1565">
    <p class='ocr_par' dir='ltr' id='par_1_16' title="bbox 475 1506 2076 1565">
     <span class='ocr_line' id='line_1_16' title="bbox 475 1506 2076 1565; baseline 0 -3"><span class='ocrx_word' id='word_1_116' title='bbox 475 1522 596 1562; x_wconf 89' lang='lat' dir='ltr'><strong>cum</strong></span> <span class='ocrx_word' id='word_1_117' title='bbox 627 1509 850 1564; x_wconf 85' lang='lat' dir='ltr'><strong>victoris</strong></span> <span class='ocrx_word' id='word_1_118' title='bbox 880 1510 1239 1565; x_wconf 84' lang='lat' dir='ltr'><strong>succumbens</strong></span> <span class='ocrx_word' id='word_1_119' title='bbox 1274 1508 1453 1563; x_wconf 77' lang='lat' dir='ltr'><strong>virtuti</strong></span> <span class='ocrx_word' id='word_1_120' title='bbox 1485 1513 1575 1563; x_wconf 90' lang='lat' dir='ltr'><strong>aut</strong></span> <span class='ocrx_word' id='word_1_121' title='bbox 1602 1507 1813 1564; x_wconf 87' lang='lat' dir='ltr'><strong>occidet</strong></span> <span class='ocrx_word' id='word_1_122' title='bbox 1850 1517 1942 1563; x_wconf 88' lang='lat' dir='ltr'><strong>aut</strong></span> <span class='ocrx_word' id='word_1_123' title='bbox 1980 1506 2076 1562; x_wconf 86' lang='lat' dir='ltr'><strong>du-</strong></span> 
     </span>
    </p>
   </div>
   <div class='ocr_carea' id='block_1_17' title="bbox 476 1592 649 1657">
    <p class='ocr_par' dir='ltr' id='par_1_17' title="bbox 476 1592 649 1657">
     <span class='ocr_line' id='line_1_17' title="bbox 476 1592 649 1657; baseline 0 -1"><span class='ocrx_word' id='word_1_124' title='bbox 476 1592 649 1657; x_wconf 75' lang='lat' dir='ltr'><strong>cettir.</strong></span> 
     </span>
    </p>
   </div>
   <div class='ocr_carea' id='block_1_18' title="bbox 545 1693 2078 1768">
    <p class='ocr_par' dir='ltr' id='par_1_18' title="bbox 545 1693 2078 1768">
     <span class='ocr_line' id='line_1_18' title="bbox 545 1693 2078 1768; baseline -0.002 -17"><span class='ocrx_word' id='word_1_125' title='bbox 545 1695 658 1751; x_wconf 74' lang='lat' dir='ltr'><strong>Vll.</strong></span> <span class='ocrx_word' id='word_1_126' title='bbox 695 1694 896 1750; x_wconf 88' lang='lat' dir='ltr'><strong>Deinde</strong></span> <span class='ocrx_word' id='word_1_127' title='bbox 916 1709 1076 1768; x_wconf 84' lang='lat' dir='ltr'><strong>quem</strong></span> <span class='ocrx_word' id='word_1_128' title='bbox 1106 1695 1351 1751; x_wconf 87' lang='lat' dir='ltr'><strong>dicemus</strong></span> <span class='ocrx_word' id='word_1_129' title='bbox 1379 1693 1489 1751; x_wconf 87' lang='lat' dir='ltr'><strong>suis</strong></span> <span class='ocrx_word' id='word_1_130' title='bbox 1524 1707 1630 1750; x_wconf 90' lang='lat' dir='ltr'><strong>non</strong></span> <span class='ocrx_word' id='word_1_131' title='bbox 1662 1693 1826 1750; x_wconf 87' lang='lat' dir='ltr'><strong>fuisse</strong></span> <span class='ocrx_word' id='word_1_132' title='bbox 1855 1702 2078 1751; x_wconf 88' lang='lat' dir='ltr'><strong>conten-</strong></span> 
     </span>
    </p>
   </div>
   <div class='ocr_carea' id='block_1_19' title="bbox 2185 473 3764 545">
    <p class='ocr_par' dir='ltr' id='par_1_19' title="bbox 2185 473 3764 545">
     <span class='ocr_line' id='line_1_19' title="bbox 2185 473 3764 545; baseline 0.003 -16"><span class='ocrx_word' id='word_1_133' title='bbox 2185 474 2413 544; x_wconf 87' lang='lat' dir='ltr'><strong>species,</strong></span> <span class='ocrx_word' id='word_1_134' title='bbox 2455 473 2644 545; x_wconf 67' lang='lat' dir='ltr'><strong>breque</strong></span> <span class='ocrx_word' id='word_1_135' title='bbox 2673 475 2958 531; x_wconf 72' lang='lat' dir='ltr'><strong>contraria:</strong></span> <span class='ocrx_word' id='word_1_136' title='bbox 2989 475 3072 530; x_wconf 86' lang='lat' dir='ltr'><strong>vel</strong></span> <span class='ocrx_word' id='word_1_137' title='bbox 3113 474 3367 542; x_wconf 67' lang='lat' dir='ltr'><strong>diversaa,</strong></span> <span class='ocrx_word' id='word_1_138' title='bbox 3391 474 3514 530; x_wconf 90' lang='lat' dir='ltr'><strong>boni</strong></span> <span class='ocrx_word' id='word_1_139' title='bbox 3561 476 3764 545; x_wconf 90' lang='lat' dir='ltr'><strong>malive,</strong></span> 
     </span>
    </p>
   </div>
   <div class='ocr_carea' id='block_1_20' title="bbox 2181 568 3772 640">
    <p class='ocr_par' dir='ltr' id='par_1_20' title="bbox 2181 568 3772 640">
     <span class='ocr_line' id='line_1_20' title="bbox 2181 568 3772 640; baseline 0.003 -17"><span class='ocrx_word' id='word_1_140' title='bbox 2181 569 2337 624; x_wconf 87' lang='lat' dir='ltr'><strong>solidi</strong></span> <span class='ocrx_word' id='word_1_141' title='bbox 2367 578 2421 624; x_wconf 92' lang='lat' dir='ltr'><strong>et</strong></span> <span class='ocrx_word' id='word_1_142' title='bbox 2446 568 2638 638; x_wconf 88' lang='lat' dir='ltr'><strong>inanis,</strong></span> <span class='ocrx_word' id='word_1_143' title='bbox 2671 570 2869 626; x_wconf 81' lang='lat' dir='ltr'><strong>excelsi</strong></span> <span class='ocrx_word' id='word_1_144' title='bbox 2893 580 2948 626; x_wconf 90' lang='lat' dir='ltr'><strong>et</strong></span> <span class='ocrx_word' id='word_1_145' title='bbox 2974 568 3244 640; x_wconf 83' lang='lat' dir='ltr'><strong>profundi,</strong></span> <span class='ocrx_word' id='word_1_146' title='bbox 3265 569 3376 625; x_wconf 89' lang='lat' dir='ltr'><strong>veri</strong></span> <span class='ocrx_word' id='word_1_147' title='bbox 3397 576 3453 625; x_wconf 89' lang='lat' dir='ltr'><strong>et</strong></span> <span class='ocrx_word' id='word_1_148' title='bbox 3481 568 3620 637; x_wconf 83' lang='lat' dir='ltr'><strong>falsi,</strong></span> <span class='ocrx_word' id='word_1_149' title='bbox 3645 571 3772 628; x_wconf 90' lang='lat' dir='ltr'><strong>lucis</strong></span> 
     </span>
    </p>
   </div>
   <div class='ocr_carea' id='block_1_21' title="bbox 2182 663 3768 734">
    <p class='ocr_par' dir='ltr' id='par_1_21' title="bbox 2182 663 3768 734">
     <span class='ocr_line' id='line_1_21' title="bbox 2182 663 3768 734; baseline 0 -16"><span class='ocrx_word' id='word_1_150' title='bbox 2182 677 2246 719; x_wconf 91' lang='lat' dir='ltr'><strong>ac</strong></span> <span class='ocrx_word' id='word_1_151' title='bbox 2271 663 2635 731; x_wconf 80' lang='lat' dir='ltr'><strong>tenebrarum,</strong></span> <span class='ocrx_word' id='word_1_152' title='bbox 2665 663 2853 719; x_wconf 72' lang='lat' dir='ltr'><strong>aeterni</strong></span> <span class='ocrx_word' id='word_1_153' title='bbox 2886 671 2942 720; x_wconf 92' lang='lat' dir='ltr'><strong>et</strong></span> <span class='ocrx_word' id='word_1_154' title='bbox 2978 663 3307 734; x_wconf 85' lang='lat' dir='ltr'><strong>temporalis,</strong></span> <span class='ocrx_word' id='word_1_155' title='bbox 3338 663 3461 718; x_wconf 71' lang='lat' dir='ltr'><strong>vita:</strong></span> <span class='ocrx_word' id='word_1_156' title='bbox 3492 671 3544 717; x_wconf 89' lang='lat' dir='ltr'><strong>et</strong></span> <span class='ocrx_word' id='word_1_157' title='bbox 3573 663 3768 733; x_wconf 86' lang='lat' dir='ltr'><strong>mortis,</strong></span> 
     </span>
    </p>
   </div>
   <div class='ocr_carea' id='block_1_22' title="bbox 2181 753 3772 828">
    <p class='ocr_par' dir='ltr' id='par_1_22' title="bbox 2181 753 3772 828">
     <span class='ocr_line' id='line_1_22' title="bbox 2181 753 3772 828; baseline 0.001 -18"><span class='ocrx_word' id='word_1_158' title='bbox 2181 766 2236 810; x_wconf 83' lang='lat' dir='ltr'><strong>et</strong></span> <span class='ocrx_word' id='word_1_159' title='bbox 2289 756 2530 812; x_wconf 91' lang='lat' dir='ltr'><strong>omnium</strong></span> <span class='ocrx_word' id='word_1_160' title='bbox 2553 758 2844 824; x_wconf 87' lang='lat' dir='ltr'><strong>contraria,</strong></span> <span class='ocrx_word' id='word_1_161' title='bbox 2901 771 3009 814; x_wconf 90' lang='lat' dir='ltr'><strong>non</strong></span> <span class='ocrx_word' id='word_1_162' title='bbox 3057 767 3087 812; x_wconf 88' lang='lat' dir='ltr'><strong>a</strong></span> <span class='ocrx_word' id='word_1_163' title='bbox 3130 755 3338 813; x_wconf 86' lang='lat' dir='ltr'><strong>duobus</strong></span> <span class='ocrx_word' id='word_1_164' title='bbox 3365 769 3484 812; x_wconf 88' lang='lat' dir='ltr'><strong>esse</strong></span> <span class='ocrx_word' id='word_1_165' title='bbox 3509 753 3772 828; x_wconf 79' lang='lat' dir='ltr'><strong>principiis</strong></span> 
     </span>
    </p>
   </div>
   <div class='ocr_carea' id='block_1_23' title="bbox 2181 845 3770 906">
    <p class='ocr_par' dir='ltr' id='par_1_23' title="bbox 2181 845 3770 906">
     <span class='ocr_line' id='line_1_23' title="bbox 2181 845 3770 906; baseline -0.001 -2"><span class='ocrx_word' id='word_1_166' title='bbox 2181 863 2362 904; x_wconf 88' lang='lat' dir='ltr'><strong>rerum</strong></span> <span class='ocrx_word' id='word_1_167' title='bbox 2395 849 2531 906; x_wconf 91' lang='lat' dir='ltr'><strong>ordo</strong></span> <span class='ocrx_word' id='word_1_168' title='bbox 2555 849 2748 906; x_wconf 89' lang='lat' dir='ltr'><strong>edocet</strong></span> <span class='ocrx_word' id='word_1_169' title='bbox 2772 858 2828 905; x_wconf 87' lang='lat' dir='ltr'><strong>et</strong></span> <span class='ocrx_word' id='word_1_170' title='bbox 2856 850 3077 906; x_wconf 81' lang='lat' dir='ltr'><strong>revelat.</strong></span> <span class='ocrx_word' id='word_1_171' title='bbox 3110 850 3244 905; x_wconf 77' lang='lat' dir='ltr'><strong>Nam</strong></span> <span class='ocrx_word' id='word_1_172' title='bbox 3270 850 3314 905; x_wconf 95' lang='lat' dir='ltr'><strong>si</strong></span> <span class='ocrx_word' id='word_1_173' title='bbox 3345 845 3454 904; x_wconf 94' lang='lat' dir='ltr'><strong>duo</strong></span> <span class='ocrx_word' id='word_1_174' title='bbox 3479 857 3674 904; x_wconf 80' lang='lat' dir='ltr'><strong>:eterua</strong></span> <span class='ocrx_word' id='word_1_175' title='bbox 3696 850 3770 904; x_wconf 86' lang='lat' dir='ltr'><strong>in-</strong></span> 
     </span>
    </p>
   </div>
   <div class='ocr_carea' id='block_1_24' title="bbox 2185 941 3765 1015">
    <p class='ocr_par' dir='ltr' id='par_1_24' title="bbox 2185 941 3765 1015">
     <span class='ocr_line' id='line_1_24' title="bbox 2185 941 3765 1015; baseline 0.001 -17"><span class='ocrx_word' id='word_1_176' title='bbox 2185 946 2540 1015; x_wconf 88' lang='lat' dir='ltr'><strong>tueri,eaque</strong></span> <span class='ocrx_word' id='word_1_177' title='bbox 2583 944 2793 1000; x_wconf 89' lang='lat' dir='ltr'><strong>inimica</strong></span> <span class='ocrx_word' id='word_1_178' title='bbox 2838 943 3120 1000; x_wconf 81' lang='lat' dir='ltr'><strong>advertere</strong></span> <span class='ocrx_word' id='word_1_179' title='bbox 3157 943 3230 999; x_wconf 87' lang='lat' dir='ltr'><strong>sit</strong></span> <span class='ocrx_word' id='word_1_180' title='bbox 3275 945 3499 1010; x_wconf 84' lang='lat' dir='ltr'><strong>sentire,</strong></span> <span class='ocrx_word' id='word_1_181' title='bbox 3535 941 3650 1000; x_wconf 77' lang='lat' dir='ltr'><strong>hzec</strong></span> <span class='ocrx_word' id='word_1_182' title='bbox 3696 953 3765 1000; x_wconf 88' lang='lat' dir='ltr'><strong>te-</strong></span> 
     </span>
    </p>
   </div>
   <div class='ocr_carea' id='block_1_25' title="bbox 2184 1036 3773 1109">
    <p class='ocr_par' dir='ltr' id='par_1_25' title="bbox 2184 1036 3773 1109">
     <span class='ocr_line' id='line_1_25' title="bbox 2184 1036 3773 1109; baseline 0.002 -17"><span class='ocrx_word' id='word_1_183' title='bbox 2184 1036 2367 1094; x_wconf 90' lang='lat' dir='ltr'><strong>nuisse</strong></span> <span class='ocrx_word' id='word_1_184' title='bbox 2396 1039 2498 1094; x_wconf 91' lang='lat' dir='ltr'><strong>sub</strong></span> <span class='ocrx_word' id='word_1_185' title='bbox 2519 1047 2744 1094; x_wconf 83' lang='lat' dir='ltr'><strong>eventus</strong></span> <span class='ocrx_word' id='word_1_186' title='bbox 2769 1045 2870 1095; x_wconf 89' lang='lat' dir='ltr'><strong>est.</strong></span> <span class='ocrx_word' id='word_1_187' title='bbox 2926 1037 3043 1109; x_wconf 87' lang='lat' dir='ltr'><strong>ipsa</strong></span> <span class='ocrx_word' id='word_1_188' title='bbox 3075 1039 3334 1109; x_wconf 86' lang='lat' dir='ltr'><strong>principia</strong></span> <span class='ocrx_word' id='word_1_189' title='bbox 3364 1038 3678 1102; x_wconf 82' lang='lat' dir='ltr'><strong>collocasse,</strong></span> <span class='ocrx_word' id='word_1_190' title='bbox 3723 1048 3773 1095; x_wconf 88' lang='lat' dir='ltr'><strong>et</strong></span> 
     </span>
    </p>
   </div>
   <div class='ocr_carea' id='block_1_26' title="bbox 2184 1129 3770 1203">
    <p class='ocr_par' dir='ltr' id='par_1_26' title="bbox 2184 1129 3770 1203">
     <span class='ocr_line' id='line_1_26' title="bbox 2184 1129 3770 1203; baseline 0 -17"><span class='ocrx_word' id='word_1_191' title='bbox 2184 1129 2486 1187; x_wconf 89' lang='lat' dir='ltr'><strong>formidinis</strong></span> <span class='ocrx_word' id='word_1_192' title='bbox 2535 1131 2758 1203; x_wconf 68' lang='lat' dir='ltr'><strong>trepida:</strong></span> <span class='ocrx_word' id='word_1_193' title='bbox 2808 1131 2970 1188; x_wconf 80' lang='lat' dir='ltr'><strong>anxio</strong></span> <span class='ocrx_word' id='word_1_194' title='bbox 2993 1133 3172 1203; x_wconf 85' lang='lat' dir='ltr'><strong>pavori</strong></span> <span class='ocrx_word' id='word_1_195' title='bbox 3203 1133 3437 1203; x_wconf 85' lang='lat' dir='ltr'><strong>ingenita</strong></span> <span class='ocrx_word' id='word_1_196' title='bbox 3475 1130 3770 1199; x_wconf 80' lang='lat' dir='ltr'><strong>tradidisse,</strong></span> 
     </span>
    </p>
   </div>
   <div class='ocr_carea' id='block_1_27' title="bbox 2182 1225 3771 1297">
    <p class='ocr_par' dir='ltr' id='par_1_27' title="bbox 2182 1225 3771 1297">
     <span class='ocr_line' id='line_1_27' title="bbox 2182 1225 3771 1297; baseline 0.001 -18"><span class='ocrx_word' id='word_1_197' title='bbox 2182 1238 2302 1279; x_wconf 91' lang='lat' dir='ltr'><strong>cum</strong></span> <span class='ocrx_word' id='word_1_198' title='bbox 2356 1232 2654 1297; x_wconf 85' lang='lat' dir='ltr'><strong>pugnatura</strong></span> <span class='ocrx_word' id='word_1_199' title='bbox 2692 1241 2853 1296; x_wconf 87' lang='lat' dir='ltr'><strong>regna</strong></span> <span class='ocrx_word' id='word_1_200' title='bbox 2907 1226 3075 1282; x_wconf 91' lang='lat' dir='ltr'><strong>tristis</strong></span> <span class='ocrx_word' id='word_1_201' title='bbox 3116 1241 3242 1282; x_wconf 90' lang='lat' dir='ltr'><strong>cura</strong></span> <span class='ocrx_word' id='word_1_202' title='bbox 3274 1236 3493 1282; x_wconf 77' lang='lat' dir='ltr'><strong>vexaret</strong></span> <span class='ocrx_word' id='word_1_203' title='bbox 3571 1225 3771 1281; x_wconf 82' lang='lat' dir='ltr'><strong>Parthis</strong></span> 
     </span>
    </p>
   </div>
   <div class='ocr_carea' id='block_1_28' title="bbox 2181 1317 3771 1391">
    <p class='ocr_par' dir='ltr' id='par_1_28' title="bbox 2181 1317 3771 1391">
     <span class='ocr_line' id='line_1_28' title="bbox 2181 1317 3771 1391; baseline 0.001 -17"><span class='ocrx_word' id='word_1_204' title='bbox 2181 1318 2395 1375; x_wconf 87' lang='lat' dir='ltr'><strong>licuerit</strong></span> <span class='ocrx_word' id='word_1_205' title='bbox 2433 1318 2679 1385; x_wconf 87' lang='lat' dir='ltr'><strong>fortasse,</strong></span> <span class='ocrx_word' id='word_1_206' title='bbox 2708 1321 2798 1391; x_wconf 89' lang='lat' dir='ltr'><strong>qui</strong></span> <span class='ocrx_word' id='word_1_207' title='bbox 2827 1327 3054 1376; x_wconf 88' lang='lat' dir='ltr'><strong>eventus</strong></span> <span class='ocrx_word' id='word_1_208' title='bbox 3087 1319 3404 1376; x_wconf 81' lang='lat' dir='ltr'><strong>bellantium</strong></span> <span class='ocrx_word' id='word_1_209' title='bbox 3454 1319 3653 1376; x_wconf 88' lang='lat' dir='ltr'><strong>fuerint</strong></span> <span class='ocrx_word' id='word_1_210' title='bbox 3698 1317 3771 1375; x_wconf 86' lang='lat' dir='ltr'><strong>fa-</strong></span> 
     </span>
    </p>
   </div>
   <div class='ocr_carea' id='block_1_29' title="bbox 2181 1411 3773 1486">
    <p class='ocr_par' dir='ltr' id='par_1_29' title="bbox 2181 1411 3773 1486">
     <span class='ocr_line' id='line_1_29' title="bbox 2181 1411 3773 1486; baseline -0.001 -19"><span class='ocrx_word' id='word_1_211' title='bbox 2181 1412 2370 1469; x_wconf 85' lang='lat' dir='ltr'><strong>bulati.</strong></span> <span class='ocrx_word' id='word_1_212' title='bbox 2420 1413 2550 1480; x_wconf 69' lang='lat' dir='ltr'><strong>Quae</strong></span> <span class='ocrx_word' id='word_1_213' title='bbox 2580 1411 2928 1470; x_wconf 52' lang='lat' dir='ltr'><strong>&quot;conditiones</strong></span> <span class='ocrx_word' id='word_1_214' title='bbox 2975 1424 3235 1486; x_wconf 84' lang='lat' dir='ltr'><strong>pactaque</strong></span> <span class='ocrx_word' id='word_1_215' title='bbox 3272 1414 3646 1478; x_wconf 82' lang='lat' dir='ltr'><strong>convenerint,</strong></span> <span class='ocrx_word' id='word_1_216' title='bbox 3691 1413 3773 1484; x_wconf 92' lang='lat' dir='ltr'><strong>qui</strong></span> 
     </span>
    </p>
   </div>
   <div class='ocr_carea' id='block_1_30' title="bbox 2182 1505 3775 1579">
    <p class='ocr_par' dir='ltr' id='par_1_30' title="bbox 2182 1505 3775 1579">
     <span class='ocr_line' id='line_1_30' title="bbox 2182 1505 3775 1579; baseline 0 -19"><span class='ocrx_word' id='word_1_217' title='bbox 2182 1506 2304 1561; x_wconf 85' lang='lat' dir='ltr'><strong>finis</strong></span> <span class='ocrx_word' id='word_1_218' title='bbox 2331 1507 2716 1578; x_wconf 88' lang='lat' dir='ltr'><strong>compresserit</strong></span> <span class='ocrx_word' id='word_1_219' title='bbox 2746 1506 2968 1576; x_wconf 88' lang='lat' dir='ltr'><strong>bellum,</strong></span> <span class='ocrx_word' id='word_1_220' title='bbox 2999 1521 3157 1579; x_wconf 91' lang='lat' dir='ltr'><strong>quem</strong></span> <span class='ocrx_word' id='word_1_221' title='bbox 3187 1506 3463 1563; x_wconf 88' lang='lat' dir='ltr'><strong>dominum</strong></span> <span class='ocrx_word' id='word_1_222' title='bbox 3509 1505 3775 1563; x_wconf 86' lang='lat' dir='ltr'><strong>constituit</strong></span> 
     </span>
    </p>
   </div>
   <div class='ocr_carea' id='block_1_31' title="bbox 2179 1598 3770 1670">
    <p class='ocr_par' dir='ltr' id='par_1_31' title="bbox 2179 1598 3770 1670">
     <span class='ocr_line' id='line_1_31' title="bbox 2179 1598 3770 1670; baseline 0 -16"><span class='ocrx_word' id='word_1_223' title='bbox 2179 1613 2212 1655; x_wconf 90' lang='lat' dir='ltr'><strong>e</strong></span> <span class='ocrx_word' id='word_1_224' title='bbox 2255 1598 2463 1655; x_wconf 91' lang='lat' dir='ltr'><strong>duobus</strong></span> <span class='ocrx_word' id='word_1_225' title='bbox 2495 1601 2738 1656; x_wconf 86' lang='lat' dir='ltr'><strong>securior</strong></span> <span class='ocrx_word' id='word_1_226' title='bbox 2771 1614 2949 1656; x_wconf 88' lang='lat' dir='ltr'><strong>casus.</strong></span> <span class='ocrx_word' id='word_1_227' title='bbox 2997 1599 3104 1657; x_wconf 88' lang='lat' dir='ltr'><strong>Sed</strong></span> <span class='ocrx_word' id='word_1_228' title='bbox 3132 1599 3256 1670; x_wconf 81' lang='lat' dir='ltr'><strong>quis</strong></span> <span class='ocrx_word' id='word_1_229' title='bbox 3295 1609 3471 1656; x_wconf 90' lang='lat' dir='ltr'><strong>utrum</strong></span> <span class='ocrx_word' id='word_1_230' title='bbox 3504 1607 3770 1666; x_wconf 84' lang='lat' dir='ltr'><strong>tractatur,</strong></span> 
     </span>
    </p>
   </div>
   <div class='ocr_carea' id='block_1_32' title="bbox 2180 1691 3773 1767">
    <p class='ocr_par' dir='ltr' id='par_1_32' title="bbox 2180 1691 3773 1767">
     <span class='ocr_line' id='line_1_32' title="bbox 2180 1691 3773 1767; baseline 0.002 -21"><span class='ocrx_word' id='word_1_231' title='bbox 2180 1691 2420 1765; x_wconf 87' lang='lat' dir='ltr'><strong>ingenito</strong></span> <span class='ocrx_word' id='word_1_232' title='bbox 2450 1702 2506 1750; x_wconf 86' lang='lat' dir='ltr'><strong>et</strong></span> <span class='ocrx_word' id='word_1_233' title='bbox 2528 1694 2739 1764; x_wconf 90' lang='lat' dir='ltr'><strong>victori,</strong></span> <span class='ocrx_word' id='word_1_234' title='bbox 2773 1703 2831 1750; x_wconf 92' lang='lat' dir='ltr'><strong>ut</strong></span> <span class='ocrx_word' id='word_1_235' title='bbox 2855 1694 3032 1762; x_wconf 89' lang='lat' dir='ltr'><strong>video,</strong></span> <span class='ocrx_word' id='word_1_236' title='bbox 3064 1695 3121 1749; x_wconf 86' lang='lat' dir='ltr'><strong>fit</strong></span> <span class='ocrx_word' id='word_1_237' title='bbox 3147 1695 3443 1766; x_wconf 83' lang='lat' dir='ltr'><strong>periculurn</strong></span> <span class='ocrx_word' id='word_1_238' title='bbox 3479 1712 3492 1750; x_wconf 90' lang='lat'><strong>:</strong></span> <span class='ocrx_word' id='word_1_239' title='bbox 3518 1707 3649 1767; x_wconf 86' lang='lat' dir='ltr'><strong>ergo</strong></span> <span class='ocrx_word' id='word_1_240' title='bbox 3675 1695 3773 1749; x_wconf 79' lang='lat' dir='ltr'><strong>fra-</strong></span> 
     </span>
    </p>
   </div>
   <div class='ocr_carea' id='block_1_33' title="bbox 477 1787 3775 1862">
    <p class='ocr_par' dir='ltr' id='par_1_33' title="bbox 477 1787 3775 1862">
     <span class='ocr_line' id='line_1_33' title="bbox 477 1787 3775 1862; baseline -0.001 -17"><span class='ocrx_word' id='word_1_241' title='bbox 477 1797 610 1858; x_wconf 86' lang='lat' dir='ltr'><strong>tutu,</strong></span> <span class='ocrx_word' id='word_1_242' title='bbox 642 1797 698 1843; x_wconf 94' lang='lat' dir='ltr'><strong>ut</strong></span> <span class='ocrx_word' id='word_1_243' title='bbox 722 1801 898 1859; x_wconf 89' lang='lat' dir='ltr'><strong>pugna</strong></span> <span class='ocrx_word' id='word_1_244' title='bbox 932 1803 1090 1859; x_wconf 88' lang='lat' dir='ltr'><strong>quam</strong></span> <span class='ocrx_word' id='word_1_245' title='bbox 1117 1802 1385 1844; x_wconf 85' lang='lat' dir='ltr'><strong>memoras</strong></span> <span class='ocrx_word' id='word_1_246' title='bbox 1403 1789 1671 1844; x_wconf 89' lang='lat' dir='ltr'><strong>oriretur?</strong></span> <span class='ocrx_word' id='word_1_247' title='bbox 1701 1788 1875 1844; x_wconf 89' lang='lat' dir='ltr'><strong>lucem</strong></span> <span class='ocrx_word' id='word_1_248' title='bbox 1903 1803 1971 1842; x_wconf 87' lang='lat' dir='ltr'><strong>an</strong></span> <span class='ocrx_word' id='word_1_249' title='bbox 2003 1796 2080 1843; x_wconf 86' lang='lat' dir='ltr'><strong>te-</strong></span> <span class='ocrx_word' id='word_1_250' title='bbox 2108 1797 2157 1862; x_wconf 80' lang='lat' dir='ltr'><strong>B</strong></span> <span class='ocrx_word' id='word_1_251' title='bbox 2184 1794 2293 1844; x_wconf 91' lang='lat' dir='ltr'><strong>tres</strong></span> <span class='ocrx_word' id='word_1_252' title='bbox 2324 1789 2554 1845; x_wconf 90' lang='lat' dir='ltr'><strong>vincitur</strong></span> <span class='ocrx_word' id='word_1_253' title='bbox 2579 1788 2722 1860; x_wconf 93' lang='lat' dir='ltr'><strong>quod</strong></span> <span class='ocrx_word' id='word_1_254' title='bbox 2766 1804 2796 1843; x_wconf 89' lang='lat' dir='ltr'><strong>a</strong></span> <span class='ocrx_word' id='word_1_255' title='bbox 2835 1802 2896 1844; x_wconf 88' lang='lat' dir='ltr'><strong>se</strong></span> <span class='ocrx_word' id='word_1_256' title='bbox 2934 1795 3037 1856; x_wconf 90' lang='lat' dir='ltr'><strong>est,</strong></span> <span class='ocrx_word' id='word_1_257' title='bbox 3066 1797 3121 1844; x_wconf 89' lang='lat' dir='ltr'><strong>et</strong></span> <span class='ocrx_word' id='word_1_258' title='bbox 3147 1787 3291 1859; x_wconf 88' lang='lat' dir='ltr'><strong>quod</strong></span> <span class='ocrx_word' id='word_1_259' title='bbox 3336 1791 3456 1845; x_wconf 88' lang='lat' dir='ltr'><strong>sine</strong></span> <span class='ocrx_word' id='word_1_260' title='bbox 3496 1788 3654 1844; x_wconf 87' lang='lat' dir='ltr'><strong>initio</strong></span> <span class='ocrx_word' id='word_1_261' title='bbox 3700 1796 3775 1844; x_wconf 86' lang='lat' dir='ltr'><strong>est</strong></span> 
     </span>
    </p>
   </div>
   <div class='ocr_carea' id='block_1_34' title="bbox 475 1881 2077 1954">
    <p class='ocr_par' dir='ltr' id='par_1_34' title="bbox 475 1881 2077 1954">
     <span class='ocr_line' id='line_1_34' title="bbox 475 1881 2077 1954; baseline 0.001 -18"><span class='ocrx_word' id='word_1_262' title='bbox 475 1881 714 1938; x_wconf 78' lang='lat' dir='ltr'><strong>nebras?</strong></span> <span class='ocrx_word' id='word_1_263' title='bbox 752 1881 809 1937; x_wconf 89' lang='lat' dir='ltr'><strong>Si</strong></span> <span class='ocrx_word' id='word_1_264' title='bbox 829 1882 1025 1947; x_wconf 88' lang='lat' dir='ltr'><strong>lucem,</strong></span> <span class='ocrx_word' id='word_1_265' title='bbox 1050 1883 1197 1954; x_wconf 91' lang='lat' dir='ltr'><strong>eguit</strong></span> <span class='ocrx_word' id='word_1_266' title='bbox 1248 1881 1515 1948; x_wconf 88' lang='lat' dir='ltr'><strong>tenebris,</strong></span> <span class='ocrx_word' id='word_1_267' title='bbox 1571 1891 1626 1937; x_wconf 91' lang='lat' dir='ltr'><strong>et</strong></span> <span class='ocrx_word' id='word_1_268' title='bbox 1675 1881 1943 1938; x_wconf 88' lang='lat' dir='ltr'><strong>delectata</strong></span> <span class='ocrx_word' id='word_1_269' title='bbox 1994 1891 2077 1937; x_wconf 91' lang='lat' dir='ltr'><strong>est</strong></span> 
     </span>
    </p>
   </div>
   <div class='ocr_carea' id='block_1_35' title="bbox 476 1975 2074 2048">
    <p class='ocr_par' dir='ltr' id='par_1_35' title="bbox 476 1975 2074 2048">
     <span class='ocr_line' id='line_1_35' title="bbox 476 1975 2074 2048; baseline 0 -17"><span class='ocrx_word' id='word_1_270' title='bbox 476 1985 634 2032; x_wconf 91' lang='lat' dir='ltr'><strong>tetro.</strong></span> <span class='ocrx_word' id='word_1_271' title='bbox 655 1976 750 2032; x_wconf 89' lang='lat' dir='ltr'><strong>Ubi</strong></span> <span class='ocrx_word' id='word_1_272' title='bbox 767 1977 1003 2047; x_wconf 88' lang='lat' dir='ltr'><strong>estquod</strong></span> <span class='ocrx_word' id='word_1_273' title='bbox 1023 1976 1249 2032; x_wconf 90' lang='lat' dir='ltr'><strong>habetur</strong></span> <span class='ocrx_word' id='word_1_274' title='bbox 1269 1979 1686 2048; x_wconf 87' lang='lat' dir='ltr'><strong>omnipotentes,</strong></span> <span class='ocrx_word' id='word_1_275' title='bbox 1714 1977 1856 2048; x_wconf 88' lang='lat' dir='ltr'><strong>quod</strong></span> <span class='ocrx_word' id='word_1_276' title='bbox 1878 1975 2074 2032; x_wconf 91' lang='lat' dir='ltr'><strong>intelli-</strong></span> 
     </span>
    </p>
   </div>
   <div class='ocr_carea' id='block_1_36' title="bbox 473 2068 2077 2142">
    <p class='ocr_par' dir='ltr' id='par_1_36' title="bbox 473 2068 2077 2142">
     <span class='ocr_line' id='line_1_36' title="bbox 473 2068 2077 2142; baseline 0.002 -19"><span class='ocrx_word' id='word_1_277' title='bbox 473 2069 616 2139; x_wconf 82' lang='lat' dir='ltr'><strong>gitur</strong></span> <span class='ocrx_word' id='word_1_278' title='bbox 648 2077 840 2137; x_wconf 88' lang='lat' dir='ltr'><strong>totum,</strong></span> <span class='ocrx_word' id='word_1_279' title='bbox 870 2072 912 2125; x_wconf 89' lang='lat' dir='ltr'><strong>si</strong></span> <span class='ocrx_word' id='word_1_280' title='bbox 936 2068 989 2124; x_wconf 93' lang='lat' dir='ltr'><strong>in</strong></span> <span class='ocrx_word' id='word_1_281' title='bbox 1013 2085 1078 2125; x_wconf 94' lang='lat' dir='ltr'><strong>eo</strong></span> <span class='ocrx_word' id='word_1_282' title='bbox 1096 2070 1297 2142; x_wconf 89' lang='lat' dir='ltr'><strong>aliquid</strong></span> <span class='ocrx_word' id='word_1_283' title='bbox 1331 2087 1438 2126; x_wconf 93' lang='lat' dir='ltr'><strong>non</strong></span> <span class='ocrx_word' id='word_1_284' title='bbox 1465 2079 1600 2137; x_wconf 90' lang='lat' dir='ltr'><strong>erat,</strong></span> <span class='ocrx_word' id='word_1_285' title='bbox 1635 2070 1778 2141; x_wconf 90' lang='lat' dir='ltr'><strong>quod</strong></span> <span class='ocrx_word' id='word_1_286' title='bbox 1808 2070 2077 2127; x_wconf 81' lang='lat' dir='ltr'><strong>extrinse-</strong></span> 
     </span>
    </p>
   </div>
   <div class='ocr_carea' id='block_1_37' title="bbox 475 2162 2074 2233">
    <p class='ocr_par' dir='ltr' id='par_1_37' title="bbox 475 2162 2074 2233">
     <span class='ocr_line' id='line_1_37' title="bbox 475 2162 2074 2233; baseline 0.003 -17"><span class='ocrx_word' id='word_1_287' title='bbox 475 2177 571 2216; x_wconf 87' lang='lat' dir='ltr'><strong>cus</strong></span> <span class='ocrx_word' id='word_1_288' title='bbox 598 2170 734 2228; x_wconf 88' lang='lat' dir='ltr'><strong>erat,</strong></span> <span class='ocrx_word' id='word_1_289' title='bbox 763 2170 818 2217; x_wconf 91' lang='lat' dir='ltr'><strong>et</strong></span> <span class='ocrx_word' id='word_1_290' title='bbox 847 2162 967 2217; x_wconf 87' lang='lat' dir='ltr'><strong>aliis</strong></span> <span class='ocrx_word' id='word_1_291' title='bbox 1004 2163 1184 2233; x_wconf 82' lang='lat' dir='ltr'><strong>regnis</strong></span> <span class='ocrx_word' id='word_1_292' title='bbox 1214 2163 1535 2230; x_wconf 86' lang='lat' dir='ltr'><strong>habebatur,</strong></span> <span class='ocrx_word' id='word_1_293' title='bbox 1584 2175 1636 2218; x_wconf 92' lang='lat' dir='ltr'><strong>et</strong></span> <span class='ocrx_word' id='word_1_294' title='bbox 1664 2162 1765 2220; x_wconf 87' lang='lat' dir='ltr'><strong>sibi</strong></span> <span class='ocrx_word' id='word_1_295' title='bbox 1791 2173 1909 2221; x_wconf 90' lang='lat' dir='ltr'><strong>erat</strong></span> <span class='ocrx_word' id='word_1_296' title='bbox 1938 2164 2074 2220; x_wconf 88' lang='lat' dir='ltr'><strong>veri-</strong></span> 
     </span>
    </p>
   </div>
   <div class='ocr_carea' id='block_1_38' title="bbox 477 2254 2079 2329">
    <p class='ocr_par' dir='ltr' id='par_1_38' title="bbox 477 2254 2079 2329">
     <span class='ocr_line' id='line_1_38' title="bbox 477 2254 2079 2329; baseline 0.002 -19"><span class='ocrx_word' id='word_1_297' title='bbox 477 2264 558 2310; x_wconf 86' lang='lat' dir='ltr'><strong>tas</strong></span> <span class='ocrx_word' id='word_1_298' title='bbox 588 2254 679 2325; x_wconf 85' lang='lat' dir='ltr'><strong>qui</strong></span> <span class='ocrx_word' id='word_1_299' title='bbox 703 2255 916 2325; x_wconf 89' lang='lat' dir='ltr'><strong>quidem</strong></span> <span class='ocrx_word' id='word_1_300' title='bbox 946 2267 1081 2322; x_wconf 86' lang='lat' dir='ltr'><strong>erat,</strong></span> <span class='ocrx_word' id='word_1_301' title='bbox 1116 2257 1259 2328; x_wconf 92' lang='lat' dir='ltr'><strong>quod</strong></span> <span class='ocrx_word' id='word_1_302' title='bbox 1290 2258 1465 2313; x_wconf 89' lang='lat' dir='ltr'><strong>adhuc</strong></span> <span class='ocrx_word' id='word_1_303' title='bbox 1492 2258 1876 2329; x_wconf 88' lang='lat' dir='ltr'><strong>omnipotentis</strong></span> <span class='ocrx_word' id='word_1_304' title='bbox 1903 2255 2079 2313; x_wconf 52' lang='lat' dir='ltr'><strong>domis</strong></span> 
     </span>
    </p>
   </div>
   <div class='ocr_carea' id='block_1_39' title="bbox 474 2349 2078 2409">
    <p class='ocr_par' dir='ltr' id='par_1_39' title="bbox 474 2349 2078 2409">
     <span class='ocr_line' id='line_1_39' title="bbox 474 2349 2078 2409; baseline 0.002 -5"><span class='ocrx_word' id='word_1_305' title='bbox 474 2349 620 2404; x_wconf 85' lang='lat' dir='ltr'><strong>natio</strong></span> <span class='ocrx_word' id='word_1_306' title='bbox 645 2365 752 2404; x_wconf 91' lang='lat' dir='ltr'><strong>non</strong></span> <span class='ocrx_word' id='word_1_307' title='bbox 777 2349 1044 2406; x_wconf 83' lang='lat' dir='ltr'><strong>habebat?</strong></span> <span class='ocrx_word' id='word_1_308' title='bbox 1067 2349 1137 2406; x_wconf 86' lang='lat' dir='ltr'><strong>At</strong></span> <span class='ocrx_word' id='word_1_309' title='bbox 1167 2367 1308 2407; x_wconf 90' lang='lat' dir='ltr'><strong>nunc</strong></span> <span class='ocrx_word' id='word_1_310' title='bbox 1341 2353 1572 2409; x_wconf 88' lang='lat' dir='ltr'><strong>movisse</strong></span> <span class='ocrx_word' id='word_1_311' title='bbox 1596 2353 1796 2409; x_wconf 88' lang='lat' dir='ltr'><strong>bellum</strong></span> <span class='ocrx_word' id='word_1_312' title='bbox 1825 2352 2078 2408; x_wconf 87' lang='lat' dir='ltr'><strong>tenebras</strong></span> 
     </span>
    </p>
   </div>
   <div class='ocr_carea' id='block_1_40' title="bbox 474 2443 2077 2517">
    <p class='ocr_par' dir='ltr' id='par_1_40' title="bbox 474 2443 2077 2517">
     <span class='ocr_line' id='line_1_40' title="bbox 474 2443 2077 2517; baseline 0.003 -21"><span class='ocrx_word' id='word_1_313' title='bbox 474 2443 778 2512; x_wconf 84' lang='lat' dir='ltr'><strong>epinemur,</strong></span> <span class='ocrx_word' id='word_1_314' title='bbox 811 2453 865 2499; x_wconf 89' lang='lat' dir='ltr'><strong>et</strong></span> <span class='ocrx_word' id='word_1_315' title='bbox 893 2451 1196 2499; x_wconf 86' lang='lat' dir='ltr'><strong>statuamus</strong></span> <span class='ocrx_word' id='word_1_316' title='bbox 1221 2446 1463 2500; x_wconf 76' lang='lat' dir='ltr'><strong>ttmiiram</strong></span> <span class='ocrx_word' id='word_1_317' title='bbox 1492 2445 1713 2517; x_wconf 80' lang='lat' dir='ltr'><strong>fulgoris</strong></span> <span class='ocrx_word' id='word_1_318' title='bbox 1744 2446 2077 2517; x_wconf 82' lang='lat' dir='ltr'><strong>ingenitiex—</strong></span> 
     </span>
    </p>
   </div>
   <div class='ocr_carea' id='block_1_41' title="bbox 476 2537 2078 2611">
    <p class='ocr_par' dir='ltr' id='par_1_41' title="bbox 476 2537 2078 2611">
     <span class='ocr_line' id='line_1_41' title="bbox 476 2537 2078 2611; baseline 0.001 -20"><span class='ocrx_word' id='word_1_319' title='bbox 476 2538 763 2592; x_wconf 85' lang='lat' dir='ltr'><strong>sistentem</strong></span> <span class='ocrx_word' id='word_1_320' title='bbox 795 2537 906 2591; x_wconf 90' lang='lat' dir='ltr'><strong>suis</strong></span> <span class='ocrx_word' id='word_1_321' title='bbox 927 2538 1162 2608; x_wconf 89' lang='lat' dir='ltr'><strong>propriis</strong></span> <span class='ocrx_word' id='word_1_322' title='bbox 1184 2538 1373 2594; x_wconf 87' lang='lat' dir='ltr'><strong>solidis</strong></span> <span class='ocrx_word' id='word_1_323' title='bbox 1398 2540 1761 2611; x_wconf 90' lang='lat' dir='ltr'><strong>conspirasse.</strong></span> <span class='ocrx_word' id='word_1_324' title='bbox 1786 2539 1842 2596; x_wconf 90' lang='lat' dir='ltr'><strong>Si</strong></span> <span class='ocrx_word' id='word_1_325' title='bbox 1875 2539 1968 2594; x_wconf 78' lang='lat' dir='ltr'><strong>lux</strong></span> <span class='ocrx_word' id='word_1_326' title='bbox 1989 2538 2078 2594; x_wconf 87' lang='lat' dir='ltr'><strong>illa</strong></span> 
     </span>
    </p>
   </div>
   <div class='ocr_carea' id='block_1_42' title="bbox 473 2630 2078 2702">
    <p class='ocr_par' dir='ltr' id='par_1_42' title="bbox 473 2630 2078 2702">
     <span class='ocr_line' id='line_1_42' title="bbox 473 2630 2078 2702; baseline 0.003 -18"><span class='ocrx_word' id='word_1_327' title='bbox 473 2630 611 2702; x_wconf 87' lang='lat' dir='ltr'><strong>ignis</strong></span> <span class='ocrx_word' id='word_1_328' title='bbox 633 2638 736 2694; x_wconf 80' lang='lat' dir='ltr'><strong>est,</strong></span> <span class='ocrx_word' id='word_1_329' title='bbox 772 2632 1009 2687; x_wconf 63' lang='lat' dir='ltr'><strong>tenebrie</strong></span> <span class='ocrx_word' id='word_1_330' title='bbox 1043 2631 1111 2687; x_wconf 90' lang='lat' dir='ltr'><strong>ad</strong></span> <span class='ocrx_word' id='word_1_331' title='bbox 1158 2633 1466 2689; x_wconf 85' lang='lat' dir='ltr'><strong>incendium</strong></span> <span class='ocrx_word' id='word_1_332' title='bbox 1495 2634 1867 2702; x_wconf 89' lang='lat' dir='ltr'><strong>convenerint,</strong></span> <span class='ocrx_word' id='word_1_333' title='bbox 1903 2641 1958 2690; x_wconf 92' lang='lat' dir='ltr'><strong>ut</strong></span> <span class='ocrx_word' id='word_1_334' title='bbox 1987 2648 2078 2690; x_wconf 91' lang='lat' dir='ltr'><strong>ea-</strong></span> 
     </span>
    </p>
   </div>
   <div class='ocr_carea' id='block_1_43' title="bbox 475 2723 2076 2803">
    <p class='ocr_par' dir='ltr' id='par_1_43' title="bbox 475 2723 2076 2803">
     <span class='ocr_line' id='line_1_43' title="bbox 475 2723 2076 2803; baseline 0.002 -24"><span class='ocrx_word' id='word_1_335' title='bbox 475 2739 596 2780; x_wconf 90' lang='lat' dir='ltr'><strong>rum</strong></span> <span class='ocrx_word' id='word_1_336' title='bbox 626 2723 883 2792; x_wconf 89' lang='lat' dir='ltr'><strong>solidum,</strong></span> <span class='ocrx_word' id='word_1_337' title='bbox 925 2726 1068 2797; x_wconf 92' lang='lat' dir='ltr'><strong>quod</strong></span> <span class='ocrx_word' id='word_1_338' title='bbox 1097 2727 1227 2798; x_wconf 89' lang='lat' dir='ltr'><strong>ipsis</strong></span> <span class='ocrx_word' id='word_1_339' title='bbox 1251 2737 1388 2795; x_wconf 91' lang='lat' dir='ltr'><strong>erat,</strong></span> <span class='ocrx_word' id='word_1_340' title='bbox 1424 2728 1491 2784; x_wconf 89' lang='lat' dir='ltr'><strong>ad</strong></span> <span class='ocrx_word' id='word_1_341' title='bbox 1519 2727 1827 2785; x_wconf 85' lang='lat' dir='ltr'><strong>conﬂictum</strong></span> <span class='ocrx_word' id='word_1_342' title='bbox 1851 2728 2076 2803; x_wconf 82' lang='lat' dir='ltr'><strong>veniens</strong></span> 
     </span>
    </p>
   </div>
   <div class='ocr_carea' id='block_1_44' title="bbox 477 2821 2076 2890">
    <p class='ocr_par' dir='ltr' id='par_1_44' title="bbox 477 2821 2076 2890">
     <span class='ocr_line' id='line_1_44' title="bbox 477 2821 2076 2890; baseline 0.001 -15"><span class='ocrx_word' id='word_1_343' title='bbox 477 2821 816 2876; x_wconf 73' lang='lat' dir='ltr'><strong>extrinsecus</strong></span> <span class='ocrx_word' id='word_1_344' title='bbox 850 2829 1115 2877; x_wconf 87' lang='lat' dir='ltr'><strong>ureretur.</strong></span> <span class='ocrx_word' id='word_1_345' title='bbox 1147 2823 1239 2878; x_wconf 89' lang='lat' dir='ltr'><strong>Sin</strong></span> <span class='ocrx_word' id='word_1_346' title='bbox 1268 2831 1450 2879; x_wconf 89' lang='lat' dir='ltr'><strong>autem</strong></span> <span class='ocrx_word' id='word_1_347' title='bbox 1478 2825 1668 2882; x_wconf 90' lang='lat' dir='ltr'><strong>inanes</strong></span> <span class='ocrx_word' id='word_1_348' title='bbox 1691 2833 1836 2890; x_wconf 90' lang='lat' dir='ltr'><strong>sunt,</strong></span> <span class='ocrx_word' id='word_1_349' title='bbox 1871 2832 1926 2878; x_wconf 94' lang='lat' dir='ltr'><strong>et</strong></span> <span class='ocrx_word' id='word_1_350' title='bbox 1953 2822 2076 2878; x_wconf 89' lang='lat' dir='ltr'><strong>ideo</strong></span> 
     </span>
    </p>
   </div>
   <div class='ocr_carea' id='block_1_45' title="bbox 476 2915 2079 2988">
    <p class='ocr_par' dir='ltr' id='par_1_45' title="bbox 476 2915 2079 2988">
     <span class='ocr_line' id='line_1_45' title="bbox 476 2915 2079 2988; baseline 0.002 -19"><span class='ocrx_word' id='word_1_351' title='bbox 476 2931 582 2970; x_wconf 89' lang='lat' dir='ltr'><strong>non</strong></span> <span class='ocrx_word' id='word_1_352' title='bbox 617 2926 856 2983; x_wconf 89' lang='lat' dir='ltr'><strong>utuntur,</strong></span> <span class='ocrx_word' id='word_1_353' title='bbox 890 2917 980 2971; x_wconf 87' lang='lat' dir='ltr'><strong>ubi</strong></span> <span class='ocrx_word' id='word_1_354' title='bbox 1027 2931 1160 2988; x_wconf 87' lang='lat' dir='ltr'><strong>rogo</strong></span> <span class='ocrx_word' id='word_1_355' title='bbox 1204 2927 1287 2973; x_wconf 84' lang='lat' dir='ltr'><strong>est</strong></span> <span class='ocrx_word' id='word_1_356' title='bbox 1312 2920 1460 2974; x_wconf 87' lang='lat' dir='ltr'><strong>coire</strong></span> <span class='ocrx_word' id='word_1_357' title='bbox 1509 2917 1698 2974; x_wconf 89' lang='lat' dir='ltr'><strong>solidis</strong></span> <span class='ocrx_word' id='word_1_358' title='bbox 1730 2933 1853 2973; x_wconf 91' lang='lat' dir='ltr'><strong>cum</strong></span> <span class='ocrx_word' id='word_1_359' title='bbox 1892 2915 2079 2972; x_wconf 84' lang='lat' dir='ltr'><strong>inani?</strong></span> 
     </span>
    </p>
   </div>
   <div class='ocr_carea' id='block_1_46' title="bbox 475 3009 2079 3082">
    <p class='ocr_par' dir='ltr' id='par_1_46' title="bbox 475 3009 2079 3082">
     <span class='ocr_line' id='line_1_46' title="bbox 475 3009 2079 3082; baseline 0.001 -17"><span class='ocrx_word' id='word_1_360' title='bbox 475 3009 604 3065; x_wconf 77' lang='lat' dir='ltr'><strong>Haec</strong></span> <span class='ocrx_word' id='word_1_361' title='bbox 633 3011 855 3078; x_wconf 90' lang='lat' dir='ltr'><strong>sentire,</strong></span> <span class='ocrx_word' id='word_1_362' title='bbox 883 3019 1046 3082; x_wconf 80' lang='lat' dir='ltr'><strong>atque</strong></span> <span class='ocrx_word' id='word_1_363' title='bbox 1068 3010 1490 3068; x_wconf 34' lang='lat' dir='ltr'><strong>meando&#39;sensu</strong></span> <span class='ocrx_word' id='word_1_364' title='bbox 1511 3010 1579 3067; x_wconf 91' lang='lat' dir='ltr'><strong>ad</strong></span> <span class='ocrx_word' id='word_1_365' title='bbox 1612 3019 1719 3066; x_wconf 91' lang='lat' dir='ltr'><strong>tam</strong></span> <span class='ocrx_word' id='word_1_366' title='bbox 1748 3010 1958 3066; x_wconf 90' lang='lat' dir='ltr'><strong>interna</strong></span> <span class='ocrx_word' id='word_1_367' title='bbox 1986 3025 2079 3066; x_wconf 91' lang='lat' dir='ltr'><strong>ve—</strong></span> 
     </span>
    </p>
   </div>
   <div class='ocr_carea' id='block_1_47' title="bbox 478 3105 2080 3179">
    <p class='ocr_par' dir='ltr' id='par_1_47' title="bbox 478 3105 2080 3179">
     <span class='ocr_line' id='line_1_47' title="bbox 478 3105 2080 3179; baseline 0.001 -19"><span class='ocrx_word' id='word_1_368' title='bbox 478 3105 649 3169; x_wconf 87' lang='lat' dir='ltr'><strong>nisse,</strong></span> <span class='ocrx_word' id='word_1_369' title='bbox 676 3106 836 3176; x_wconf 90' lang='lat' dir='ltr'><strong>plane</strong></span> <span class='ocrx_word' id='word_1_370' title='bbox 863 3105 1036 3161; x_wconf 79' lang='lat' dir='ltr'><strong>audax</strong></span> <span class='ocrx_word' id='word_1_371' title='bbox 1059 3114 1141 3162; x_wconf 88' lang='lat' dir='ltr'><strong>est</strong></span> <span class='ocrx_word' id='word_1_372' title='bbox 1159 3119 1213 3162; x_wconf 90' lang='lat' dir='ltr'><strong>et</strong></span> <span class='ocrx_word' id='word_1_373' title='bbox 1239 3120 1521 3162; x_wconf 89' lang='lat' dir='ltr'><strong>vesanum.</strong></span> <span class='ocrx_word' id='word_1_374' title='bbox 1549 3106 1834 3179; x_wconf 80' lang='lat' dir='ltr'><strong>Imaginari</strong></span> <span class='ocrx_word' id='word_1_375' title='bbox 1861 3105 2080 3164; x_wconf 84' lang='lat' dir='ltr'><strong>conflic-</strong></span> 
     </span>
    </p>
   </div>
   <div class='ocr_carea' id='block_1_48' title="bbox 480 3199 2157 3271">
    <p class='ocr_par' dir='ltr' id='par_1_48' title="bbox 480 3199 2157 3271">
     <span class='ocr_line' id='line_1_48' title="bbox 480 3199 2157 3271; baseline 0.003 -18"><span class='ocrx_word' id='word_1_376' title='bbox 480 3210 591 3254; x_wconf 87' lang='lat' dir='ltr'><strong>tum</strong></span> <span class='ocrx_word' id='word_1_377' title='bbox 632 3200 777 3254; x_wconf 90' lang='lat' dir='ltr'><strong>inani</strong></span> <span class='ocrx_word' id='word_1_378' title='bbox 803 3214 924 3254; x_wconf 92' lang='lat' dir='ltr'><strong>eum</strong></span> <span class='ocrx_word' id='word_1_379' title='bbox 961 3199 1154 3267; x_wconf 88' lang='lat' dir='ltr'><strong>solido,</strong></span> <span class='ocrx_word' id='word_1_380' title='bbox 1188 3199 1452 3271; x_wconf 90' lang='lat' dir='ltr'><strong>profundo</strong></span> <span class='ocrx_word' id='word_1_381' title='bbox 1485 3215 1605 3257; x_wconf 88' lang='lat' dir='ltr'><strong>cum</strong></span> <span class='ocrx_word' id='word_1_382' title='bbox 1654 3202 1897 3270; x_wconf 78' lang='lat' dir='ltr'><strong>excelso,</strong></span> <span class='ocrx_word' id='word_1_383' title='bbox 1928 3201 2082 3258; x_wconf 79' lang='lat' dir='ltr'><strong>finito</strong></span> <span class='ocrx_word' id='word_1_384' title='bbox 2111 3202 2157 3267; x_wconf 90' lang='lat' dir='ltr'>C</span> 
     </span>
    </p>
   </div>
   <div class='ocr_carea' id='block_1_49' title="bbox 477 3290 2084 3361">
    <p class='ocr_par' dir='ltr' id='par_1_49' title="bbox 477 3290 2084 3361">
     <span class='ocr_line' id='line_1_49' title="bbox 477 3290 2084 3361; baseline 0.003 -16"><span class='ocrx_word' id='word_1_385' title='bbox 477 3303 599 3345; x_wconf 87' lang='lat' dir='ltr'><strong>eum</strong></span> <span class='ocrx_word' id='word_1_386' title='bbox 630 3290 870 3356; x_wconf 88' lang='lat' dir='ltr'><strong>infinito,</strong></span> <span class='ocrx_word' id='word_1_387' title='bbox 919 3306 1040 3346; x_wconf 91' lang='lat' dir='ltr'><strong>cum</strong></span> <span class='ocrx_word' id='word_1_388' title='bbox 1072 3292 1190 3346; x_wconf 91' lang='lat' dir='ltr'><strong>luce</strong></span> <span class='ocrx_word' id='word_1_389' title='bbox 1231 3292 1471 3348; x_wconf 86' lang='lat' dir='ltr'><strong>tenebris</strong></span> <span class='ocrx_word' id='word_1_390' title='bbox 1492 3334 1506 3358; x_wconf 93' lang='lat'><strong>,</strong></span> <span class='ocrx_word' id='word_1_391' title='bbox 1542 3293 1679 3349; x_wconf 88' lang='lat' dir='ltr'><strong>falso</strong></span> <span class='ocrx_word' id='word_1_392' title='bbox 1706 3309 1827 3350; x_wconf 92' lang='lat' dir='ltr'><strong>cum</strong></span> <span class='ocrx_word' id='word_1_393' title='bbox 1851 3309 1998 3361; x_wconf 90' lang='lat' dir='ltr'><strong>vero,</strong></span> <span class='ocrx_word' id='word_1_394' title='bbox 2029 3303 2084 3350; x_wconf 90' lang='lat' dir='ltr'><strong>et</strong></span> 
     </span>
    </p>
   </div>
   <div class='ocr_carea' id='block_1_50' title="bbox 479 3379 2083 3455">
    <p class='ocr_par' dir='ltr' id='par_1_50' title="bbox 479 3379 2083 3455">
     <span class='ocr_line' id='line_1_50' title="bbox 479 3379 2083 3455; baseline 0.004 -19"><span class='ocrx_word' id='word_1_395' title='bbox 479 3379 743 3453; x_wconf 85' lang='lat' dir='ltr'><strong>quantillo</strong></span> <span class='ocrx_word' id='word_1_396' title='bbox 789 3397 911 3438; x_wconf 91' lang='lat' dir='ltr'><strong>cum</strong></span> <span class='ocrx_word' id='word_1_397' title='bbox 960 3383 1108 3439; x_wconf 82' lang='lat' dir='ltr'><strong>toto?</strong></span> <span class='ocrx_word' id='word_1_398' title='bbox 1137 3383 1250 3439; x_wconf 84' lang='lat' dir='ltr'><strong>Non</strong></span> <span class='ocrx_word' id='word_1_399' title='bbox 1283 3385 1488 3455; x_wconf 90' lang='lat' dir='ltr'><strong>patior,</strong></span> <span class='ocrx_word' id='word_1_400' title='bbox 1523 3385 1717 3454; x_wconf 87' lang='lat' dir='ltr'><strong>frater,</strong></span> <span class='ocrx_word' id='word_1_401' title='bbox 1763 3385 1881 3443; x_wconf 70' lang='lat' dir='ltr'><strong>hazc</strong></span> <span class='ocrx_word' id='word_1_402' title='bbox 1909 3387 2083 3443; x_wconf 88' lang='lat' dir='ltr'><strong>disso—</strong></span> 
     </span>
    </p>
   </div>
   <div class='ocr_carea' id='block_1_51' title="bbox 480 3479 2082 3552">
    <p class='ocr_par' dir='ltr' id='par_1_51' title="bbox 480 3479 2082 3552">
     <span class='ocr_line' id='line_1_51' title="bbox 480 3479 2082 3552; baseline 0.004 -20"><span class='ocrx_word' id='word_1_403' title='bbox 480 3479 664 3532; x_wconf 85' lang='lat' dir='ltr'><strong>nantia</strong></span> <span class='ocrx_word' id='word_1_404' title='bbox 698 3479 809 3547; x_wconf 81' lang='lat' dir='ltr'><strong>pati</strong></span> <span class='ocrx_word' id='word_1_405' title='bbox 839 3479 1001 3534; x_wconf 89' lang='lat' dir='ltr'><strong>modo</strong></span> <span class='ocrx_word' id='word_1_406' title='bbox 1021 3488 1209 3535; x_wconf 78' lang='lat' dir='ltr'><strong>exorta</strong></span> <span class='ocrx_word' id='word_1_407' title='bbox 1234 3481 1540 3549; x_wconf 90' lang='lat' dir='ltr'><strong>condicere,</strong></span> <span class='ocrx_word' id='word_1_408' title='bbox 1573 3491 1736 3552; x_wconf 88' lang='lat' dir='ltr'><strong>atque</strong></span> <span class='ocrx_word' id='word_1_409' title='bbox 1768 3499 1829 3538; x_wconf 89' lang='lat' dir='ltr'><strong>ea</strong></span> <span class='ocrx_word' id='word_1_410' title='bbox 1861 3481 2082 3538; x_wconf 66' lang='grc' dir='ltr'>(ειενηί-</span> 
     </span>
    </p>
   </div>
   <div class='ocr_carea' id='block_1_52' title="bbox 482 3575 2081 3648">
    <p class='ocr_par' dir='ltr' id='par_1_52' title="bbox 482 3575 2081 3648">
     <span class='ocr_line' id='line_1_52' title="bbox 482 3575 2081 3648; baseline 0.002 -21"><span class='ocrx_word' id='word_1_411' title='bbox 482 3582 590 3628; x_wconf 85' lang='lat' dir='ltr'><strong>tate</strong></span> <span class='ocrx_word' id='word_1_412' title='bbox 613 3587 914 3629; x_wconf 89' lang='lat' dir='ltr'><strong>memorare</strong></span> <span class='ocrx_word' id='word_1_413' title='bbox 953 3584 1006 3630; x_wconf 92' lang='lat' dir='ltr'><strong>et</strong></span> <span class='ocrx_word' id='word_1_414' title='bbox 1037 3575 1106 3629; x_wconf 88' lang='lat' dir='ltr'><strong>ita</strong></span> <span class='ocrx_word' id='word_1_415' title='bbox 1133 3576 1343 3642; x_wconf 88' lang='lat' dir='ltr'><strong>locare,</strong></span> <span class='ocrx_word' id='word_1_416' title='bbox 1377 3585 1435 3631; x_wconf 90' lang='lat' dir='ltr'><strong>ut</strong></span> <span class='ocrx_word' id='word_1_417' title='bbox 1461 3575 1677 3648; x_wconf 88' lang='lat' dir='ltr'><strong>utrique</strong></span> <span class='ocrx_word' id='word_1_418' title='bbox 1707 3577 1793 3632; x_wconf 91' lang='lat' dir='ltr'><strong>his</strong></span> <span class='ocrx_word' id='word_1_419' title='bbox 1821 3591 1943 3632; x_wconf 92' lang='lat' dir='ltr'><strong>esse</strong></span> <span class='ocrx_word' id='word_1_420' title='bbox 1967 3578 2037 3632; x_wconf 89' lang='lat' dir='ltr'><strong>sit</strong></span> <span class='ocrx_word' id='word_1_421' title='bbox 2070 3595 2081 3630; x_wconf 95' lang='lat'>:</span> 
     </span>
    </p>
   </div>
   <div class='ocr_carea' id='block_1_53' title="bbox 480 3667 2086 3739">
    <p class='ocr_par' dir='ltr' id='par_1_53' title="bbox 480 3667 2086 3739">
     <span class='ocr_line' id='line_1_53' title="bbox 480 3667 2086 3739; baseline 0.004 -17"><span class='ocrx_word' id='word_1_422' title='bbox 480 3667 576 3722; x_wconf 91' lang='lat' dir='ltr'><strong>sed</strong></span> <span class='ocrx_word' id='word_1_423' title='bbox 599 3681 719 3723; x_wconf 89' lang='lat' dir='ltr'><strong>esse</strong></span> <span class='ocrx_word' id='word_1_424' title='bbox 755 3673 843 3724; x_wconf 85' lang='lat' dir='ltr'><strong>nni</strong></span> <span class='ocrx_word' id='word_1_425' title='bbox 874 3669 922 3724; x_wconf 89' lang='lat' dir='ltr'><strong>ei</strong></span> <span class='ocrx_word' id='word_1_426' title='bbox 956 3669 1155 3737; x_wconf 90' lang='lat' dir='ltr'><strong>tribuo,</strong></span> <span class='ocrx_word' id='word_1_427' title='bbox 1189 3670 1278 3739; x_wconf 88' lang='lat' dir='ltr'><strong>qui</strong></span> <span class='ocrx_word' id='word_1_428' title='bbox 1308 3685 1338 3724; x_wconf 90' lang='lat' dir='ltr'><strong>a</strong></span> <span class='ocrx_word' id='word_1_429' title='bbox 1374 3685 1432 3726; x_wconf 91' lang='lat' dir='ltr'><strong>se</strong></span> <span class='ocrx_word' id='word_1_430' title='bbox 1460 3682 1564 3739; x_wconf 82' lang='grc' dir='ltr'>εει,</span> <span class='ocrx_word' id='word_1_431' title='bbox 1593 3671 1747 3727; x_wconf 89' lang='lat' dir='ltr'><strong>alteri</strong></span> <span class='ocrx_word' id='word_1_432' title='bbox 1775 3686 1902 3728; x_wconf 89' lang='lat' dir='ltr'><strong>vero</strong></span> <span class='ocrx_word' id='word_1_433' title='bbox 1938 3687 2086 3728; x_wconf 86' lang='lat' dir='ltr'><strong>asse—</strong></span> 
     </span>
    </p>
   </div>
   <div class='ocr_carea' id='block_1_54' title="bbox 480 3763 2088 3838">
    <p class='ocr_par' dir='ltr' id='par_1_54' title="bbox 480 3763 2088 3838">
     <span class='ocr_line' id='line_1_54' title="bbox 480 3763 2088 3838; baseline 0.002 -19"><span class='ocrx_word' id='word_1_434' title='bbox 480 3777 608 3819; x_wconf 85' lang='lat' dir='ltr'><strong>rens</strong></span> <span class='ocrx_word' id='word_1_435' title='bbox 638 3777 744 3818; x_wconf 89' lang='lat' dir='ltr'><strong>non</strong></span> <span class='ocrx_word' id='word_1_436' title='bbox 770 3763 954 3819; x_wconf 84' lang='lat' dir='ltr'><strong>haberi</strong></span> <span class='ocrx_word' id='word_1_437' title='bbox 987 3766 1165 3820; x_wconf 90' lang='lat' dir='ltr'><strong>velim.</strong></span> <span class='ocrx_word' id='word_1_438' title='bbox 1196 3764 1437 3838; x_wconf 87' lang='lat' dir='ltr'><strong>Namque</strong></span> <span class='ocrx_word' id='word_1_439' title='bbox 1469 3766 1571 3821; x_wconf 88' lang='lat' dir='ltr'><strong>ista</strong></span> <span class='ocrx_word' id='word_1_440' title='bbox 1606 3767 1652 3822; x_wconf 90' lang='lat' dir='ltr'><strong>si</strong></span> <span class='ocrx_word' id='word_1_441' title='bbox 1680 3767 1922 3837; x_wconf 82' lang='lat' dir='ltr'><strong>reSpuis,</strong></span> <span class='ocrx_word' id='word_1_442' title='bbox 1957 3767 2088 3823; x_wconf 85' lang='lat' dir='ltr'><strong>edo-</strong></span> 
     </span>
    </p>
   </div>
   <div class='ocr_carea' id='block_1_55' title="bbox 483 3860 2084 3933">
    <p class='ocr_par' dir='ltr' id='par_1_55' title="bbox 483 3860 2084 3933">
     <span class='ocr_line' id='line_1_55' title="bbox 483 3860 2084 3933; baseline 0 -17"><span class='ocrx_word' id='word_1_443' title='bbox 483 3873 609 3916; x_wconf 87' lang='lat' dir='ltr'><strong>ceas</strong></span> <span class='ocrx_word' id='word_1_444' title='bbox 639 3873 760 3930; x_wconf 74' lang='lat' dir='ltr'><strong>qua:</strong></span> <span class='ocrx_word' id='word_1_445' title='bbox 782 3860 1077 3916; x_wconf 85' lang='lat' dir='ltr'><strong>substantia</strong></span> <span class='ocrx_word' id='word_1_446' title='bbox 1109 3863 1177 3916; x_wconf 85' lang='lat' dir='ltr'><strong>sit</strong></span> <span class='ocrx_word' id='word_1_447' title='bbox 1204 3861 1370 3930; x_wconf 89' lang='lat' dir='ltr'><strong>inani,</strong></span> <span class='ocrx_word' id='word_1_448' title='bbox 1401 3862 1526 3933; x_wconf 91' lang='lat' dir='ltr'><strong>quid</strong></span> <span class='ocrx_word' id='word_1_449' title='bbox 1560 3861 1799 3919; x_wconf 86' lang='lat' dir='ltr'><strong>exterius</strong></span> <span class='ocrx_word' id='word_1_450' title='bbox 1843 3861 2084 3928; x_wconf 81' lang='lat' dir='ltr'><strong>infinito,</strong></span> 
     </span>
    </p>
   </div>
   <div class='ocr_carea' id='block_1_56' title="bbox 484 3953 2088 4027">
    <p class='ocr_par' dir='ltr' id='par_1_56' title="bbox 484 3953 2088 4027">
     <span class='ocr_line' id='line_1_56' title="bbox 484 3953 2088 4027; baseline 0.002 -19"><span class='ocrx_word' id='word_1_451' title='bbox 484 3954 607 4025; x_wconf 87' lang='lat' dir='ltr'><strong>quid</strong></span> <span class='ocrx_word' id='word_1_452' title='bbox 639 3964 845 4010; x_wconf 65' lang='lat' dir='ltr'><strong>aeterno</strong></span> <span class='ocrx_word' id='word_1_453' title='bbox 875 3955 1165 4025; x_wconf 88' lang='lat' dir='ltr'><strong>antiquius,</strong></span> <span class='ocrx_word' id='word_1_454' title='bbox 1200 3953 1325 4027; x_wconf 86' lang='lat' dir='ltr'><strong>quid</strong></span> <span class='ocrx_word' id='word_1_455' title='bbox 1361 3964 1472 4011; x_wconf 89' lang='lat' dir='ltr'><strong>loto</strong></span> <span class='ocrx_word' id='word_1_456' title='bbox 1499 3957 1833 4011; x_wconf 81' lang='lat' dir='ltr'><strong>tantumdem</strong></span> <span class='ocrx_word' id='word_1_457' title='bbox 1871 3974 1883 4009; x_wconf 91' lang='lat'>:</span> <span class='ocrx_word' id='word_1_458' title='bbox 1919 3965 1974 4010; x_wconf 91' lang='lat' dir='ltr'><strong>ut</strong></span> <span class='ocrx_word' id='word_1_459' title='bbox 1999 3971 2088 4011; x_wconf 89' lang='lat' dir='ltr'><strong>ca-</strong></span> 
     </span>
    </p>
   </div>
   <div class='ocr_carea' id='block_1_57' title="bbox 465 4045 2085 4120">
    <p class='ocr_par' dir='ltr' id='par_1_57' title="bbox 465 4045 2085 4120">
     <span class='ocr_line' id='line_1_57' title="bbox 465 4045 2085 4120; baseline 0 -18"><span class='ocrx_word' id='word_1_460' title='bbox 465 4047 624 4118; x_wconf 85' lang='lat' dir='ltr'><strong>piam</strong></span> <span class='ocrx_word' id='word_1_461' title='bbox 651 4049 700 4103; x_wconf 90' lang='lat' dir='ltr'><strong>id</strong></span> <span class='ocrx_word' id='word_1_462' title='bbox 732 4063 852 4104; x_wconf 90' lang='lat' dir='ltr'><strong>esse</strong></span> <span class='ocrx_word' id='word_1_463' title='bbox 879 4055 932 4103; x_wconf 90' lang='lat' dir='ltr'><strong>et</strong></span> <span class='ocrx_word' id='word_1_464' title='bbox 965 4063 1021 4104; x_wconf 89' lang='lat' dir='ltr'><strong>re</strong></span> <span class='ocrx_word' id='word_1_465' title='bbox 1053 4047 1259 4116; x_wconf 88' lang='lat' dir='ltr'><strong>haberi,</strong></span> <span class='ocrx_word' id='word_1_466' title='bbox 1285 4059 1338 4104; x_wconf 89' lang='lat' dir='ltr'><strong>et</strong></span> <span class='ocrx_word' id='word_1_467' title='bbox 1360 4049 1492 4104; x_wconf 87' lang='lat' dir='ltr'><strong>duas</strong></span> <span class='ocrx_word' id='word_1_468' title='bbox 1522 4049 1684 4105; x_wconf 90' lang='lat' dir='ltr'><strong>rebus</strong></span> <span class='ocrx_word' id='word_1_469' title='bbox 1714 4045 1953 4120; x_wconf 83' lang='lat' dir='ltr'><strong>origines</strong></span> <span class='ocrx_word' id='word_1_470' title='bbox 1982 4063 2085 4103; x_wconf 93' lang='lat' dir='ltr'><strong>non</strong></span> 
     </span>
    </p>
   </div>
   <div class='ocr_carea' id='block_1_58' title="bbox 485 4140 2086 4213">
    <p class='ocr_par' dir='ltr' id='par_1_58' title="bbox 485 4140 2086 4213">
     <span class='ocr_line' id='line_1_58' title="bbox 485 4140 2086 4213; baseline 0 -18"><span class='ocrx_word' id='word_1_471' title='bbox 485 4140 711 4212; x_wconf 72' lang='lat' dir='ltr'><strong>negabo.</strong></span> <span class='ocrx_word' id='word_1_472' title='bbox 758 4140 882 4196; x_wconf 76' lang='lat' dir='ltr'><strong>ilzec</strong></span> <span class='ocrx_word' id='word_1_473' title='bbox 929 4141 973 4196; x_wconf 91' lang='lat' dir='ltr'><strong>si</strong></span> <span class='ocrx_word' id='word_1_474' title='bbox 1029 4142 1218 4213; x_wconf 87' lang='lat' dir='ltr'><strong>aliquis</strong></span> <span class='ocrx_word' id='word_1_475' title='bbox 1263 4140 1424 4195; x_wconf 89' lang='lat' dir='ltr'><strong>ludus</strong></span> <span class='ocrx_word' id='word_1_476' title='bbox 1456 4141 1747 4213; x_wconf 75' lang='lat' dir='ltr'><strong>eloquitur,</strong></span> <span class='ocrx_word' id='word_1_477' title='bbox 1790 4150 1883 4197; x_wconf 90' lang='lat' dir='ltr'><strong>aut</strong></span> <span class='ocrx_word' id='word_1_478' title='bbox 1924 4141 2086 4198; x_wconf 89' lang='lat' dir='ltr'><strong>Persa</strong></span> 
     </span>
    </p>
   </div>
   <div class='ocr_carea' id='block_1_59' title="bbox 485 4233 2090 4304">
    <p class='ocr_par' dir='ltr' id='par_1_59' title="bbox 485 4233 2090 4304">
     <span class='ocr_line' id='line_1_59' title="bbox 485 4233 2090 4304; baseline 0.001 -16"><span class='ocrx_word' id='word_1_479' title='bbox 485 4244 897 4298; x_wconf 82' lang='lat' dir='ltr'><strong>commemorat,</strong></span> <span class='ocrx_word' id='word_1_480' title='bbox 931 4249 1042 4288; x_wconf 69' lang='lat' dir='ltr'><strong>sua:</strong></span> <span class='ocrx_word' id='word_1_481' title='bbox 1067 4235 1212 4304; x_wconf 88' lang='lat' dir='ltr'><strong>genti</strong></span> <span class='ocrx_word' id='word_1_482' title='bbox 1240 4233 1547 4304; x_wconf 73' lang='lat' dir='ltr'><strong>prtecipint,</strong></span> <span class='ocrx_word' id='word_1_483' title='bbox 1589 4251 1688 4289; x_wconf 91' lang='lat' dir='ltr'><strong>suo</strong></span> <span class='ocrx_word' id='word_1_484' title='bbox 1723 4235 1927 4290; x_wconf 87' lang='lat' dir='ltr'><strong>cardini</strong></span> <span class='ocrx_word' id='word_1_485' title='bbox 1959 4249 2090 4290; x_wconf 85' lang='lat' dir='ltr'><strong>eon—</strong></span> 
     </span>
    </p>
   </div>
   <div class='ocr_carea' id='block_1_60' title="bbox 485 4325 2091 4398">
    <p class='ocr_par' dir='ltr' id='par_1_60' title="bbox 485 4325 2091 4398">
     <span class='ocr_line' id='line_1_60' title="bbox 485 4325 2091 4398; baseline 0.001 -18"><span class='ocrx_word' id='word_1_486' title='bbox 485 4335 750 4382; x_wconf 87' lang='lat' dir='ltr'><strong>senescat.</strong></span> <span class='ocrx_word' id='word_1_487' title='bbox 797 4325 892 4381; x_wconf 80' lang='grc' dir='ltr'>Εει</span> <span class='ocrx_word' id='word_1_488' title='bbox 921 4326 1065 4382; x_wconf 87' lang='lat' dir='ltr'><strong>enim</strong></span> <span class='ocrx_word' id='word_1_489' title='bbox 1096 4327 1205 4381; x_wconf 89' lang='lat' dir='ltr'><strong>illic</strong></span> <span class='ocrx_word' id='word_1_490' title='bbox 1247 4327 1404 4383; x_wconf 89' lang='lat' dir='ltr'><strong>aliter</strong></span> <span class='ocrx_word' id='word_1_491' title='bbox 1433 4325 1612 4382; x_wconf 89' lang='lat' dir='ltr'><strong>divina</strong></span> <span class='ocrx_word' id='word_1_492' title='bbox 1649 4337 1861 4398; x_wconf 77' lang='lat' dir='ltr'><strong>Sapere,</strong></span> <span class='ocrx_word' id='word_1_493' title='bbox 1897 4327 2091 4398; x_wconf 88' lang='lat' dir='ltr'><strong>quibus</strong></span> 
     </span>
    </p>
   </div>
   <div class='ocr_carea' id='block_1_61' title="bbox 486 4420 2094 4490">
    <p class='ocr_par' dir='ltr' id='par_1_61' title="bbox 486 4420 2094 4490">
     <span class='ocr_line' id='line_1_61' title="bbox 486 4420 2094 4490; baseline 0.002 -17"><span class='ocrx_word' id='word_1_494' title='bbox 486 4428 568 4473; x_wconf 89' lang='lat' dir='ltr'><strong>est</strong></span> <span class='ocrx_word' id='word_1_495' title='bbox 615 4421 770 4474; x_wconf 88' lang='lat' dir='ltr'><strong>aliter</strong></span> <span class='ocrx_word' id='word_1_496' title='bbox 817 4421 890 4474; x_wconf 88' lang='lat' dir='ltr'><strong>uti</strong></span> <span class='ocrx_word' id='word_1_497' title='bbox 928 4420 1069 4490; x_wconf 89' lang='lat' dir='ltr'><strong>jure.</strong></span> <span class='ocrx_word' id='word_1_498' title='bbox 1101 4420 1332 4475; x_wconf 89' lang='lat' dir='ltr'><strong>Tametsi</strong></span> <span class='ocrx_word' id='word_1_499' title='bbox 1365 4431 1551 4476; x_wconf 89' lang='lat' dir='ltr'><strong>natura</strong></span> <span class='ocrx_word' id='word_1_500' title='bbox 1590 4421 1834 4475; x_wconf 89' lang='lat' dir='ltr'><strong>homines</strong></span> <span class='ocrx_word' id='word_1_501' title='bbox 1864 4421 1990 4487; x_wconf 89' lang='lat' dir='ltr'><strong>sint,</strong></span> <span class='ocrx_word' id='word_1_502' title='bbox 2016 4431 2094 4476; x_wconf 89' lang='lat' dir='ltr'><strong>ta-</strong></span> 
     </span>
    </p>
   </div>
   <div class='ocr_carea' id='block_1_62' title="bbox 488 4513 2089 4584">
    <p class='ocr_par' dir='ltr' id='par_1_62' title="bbox 488 4513 2089 4584">
     <span class='ocr_line' id='line_1_62' title="bbox 488 4513 2089 4584; baseline 0.003 -19"><span class='ocrx_word' id='word_1_503' title='bbox 488 4525 612 4566; x_wconf 87' lang='lat' dir='ltr'><strong>men</strong></span> <span class='ocrx_word' id='word_1_504' title='bbox 641 4523 697 4568; x_wconf 90' lang='lat' dir='ltr'><strong>ut</strong></span> <span class='ocrx_word' id='word_1_505' title='bbox 724 4523 1045 4584; x_wconf 81' lang='lat' dir='ltr'><strong>separantur</strong></span> <span class='ocrx_word' id='word_1_506' title='bbox 1067 4528 1341 4581; x_wconf 81' lang='lat' dir='ltr'><strong>sermone,</strong></span> <span class='ocrx_word' id='word_1_507' title='bbox 1376 4515 1485 4570; x_wconf 92' lang='lat' dir='ltr'><strong>sint</strong></span> <span class='ocrx_word' id='word_1_508' title='bbox 1514 4524 1569 4571; x_wconf 90' lang='lat' dir='ltr'><strong>et</strong></span> <span class='ocrx_word' id='word_1_509' title='bbox 1599 4515 1810 4571; x_wconf 85' lang='lat' dir='ltr'><strong>ratiOne</strong></span> <span class='ocrx_word' id='word_1_510' title='bbox 1839 4513 2089 4584; x_wconf 85' lang='lat' dir='ltr'><strong>discreti,</strong></span> 
     </span>
    </p>
   </div>
   <div class='ocr_carea' id='block_1_63' title="bbox 2180 1881 3771 1954">
    <p class='ocr_par' dir='ltr' id='par_1_63' title="bbox 2180 1881 3771 1954">
     <span class='ocr_line' id='line_1_63' title="bbox 2180 1881 3771 1954; baseline 0.002 -18"><span class='ocrx_word' id='word_1_511' title='bbox 2180 1881 2395 1938; x_wconf 86' lang='lat' dir='ltr'><strong>finietur</strong></span> <span class='ocrx_word' id='word_1_512' title='bbox 2418 1893 2472 1939; x_wconf 91' lang='lat' dir='ltr'><strong>et</strong></span> <span class='ocrx_word' id='word_1_513' title='bbox 2519 1899 2624 1938; x_wconf 92' lang='lat' dir='ltr'><strong>non</strong></span> <span class='ocrx_word' id='word_1_514' title='bbox 2649 1883 2772 1949; x_wconf 91' lang='lat' dir='ltr'><strong>erit,</strong></span> <span class='ocrx_word' id='word_1_515' title='bbox 2799 1892 2892 1938; x_wconf 90' lang='lat' dir='ltr'><strong>aut</strong></span> <span class='ocrx_word' id='word_1_516' title='bbox 2915 1882 3026 1954; x_wconf 83' lang='lat' dir='ltr'><strong>jam</strong></span> <span class='ocrx_word' id='word_1_517' title='bbox 3063 1882 3271 1939; x_wconf 89' lang='lat' dir='ltr'><strong>finitum</strong></span> <span class='ocrx_word' id='word_1_518' title='bbox 3317 1891 3420 1938; x_wconf 83' lang='lat' dir='ltr'><strong>est.</strong></span> <span class='ocrx_word' id='word_1_519' title='bbox 3451 1881 3651 1949; x_wconf 80' lang='lat' dir='ltr'><strong>Evasi,</strong></span> <span class='ocrx_word' id='word_1_520' title='bbox 3693 1897 3771 1940; x_wconf 86' lang='lat' dir='ltr'><strong>re-</strong></span> 
     </span>
    </p>
   </div>
   <div class='ocr_carea' id='block_1_64' title="bbox 2179 1975 3766 2048">
    <p class='ocr_par' dir='ltr' id='par_1_64' title="bbox 2179 1975 3766 2048">
     <span class='ocr_line' id='line_1_64' title="bbox 2179 1975 3766 2048; baseline 0.001 -19"><span class='ocrx_word' id='word_1_521' title='bbox 2179 1975 2327 2046; x_wconf 91' lang='lat' dir='ltr'><strong>spiro</strong></span> <span class='ocrx_word' id='word_1_522' title='bbox 2353 1995 2367 2030; x_wconf 82' lang='lat'><strong>:</strong></span> <span class='ocrx_word' id='word_1_523' title='bbox 2400 1991 2508 2032; x_wconf 91' lang='lat' dir='ltr'><strong>non</strong></span> <span class='ocrx_word' id='word_1_524' title='bbox 2529 1984 2611 2032; x_wconf 88' lang='lat' dir='ltr'><strong>est</strong></span> <span class='ocrx_word' id='word_1_525' title='bbox 2640 1977 2780 2032; x_wconf 89' lang='lat' dir='ltr'><strong>alter</strong></span> <span class='ocrx_word' id='word_1_526' title='bbox 2805 1977 2895 2048; x_wconf 90' lang='lat' dir='ltr'><strong>qui</strong></span> <span class='ocrx_word' id='word_1_527' title='bbox 2929 1990 3080 2032; x_wconf 90' lang='lat' dir='ltr'><strong>meus</strong></span> <span class='ocrx_word' id='word_1_528' title='bbox 3110 1975 3280 2033; x_wconf 89' lang='lat' dir='ltr'><strong>factor</strong></span> <span class='ocrx_word' id='word_1_529' title='bbox 3306 1975 3536 2045; x_wconf 86' lang='lat' dir='ltr'><strong>dicatur,</strong></span> <span class='ocrx_word' id='word_1_530' title='bbox 3593 1986 3681 2032; x_wconf 85' lang='lat' dir='ltr'><strong>aut</strong></span> <span class='ocrx_word' id='word_1_531' title='bbox 3728 1977 3766 2031; x_wconf 92' lang='lat' dir='ltr'><strong>si</strong></span> 
     </span>
    </p>
   </div>
   <div class='ocr_carea' id='block_1_65' title="bbox 2177 2069 3777 2142">
    <p class='ocr_par' dir='ltr' id='par_1_65' title="bbox 2177 2069 3777 2142">
     <span class='ocr_line' id='line_1_65' title="bbox 2177 2069 3777 2142; baseline 0 -18"><span class='ocrx_word' id='word_1_532' title='bbox 2177 2069 2354 2126; x_wconf 89' lang='lat' dir='ltr'><strong>adhuc</strong></span> <span class='ocrx_word' id='word_1_533' title='bbox 2381 2070 2577 2140; x_wconf 88' lang='lat' dir='ltr'><strong>periret</strong></span> <span class='ocrx_word' id='word_1_534' title='bbox 2600 2079 2655 2126; x_wconf 92' lang='lat' dir='ltr'><strong>et</strong></span> <span class='ocrx_word' id='word_1_535' title='bbox 2682 2079 2878 2135; x_wconf 85' lang='lat' dir='ltr'><strong>manet,</strong></span> <span class='ocrx_word' id='word_1_536' title='bbox 2909 2071 2965 2125; x_wconf 92' lang='lat' dir='ltr'><strong>iu</strong></span> <span class='ocrx_word' id='word_1_537' title='bbox 2993 2070 3106 2126; x_wconf 86' lang='lat' dir='ltr'><strong>suis</strong></span> <span class='ocrx_word' id='word_1_538' title='bbox 3134 2070 3338 2125; x_wconf 84' lang='lat' dir='ltr'><strong>habitat</strong></span> <span class='ocrx_word' id='word_1_539' title='bbox 3361 2071 3568 2142; x_wconf 81' lang='lat' dir='ltr'><strong>regnis,</strong></span> <span class='ocrx_word' id='word_1_540' title='bbox 3595 2078 3651 2125; x_wconf 86' lang='lat' dir='ltr'><strong>et</strong></span> <span class='ocrx_word' id='word_1_541' title='bbox 3673 2069 3777 2140; x_wconf 80' lang='lat' dir='ltr'><strong>ipse</strong></span> 
     </span>
    </p>
   </div>
   <div class='ocr_carea' id='block_1_66' title="bbox 2179 2161 3774 2234">
    <p class='ocr_par' dir='ltr' id='par_1_66' title="bbox 2179 2161 3774 2234">
     <span class='ocr_line' id='line_1_66' title="bbox 2179 2161 3774 2234; baseline -0.001 -16"><span class='ocrx_word' id='word_1_542' title='bbox 2179 2178 2330 2219; x_wconf 91' lang='lat' dir='ltr'><strong>meus</strong></span> <span class='ocrx_word' id='word_1_543' title='bbox 2359 2164 2409 2218; x_wconf 91' lang='lat' dir='ltr'><strong>in</strong></span> <span class='ocrx_word' id='word_1_544' title='bbox 2443 2164 2545 2219; x_wconf 88' lang='lat' dir='ltr'><strong>hoc</strong></span> <span class='ocrx_word' id='word_1_545' title='bbox 2579 2163 2779 2219; x_wconf 90' lang='lat' dir='ltr'><strong>mundo</strong></span> <span class='ocrx_word' id='word_1_546' title='bbox 2807 2177 2912 2219; x_wconf 91' lang='lat' dir='ltr'><strong>non</strong></span> <span class='ocrx_word' id='word_1_547' title='bbox 2942 2164 3044 2218; x_wconf 90' lang='lat' dir='ltr'><strong>erit</strong></span> <span class='ocrx_word' id='word_1_548' title='bbox 3074 2161 3245 2218; x_wconf 78' lang='lat' dir='ltr'><strong>factor</strong></span> <span class='ocrx_word' id='word_1_549' title='bbox 3297 2179 3312 2218; x_wconf 88' lang='lat'><strong>:</strong></span> <span class='ocrx_word' id='word_1_550' title='bbox 3344 2162 3498 2234; x_wconf 85' lang='lat' dir='ltr'><strong>isque</strong></span> <span class='ocrx_word' id='word_1_551' title='bbox 3530 2161 3662 2218; x_wconf 86' lang='lat' dir='ltr'><strong>mihi</strong></span> <span class='ocrx_word' id='word_1_552' title='bbox 3699 2169 3774 2218; x_wconf 77' lang='lat' dir='ltr'><strong>est</strong></span> 
     </span>
    </p>
   </div>
   <div class='ocr_carea' id='block_1_67' title="bbox 2177 2256 3773 2329">
    <p class='ocr_par' dir='ltr' id='par_1_67' title="bbox 2177 2256 3773 2329">
     <span class='ocr_line' id='line_1_67' title="bbox 2177 2256 3773 2329; baseline -0.001 -18"><span class='ocrx_word' id='word_1_553' title='bbox 2177 2256 2444 2323; x_wconf 90' lang='lat' dir='ltr'><strong>conditor,</strong></span> <span class='ocrx_word' id='word_1_554' title='bbox 2478 2257 2566 2328; x_wconf 92' lang='lat' dir='ltr'><strong>qui</strong></span> <span class='ocrx_word' id='word_1_555' title='bbox 2595 2266 2649 2313; x_wconf 92' lang='lat' dir='ltr'><strong>et</strong></span> <span class='ocrx_word' id='word_1_556' title='bbox 2668 2257 2843 2326; x_wconf 83' lang='lat' dir='ltr'><strong>opifex</strong></span> <span class='ocrx_word' id='word_1_557' title='bbox 2867 2256 3067 2314; x_wconf 90' lang='lat' dir='ltr'><strong>mundo</strong></span> <span class='ocrx_word' id='word_1_558' title='bbox 3091 2273 3103 2310; x_wconf 93' lang='lat'><strong>:</strong></span> <span class='ocrx_word' id='word_1_559' title='bbox 3131 2273 3161 2312; x_wconf 72' lang='grc' dir='ltr'><strong>ε</strong></span> <span class='ocrx_word' id='word_1_560' title='bbox 3183 2271 3289 2328; x_wconf 91' lang='lat' dir='ltr'><strong>quo</strong></span> <span class='ocrx_word' id='word_1_561' title='bbox 3310 2266 3457 2313; x_wconf 83' lang='lat' dir='ltr'><strong>easta</strong></span> <span class='ocrx_word' id='word_1_562' title='bbox 3483 2257 3773 2329; x_wconf 71' lang='lat' dir='ltr'><strong>virginitas,</strong></span> 
     </span>
    </p>
   </div>
   <div class='ocr_carea' id='block_1_68' title="bbox 2175 2349 3779 2421">
    <p class='ocr_par' dir='ltr' id='par_1_68' title="bbox 2175 2349 3779 2421">
     <span class='ocr_line' id='line_1_68' title="bbox 2175 2349 3779 2421; baseline -0.001 -18"><span class='ocrx_word' id='word_1_563' title='bbox 2175 2350 2443 2421; x_wconf 84' lang='lat' dir='ltr'><strong>gloriosus</strong></span> <span class='ocrx_word' id='word_1_564' title='bbox 2491 2351 2726 2407; x_wconf 82' lang='lat' dir='ltr'><strong>siderum</strong></span> <span class='ocrx_word' id='word_1_565' title='bbox 2759 2349 2978 2415; x_wconf 89' lang='lat' dir='ltr'><strong>chorus,</strong></span> <span class='ocrx_word' id='word_1_566' title='bbox 3029 2350 3109 2406; x_wconf 89' lang='lat' dir='ltr'><strong>sol</strong></span> <span class='ocrx_word' id='word_1_567' title='bbox 3156 2351 3447 2421; x_wconf 69' lang='lat' dir='ltr'><strong>praeclarus</strong></span> <span class='ocrx_word' id='word_1_568' title='bbox 3486 2352 3630 2407; x_wconf 66' lang='lat' dir='ltr'><strong>coelo</strong></span> <span class='ocrx_word' id='word_1_569' title='bbox 3666 2354 3779 2405; x_wconf 88' lang='lat' dir='ltr'><strong>sunt</strong></span> 
     </span>
    </p>
   </div>
   <div class='ocr_carea' id='block_1_69' title="bbox 2178 2444 3781 2515">
    <p class='ocr_par' dir='ltr' id='par_1_69' title="bbox 2178 2444 3781 2515">
     <span class='ocr_line' id='line_1_69' title="bbox 2178 2444 3781 2515; baseline -0.001 -15"><span class='ocrx_word' id='word_1_570' title='bbox 2178 2445 2485 2508; x_wconf 80' lang='lat' dir='ltr'><strong>constituta,</strong></span> <span class='ocrx_word' id='word_1_571' title='bbox 2540 2456 2628 2500; x_wconf 85' lang='lat' dir='ltr'><strong>aut</strong></span> <span class='ocrx_word' id='word_1_572' title='bbox 2659 2445 2929 2515; x_wconf 86' lang='lat' dir='ltr'><strong>supernis,</strong></span> <span class='ocrx_word' id='word_1_573' title='bbox 2962 2455 3020 2498; x_wconf 89' lang='lat' dir='ltr'><strong>ut</strong></span> <span class='ocrx_word' id='word_1_574' title='bbox 3047 2444 3189 2500; x_wconf 80' lang='lat' dir='ltr'><strong>uisse</strong></span> <span class='ocrx_word' id='word_1_575' title='bbox 3219 2446 3384 2508; x_wconf 85' lang='lat' dir='ltr'><strong>soles,</strong></span> <span class='ocrx_word' id='word_1_576' title='bbox 3419 2445 3647 2501; x_wconf 82' lang='lat' dir='ltr'><strong>navibus</strong></span> <span class='ocrx_word' id='word_1_577' title='bbox 3677 2444 3781 2500; x_wconf 64' lang='lat' dir='ltr'><strong>colo</strong></span> 
     </span>
    </p>
   </div>
   <div class='ocr_carea' id='block_1_70' title="bbox 2177 2539 3779 2611">
    <p class='ocr_par' dir='ltr' id='par_1_70' title="bbox 2177 2539 3779 2611">
     <span class='ocr_line' id='line_1_70' title="bbox 2177 2539 3779 2611; baseline -0.001 -16"><span class='ocrx_word' id='word_1_578' title='bbox 2177 2539 2372 2595; x_wconf 88' lang='lat' dir='ltr'><strong>locata.</strong></span> <span class='ocrx_word' id='word_1_579' title='bbox 2418 2539 2598 2610; x_wconf 85' lang='lat' dir='ltr'><strong>Itaque</strong></span> <span class='ocrx_word' id='word_1_580' title='bbox 2623 2540 2954 2595; x_wconf 76' lang='lat' dir='ltr'><strong>exsultemus</strong></span> <span class='ocrx_word' id='word_1_581' title='bbox 2985 2549 3230 2606; x_wconf 79' lang='lat' dir='ltr'><strong>ovantes,</strong></span> <span class='ocrx_word' id='word_1_582' title='bbox 3256 2539 3366 2609; x_wconf 77' lang='lat' dir='ltr'><strong>jam</strong></span> <span class='ocrx_word' id='word_1_583' title='bbox 3391 2552 3498 2595; x_wconf 88' lang='lat' dir='ltr'><strong>non</strong></span> <span class='ocrx_word' id='word_1_584' title='bbox 3549 2539 3779 2611; x_wconf 86' lang='lat' dir='ltr'><strong>peritura</strong></span> 
     </span>
    </p>
   </div>
   <div class='ocr_carea' id='block_1_71' title="bbox 2177 2631 3782 2704">
    <p class='ocr_par' dir='ltr' id='par_1_71' title="bbox 2177 2631 3782 2704">
     <span class='ocr_line' id='line_1_71' title="bbox 2177 2631 3782 2704; baseline -0.002 -14"><span class='ocrx_word' id='word_1_585' title='bbox 2177 2645 2305 2690; x_wconf 84' lang='lat' dir='ltr'><strong>Caro</strong></span> <span class='ocrx_word' id='word_1_586' title='bbox 2325 2631 2614 2704; x_wconf 88' lang='lat' dir='ltr'><strong>gratulare.</strong></span> <span class='ocrx_word' id='word_1_587' title='bbox 2649 2634 2693 2688; x_wconf 81' lang='grc' dir='ltr'><strong>Α</strong></span> <span class='ocrx_word' id='word_1_588' title='bbox 2721 2641 2817 2689; x_wconf 91' lang='lat' dir='ltr'><strong>tuo</strong></span> <span class='ocrx_word' id='word_1_589' title='bbox 2848 2635 2991 2688; x_wconf 91' lang='lat' dir='ltr'><strong>enim</strong></span> <span class='ocrx_word' id='word_1_590' title='bbox 3017 2632 3234 2689; x_wconf 88' lang='lat' dir='ltr'><strong>Christo</strong></span> <span class='ocrx_word' id='word_1_591' title='bbox 3262 2649 3322 2689; x_wconf 85' lang='lat' dir='ltr'><strong>es</strong></span> <span class='ocrx_word' id='word_1_592' title='bbox 3352 2633 3648 2700; x_wconf 78' lang='lat' dir='ltr'><strong>salvatore,</strong></span> <span class='ocrx_word' id='word_1_593' title='bbox 3677 2631 3782 2687; x_wconf 76' lang='lat' dir='ltr'><strong>sive</strong></span> 
     </span>
    </p>
   </div>
   <div class='ocr_carea' id='block_1_72' title="bbox 2179 2723 3782 2801">
    <p class='ocr_par' dir='ltr' id='par_1_72' title="bbox 2179 2723 3782 2801">
     <span class='ocr_line' id='line_1_72' title="bbox 2179 2723 3782 2801; baseline -0.002 -19"><span class='ocrx_word' id='word_1_594' title='bbox 2179 2737 2304 2783; x_wconf 78' lang='lat' dir='ltr'><strong>com</strong></span> <span class='ocrx_word' id='word_1_595' title='bbox 2337 2727 2388 2780; x_wconf 90' lang='lat' dir='ltr'><strong>iu</strong></span> <span class='ocrx_word' id='word_1_596' title='bbox 2423 2725 2593 2781; x_wconf 79' lang='lat' dir='ltr'><strong>Adam</strong></span> <span class='ocrx_word' id='word_1_597' title='bbox 2628 2739 2686 2781; x_wconf 87' lang='lat' dir='ltr'><strong>es</strong></span> <span class='ocrx_word' id='word_1_598' title='bbox 2715 2735 2768 2781; x_wconf 92' lang='lat' dir='ltr'><strong>et</strong></span> <span class='ocrx_word' id='word_1_599' title='bbox 2811 2723 3124 2801; x_wconf 80' lang='lat' dir='ltr'><strong>Maria,scu</strong></span> <span class='ocrx_word' id='word_1_600' title='bbox 3151 2740 3273 2780; x_wconf 88' lang='lat' dir='ltr'><strong>cum</strong></span> <span class='ocrx_word' id='word_1_601' title='bbox 3313 2727 3366 2780; x_wconf 92' lang='lat' dir='ltr'><strong>in</strong></span> <span class='ocrx_word' id='word_1_602' title='bbox 3419 2724 3782 2797; x_wconf 80' lang='lat' dir='ltr'><strong>superioribus</strong></span> 
     </span>
    </p>
   </div>
   <div class='ocr_carea' id='block_1_73' title="bbox 2179 2819 3782 2891">
    <p class='ocr_par' dir='ltr' id='par_1_73' title="bbox 2179 2819 3782 2891">
     <span class='ocr_line' id='line_1_73' title="bbox 2179 2819 3782 2891; baseline -0.001 -15"><span class='ocrx_word' id='word_1_603' title='bbox 2179 2827 2391 2891; x_wconf 87' lang='lat' dir='ltr'><strong>sumpta</strong></span> <span class='ocrx_word' id='word_1_604' title='bbox 2434 2833 2564 2875; x_wconf 90' lang='lat' dir='ltr'><strong>vasa</strong></span> <span class='ocrx_word' id='word_1_605' title='bbox 2595 2819 2785 2876; x_wconf 78' lang='lat' dir='ltr'><strong>aeterni</strong></span> <span class='ocrx_word' id='word_1_606' title='bbox 2812 2835 2933 2876; x_wconf 89' lang='lat' dir='ltr'><strong>esse</strong></span> <span class='ocrx_word' id='word_1_607' title='bbox 2960 2821 3222 2876; x_wconf 84' lang='lat' dir='ltr'><strong>meruisti.</strong></span> <span class='ocrx_word' id='word_1_608' title='bbox 3252 2819 3368 2876; x_wconf 82' lang='lat' dir='ltr'><strong>Jam</strong></span> <span class='ocrx_word' id='word_1_609' title='bbox 3399 2833 3505 2876; x_wconf 93' lang='lat' dir='ltr'><strong>non</strong></span> <span class='ocrx_word' id='word_1_610' title='bbox 3541 2835 3639 2891; x_wconf 87' lang='lat' dir='ltr'><strong>spe</strong></span> <span class='ocrx_word' id='word_1_611' title='bbox 3669 2831 3782 2890; x_wconf 68' lang='grc' dir='ltr'>ιιι-οι</span> 
     </span>
    </p>
   </div>
   <div class='ocr_carea' id='block_1_74' title="bbox 2178 2913 3781 2983">
    <p class='ocr_par' dir='ltr' id='par_1_74' title="bbox 2178 2913 3781 2983">
     <span class='ocr_line' id='line_1_74' title="bbox 2178 2913 3781 2983; baseline -0.001 -13"><span class='ocrx_word' id='word_1_612' title='bbox 2178 2914 2454 2971; x_wconf 87' lang='lat' dir='ltr'><strong>missionis</strong></span> <span class='ocrx_word' id='word_1_613' title='bbox 2502 2913 2765 2982; x_wconf 89' lang='lat' dir='ltr'><strong>desolata,</strong></span> <span class='ocrx_word' id='word_1_614' title='bbox 2821 2914 2944 2970; x_wconf 89' lang='lat' dir='ltr'><strong>imis</strong></span> <span class='ocrx_word' id='word_1_615' title='bbox 2978 2915 3220 2983; x_wconf 85' lang='lat' dir='ltr'><strong>detrusa,</strong></span> <span class='ocrx_word' id='word_1_616' title='bbox 3254 2915 3446 2972; x_wconf 83' lang='lat' dir='ltr'><strong>defluis</strong></span> <span class='ocrx_word' id='word_1_617' title='bbox 3494 2928 3781 2972; x_wconf 85' lang='lat' dir='ltr'><strong>consenes-</strong></span> 
     </span>
    </p>
   </div>
   <div class='ocr_carea' id='block_1_75' title="bbox 2179 3009 3778 3083">
    <p class='ocr_par' dir='ltr' id='par_1_75' title="bbox 2179 3009 3778 3083">
     <span class='ocr_line' id='line_1_75' title="bbox 2179 3009 3778 3083; baseline -0.001 -16"><span class='ocrx_word' id='word_1_618' title='bbox 2179 3025 2306 3067; x_wconf 86' lang='lat' dir='ltr'><strong>cens</strong></span> <span class='ocrx_word' id='word_1_619' title='bbox 2349 3025 2363 3064; x_wconf 90' lang='lat'><strong>:</strong></span> <span class='ocrx_word' id='word_1_620' title='bbox 2401 3009 2513 3082; x_wconf 89' lang='lat' dir='ltr'><strong>jam</strong></span> <span class='ocrx_word' id='word_1_621' title='bbox 2569 3010 2745 3067; x_wconf 87' lang='lat' dir='ltr'><strong>crucis</strong></span> <span class='ocrx_word' id='word_1_622' title='bbox 2798 3013 2971 3083; x_wconf 89' lang='lat' dir='ltr'><strong>pretio</strong></span> <span class='ocrx_word' id='word_1_623' title='bbox 3023 3013 3308 3081; x_wconf 86' lang='lat' dir='ltr'><strong>restituta,</strong></span> <span class='ocrx_word' id='word_1_624' title='bbox 3363 3009 3778 3069; x_wconf 83' lang='lat' dir='ltr'><strong>immortalitatis</strong></span> 
     </span>
    </p>
   </div>
   <div class='ocr_carea' id='block_1_76' title="bbox 2179 3105 2645 3179">
    <p class='ocr_par' dir='ltr' id='par_1_76' title="bbox 2179 3105 2645 3179">
     <span class='ocr_line' id='line_1_76' title="bbox 2179 3105 2645 3179; baseline -0.002 -17"><span class='ocrx_word' id='word_1_625' title='bbox 2179 3105 2348 3179; x_wconf 85' lang='lat' dir='ltr'><strong>gloria</strong></span> <span class='ocrx_word' id='word_1_626' title='bbox 2379 3106 2645 3163; x_wconf 87' lang='lat' dir='ltr'><strong>vestieris.</strong></span> 
     </span>
    </p>
   </div>
   <div class='ocr_carea' id='block_1_77' title="bbox 2260 3197 3784 3273">
    <p class='ocr_par' dir='ltr' id='par_1_77' title="bbox 2260 3197 3784 3273">
     <span class='ocr_line' id='line_1_77' title="bbox 2260 3197 3784 3273; baseline 0 -18"><span class='ocrx_word' id='word_1_627' title='bbox 2260 3199 2351 3256; x_wconf 79' lang='lat' dir='ltr'><strong>ix.</strong></span> <span class='ocrx_word' id='word_1_628' title='bbox 2394 3197 2463 3255; x_wconf 86' lang='lat' dir='ltr'><strong>Et</strong></span> <span class='ocrx_word' id='word_1_629' title='bbox 2496 3199 2596 3256; x_wconf 90' lang='lat' dir='ltr'><strong>hoc</strong></span> <span class='ocrx_word' id='word_1_630' title='bbox 2615 3199 2836 3272; x_wconf 83' lang='lat' dir='ltr'><strong>dignum</strong></span> <span class='ocrx_word' id='word_1_631' title='bbox 2881 3207 2962 3257; x_wconf 88' lang='lat' dir='ltr'><strong>est</strong></span> <span class='ocrx_word' id='word_1_632' title='bbox 2990 3215 3074 3264; x_wconf 84' lang='lat' dir='ltr'><strong>ea,</strong></span> <span class='ocrx_word' id='word_1_633' title='bbox 3106 3216 3223 3272; x_wconf 67' lang='lat' dir='ltr'><strong>qua!</strong></span> <span class='ocrx_word' id='word_1_634' title='bbox 3254 3205 3424 3257; x_wconf 82' lang='lat' dir='ltr'><strong>totum</strong></span> <span class='ocrx_word' id='word_1_635' title='bbox 3451 3199 3612 3273; x_wconf 81' lang='lat' dir='ltr'><strong>&#39;quod</strong></span> <span class='ocrx_word' id='word_1_636' title='bbox 3638 3205 3784 3256; x_wconf 64' lang='lat' dir='ltr'><strong>aster-</strong></span> 
     </span>
    </p>
   </div>
   <div class='ocr_carea' id='block_1_78' title="bbox 2186 3291 3784 3364">
    <p class='ocr_par' dir='ltr' id='par_1_78' title="bbox 2186 3291 3784 3364">
     <span class='ocr_line' id='line_1_78' title="bbox 2186 3291 3784 3364; baseline 0 -17"><span class='ocrx_word' id='word_1_637' title='bbox 2186 3292 2446 3348; x_wconf 82' lang='lat' dir='ltr'><strong>nitasest</strong></span> <span class='ocrx_word' id='word_1_638' title='bbox 2491 3301 2546 3348; x_wconf 91' lang='lat' dir='ltr'><strong>et</strong></span> <span class='ocrx_word' id='word_1_639' title='bbox 2576 3292 2898 3349; x_wconf 90' lang='lat' dir='ltr'><strong>immensum</strong></span> <span class='ocrx_word' id='word_1_640' title='bbox 2943 3301 3138 3361; x_wconf 90' lang='lat' dir='ltr'><strong>emeat,</strong></span> <span class='ocrx_word' id='word_1_641' title='bbox 3187 3293 3382 3349; x_wconf 80' lang='lat' dir='ltr'><strong>intrata</strong></span> <span class='ocrx_word' id='word_1_642' title='bbox 3435 3294 3648 3364; x_wconf 80' lang='lat' dir='ltr'><strong>cepisti.</strong></span> <span class='ocrx_word' id='word_1_643' title='bbox 3696 3291 3784 3348; x_wconf 80' lang='lat' dir='ltr'><strong>llic</strong></span> 
     </span>
    </p>
   </div>
   <div class='ocr_carea' id='block_1_79' title="bbox 2186 3385 3786 3459">
    <p class='ocr_par' dir='ltr' id='par_1_79' title="bbox 2186 3385 3786 3459">
     <span class='ocr_line' id='line_1_79' title="bbox 2186 3385 3786 3459; baseline 0.001 -18"><span class='ocrx_word' id='word_1_644' title='bbox 2186 3387 2328 3441; x_wconf 91' lang='lat' dir='ltr'><strong>enim</strong></span> <span class='ocrx_word' id='word_1_645' title='bbox 2355 3385 2464 3457; x_wconf 85' lang='lat' dir='ltr'><strong>jam</strong></span> <span class='ocrx_word' id='word_1_646' title='bbox 2495 3385 2724 3442; x_wconf 88' lang='lat' dir='ltr'><strong>delectat</strong></span> <span class='ocrx_word' id='word_1_647' title='bbox 2753 3386 3043 3459; x_wconf 82' lang='lat' dir='ltr'><strong>Babylonis</strong></span> <span class='ocrx_word' id='word_1_648' title='bbox 3066 3401 3249 3458; x_wconf 86' lang='lat' dir='ltr'><strong>magos</strong></span> <span class='ocrx_word' id='word_1_649' title='bbox 3276 3399 3340 3443; x_wconf 85' lang='lat' dir='ltr'><strong>ac</strong></span> <span class='ocrx_word' id='word_1_650' title='bbox 3363 3385 3786 3459; x_wconf 80' lang='lat' dir='ltr'><strong>Ctesiphonticos</strong></span> 
     </span>
    </p>
   </div>
   <div class='ocr_carea' id='block_1_80' title="bbox 2187 3460 3789 3553">
    <p class='ocr_par' dir='ltr' id='par_1_80' title="bbox 2187 3460 3789 3553">
     <span class='ocr_line' id='line_1_80' title="bbox 2187 3460 3789 3553; baseline 0.001 -19"><span class='ocrx_word' id='word_1_651' title='bbox 2187 3485 2493 3535; x_wconf 89' lang='lat' dir='ltr'><strong>cantatores</strong></span> <span class='ocrx_word' id='word_1_652' title='bbox 2513 3488 2842 3536; x_wconf 90' lang='lat' dir='ltr'><strong>secretorum</strong></span> <span class='ocrx_word' id='word_1_653' title='bbox 2870 3460 3296 3538; x_wconf 82' lang='lat' dir='ltr'><strong>suorumnotare</strong></span> <span class='ocrx_word' id='word_1_654' title='bbox 3325 3482 3603 3553; x_wconf 79' lang='lat' dir='ltr'><strong>mysteriis</strong></span> <span class='ocrx_word' id='word_1_655' title='bbox 3629 3500 3646 3536; x_wconf 66' lang='grc' dir='ltr'><strong>ι</strong></span> <span class='ocrx_word' id='word_1_656' title='bbox 3671 3493 3789 3553; x_wconf 86' lang='lat' dir='ltr'><strong>quo-</strong></span> 
     </span>
    </p>
   </div>
   <div class='ocr_carea' id='block_1_81' title="bbox 2189 3573 3788 3645">
    <p class='ocr_par' dir='ltr' id='par_1_81' title="bbox 2189 3573 3788 3645">
     <span class='ocr_line' id='line_1_81' title="bbox 2189 3573 3788 3645; baseline 0 -16"><span class='ocrx_word' id='word_1_657' title='bbox 2189 3587 2306 3629; x_wconf 92' lang='lat' dir='ltr'><strong>rum</strong></span> <span class='ocrx_word' id='word_1_658' title='bbox 2337 3588 2497 3644; x_wconf 90' lang='lat' dir='ltr'><strong>posse</strong></span> <span class='ocrx_word' id='word_1_659' title='bbox 2526 3581 2611 3629; x_wconf 91' lang='lat' dir='ltr'><strong>est</strong></span> <span class='ocrx_word' id='word_1_660' title='bbox 2639 3573 2862 3629; x_wconf 87' lang='lat' dir='ltr'><strong>carmini</strong></span> <span class='ocrx_word' id='word_1_661' title='bbox 2920 3587 3062 3631; x_wconf 90' lang='lat' dir='ltr'><strong>nunc</strong></span> <span class='ocrx_word' id='word_1_662' title='bbox 3091 3575 3351 3630; x_wconf 84' lang='lat' dir='ltr'><strong>suscitare</strong></span> <span class='ocrx_word' id='word_1_663' title='bbox 3380 3574 3624 3645; x_wconf 85' lang='lat' dir='ltr'><strong>spiritus,</strong></span> <span class='ocrx_word' id='word_1_664' title='bbox 3656 3586 3788 3630; x_wconf 87' lang='lat' dir='ltr'><strong>nunc</strong></span> 
     </span>
    </p>
   </div>
   <div class='ocr_carea' id='block_1_82' title="bbox 2190 3665 3789 3740">
    <p class='ocr_par' dir='ltr' id='par_1_82' title="bbox 2190 3665 3789 3740">
     <span class='ocr_line' id='line_1_82' title="bbox 2190 3665 3789 3740; baseline -0.002 -17"><span class='ocrx_word' id='word_1_665' title='bbox 2190 3683 2404 3726; x_wconf 88' lang='lat' dir='ltr'><strong>vocare.</strong></span> <span class='ocrx_word' id='word_1_666' title='bbox 2433 3665 2622 3724; x_wconf 88' lang='lat' dir='ltr'><strong>Melior</strong></span> <span class='ocrx_word' id='word_1_667' title='bbox 2647 3683 2772 3724; x_wconf 89' lang='lat' dir='ltr'><strong>vero</strong></span> <span class='ocrx_word' id='word_1_668' title='bbox 2791 3677 2895 3733; x_wconf 90' lang='lat' dir='ltr'><strong>est,</strong></span> <span class='ocrx_word' id='word_1_669' title='bbox 2927 3677 2983 3725; x_wconf 88' lang='lat' dir='ltr'><strong>et</strong></span> <span class='ocrx_word' id='word_1_670' title='bbox 3009 3667 3167 3740; x_wconf 88' lang='lat' dir='ltr'><strong>plane</strong></span> <span class='ocrx_word' id='word_1_671' title='bbox 3196 3668 3457 3737; x_wconf 84' lang='lat' dir='ltr'><strong>divinum,</strong></span> <span class='ocrx_word' id='word_1_672' title='bbox 3488 3668 3660 3725; x_wconf 86' lang='lat' dir='ltr'><strong>nostri</strong></span> <span class='ocrx_word' id='word_1_673' title='bbox 3686 3667 3789 3723; x_wconf 79' lang='lat' dir='ltr'><strong>Sal-</strong></span> 
     </span>
    </p>
   </div>
   <div class='ocr_carea' id='block_1_83' title="bbox 2190 3760 3788 3834">
    <p class='ocr_par' dir='ltr' id='par_1_83' title="bbox 2190 3760 3788 3834">
     <span class='ocr_line' id='line_1_83' title="bbox 2190 3760 3788 3834; baseline 0.001 -19"><span class='ocrx_word' id='word_1_674' title='bbox 2190 3763 2391 3819; x_wconf 88' lang='lat' dir='ltr'><strong>vatoris</strong></span> <span class='ocrx_word' id='word_1_675' title='bbox 2445 3775 2662 3818; x_wconf 90' lang='lat' dir='ltr'><strong>carnem</strong></span> <span class='ocrx_word' id='word_1_676' title='bbox 2711 3761 2972 3834; x_wconf 90' lang='lat' dir='ltr'><strong>sepulcris</strong></span> <span class='ocrx_word' id='word_1_677' title='bbox 3023 3764 3268 3820; x_wconf 88' lang='lat' dir='ltr'><strong>obrutam</strong></span> <span class='ocrx_word' id='word_1_678' title='bbox 3321 3764 3636 3820; x_wconf 85' lang='lat' dir='ltr'><strong>suscitasse.</strong></span> <span class='ocrx_word' id='word_1_679' title='bbox 3684 3760 3788 3818; x_wconf 79' lang='lat' dir='ltr'><strong>Non</strong></span> 
     </span>
    </p>
   </div>
   <div class='ocr_carea' id='block_1_84' title="bbox 2192 3855 3792 3930">
    <p class='ocr_par' dir='ltr' id='par_1_84' title="bbox 2192 3855 3792 3930">
     <span class='ocr_line' id='line_1_84' title="bbox 2192 3855 3792 3930; baseline -0.002 -17"><span class='ocrx_word' id='word_1_680' title='bbox 2192 3860 2336 3914; x_wconf 88' lang='lat' dir='ltr'><strong>enim</strong></span> <span class='ocrx_word' id='word_1_681' title='bbox 2379 3859 2601 3929; x_wconf 88' lang='lat' dir='ltr'><strong>ambigit</strong></span> <span class='ocrx_word' id='word_1_682' title='bbox 2643 3858 2906 3930; x_wconf 90' lang='lat' dir='ltr'><strong>quispiam</strong></span> <span class='ocrx_word' id='word_1_683' title='bbox 2952 3868 3222 3914; x_wconf 75' lang='lat' dir='ltr'><strong>morttIum</strong></span> <span class='ocrx_word' id='word_1_684' title='bbox 3254 3855 3420 3914; x_wconf 85' lang='lat' dir='ltr'><strong>fuisse</strong></span> <span class='ocrx_word' id='word_1_685' title='bbox 3450 3857 3596 3929; x_wconf 84' lang='lat' dir='ltr'><strong>quod</strong></span> <span class='ocrx_word' id='word_1_686' title='bbox 3634 3857 3792 3929; x_wconf 84' lang='lat' dir='ltr'><strong>potuit</strong></span> 
     </span>
    </p>
   </div>
   <div class='ocr_carea' id='block_1_85' title="bbox 2192 3950 3793 4024">
    <p class='ocr_par' dir='ltr' id='par_1_85' title="bbox 2192 3950 3793 4024">
     <span class='ocr_line' id='line_1_85' title="bbox 2192 3950 3793 4024; baseline -0.001 -15"><span class='ocrx_word' id='word_1_687' title='bbox 2192 3953 2408 4022; x_wconf 84' lang='lat' dir='ltr'><strong>sepeliri</strong></span> <span class='ocrx_word' id='word_1_688' title='bbox 2436 3972 2446 4007; x_wconf 94' lang='lat'>:</span> <span class='ocrx_word' id='word_1_689' title='bbox 2474 3953 2592 4010; x_wconf 88' lang='lat' dir='ltr'><strong>etsi</strong></span> <span class='ocrx_word' id='word_1_690' title='bbox 2615 3953 2762 4007; x_wconf 84' lang='lat' dir='ltr'><strong>carni</strong></span> <span class='ocrx_word' id='word_1_691' title='bbox 2788 3950 3022 4024; x_wconf 90' lang='lat' dir='ltr'><strong>desuper</strong></span> <span class='ocrx_word' id='word_1_692' title='bbox 3045 3951 3277 4009; x_wconf 89' lang='lat' dir='ltr'><strong>venienti</strong></span> <span class='ocrx_word' id='word_1_693' title='bbox 3301 3952 3644 4008; x_wconf 81' lang='lat' dir='ltr'><strong>vulneratum</strong></span> <span class='ocrx_word' id='word_1_694' title='bbox 3661 3963 3793 4007; x_wconf 86' lang='lat' dir='ltr'><strong>mors</strong></span> 
     </span>
    </p>
   </div>
   <div class='ocr_carea' id='block_1_86' title="bbox 2193 4043 3792 4116">
    <p class='ocr_par' dir='ltr' id='par_1_86' title="bbox 2193 4043 3792 4116">
     <span class='ocr_line' id='line_1_86' title="bbox 2193 4043 3792 4116; baseline -0.001 -15"><span class='ocrx_word' id='word_1_695' title='bbox 2193 4043 2428 4112; x_wconf 72' lang='lat' dir='ltr'><strong>inlursit,</strong></span> <span class='ocrx_word' id='word_1_696' title='bbox 2447 4047 2498 4102; x_wconf 91' lang='lat' dir='ltr'><strong>in</strong></span> <span class='ocrx_word' id='word_1_697' title='bbox 2521 4047 2734 4102; x_wconf 84' lang='lat' dir='ltr'><strong>Christo</strong></span> <span class='ocrx_word' id='word_1_698' title='bbox 2764 4060 2891 4103; x_wconf 90' lang='lat' dir='ltr'><strong>caro</strong></span> <span class='ocrx_word' id='word_1_699' title='bbox 2918 4055 3099 4103; x_wconf 86' lang='lat' dir='ltr'><strong>nostra</strong></span> <span class='ocrx_word' id='word_1_700' title='bbox 3123 4047 3445 4103; x_wconf 74' lang='lat' dir='ltr'><strong>resurrexit.</strong></span> <span class='ocrx_word' id='word_1_701' title='bbox 3465 4045 3607 4116; x_wconf 84' lang='lat' dir='ltr'><strong>Quid</strong></span> <span class='ocrx_word' id='word_1_702' title='bbox 3630 4055 3792 4102; x_wconf 87' lang='lat' dir='ltr'><strong>tamen</strong></span> 
     </span>
    </p>
   </div>
   <div class='ocr_carea' id='block_1_87' title="bbox 2193 4135 3793 4212">
    <p class='ocr_par' dir='ltr' id='par_1_87' title="bbox 2193 4135 3793 4212">
     <span class='ocr_line' id='line_1_87' title="bbox 2193 4135 3793 4212; baseline -0.001 -18"><span class='ocrx_word' id='word_1_703' title='bbox 2193 4155 2370 4195; x_wconf 84' lang='lat' dir='ltr'><strong>causae</strong></span> <span class='ocrx_word' id='word_1_704' title='bbox 2411 4148 2528 4194; x_wconf 89' lang='lat' dir='ltr'><strong>erat</strong></span> <span class='ocrx_word' id='word_1_705' title='bbox 2555 4155 2773 4196; x_wconf 85' lang='lat' dir='ltr'><strong>carnem</strong></span> <span class='ocrx_word' id='word_1_706' title='bbox 2805 4153 3042 4206; x_wconf 86' lang='lat' dir='ltr'><strong>sumere,</strong></span> <span class='ocrx_word' id='word_1_707' title='bbox 3095 4139 3140 4197; x_wconf 89' lang='lat' dir='ltr'><strong>si</strong></span> <span class='ocrx_word' id='word_1_708' title='bbox 3171 4153 3278 4196; x_wconf 90' lang='lat' dir='ltr'><strong>non</strong></span> <span class='ocrx_word' id='word_1_709' title='bbox 3325 4141 3439 4212; x_wconf 89' lang='lat' dir='ltr'><strong>ipsa</strong></span> <span class='ocrx_word' id='word_1_710' title='bbox 3489 4135 3793 4198; x_wconf 80' lang='lat' dir='ltr'><strong>levabatur?</strong></span> 
     </span>
    </p>
   </div>
   <div class='ocr_carea' id='block_1_88' title="bbox 2195 4232 3791 4307">
    <p class='ocr_par' dir='ltr' id='par_1_88' title="bbox 2195 4232 3791 4307">
     <span class='ocr_line' id='line_1_88' title="bbox 2195 4232 3791 4307; baseline -0.001 -17"><span class='ocrx_word' id='word_1_711' title='bbox 2195 4233 2300 4290; x_wconf 89' lang='lat' dir='ltr'><strong>Sed</strong></span> <span class='ocrx_word' id='word_1_712' title='bbox 2324 4233 2368 4290; x_wconf 90' lang='lat' dir='ltr'><strong>si</strong></span> <span class='ocrx_word' id='word_1_713' title='bbox 2397 4232 2500 4289; x_wconf 90' lang='lat' dir='ltr'><strong>alia</strong></span> <span class='ocrx_word' id='word_1_714' title='bbox 2533 4235 2624 4289; x_wconf 90' lang='lat' dir='ltr'><strong>illa</strong></span> <span class='ocrx_word' id='word_1_715' title='bbox 2651 4243 2753 4299; x_wconf 85' lang='lat' dir='ltr'><strong>est,</strong></span> <span class='ocrx_word' id='word_1_716' title='bbox 2784 4233 3031 4290; x_wconf 89' lang='lat' dir='ltr'><strong>mortalis</strong></span> <span class='ocrx_word' id='word_1_717' title='bbox 3052 4241 3199 4290; x_wconf 88' lang='lat' dir='ltr'><strong>certe</strong></span> <span class='ocrx_word' id='word_1_718' title='bbox 3227 4241 3311 4290; x_wconf 87' lang='lat' dir='ltr'><strong>est</strong></span> <span class='ocrx_word' id='word_1_719' title='bbox 3343 4249 3463 4307; x_wconf 75' lang='lat' dir='ltr'><strong>qua:</strong></span> <span class='ocrx_word' id='word_1_720' title='bbox 3490 4235 3679 4306; x_wconf 91' lang='lat' dir='ltr'><strong>recipit</strong></span> <span class='ocrx_word' id='word_1_721' title='bbox 3706 4245 3791 4288; x_wconf 46' lang='lat' dir='ltr'><strong>oce</strong></span> 
     </span>
    </p>
   </div>
   <div class='ocr_carea' id='block_1_89' title="bbox 2193 4325 3794 4396">
    <p class='ocr_par' dir='ltr' id='par_1_89' title="bbox 2193 4325 3794 4396">
     <span class='ocr_line' id='line_1_89' title="bbox 2193 4325 3794 4396; baseline -0.001 -13"><span class='ocrx_word' id='word_1_722' title='bbox 2193 4327 2319 4383; x_wconf 89' lang='lat' dir='ltr'><strong>cidi.</strong></span> <span class='ocrx_word' id='word_1_723' title='bbox 2355 4326 2467 4383; x_wconf 88' lang='lat' dir='ltr'><strong>Hoc</strong></span> <span class='ocrx_word' id='word_1_724' title='bbox 2498 4328 2816 4384; x_wconf 87' lang='lat' dir='ltr'><strong>immensum</strong></span> <span class='ocrx_word' id='word_1_725' title='bbox 2846 4335 2901 4383; x_wconf 88' lang='lat' dir='ltr'><strong>et</strong></span> <span class='ocrx_word' id='word_1_726' title='bbox 2931 4328 3328 4396; x_wconf 66' lang='lat' dir='ltr'><strong>intestimabile,</strong></span> <span class='ocrx_word' id='word_1_727' title='bbox 3372 4327 3612 4386; x_wconf 86' lang='lat' dir='ltr'><strong>hominis</strong></span> <span class='ocrx_word' id='word_1_728' title='bbox 3655 4325 3794 4383; x_wconf 81' lang='lat' dir='ltr'><strong>habi-</strong></span> 
     </span>
    </p>
   </div>
   <div class='ocr_carea' id='block_1_90' title="bbox 2199 4420 3796 4492">
    <p class='ocr_par' dir='ltr' id='par_1_90' title="bbox 2199 4420 3796 4492">
     <span class='ocr_line' id='line_1_90' title="bbox 2199 4420 3796 4492; baseline 0 -16"><span class='ocrx_word' id='word_1_729' title='bbox 2199 4431 2344 4478; x_wconf 85' lang='lat' dir='ltr'><strong>tasse</strong></span> <span class='ocrx_word' id='word_1_730' title='bbox 2377 4424 2653 4480; x_wconf 90' lang='lat' dir='ltr'><strong>membris.</strong></span> <span class='ocrx_word' id='word_1_731' title='bbox 2683 4423 2792 4479; x_wconf 80' lang='lat' dir='ltr'><strong>Nisi</strong></span> <span class='ocrx_word' id='word_1_732' title='bbox 2820 4423 2888 4479; x_wconf 92' lang='lat' dir='ltr'><strong>ab</strong></span> <span class='ocrx_word' id='word_1_733' title='bbox 2917 4433 3120 4480; x_wconf 84' lang='lat' dir='ltr'><strong>aeterno</strong></span> <span class='ocrx_word' id='word_1_734' title='bbox 3141 4433 3304 4492; x_wconf 89' lang='lat' dir='ltr'><strong>esset,</strong></span> <span class='ocrx_word' id='word_1_735' title='bbox 3335 4440 3442 4480; x_wconf 91' lang='lat' dir='ltr'><strong>non</strong></span> <span class='ocrx_word' id='word_1_736' title='bbox 3463 4435 3610 4481; x_wconf 90' lang='lat' dir='ltr'><strong>esset</strong></span> <span class='ocrx_word' id='word_1_737' title='bbox 3637 4420 3796 4480; x_wconf 46' lang='lat' dir='ltr'><strong>omnis</strong></span> 
     </span>
    </p>
   </div>
   <div class='ocr_carea' id='block_1_91' title="bbox 2196 4515 3795 4589">
    <p class='ocr_par' dir='ltr' id='par_1_91' title="bbox 2196 4515 3795 4589">
     <span class='ocr_line' id='line_1_91' title="bbox 2196 4515 3795 4589; baseline 0.003 -24"><span class='ocrx_word' id='word_1_738' title='bbox 2196 4523 2390 4586; x_wconf 84' lang='lat' dir='ltr'><strong>potens</strong></span> <span class='ocrx_word' id='word_1_739' title='bbox 2424 4533 2437 4569; x_wconf 87' lang='lat'><strong>:</strong></span> <span class='ocrx_word' id='word_1_740' title='bbox 2471 4515 2572 4571; x_wconf 87' lang='lat' dir='ltr'><strong>hoc</strong></span> <span class='ocrx_word' id='word_1_741' title='bbox 2617 4517 2806 4572; x_wconf 91' lang='lat' dir='ltr'><strong>eodem</strong></span> <span class='ocrx_word' id='word_1_742' title='bbox 2848 4516 2900 4571; x_wconf 91' lang='lat' dir='ltr'><strong>in</strong></span> <span class='ocrx_word' id='word_1_743' title='bbox 2951 4526 3156 4574; x_wconf 69' lang='lat' dir='ltr'><strong>aeterno</strong></span> <span class='ocrx_word' id='word_1_744' title='bbox 3196 4531 3317 4574; x_wconf 86' lang='lat' dir='ltr'><strong>csse</strong></span> <span class='ocrx_word' id='word_1_745' title='bbox 3369 4531 3492 4589; x_wconf 81' lang='lat' dir='ltr'><strong>quae</strong></span> <span class='ocrx_word' id='word_1_746' title='bbox 3540 4517 3795 4575; x_wconf 87' lang='lat' dir='ltr'><strong>contraria</strong></span> 
     </span>
    </p>
   </div>
   <div class='ocr_carea' id='block_1_92' title="bbox 487 4603 3790 4683">
    <p class='ocr_par' dir='ltr' id='par_1_92' title="bbox 487 4603 3790 4683">
     <span class='ocr_line' id='line_1_92' title="bbox 487 4603 3790 4683; baseline 0.002 -23"><span class='ocrx_word' id='word_1_747' title='bbox 487 4623 586 4660; x_wconf 83' lang='lat' dir='ltr'><strong>ncc</strong></span> <span class='ocrx_word' id='word_1_748' title='bbox 615 4607 768 4662; x_wconf 87' lang='lat' dir='ltr'><strong>aliter</strong></span> <span class='ocrx_word' id='word_1_749' title='bbox 802 4609 1060 4664; x_wconf 79' lang='lat' dir='ltr'><strong>habeatur</strong></span> <span class='ocrx_word' id='word_1_750' title='bbox 1084 4609 1153 4666; x_wconf 94' lang='lat' dir='ltr'><strong>de</strong></span> <span class='ocrx_word' id='word_1_751' title='bbox 1188 4609 1400 4677; x_wconf 86' lang='lat' dir='ltr'><strong>talibus,</strong></span> <span class='ocrx_word' id='word_1_752' title='bbox 1435 4623 1664 4681; x_wconf 89' lang='lat' dir='ltr'><strong>quorum</strong></span> <span class='ocrx_word' id='word_1_753' title='bbox 1701 4609 1857 4666; x_wconf 87' lang='lat' dir='ltr'><strong>aliter</strong></span> <span class='ocrx_word' id='word_1_754' title='bbox 1886 4621 1938 4666; x_wconf 90' lang='lat' dir='ltr'><strong>et</strong></span> <span class='ocrx_word' id='word_1_755' title='bbox 1964 4627 2085 4667; x_wconf 90' lang='lat' dir='ltr'><strong>cor-</strong></span> <span class='ocrx_word' id='word_1_756' title='bbox 2111 4617 2168 4679; x_wconf 84' lang='lat'><strong>1)</strong></span> <span class='ocrx_word' id='word_1_757' title='bbox 2192 4609 2445 4665; x_wconf 89' lang='lat' dir='ltr'><strong>dicuntur</strong></span> <span class='ocrx_word' id='word_1_758' title='bbox 2463 4623 2714 4680; x_wconf 86' lang='lat' dir='ltr'><strong>agnosce.</strong></span> <span class='ocrx_word' id='word_1_759' title='bbox 2743 4603 2932 4665; x_wconf 86' lang='lat' dir='ltr'><strong>Eidem</strong></span> <span class='ocrx_word' id='word_1_760' title='bbox 2947 4611 3083 4666; x_wconf 91' lang='lat' dir='ltr'><strong>mori</strong></span> <span class='ocrx_word' id='word_1_761' title='bbox 3105 4609 3222 4679; x_wconf 86' lang='lat' dir='ltr'><strong>fuit,</strong></span> <span class='ocrx_word' id='word_1_762' title='bbox 3244 4612 3333 4668; x_wconf 91' lang='lat' dir='ltr'><strong>cui</strong></span> <span class='ocrx_word' id='word_1_763' title='bbox 3356 4621 3509 4683; x_wconf 89' lang='lat' dir='ltr'><strong>pater</strong></span> <span class='ocrx_word' id='word_1_764' title='bbox 3535 4610 3790 4683; x_wconf 84' lang='lat' dir='ltr'><strong>ingenitus</strong></span> 
     </span>
    </p>
   </div>
   <div class='ocr_carea' id='block_1_93' title="bbox 488 4699 2087 4774">
    <p class='ocr_par' dir='ltr' id='par_1_93' title="bbox 488 4699 2087 4774">
     <span class='ocr_line' id='line_1_93' title="bbox 488 4699 2087 4774; baseline 0.005 -23"><span class='ocrx_word' id='word_1_765' title='bbox 488 4709 586 4769; x_wconf 88' lang='lat' dir='ltr'><strong>pus</strong></span> <span class='ocrx_word' id='word_1_766' title='bbox 609 4699 786 4768; x_wconf 88' lang='lat' dir='ltr'><strong>alitur,</strong></span> <span class='ocrx_word' id='word_1_767' title='bbox 816 4702 974 4757; x_wconf 86' lang='lat' dir='ltr'><strong>aliter</strong></span> <span class='ocrx_word' id='word_1_768' title='bbox 1000 4713 1212 4772; x_wconf 87' lang='lat' dir='ltr'><strong>aptatur</strong></span> <span class='ocrx_word' id='word_1_769' title='bbox 1244 4702 1475 4772; x_wconf 79' lang='lat' dir='ltr'><strong>habitus,</strong></span> <span class='ocrx_word' id='word_1_770' title='bbox 1509 4704 1666 4759; x_wconf 88' lang='lat' dir='ltr'><strong>aliter</strong></span> <span class='ocrx_word' id='word_1_771' title='bbox 1694 4703 1903 4774; x_wconf 87' lang='lat' dir='ltr'><strong>species</strong></span> <span class='ocrx_word' id='word_1_772' title='bbox 1933 4703 2087 4759; x_wconf 90' lang='lat' dir='ltr'><strong>lima-</strong></span> 
     </span>
    </p>
   </div>
   <div class='ocr_carea' id='block_1_94' title="bbox 489 4795 2084 4865">
    <p class='ocr_par' dir='ltr' id='par_1_94' title="bbox 489 4795 2084 4865">
     <span class='ocr_line' id='line_1_94' title="bbox 489 4795 2084 4865; baseline 0.003 -15"><span class='ocrx_word' id='word_1_773' title='bbox 489 4804 577 4850; x_wconf 88' lang='lat' dir='ltr'><strong>tur</strong></span> <span class='ocrx_word' id='word_1_774' title='bbox 605 4810 704 4849; x_wconf 93' lang='lat' dir='ltr'><strong>usu</strong></span> <span class='ocrx_word' id='word_1_775' title='bbox 731 4795 998 4860; x_wconf 87' lang='lat' dir='ltr'><strong>sumendi,</strong></span> <span class='ocrx_word' id='word_1_776' title='bbox 1027 4797 1183 4851; x_wconf 87' lang='lat' dir='ltr'><strong>aliter</strong></span> <span class='ocrx_word' id='word_1_777' title='bbox 1210 4798 1496 4865; x_wconf 88' lang='lat' dir='ltr'><strong>retinetur,</strong></span> <span class='ocrx_word' id='word_1_778' title='bbox 1523 4795 1695 4854; x_wconf 81' lang='lat' dir='ltr'><strong>forma</strong></span> <span class='ocrx_word' id='word_1_779' title='bbox 1727 4799 1892 4854; x_wconf 89' lang='lat' dir='ltr'><strong>altera</strong></span> <span class='ocrx_word' id='word_1_780' title='bbox 1925 4800 2084 4854; x_wconf 90' lang='lat' dir='ltr'><strong>etiam</strong></span> 
     </span>
    </p>
   </div>
   <div class='ocr_carea' id='block_1_95' title="bbox 488 4887 2089 4965">
    <p class='ocr_par' dir='ltr' id='par_1_95' title="bbox 488 4887 2089 4965">
     <span class='ocr_line' id='line_1_95' title="bbox 488 4887 2089 4965; baseline 0.004 -24"><span class='ocrx_word' id='word_1_781' title='bbox 488 4887 731 4959; x_wconf 85' lang='lat' dir='ltr'><strong>plerique</strong></span> <span class='ocrx_word' id='word_1_782' title='bbox 761 4899 1070 4956; x_wconf 88' lang='lat' dir='ltr'><strong>nascuntur,</strong></span> <span class='ocrx_word' id='word_1_783' title='bbox 1105 4901 1158 4946; x_wconf 92' lang='lat' dir='ltr'><strong>et</strong></span> <span class='ocrx_word' id='word_1_784' title='bbox 1187 4893 1330 4962; x_wconf 80' lang='lat' dir='ltr'><strong>quod</strong></span> <span class='ocrx_word' id='word_1_785' title='bbox 1363 4891 1552 4963; x_wconf 87' lang='lat' dir='ltr'><strong>loquor</strong></span> <span class='ocrx_word' id='word_1_786' title='bbox 1578 4893 1684 4948; x_wconf 90' lang='lat' dir='ltr'><strong>sint</strong></span> <span class='ocrx_word' id='word_1_787' title='bbox 1727 4903 1916 4965; x_wconf 89' lang='lat' dir='ltr'><strong>gentes</strong></span> <span class='ocrx_word' id='word_1_788' title='bbox 1957 4909 2089 4949; x_wconf 88' lang='lat' dir='ltr'><strong>enn-</strong></span> 
     </span>
    </p>
   </div>
   <div class='ocr_carea' id='block_1_96' title="bbox 487 4981 2088 5060">
    <p class='ocr_par' dir='ltr' id='par_1_96' title="bbox 487 4981 2088 5060">
     <span class='ocr_line' id='line_1_96' title="bbox 487 4981 2088 5060; baseline 0.003 -23"><span class='ocrx_word' id='word_1_789' title='bbox 487 4981 673 5037; x_wconf 87' lang='lat' dir='ltr'><strong>mcris.</strong></span> <span class='ocrx_word' id='word_1_790' title='bbox 692 4981 808 5036; x_wconf 85' lang='lat' dir='ltr'><strong>Jam</strong></span> <span class='ocrx_word' id='word_1_791' title='bbox 829 4982 1007 5036; x_wconf 85' lang='lat' dir='ltr'><strong>vidisti</strong></span> <span class='ocrx_word' id='word_1_792' title='bbox 1030 4997 1097 5039; x_wconf 91' lang='lat' dir='ltr'><strong>ne</strong></span> <span class='ocrx_word' id='word_1_793' title='bbox 1116 4993 1388 5056; x_wconf 84' lang='lat' dir='ltr'><strong>ergoquot</strong></span> <span class='ocrx_word' id='word_1_794' title='bbox 1413 4987 1606 5052; x_wconf 80' lang='lat' dir='ltr'><strong>Manis,</strong></span> <span class='ocrx_word' id='word_1_795' title='bbox 1636 4983 1856 5042; x_wconf 76' lang='lat' dir='ltr'><strong>Zo‘radis</strong></span> <span class='ocrx_word' id='word_1_796' title='bbox 1879 4990 1925 5060; x_wconf 89' lang='lat' dir='ltr'><strong>(l</strong></span> <span class='ocrx_word' id='word_1_797' title='bbox 1944 4992 1980 5056; x_wconf 92' lang='lat'><strong>),</strong></span> <span class='ocrx_word' id='word_1_798' title='bbox 1997 4996 2088 5042; x_wconf 91' lang='lat' dir='ltr'><strong>aut</strong></span> 
     </span>
    </p>
   </div>
   <div class='ocr_carea' id='block_1_97' title="bbox 487 5071 2088 5149">
    <p class='ocr_par' dir='ltr' id='par_1_97' title="bbox 487 5071 2088 5149">
     <span class='ocr_line' id='line_1_97' title="bbox 487 5071 2088 5149; baseline 0.005 -21"><span class='ocrx_word' id='word_1_799' title='bbox 487 5073 700 5128; x_wconf 84' lang='lat' dir='ltr'><strong>Buddas</strong></span> <span class='ocrx_word' id='word_1_800' title='bbox 727 5071 842 5128; x_wconf 69' lang='lat' dir='ltr'><strong>haec</strong></span> <span class='ocrx_word' id='word_1_801' title='bbox 873 5073 1121 5131; x_wconf 87' lang='lat' dir='ltr'><strong>docendo</strong></span> <span class='ocrx_word' id='word_1_802' title='bbox 1149 5075 1500 5147; x_wconf 86' lang='lat' dir='ltr'><strong>deceperint?</strong></span> <span class='ocrx_word' id='word_1_803' title='bbox 1527 5078 1591 5133; x_wconf 89' lang='lat' dir='ltr'><strong>ad</strong></span> <span class='ocrx_word' id='word_1_804' title='bbox 1615 5079 1900 5149; x_wconf 63' lang='lat' dir='ltr'><strong>quaerenda</strong></span> <span class='ocrx_word' id='word_1_805' title='bbox 1933 5095 2088 5136; x_wconf 87' lang='lat' dir='ltr'><strong>revo-</strong></span> 
     </span>
    </p>
   </div>
   <div class='ocr_carea' id='block_1_98' title="bbox 488 5181 694 5222">
    <p class='ocr_par' dir='ltr' id='par_1_98' title="bbox 488 5181 694 5222">
     <span class='ocr_line' id='line_1_98' title="bbox 488 5181 694 5222; baseline -0.005 0"><span class='ocrx_word' id='word_1_806' title='bbox 488 5181 694 5222; x_wconf 51' lang='lat' dir='ltr'><strong>COll’llil&#39;.</strong></span> 
     </span>
    </p>
   </div>
   <div class='ocr_carea' id='block_1_99' title="bbox 565 5258 2095 5337">
    <p class='ocr_par' dir='ltr' id='par_1_99' title="bbox 565 5258 2095 5337">
     <span class='ocr_line' id='line_1_99' title="bbox 565 5258 2095 5337; baseline 0.005 -23"><span class='ocrx_word' id='word_1_807' title='bbox 565 5259 694 5314; x_wconf 86' lang='lat' dir='ltr'><strong>Vill.</strong></span> <span class='ocrx_word' id='word_1_808' title='bbox 725 5259 878 5327; x_wconf 88' lang='lat' dir='ltr'><strong>Quod</strong></span> <span class='ocrx_word' id='word_1_809' title='bbox 907 5267 1109 5326; x_wconf 85' lang='lat' dir='ltr'><strong>sumus,</strong></span> <span class='ocrx_word' id='word_1_810' title='bbox 1136 5258 1364 5329; x_wconf 77' lang='lat' dir='ltr'><strong>Justine,</strong></span> <span class='ocrx_word' id='word_1_811' title='bbox 1398 5263 1466 5319; x_wconf 86' lang='lat' dir='ltr'><strong>ab</strong></span> <span class='ocrx_word' id='word_1_812' title='bbox 1493 5277 1558 5319; x_wconf 91' lang='lat' dir='ltr'><strong>eo</strong></span> <span class='ocrx_word' id='word_1_813' title='bbox 1585 5277 1768 5320; x_wconf 89' lang='lat' dir='ltr'><strong>sumus</strong></span> <span class='ocrx_word' id='word_1_814' title='bbox 1798 5263 1889 5337; x_wconf 84' lang='lat' dir='ltr'><strong>qui</strong></span> <span class='ocrx_word' id='word_1_815' title='bbox 1921 5266 2095 5321; x_wconf 87' lang='lat' dir='ltr'><strong>omni-</strong></span> 
     </span>
    </p>
   </div>
   <div class='ocr_carea' id='block_1_100' title="bbox 488 5355 2091 5431">
    <p class='ocr_par' dir='ltr' id='par_1_100' title="bbox 488 5355 2091 5431">
     <span class='ocr_line' id='line_1_100' title="bbox 488 5355 2091 5431; baseline 0.005 -23"><span class='ocrx_word' id='word_1_816' title='bbox 488 5363 679 5425; x_wconf 78' lang='lat' dir='ltr'><strong>patcns</strong></span> <span class='ocrx_word' id='word_1_817' title='bbox 696 5366 796 5420; x_wconf 89' lang='lat' dir='ltr'><strong>est,</strong></span> <span class='ocrx_word' id='word_1_818' title='bbox 817 5365 868 5410; x_wconf 85' lang='lat' dir='ltr'><strong>et</strong></span> <span class='ocrx_word' id='word_1_819' title='bbox 897 5371 924 5408; x_wconf 85' lang='lat' dir='ltr'><strong>a</strong></span> <span class='ocrx_word' id='word_1_820' title='bbox 957 5369 1014 5411; x_wconf 81' lang='lat' dir='ltr'><strong>se</strong></span> <span class='ocrx_word' id='word_1_821' title='bbox 1032 5355 1268 5410; x_wconf 85' lang='lat' dir='ltr'><strong>existens</strong></span> <span class='ocrx_word' id='word_1_822' title='bbox 1283 5356 1586 5414; x_wconf 89' lang='lat' dir='ltr'><strong>constitisse</strong></span> <span class='ocrx_word' id='word_1_823' title='bbox 1605 5360 1954 5431; x_wconf 89' lang='lat' dir='ltr'><strong>perspicitur;</strong></span> <span class='ocrx_word' id='word_1_824' title='bbox 1983 5361 2091 5429; x_wconf 91' lang='lat' dir='ltr'><strong>cui,</strong></span> 
     </span>
    </p>
   </div>
   <div class='ocr_carea' id='block_1_101' title="bbox 488 5445 2084 5522">
    <p class='ocr_par' dir='ltr' id='par_1_101' title="bbox 488 5445 2084 5522">
     <span class='ocr_line' id='line_1_101' title="bbox 488 5445 2084 5522; baseline 0.004 -21"><span class='ocrx_word' id='word_1_825' title='bbox 488 5447 542 5501; x_wconf 93' lang='lat' dir='ltr'><strong>in</strong></span> <span class='ocrx_word' id='word_1_826' title='bbox 564 5447 702 5518; x_wconf 93' lang='lat' dir='ltr'><strong>quod</strong></span> <span class='ocrx_word' id='word_1_827' title='bbox 717 5462 824 5501; x_wconf 89' lang='lat' dir='ltr'><strong>non</strong></span> <span class='ocrx_word' id='word_1_828' title='bbox 841 5445 931 5516; x_wconf 85' lang='lat' dir='ltr'><strong>sit,</strong></span> <span class='ocrx_word' id='word_1_829' title='bbox 956 5463 1060 5503; x_wconf 89' lang='lat' dir='ltr'><strong>non</strong></span> <span class='ocrx_word' id='word_1_830' title='bbox 1078 5463 1198 5504; x_wconf 90' lang='lat' dir='ltr'><strong>esse</strong></span> <span class='ocrx_word' id='word_1_831' title='bbox 1216 5456 1316 5504; x_wconf 89' lang='lat' dir='ltr'><strong>est.</strong></span> <span class='ocrx_word' id='word_1_832' title='bbox 1337 5445 1487 5504; x_wconf 84' lang='lat' dir='ltr'><strong>Adeo</strong></span> <span class='ocrx_word' id='word_1_833' title='bbox 1507 5465 1604 5506; x_wconf 87' lang='lat' dir='ltr'><strong>nec</strong></span> <span class='ocrx_word' id='word_1_834' title='bbox 1623 5449 1838 5507; x_wconf 87' lang='lat' dir='ltr'><strong>obvenit</strong></span> <span class='ocrx_word' id='word_1_835' title='bbox 1859 5465 1980 5507; x_wconf 88' lang='lat' dir='ltr'><strong>esse</strong></span> <span class='ocrx_word' id='word_1_836' title='bbox 1996 5449 2084 5522; x_wconf 89' lang='lat' dir='ltr'><strong>qui</strong></span> 
     </span>
    </p>
   </div>
   <div class='ocr_carea' id='block_1_102' title="bbox 560 5609 2086 5682">
    <p class='ocr_par' dir='ltr' id='par_1_102' title="bbox 560 5609 2086 5682">
     <span class='ocr_line' id='line_1_102' title="bbox 560 5609 2086 5682; baseline 0.003 -19"><span class='ocrx_word' id='word_1_837' title='bbox 560 5609 638 5680; x_wconf 89' lang='lat' dir='ltr'><strong>(i)</strong></span> <span class='ocrx_word' id='word_1_838' title='bbox 697 5609 754 5664; x_wconf 88' lang='lat' dir='ltr'><strong>in</strong></span> <span class='ocrx_word' id='word_1_839' title='bbox 810 5610 962 5680; x_wconf 79' lang='lat' dir='ltr'><strong>hujus</strong></span> <span class='ocrx_word' id='word_1_840' title='bbox 1012 5610 1243 5665; x_wconf 90' lang='lat' dir='ltr'><strong>hominis</strong></span> <span class='ocrx_word' id='word_1_841' title='bbox 1305 5610 1437 5682; x_wconf 86' lang='lat' dir='ltr'><strong>Magi</strong></span> <span class='ocrx_word' id='word_1_842' title='bbox 1502 5611 1791 5682; x_wconf 70' lang='lat' dir='ltr'><strong>Magimque</strong></span> <span class='ocrx_word' id='word_1_843' title='bbox 1841 5613 2086 5668; x_wconf 36' lang='lat' dir='ltr'><strong>inventos</strong></span> 
     </span>
    </p>
   </div>
   <div class='ocr_carea' id='block_1_103' title="bbox 486 5682 2084 5754">
    <p class='ocr_par' dir='ltr' id='par_1_103' title="bbox 486 5682 2084 5754">
     <span class='ocr_line' id='line_1_103' title="bbox 486 5682 2084 5754; baseline 0.004 -21"><span class='ocrx_word' id='word_1_844' title='bbox 486 5683 562 5754; x_wconf 86' lang='lat' dir='ltr'><strong>ris</strong></span> <span class='ocrx_word' id='word_1_845' title='bbox 603 5682 816 5754; x_wconf 85' lang='lat' dir='ltr'><strong>nomine</strong></span> <span class='ocrx_word' id='word_1_846' title='bbox 868 5683 1146 5754; x_wconf 80' lang='lat' dir='ltr'><strong>efferendo</strong></span> <span class='ocrx_word' id='word_1_847' title='bbox 1175 5684 1402 5738; x_wconf 87' lang='lat' dir='ltr'><strong>multum</strong></span> <span class='ocrx_word' id='word_1_848' title='bbox 1430 5683 1596 5740; x_wconf 82' lang='lat' dir='ltr'><strong>fuisse</strong></span> <span class='ocrx_word' id='word_1_849' title='bbox 1633 5686 1893 5738; x_wconf 89' lang='lat' dir='ltr'><strong>variatum</strong></span> <span class='ocrx_word' id='word_1_850' title='bbox 1915 5725 1927 5747; x_wconf 87' lang='lat'><strong>,</strong></span> <span class='ocrx_word' id='word_1_851' title='bbox 1961 5685 2084 5754; x_wconf 88' lang='lat' dir='ltr'><strong>plu-</strong></span> 
     </span>
    </p>
   </div>
   <div class='ocr_carea' id='block_1_104' title="bbox 486 5749 2080 5873">
    <p class='ocr_par' dir='ltr' id='par_1_104' title="bbox 486 5749 2080 5873">
     <span class='ocr_line' id='line_1_104' title="bbox 486 5749 2080 5873; baseline 0.003 -68"><span class='ocrx_word' id='word_1_852' title='bbox 486 5753 634 5805; x_wconf 88' lang='lat' dir='ltr'><strong>ribus</strong></span> <span class='ocrx_word' id='word_1_853' title='bbox 637 5749 822 5873; x_wconf 60' lang='lat' dir='ltr'><strong>2tl7ocet</strong></span> <span class='ocrx_word' id='word_1_854' title='bbox 853 5753 1154 5811; x_wconf 82' lang='lat' dir='ltr'><strong>Cotclerius</strong></span> <span class='ocrx_word' id='word_1_855' title='bbox 1183 5755 1250 5810; x_wconf 92' lang='lat' dir='ltr'><strong>ad</strong></span> <span class='ocrx_word' id='word_1_856' title='bbox 1280 5755 1544 5828; x_wconf 76' lang='lat' dir='ltr'><strong>liecognit.</strong></span> <span class='ocrx_word' id='word_1_857' title='bbox 1577 5755 1821 5812; x_wconf 83' lang='lat' dir='ltr'><strong>Clemcnt.</strong></span> <span class='ocrx_word' id='word_1_858' title='bbox 1857 5749 1975 5812; x_wconf 45' lang='lat' dir='ltr'><strong>libf</strong></span> <span class='ocrx_word' id='word_1_859' title='bbox 2007 5772 2080 5826; x_wconf 83' lang='lat' dir='ltr'><strong>IV,</strong></span> 
     </span>
     <span class='ocr_line' id='line_1_105' title="bbox 487 5837 727 5873; baseline 0 0"><span class='ocrx_word' id='word_1_860' title='bbox 487 5837 606 5873; x_wconf 85' lang='lat' dir='ltr'><strong>can.</strong></span> <span class='ocrx_word' id='word_1_861' title='bbox 715 5860 727 5873; x_wconf 95' lang='lat'><strong>.</strong></span> 
     </span>
    </p>
   </div>
   <div class='ocr_carea' id='block_1_105' title="bbox 487 5837 727 5890">
    <p class='ocr_par' dir='ltr' id='par_1_105' title="bbox 487 5837 727 5890">
     <span class='ocr_line' id='line_1_106' title="bbox 487 5837 727 5890; baseline -0.008 -14"><span class='ocrx_word' id='word_1_862' title='bbox 487 5837 606 5890; x_wconf 88' lang='lat' dir='ltr'><strong>cap.</strong></span> <span class='ocrx_word' id='word_1_863' title='bbox 638 5837 727 5874; x_wconf 66' lang='grc' dir='ltr'><strong>ιι.</strong></span> 
     </span>
    </p>
   </div>
   <div class='ocr_carea' id='block_1_106' title="bbox 2195 4701 3796 4775">
    <p class='ocr_par' dir='ltr' id='par_1_106' title="bbox 2195 4701 3796 4775">
     <span class='ocr_line' id='line_1_107' title="bbox 2195 4701 3796 4775; baseline 0 -17"><span class='ocrx_word' id='word_1_864' title='bbox 2195 4711 2250 4758; x_wconf 86' lang='grc' dir='ltr'><strong>ει</strong></span> <span class='ocrx_word' id='word_1_865' title='bbox 2270 4709 2399 4758; x_wconf 63' lang='lat' dir='ltr'><strong>retas</strong></span> <span class='ocrx_word' id='word_1_866' title='bbox 2425 4713 2479 4758; x_wconf 92' lang='lat' dir='ltr'><strong>ct</strong></span> <span class='ocrx_word' id='word_1_867' title='bbox 2504 4701 2782 4758; x_wconf 81' lang='lat' dir='ltr'><strong>aeternitas</strong></span> <span class='ocrx_word' id='word_1_868' title='bbox 2811 4702 3082 4759; x_wconf 88' lang='lat' dir='ltr'><strong>invenitur</strong></span> <span class='ocrx_word' id='word_1_869' title='bbox 3113 4720 3126 4756; x_wconf 91' lang='lat'><strong>:</strong></span> <span class='ocrx_word' id='word_1_870' title='bbox 3155 4709 3210 4760; x_wconf 91' lang='lat' dir='ltr'><strong>et</strong></span> <span class='ocrx_word' id='word_1_871' title='bbox 3233 4714 3289 4760; x_wconf 93' lang='lat' dir='ltr'><strong>ut</strong></span> <span class='ocrx_word' id='word_1_872' title='bbox 3316 4705 3660 4775; x_wconf 83' lang='lat' dir='ltr'><strong>omnipotens</strong></span> <span class='ocrx_word' id='word_1_873' title='bbox 3682 4713 3796 4759; x_wconf 83' lang='lat' dir='ltr'><strong>vere</strong></span> 
     </span>
    </p>
   </div>
   <div class='ocr_carea' id='block_1_107' title="bbox 2194 4795 3797 4870">
    <p class='ocr_par' dir='ltr' id='par_1_107' title="bbox 2194 4795 3797 4870">
     <span class='ocr_line' id='line_1_108' title="bbox 2194 4795 3797 4870; baseline -0.002 -18"><span class='ocrx_word' id='word_1_874' title='bbox 2194 4807 2470 4865; x_wconf 87' lang='lat' dir='ltr'><strong>noscatur,</strong></span> <span class='ocrx_word' id='word_1_875' title='bbox 2502 4796 2648 4851; x_wconf 88' lang='lat' dir='ltr'><strong>nasci</strong></span> <span class='ocrx_word' id='word_1_876' title='bbox 2673 4796 2740 4853; x_wconf 87' lang='lat' dir='ltr'><strong>de</strong></span> <span class='ocrx_word' id='word_1_877' title='bbox 2771 4797 2974 4868; x_wconf 89' lang='lat' dir='ltr'><strong>virgine</strong></span> <span class='ocrx_word' id='word_1_878' title='bbox 3003 4813 3105 4853; x_wconf 88' lang='lat' dir='ltr'><strong>non</strong></span> <span class='ocrx_word' id='word_1_879' title='bbox 3137 4805 3380 4869; x_wconf 81' lang='lat' dir='ltr'><strong>negatur.</strong></span> <span class='ocrx_word' id='word_1_880' title='bbox 3412 4798 3553 4868; x_wconf 84' lang='lat' dir='ltr'><strong>Quid</strong></span> <span class='ocrx_word' id='word_1_881' title='bbox 3592 4799 3699 4870; x_wconf 86' lang='lat' dir='ltr'><strong>jam</strong></span> <span class='ocrx_word' id='word_1_882' title='bbox 3735 4795 3797 4851; x_wconf 84' lang='lat' dir='ltr'><strong>sit</strong></span> 
     </span>
    </p>
   </div>
   <div class='ocr_carea' id='block_1_108' title="bbox 2195 4891 3792 4964">
    <p class='ocr_par' dir='ltr' id='par_1_108' title="bbox 2195 4891 3792 4964">
     <span class='ocr_line' id='line_1_109' title="bbox 2195 4891 3792 4964; baseline 0.001 -20"><span class='ocrx_word' id='word_1_883' title='bbox 2195 4891 2335 4962; x_wconf 92' lang='lat' dir='ltr'><strong>quod</strong></span> <span class='ocrx_word' id='word_1_884' title='bbox 2369 4893 2715 4960; x_wconf 86' lang='lat' dir='ltr'><strong>omnipotens</strong></span> <span class='ocrx_word' id='word_1_885' title='bbox 2737 4899 2838 4955; x_wconf 90' lang='lat' dir='ltr'><strong>est,</strong></span> <span class='ocrx_word' id='word_1_886' title='bbox 2864 4901 3150 4962; x_wconf 62' lang='lat' dir='ltr'><strong>aeternum,</strong></span> <span class='ocrx_word' id='word_1_887' title='bbox 3185 4892 3470 4960; x_wconf 87' lang='lat' dir='ltr'><strong>infinitum,</strong></span> <span class='ocrx_word' id='word_1_888' title='bbox 3499 4901 3792 4964; x_wconf 88' lang='lat' dir='ltr'><strong>totumque;</strong></span> 
     </span>
    </p>
   </div>
   <div class='ocr_carea' id='block_1_109' title="bbox 2195 4981 3796 5055">
    <p class='ocr_par' dir='ltr' id='par_1_109' title="bbox 2195 4981 3796 5055">
     <span class='ocr_line' id='line_1_110' title="bbox 2195 4981 3796 5055; baseline 0 -17"><span class='ocrx_word' id='word_1_889' title='bbox 2195 4984 2343 5055; x_wconf 90' lang='lat' dir='ltr'><strong>quid,</strong></span> <span class='ocrx_word' id='word_1_890' title='bbox 2393 4984 2532 5054; x_wconf 87' lang='lat' dir='ltr'><strong>quod</strong></span> <span class='ocrx_word' id='word_1_891' title='bbox 2583 4981 2903 5040; x_wconf 90' lang='lat' dir='ltr'><strong>immensum</strong></span> <span class='ocrx_word' id='word_1_892' title='bbox 2947 4992 3002 5041; x_wconf 92' lang='lat' dir='ltr'><strong>et</strong></span> <span class='ocrx_word' id='word_1_893' title='bbox 3047 4987 3315 5043; x_wconf 81' lang='lat' dir='ltr'><strong>excelsius</strong></span> <span class='ocrx_word' id='word_1_894' title='bbox 3353 4997 3552 5044; x_wconf 91' lang='lat' dir='ltr'><strong>cuncto</strong></span> <span class='ocrx_word' id='word_1_895' title='bbox 3599 4997 3796 5041; x_wconf 89' lang='lat' dir='ltr'><strong>summo</strong></span> 
     </span>
    </p>
   </div>
   <div class='ocr_carea' id='block_1_110' title="bbox 2197 5080 3793 5153">
    <p class='ocr_par' dir='ltr' id='par_1_110' title="bbox 2197 5080 3793 5153">
     <span class='ocr_line' id='line_1_111' title="bbox 2197 5080 3793 5153; baseline -0.001 -17"><span class='ocrx_word' id='word_1_896' title='bbox 2197 5081 2285 5147; x_wconf 90' lang='lat' dir='ltr'><strong>sit,</strong></span> <span class='ocrx_word' id='word_1_897' title='bbox 2321 5085 2374 5135; x_wconf 90' lang='lat' dir='ltr'><strong>et</strong></span> <span class='ocrx_word' id='word_1_898' title='bbox 2399 5080 2636 5147; x_wconf 88' lang='lat' dir='ltr'><strong>sublimi,</strong></span> <span class='ocrx_word' id='word_1_899' title='bbox 2667 5096 2695 5135; x_wconf 90' lang='lat' dir='ltr'><strong>a</strong></span> <span class='ocrx_word' id='word_1_900' title='bbox 2724 5093 2830 5153; x_wconf 89' lang='lat' dir='ltr'><strong>quo</strong></span> <span class='ocrx_word' id='word_1_901' title='bbox 2867 5095 3029 5137; x_wconf 91' lang='lat' dir='ltr'><strong>omne</strong></span> <span class='ocrx_word' id='word_1_902' title='bbox 3059 5081 3199 5153; x_wconf 90' lang='lat' dir='ltr'><strong>quod</strong></span> <span class='ocrx_word' id='word_1_903' title='bbox 3232 5082 3390 5138; x_wconf 88' lang='lat' dir='ltr'><strong>rebus</strong></span> <span class='ocrx_word' id='word_1_904' title='bbox 3420 5091 3504 5138; x_wconf 90' lang='lat' dir='ltr'><strong>est</strong></span> <span class='ocrx_word' id='word_1_905' title='bbox 3537 5083 3713 5137; x_wconf 88' lang='lat' dir='ltr'><strong>manet</strong></span> <span class='ocrx_word' id='word_1_906' title='bbox 3738 5087 3793 5134; x_wconf 88' lang='lat' dir='ltr'><strong>ac</strong></span> 
     </span>
    </p>
   </div>
   <div class='ocr_carea' id='block_1_111' title="bbox 2200 5171 3792 5240">
    <p class='ocr_par' dir='ltr' id='par_1_111' title="bbox 2200 5171 3792 5240">
     <span class='ocr_line' id='line_1_112' title="bbox 2200 5171 3792 5240; baseline 0.001 -13"><span class='ocrx_word' id='word_1_907' title='bbox 2200 5173 2399 5240; x_wconf 84' lang='lat' dir='ltr'><strong>veniat,</strong></span> <span class='ocrx_word' id='word_1_908' title='bbox 2440 5171 2660 5229; x_wconf 85' lang='lat' dir='ltr'><strong>adverto</strong></span> <span class='ocrx_word' id='word_1_909' title='bbox 2690 5176 3050 5231; x_wconf 88' lang='lat' dir='ltr'><strong>commonitus</strong></span> <span class='ocrx_word' id='word_1_910' title='bbox 3093 5174 3304 5232; x_wconf 89' lang='lat' dir='ltr'><strong>dicente</strong></span> <span class='ocrx_word' id='word_1_911' title='bbox 3345 5176 3588 5232; x_wconf 91' lang='lat' dir='ltr'><strong>omnium</strong></span> <span class='ocrx_word' id='word_1_912' title='bbox 3629 5174 3792 5230; x_wconf 84' lang='lat' dir='ltr'><strong>salva-</strong></span> 
     </span>
    </p>
   </div>
   <div class='ocr_carea' id='block_1_112' title="bbox 2198 5264 3794 5340">
    <p class='ocr_par' dir='ltr' id='par_1_112' title="bbox 2198 5264 3794 5340">
     <span class='ocr_line' id='line_1_113' title="bbox 2198 5264 3794 5340; baseline -0.001 -19"><span class='ocrx_word' id='word_1_913' title='bbox 2198 5275 2346 5333; x_wconf 87' lang='lat' dir='ltr'><strong>tore,</strong></span> <span class='ocrx_word' id='word_1_914' title='bbox 2369 5265 2464 5338; x_wconf 84' lang='lat' dir='ltr'><strong>qui</strong></span> <span class='ocrx_word' id='word_1_915' title='bbox 2489 5281 2547 5322; x_wconf 91' lang='lat' dir='ltr'><strong>se</strong></span> <span class='ocrx_word' id='word_1_916' title='bbox 2577 5264 2770 5322; x_wconf 82' lang='lat' dir='ltr'><strong>Filium</strong></span> <span class='ocrx_word' id='word_1_917' title='bbox 2798 5267 2998 5323; x_wconf 91' lang='lat' dir='ltr'><strong>docens</strong></span> <span class='ocrx_word' id='word_1_918' title='bbox 3028 5265 3243 5325; x_wconf 83' lang='lat' dir='ltr'><strong>Patrem</strong></span> <span class='ocrx_word' id='word_1_919' title='bbox 3274 5269 3376 5325; x_wconf 89' lang='lat' dir='ltr'><strong>sibi</strong></span> <span class='ocrx_word' id='word_1_920' title='bbox 3405 5279 3529 5326; x_wconf 88' lang='lat' dir='ltr'><strong>esse</strong></span> <span class='ocrx_word' id='word_1_921' title='bbox 3558 5265 3794 5340; x_wconf 86' lang='lat' dir='ltr'><strong>dignatus</strong></span> 
     </span>
    </p>
   </div>
   <div class='ocr_carea' id='block_1_113' title="bbox 2199 5357 3792 5434">
    <p class='ocr_par' dir='ltr' id='par_1_113' title="bbox 2199 5357 3792 5434">
     <span class='ocr_line' id='line_1_114' title="bbox 2199 5357 3792 5434; baseline -0.001 -20"><span class='ocrx_word' id='word_1_922' title='bbox 2199 5368 2282 5414; x_wconf 81' lang='lat' dir='ltr'><strong>est</strong></span> <span class='ocrx_word' id='word_1_923' title='bbox 2307 5359 2542 5416; x_wconf 87' lang='lat' dir='ltr'><strong>indicare</strong></span> <span class='ocrx_word' id='word_1_924' title='bbox 2565 5358 2589 5414; x_wconf 73' lang='grc' dir='ltr'><strong><em>τ</em></strong></span> <span class='ocrx_word' id='word_1_925' title='bbox 2615 5369 2770 5430; x_wconf 89' lang='lat' dir='ltr'><strong>quem</strong></span> <span class='ocrx_word' id='word_1_926' title='bbox 2793 5357 2963 5416; x_wconf 88' lang='lat' dir='ltr'><strong>Deum</strong></span> <span class='ocrx_word' id='word_1_927' title='bbox 2989 5360 3249 5432; x_wconf 87' lang='lat' dir='ltr'><strong>pandens,</strong></span> <span class='ocrx_word' id='word_1_928' title='bbox 3276 5363 3453 5419; x_wconf 85' lang='lat' dir='ltr'><strong>omnia</strong></span> <span class='ocrx_word' id='word_1_929' title='bbox 3482 5363 3656 5434; x_wconf 87' lang='lat' dir='ltr'><strong>ipsum</strong></span> <span class='ocrx_word' id='word_1_930' title='bbox 3681 5371 3792 5417; x_wconf 84' lang='lat' dir='ltr'><strong>esse</strong></span> 
     </span>
    </p>
   </div>
   <div class='ocr_carea' id='block_1_114' title="bbox 2206 5447 3791 5526">
    <p class='ocr_par' dir='ltr' id='par_1_114' title="bbox 2206 5447 3791 5526">
     <span class='ocr_line' id='line_1_115' title="bbox 2206 5447 3791 5526; baseline -0.001 -18"><span class='ocrx_word' id='word_1_931' title='bbox 2206 5453 2370 5508; x_wconf 88' lang='lat' dir='ltr'><strong>etiam</strong></span> <span class='ocrx_word' id='word_1_932' title='bbox 2425 5447 2725 5509; x_wconf 86' lang='lat' dir='ltr'><strong>admiratus</strong></span> <span class='ocrx_word' id='word_1_933' title='bbox 2768 5449 2956 5518; x_wconf 75' lang='lat' dir='ltr'><strong>Iesus,</strong></span> <span class='ocrx_word' id='word_1_934' title='bbox 3012 5464 3271 5526; x_wconf 86' lang='lat' dir='ltr'><strong>quantum</strong></span> <span class='ocrx_word' id='word_1_935' title='bbox 3327 5465 3578 5512; x_wconf 81' lang='lat' dir='ltr'><strong>mensura</strong></span> <span class='ocrx_word' id='word_1_936' title='bbox 3621 5447 3791 5510; x_wconf 89' lang='lat' dir='ltr'><strong>mundi</strong></span> 
     </span>
    </p>
   </div>
   <div class='ocr_carea' id='block_1_115' title="bbox 2197 5545 3786 5623">
    <p class='ocr_par' dir='ltr' id='par_1_115' title="bbox 2197 5545 3786 5623">
     <span class='ocr_line' id='line_1_116' title="bbox 2197 5545 3786 5623; baseline 0.001 -21"><span class='ocrx_word' id='word_1_937' title='bbox 2197 5550 2412 5614; x_wconf 84' lang='lat' dir='ltr'><strong>meruit,</strong></span> <span class='ocrx_word' id='word_1_938' title='bbox 2441 5549 2718 5605; x_wconf 87' lang='lat' dir='ltr'><strong>revelavit.</strong></span> <span class='ocrx_word' id='word_1_939' title='bbox 2745 5547 2825 5606; x_wconf 89' lang='lat' dir='ltr'><strong>0b</strong></span> <span class='ocrx_word' id='word_1_940' title='bbox 2853 5551 2993 5622; x_wconf 89' lang='lat' dir='ltr'><strong>quod</strong></span> <span class='ocrx_word' id='word_1_941' title='bbox 3016 5564 3180 5606; x_wconf 90' lang='lat' dir='ltr'><strong>unum</strong></span> <span class='ocrx_word' id='word_1_942' title='bbox 3205 5560 3253 5608; x_wconf 93' lang='lat' dir='ltr'><strong>et</strong></span> <span class='ocrx_word' id='word_1_943' title='bbox 3282 5549 3455 5608; x_wconf 88' lang='lat' dir='ltr'><strong>solum</strong></span> <span class='ocrx_word' id='word_1_944' title='bbox 3483 5545 3786 5623; x_wconf 87' lang='lat' dir='ltr'><strong>principium</strong></span> 
     </span>
    </p>
   </div>
   <div class='ocr_carea' id='block_1_116' title="bbox 2195 5643 3786 5719">
    <p class='ocr_par' dir='ltr' id='par_1_116' title="bbox 2195 5643 3786 5719">
     <span class='ocr_line' id='line_1_117' title="bbox 2195 5643 3786 5719; baseline -0.001 -22"><span class='ocrx_word' id='word_1_945' title='bbox 2195 5643 2335 5699; x_wconf 85' lang='lat' dir='ltr'><strong>Dens</strong></span> <span class='ocrx_word' id='word_1_946' title='bbox 2378 5652 2480 5713; x_wconf 85' lang='lat' dir='ltr'><strong>est,</strong></span> <span class='ocrx_word' id='word_1_947' title='bbox 2524 5655 2576 5700; x_wconf 94' lang='lat' dir='ltr'><strong>et</strong></span> <span class='ocrx_word' id='word_1_948' title='bbox 2625 5645 2764 5699; x_wconf 89' lang='lat' dir='ltr'><strong>Deus</strong></span> <span class='ocrx_word' id='word_1_949' title='bbox 2813 5647 2961 5701; x_wconf 89' lang='lat' dir='ltr'><strong>solus</strong></span> <span class='ocrx_word' id='word_1_950' title='bbox 2992 5647 3190 5702; x_wconf 80' lang='lat' dir='ltr'><strong>veritas</strong></span> <span class='ocrx_word' id='word_1_951' title='bbox 3221 5664 3234 5700; x_wconf 93' lang='lat'>:</span> <span class='ocrx_word' id='word_1_952' title='bbox 3266 5654 3428 5719; x_wconf 87' lang='lat' dir='ltr'><strong>atque</strong></span> <span class='ocrx_word' id='word_1_953' title='bbox 3456 5647 3568 5718; x_wconf 86' lang='lat' dir='ltr'><strong>ipsa</strong></span> <span class='ocrx_word' id='word_1_954' title='bbox 3602 5645 3786 5703; x_wconf 82' lang='lat' dir='ltr'><strong>veritas</strong></span> 
     </span>
    </p>
   </div>
   <div class='ocr_carea' id='block_1_117' title="bbox 2193 5735 3782 5813">
    <p class='ocr_par' dir='ltr' id='par_1_117' title="bbox 2193 5735 3782 5813">
     <span class='ocr_line' id='line_1_118' title="bbox 2193 5735 3782 5813; baseline 0.001 -24"><span class='ocrx_word' id='word_1_955' title='bbox 2193 5735 2282 5789; x_wconf 82' lang='lat' dir='ltr'><strong>lux</strong></span> <span class='ocrx_word' id='word_1_956' title='bbox 2319 5743 2419 5798; x_wconf 88' lang='lat' dir='ltr'><strong>est,</strong></span> <span class='ocrx_word' id='word_1_957' title='bbox 2447 5745 2499 5791; x_wconf 86' lang='lat' dir='ltr'><strong>el</strong></span> <span class='ocrx_word' id='word_1_958' title='bbox 2531 5735 2617 5791; x_wconf 81' lang='lat' dir='ltr'><strong>lux</strong></span> <span class='ocrx_word' id='word_1_959' title='bbox 2647 5747 2861 5808; x_wconf 79' lang='lat' dir='ltr'><strong>Semper</strong></span> <span class='ocrx_word' id='word_1_960' title='bbox 2889 5741 3090 5794; x_wconf 70' lang='lat' dir='ltr'><strong>aeterna</strong></span> <span class='ocrx_word' id='word_1_961' title='bbox 3111 5757 3125 5795; x_wconf 91' lang='lat'><strong>:</strong></span> <span class='ocrx_word' id='word_1_962' title='bbox 3145 5751 3415 5813; x_wconf 85' lang='lat' dir='ltr'><strong>omneque</strong></span> <span class='ocrx_word' id='word_1_963' title='bbox 3439 5739 3582 5812; x_wconf 87' lang='lat' dir='ltr'><strong>quod</strong></span> <span class='ocrx_word' id='word_1_964' title='bbox 3613 5749 3782 5793; x_wconf 85' lang='lat' dir='ltr'><strong>verum</strong></span> 
     </span>
    </p>
   </div>
   <div class='ocr_carea' id='block_1_118' title="bbox 2193 5827 3781 5908">
    <p class='ocr_par' dir='ltr' id='par_1_118' title="bbox 2193 5827 3781 5908">
     <span class='ocr_line' id='line_1_119' title="bbox 2193 5827 3781 5908; baseline 0.003 -24"><span class='ocrx_word' id='word_1_965' title='bbox 2193 5836 2275 5884; x_wconf 78' lang='grc' dir='ltr'><strong>εει</strong></span> <span class='ocrx_word' id='word_1_966' title='bbox 2299 5827 2529 5885; x_wconf 89' lang='lat' dir='ltr'><strong>solidum</strong></span> <span class='ocrx_word' id='word_1_967' title='bbox 2556 5837 2660 5898; x_wconf 89' lang='lat' dir='ltr'><strong>est,</strong></span> <span class='ocrx_word' id='word_1_968' title='bbox 2681 5838 2735 5885; x_wconf 90' lang='lat' dir='ltr'><strong>et</strong></span> <span class='ocrx_word' id='word_1_969' title='bbox 2754 5839 2971 5903; x_wconf 84' lang='lat' dir='ltr'><strong>semper</strong></span> <span class='ocrx_word' id='word_1_970' title='bbox 2997 5837 3101 5904; x_wconf 84' lang='lat' dir='ltr'><strong>est,</strong></span> <span class='ocrx_word' id='word_1_971' title='bbox 3129 5840 3292 5906; x_wconf 86' lang='lat' dir='ltr'><strong>atque</strong></span> <span class='ocrx_word' id='word_1_972' title='bbox 3313 5833 3651 5908; x_wconf 78' lang='lat' dir='ltr'><strong>perspicuum</strong></span> <span class='ocrx_word' id='word_1_973' title='bbox 3670 5841 3781 5905; x_wconf 82' lang='lat' dir='ltr'><strong>per-</strong></span> 
     </span>
    </p>
   </div>
  </div>
