4046 6302
383 246 524 310 1003

1566 248 1659 313 AD
1696 242 2032 313 JUSTlNUM
2070 242 2523 311 blANlCl‘UEUM.

3545 248 3684 329 ioue

383 371 597 422 severat
622 370 678 422 et
715 368 914 426 manet.
945 364 1100 437 Quod
1125 375 1305 426 autem
1348 384 1379 426 a
1408 386 1467 428 se
1492 387 1676 428 verum
1702 376 1786 429 est
1822 378 1980 428 num-
2006 366 2058 436 Α
2082 368 2237 424 situs.
2267 366 2373 428 Sed
2406 375 2464 426 ut
2492 368 2570 427 eis
2599 368 2684 429 est
2705 368 2906 443 valere,
2938 384 3057 448 quae
3085 372 3302 450 inlecta,
3331 390 3451 454 quas
3475 380 3684 459 ingeni--

382 472 540 528 qnam
568 456 816 527 vincitur,
846 459 987 533 quod
1030 458 1259 519 solidum
1305 468 1391 520 est
1419 464 1577 523 inane
1603 460 1733 523 nihil
1776 464 1975 533 habet,

390 549 532 620 quod
562 550 649 607 lux
682 557 768 608 est
791 553 1040 612 tenebras
1065 570 1171 611 non
1200 552 1452 628 admittit,
1473 566 1634 630 atque
1652 573 1747 615 eas
1785 560 1977 629 nescit,

381 658 446 698 ac
472 642 517 699 si
545 642 801 711 admittit,
830 650 886 702 et
914 647 964 702 in
995 658 1115 705 eam
1141 648 1389 718 veniunt,
1421 647 1524 708 sibi
1542 664 1664 708 esse
1688 648 1974 709 desistunt.

381 730 551 809 Magis
578 748 711 795 vero
735 734 858 796 aliis
889 754 994 797 non
1026 748 1173 810 Sunt,
1219 757 1343 815 qua:
1368 738 1468 799 sibi
1513 750 1633 801 esse
1674 750 1974 802 cessarunt.

381 826 476 886 Sin
519 840 697 887 autem
745 828 923 890 adhuc
945 834 998 889 in
1024 849 1124 890 suo
1153 844 1298 904 sunt,
1335 844 1486 892 extra
1533 834 1675 894 hunc
1721 838 1977 894 mundum

380 930 526 992 Sunt,
560 934 614 982 et
642 936 765 981 cum
797 924 880 983 his
922 926 1098 985 adhuc
1128 928 1452 1003 conﬂigitur,
1495 941 1684 1003 estque
1714 930 1979 989 incertum

379 1026 447 1073 an
495 1026 838 1091 superentur,
879 1036 946 1077 an
994 1036 1122 1079 vere
1153 1030 1373 1094 pereant
1414 1022 1720 1095 aliquando.
1750 1024 1902 1096 Quod
1933 1023 1981 1085 si

378 1106 558 1171 adhuc
577 1112 885 1188 ambigitur,
919 1112 1080 1174 etiam
1110 1120 1362 1188 mundus,
1391 1131 1482 1177 aut
1508 1137 1656 1192 caro,
1699 1120 1751 1179 in
1780 1139 1845 1181 eo
1873 1140 1978 1181 non

380 1219 439 1265 ut
481 1204 550 1268 ab
575 1208 746 1268 altero
790 1200 936 1270 esset
979 1212 1226 1287 accepit:
1254 1210 1349 1272 sed
1382 1212 1449 1273 de
1475 1232 1542 1273 eo
1584 1216 1658 1273 illi
1692 1218 1979 1276 obvenisse

378 1311 491 1370 est,
524 1318 554 1358 a
578 1308 684 1376 quo
709 1308 763 1361 et
787 1304 1082 1378 praeclarus
1109 1307 1191 1364 sol
1222 1307 1426 1365 mundo
1454 1308 1699 1367 minister
1725 1313 1808 1367 est
1848 1326 1980 1367 con-

379 1395 618 1453 ειίιιιιιιε.
651 1394 954 1470 lmaginans
1003 1416 1236 1473 namque
1281 1400 1534 1459 tenebras
1575 1400 1625 1459 id
1672 1418 1792 1460 esse
1836 1400 1979 1476 quod

381 1482 579 1547 malum
613 1488 832 1562 dicitur,
870 1492 1052 1567 capies
1079 1506 1133 1552 et
1169 1495 1479 1569 intelliges:
1513 1515 1618 1554 non
1646 1494 1863 1571 quidem
1890 1514 1980 1557 ac-

380 1582 585 1656 cipiens
616 1583 686 1642 ita
711 1596 833 1644 esse
862 1583 977 1646 dari
1007 1585 1263 1659 tenebris,
1290 1596 1347 1646 ut
1375 1586 1477 1647 luci
1508 1606 1629 1649 esse
1673 1582 1901 1650 habetur
1925 1603 1980 1650 et

381 1674 600 1749 lumini;
631 1681 726 1738 sed
754 1681 825 1738 ita
862 1680 1003 1756 quod
1045 1699 1113 1741 ex
1145 1696 1266 1741 actu
1308 1685 1552 1753 alterius,
1583 1687 1673 1758 qui
1705 1702 1829 1744 vere
1870 1688 1974 1757 est,

2086 466 2168 531 ta,
2197 472 2317 534 qua:
2355 464 2582 533 inﬁnita,
2615 476 2736 540 qute
2768 470 2935 525 totum
2979 478 3126 541 Sum,
3158 472 3228 529 ita
3258 473 3344 533 his
3378 492 3500 536 esse
3554 494 3681 552 per—

2087 557 2236 628 spice
2260 558 2345 615 vel
2373 560 2591 619 intende
2626 581 2639 618 :
2669 568 2726 619 ut
2752 565 2823 620 sit
2851 578 3011 622 unum
3037 579 3091 625 et
3126 569 3296 628 solum
3327 575 3474 646 quod
3500 579 3676 636 omni-

2083 659 2273 719 potens
2301 661 2406 720 est,
2448 654 2590 727 quod
2620 659 2783 714 totius
2808 670 2997 718 omnes
3027 662 3271 735 habetur,
3301 668 3443 739 quod
3471 672 3677 745 perspi-

2083 745 2224 802 citur
2244 746 2532 817 infinitum,
2565 750 2666 808 hoc
2693 761 2776 808 est
2801 761 2855 811 et
2883 754 3148 829 consistit,
3176 761 3366 832 suique
3393 756 3567 821 solido
3597 754 3709 824 ιιι-ι’

2085 836 2282 897 visibili
2316 851 2506 900 cxtans
2543 840 2848 904 dominatur
2892 858 2945 905 et
2992 860 3196 924 regnat,
3228 860 3488 930 ttte'nsq‘tte
3515 868 3619 916 vett

2085 934 2306 991 rationis
2320 942 2430 992 sua:
2451 936 2764 996 admiranda
2795 940 3089 1001 substantia
3110 944 3200 1002 illo
3212 942 3389 1005 divino
3408 960 3531 1008 acttt'
3552 958 3672 1023 suo,

2082 1043 2189 1099 quo
2210 1037 2300 1085 aut
2331 1036 2532 1087 motum
2578 1038 2683 1101 est,
2719 1038 2812 1090 aut
2859 1035 3159 1095 immotum.
3193 1038 3575 1102 Verumtamen
3622 1032 3678 1103 id

2083 1120 2254 1193 ipsum
2290 1118 2432 1196 quod
2459 1119 2676 1199 quidem
2705 1132 2786 1184 est
2819 1126 2954 1188 fa‘lso
2974 1130 3233 1206 Originem
3262 1132 3483 1208 praestat
3510 1149 3567 1196 ut
3598 1150 3680 1197 ιο·-

2083 1222 2194 1273 ιιιιιι
2228 1234 2242 1273 :
2275 1217 2439 1275 nihilo
2468 1221 2614 1277 enim
2644 1265 2658 1288 ,
2685 1237 2807 1280 cum
2852 1228 3018 1281 totum
3049 1234 3132 1284 est
3185 1232 3543 1304 omnipotens,
3582 1242 3678 1307 per

2080 1323 2202 1365 eum
2233 1306 2451 1369 obvenit
2506 1318 2641 1373 utet
2695 1312 2824 1374 nihil
2873 1328 3148 1391 appareat.
3203 1318 3318 1379 Non
3366 1328 3509 1384 enim
3557 1306 3676 1386 om-

2084 1400 2333 1493 nipotens
2395 1400 2468 1463 ita
2516 1409 2617 1464 erit
2668 1409 2724 1465 ut
2773 1419 2941 1468 totum
2988 1412 3096 1481 sit,
3155 1415 3201 1471 si
3260 1418 3452 1486 praeter
3502 1419 3676 1493 ipsum

2081 1490 2222 1553 aliud
2246 1499 2525 1570 quicquam
2573 1500 2707 1557 nihil
2733 1498 2854 1560 erit.
2886 1503 3026 1577 Ergo
3071 1514 3153 1563 εει
3195 1508 3337 1580 quod
3373 1490 3568 1567 dicitur
3600 1513 3681 1571 ni-

2082 1582 2177 1657 ltil,
2216 1590 2310 1647 sed
2337 1589 2685 1650 substantiam
2735 1612 2841 1652 non
2882 1596 3046 1655 habet
3082 1618 3095 1656 :
3131 1606 3213 1658 est
3264 1607 3319 1659 et
3362 1600 3503 1675 quod
3542 1600 3677 1665 dici-

2083 1690 2168 1737 tur
2218 1691 2407 1749 totum,
2452 1694 2507 1742 et
2544 1687 2893 1745 substantiam
2932 1688 3252 1763 habethed
3305 1697 3355 1751 ei
3397 1712 3519 1755 esse
3570 1700 3676 1771 est,

381 1771 614 1832 efﬁcitur
658 1772 742 1833 vel
791 1786 1037 1851 apparet.
1075 1778 1170 1834 Est
1196 1780 1339 1836 enim
1371 1776 1423 1836 in
1452 1781 1614 1838 rebus
1642 1793 1747 1838 tam
1793 1797 1982 1853 super-
2011 1779 2057 1850 Β
2089 1775 2162 1831 illi
2186 1788 2292 1833 non
2323 1793 2447 1835 esse
2469 1789 2572 1836 est.
2608 1781 2745 1838 Deus
2773 1792 2856 1839 est
2882 1799 3010 1857 ergo
3028 1786 3243 1856 Veritas,
3267 1788 3356 1859 qui
3380 1798 3546 1847 totum
3569 1795 3675 1861 est,

382 1869 486 1939 nis,
514 1886 672 1942 quam
699 1872 875 1941 aeris,
907 1880 1071 1944 atque
1088 1888 1154 1931 ex
1188 1865 1270 1929 his
1298 1869 1430 1947 ipsis
1470 1872 1693 1943 nostris,
1723 1870 1867 1946 quod
1914 1890 1980 1932 ex

380 1972 500 2021 actu
535 1966 757 2022 alterius
787 1974 847 2022 ut
893 1976 1039 2024 esset
1083 1966 1347 2025 invenerit
1376 1988 1389 2025 :
1419 1978 1495 2036 ut,
1530 1984 1595 2025 ex
1636 1960 1789 2025 radio
1827 1969 1978 2039 solis,

379 2054 558 2126 calor;
584 2068 649 2115 ex
681 2058 811 2115 ilatu
843 2060 1004 2128 venti,
1037 2060 1221 2134 frigus,
1255 2056 1397 2135 quod
1423 2061 1550 2136 ligat
1598 2076 1806 2130 amnes,
1838 2062 1981 2136 quod

379 2144 577 2207 st-indit
605 2162 800 2208 terram
847 2154 1048 2211 calore.
1097 2144 1268 2211 Terra
1309 2171 1440 2228 ergo
1471 2156 1666 2213 ardore
1693 2157 1822 2214 solis
1853 2172 1982 2229 ape-

380 2244 534 2310 ritur,
567 2243 803 2301 amnium
842 2242 1041 2303 ﬂuenta
1073 2247 1307 2320 ligantur
1333 2250 1477 2318 gelu.

452 2334 521 2393 Χ.
562 2336 687 2395 Hmc
723 2338 936 2411 quidem
963 2342 1031 2397 ita
1060 2342 1409 2410 advertenda,
1439 2334 1661 2400 alterius
1690 2353 1814 2401 actu
1834 2334 1979 2400 aliud

378 2426 542 2499 eflici,
572 2441 628 2486 ut
662 2425 713 2487 in
748 2428 833 2489 his
870 2444 990 2505 quae
1018 2444 1141 2490 sunt
1166 2434 1350 2493 videre
1378 2437 1469 2505 sit,
1499 2432 1640 2508 quod
1670 2437 1722 2494 in
1748 2438 1827 2495 eis
1848 2454 1981 2511 qua-

377 2514 529 2579 litate
557 2537 663 2580 non
694 2524 855 2593 inest,
881 2542 946 2582 ex
970 2535 1092 2582 actu
1113 2527 1336 2585 alterius
1366 2529 1603 2586 inveniat
1622 2528 1844 2588 oboriri.
1867 2530 1981 2587 Ali-

376 2627 458 2674 ter
484 2632 613 2675 vero
640 2626 724 2676 est
749 2619 892 2693 quod
931 2636 962 2677 e
998 2637 1059 2679 re
1086 2622 1274 2684 aeterni
1320 2638 1439 2693 quae
1470 2628 1575 2691 est,
1616 2623 1759 2697 quod
1805 2630 1977 2683 totum

371 2710 698 2770 estalterius
720 2722 779 2770 se
803 2711 963 2771 datur
983 2717 1222 2775 evenire.
1254 2712 1393 2774 Sunt
1422 2717 1566 2775 enim
1602 2718 1837 2776 tenebrae
1869 2735 1975 2777 non

373 2807 649 2877 sistentes,
694 2816 800 2864 non
846 2807 1052 2878 solidae,
1100 2827 1208 2868 non
1249 2816 1599 2883 penetrantes
1630 2830 1644 2869 :
1673 2814 1769 2871 sed
1816 2813 1977 2873 inane

368 2898 496 2972 quid
513 2901 653 2973 quod
674 2901 793 2959 luce
818 2896 1096 2974 depereat,
1119 2910 1176 2961 et
1200 2919 1322 2962 esse
1350 2902 1453 2962 sibi
1487 2922 1592 2962 non
1624 2907 1824 2965 habere
1850 2922 1973 2965 cum

367 2990 456 3050 illa
486 2990 812 3067 resplendet.
836 2996 1078 3070 Contigit
1098 2998 1244 3055 enim
1273 2999 1355 3055 his
1383 3016 1489 3056 non
1520 3017 1643 3058 esse
1671 2998 1805 3059 lucis
1826 3013 1971 3072 actu,

367 3087 490 3162 quia
522 3088 651 3164 ipsa:
680 3092 979 3149 substantia
1010 3109 1116 3150 non
1140 3103 1287 3162 sunt,
1323 3095 1459 3152 lucis
1489 3095 1792 3153 substantia
1837 3098 1975 3154 reci-

2064 1868 2139 1923 "ét
2180 1867 2422 1927 inﬁnitus
2445 1872 2713 1929 consistit.
2738 1868 2892 1944 Quia,
2925 1876 3152 1935 nihilun‘i
3180 1884 3329 1936 citra
3357 1882 3525 1939 totum
3553 1887 3679 1943 esse

2083 1974 2279 2035 potest,
2307 1977 2457 2025 recte
2493 1968 2647 2038 illud,
2679 1967 2911 2038 Justine,
2934 1970 3078 2045 quod
3100 1974 3307 2033 alecale
3337 1975 3677 2050 intelligitur,

2060 2066 2232 2113 ‘extra
2265 2056 2398 2143 lines
2425 2059 2675 2131 habetur,
2720 2062 2916 2120 falsum
2953 2066 3149 2123 dicitur
3177 2070 3259 2124 :si
3293 2076 3471 2127 tamen
3504 2072 3682 2143 powst

2082 2150 2222 2206 ratio
2251 2142 2425 2224 aliqua
2457 2152 2762 2226 admittere,
2790 2165 2845 2213 ut
2877 2156 3039 2217 tinem
3064 2158 3384 2236 ubicumque
3412 2165 3682 2240 intelligas

2081 2242 2130 2298 ei
2174 2259 2332 2314 quem
2363 2254 2531 2302 tututn
2558 2258 2680 2305 esse
2710 2251 2992 2321 perspicis,
3024 2263 3078 2309 et
3101 2252 3343 2327 indagas.
3378 2255 3589 2314 Etenim
3632 2250 3683 2316 si

2081 2345 2285 2394 aeterno
2308 2346 2480 2397 totum
2504 2352 2821 2414 occupatur,
2851 2342 3078 2402 ttihilum
3108 2348 3195 2406 ubi
3223 2350 3293 2406 sit
3332 2367 3439 2409 non
3472 2348 3631 2411 habet
3662 2372 3680 2410 :

2079 2446 2143 2488 ac
2163 2434 2206 2487 si
2232 2436 2577 2506 omnipotens
2601 2440 2782 2494 omnia
2810 2438 2914 2507 est,
2943 2434 3109 2498 nihilo
3134 2458 3255 2500 esse
3284 2454 3351 2502 eo
3378 2446 3539 2505 modo
3562 2456 3681 2506 tan-

2085 2526 2201 2579 tum
2246 2525 2571 2600 intelligetur
2598 2530 2741 2601 quod
2775 2542 2858 2587 est
2883 2532 3028 2605 quod
3058 2540 3211 2592 extra
3242 2544 3409 2595 totum
3433 2540 3537 2610 est,
3571 2546 3683 2599 rion

2080 2616 2287 2692 aliquid
2304 2624 2377 2677 sit
2400 2621 2681 2680 habeatur.
2701 2624 2944 2699 Denique
2963 2627 3009 2683 si
3031 2629 3456 2701 omnipotentem
3470 2631 3542 2690 ita
3567 2650 3684 2692 mea

2080 2711 2252 2781 tiaris,
2279 2723 2335 2769 ut
2361 2714 2431 2770 sit
2451 2716 2544 2773 tibi
2572 2725 2627 2772 et
2673 2718 2810 2774 alius
2834 2719 2925 2791 qui
2952 2728 3057 2776 nun
3086 2721 3160 2778 sit
3184 2725 3545 2797 omnipotens,
3571 2724 3682 2786 Deo

2080 2802 2251 2876 major
2272 2804 2425 2862 locus
2451 2804 2680 2878 dicetur,
2711 2818 2871 2883 atque
2901 2820 3127 2886 utroque
3156 2816 3453 2889 ingentior:
3481 2819 3526 2876 si
3556 2837 3681 2892 prec

2081 2897 2213 2969 priis
2244 2901 2422 2973 regnis
2443 2900 2659 2960 diversa
2695 2905 2955 2978 principia
2979 2907 3214 2980 ingenita
3245 2916 3485 2983 utentur,
3516 2917 3682 2987 atque

2078 2992 2274 3050 aemula
2296 2995 2620 3053 consistunt.
3634 3004 3639 3009 ’

2152 3078 2264 3141 Xll.
2313 3078 2427 3144 Hoc
2467 3088 2765 3161 intelligere
2820 3091 2905 3149 vel
2935 3098 3119 3152 tenere
3166 3104 3371 3154 aeterno
3428 3099 3679 3172 omnipo-

370 3184 522 3256 pinnt
545 3182 820 3256 deperire.
848 3184 905 3244 Si
941 3203 1071 3260 ergo
1099 3190 1183 3244 est
1204 3187 1444 3246 tenebris
1469 3203 1498 3245 a
1531 3188 1732 3247 lumine
1762 3189 1974 3263 deperi—
1998 3172 2043 3247 C
2079 3185 2225 3234 ῑθυιθ
2267 3176 2466 3251 aliquid
2490 3196 2610 3238 esse
2641 3186 2832 3253 ³³1³11³8,
2865 3185 3095 3242 “malum
3118 3186 3447 3248 COlilllSiODiS
3485 3191 3678 3249 imm-

367 3280 450 3344 re,
480 3277 548 3334 ab
571 3275 759 3334 eodem
786 3278 895 3335 illis
923 3279 1143 3336 advenit
1172 3296 1456 3354 apparere,
1487 3297 1554 3340 eo
1583 3281 1747 3341 modo
1769 3291 1825 3340 ut
1852 3300 1975 3356 pro-

368 3364 537 3425 fundo
564 3364 783 3426 obvenit
809 3370 878 3427 ab
923 3366 1162 3438 excelso,
1191 3381 1353 3444 atque
1384 3372 1554 3431 nihilo
1582 3389 1613 3430 a
1655 3385 1785 3432 toto.
1838 3368 1972 3433 Nam

369 3480 490 3521 cum
523 3472 688 3522 totum
725 3475 988 3523 aeternum
1020 3467 1112 3536 sit,
1144 3476 1322 3524 tamen
1353 3477 1409 3524 et
1434 3468 1660 3525 nihilum
1700 3476 1783 3526 est
1829 3469 1972 3542 quod

372 3558 514 3615 nulla
537 3558 833 3615 substantia
866 3574 1090 3633 usquam
1113 3566 1217 3618 est.
1254 3560 1537 3618 Excelsum
1569 3563 1711 3618 enim
1743 3570 1856 3630 est,
1877 3560 1973 3619 sed

374 3653 701 3723 profundum
733 3653 850 3727 ejus
878 3664 962 3711 est
996 3673 1011 3710 :
1043 3664 1167 3711 nam
1193 3654 1238 3711 si
1270 3654 1542 3712 excelsum
1583 3671 1690 3711 non
1728 3655 1819 3721 sit,
1854 3671 1976 3727 pro—

376 3734 598 3802 l’undum
652 3763 758 3803 non
813 3752 989 3820 potest
1033 3760 1315 3821 apparere.
1366 3746 1608 3805 Solidum
1639 3746 1684 3805 si
1733 3744 1972 3819 nescias,

377 3839 538 3896 inane
566 3856 672 3896 non
700 3840 983 3913 perstricis.
1012 3839 1153 3898 Sunt
1186 3858 1314 3914 ergo
1330 3858 1449 3915 qua:
1476 3842 1775 3899 substantia
1824 3852 1971 3913 sunt,

376 3939 503 3990 sunt
532 3942 583 3989 et
614 3944 735 4005 quae
767 3940 872 3990 non
899 3951 995 3991 sua
1038 3934 1342 3992 substantia
1385 3935 1600 3992 utentes
1648 3945 1818 3992 sunt:
1848 3934 1972 4008 quia

378 4021 473 4085 ill'a‘
498 4036 623 4084 sunt
651 4043 770 4100 qua:
815 4026 1111 4085 substantia
1150 4037 1296 4098 sunt,
1328 4045 1396 4087 ex
1438 4029 1523 4085 liis
1566 4044 1830 4103 apparere
1866 4026 1975 4087 illis

376 4116 599 4179 obvenit
610 4137 731 4193 quae
752 4120 1049 4179 substantia
1070 4138 1182 4179 non
1201 4131 1346 4190 sunt,
1376 4127 1435 4178 ut
1459 4121 1687 4194 pruinas,
1711 4132 1767 4179 ιιι
1787 4120 1971 4196 gelus:

377 4218 502 4288 quae
530 4224 812 4287 apparent,
846 4214 940 4272 sed
968 4215 1091 4287 quia
1124 4215 1422 4272 substantia
1449 4230 1546 4272 sua
1592 4230 1696 4271 non
1730 4225 1971 4285 utuntur,

377 4322 444 4363 ex
472 4312 593 4364 actu
621 4306 839 4379 frigoris
860 4307 966 4365 illis
1005 4323 1126 4365 esse
1150 4306 1388 4375 ochuit,
1423 4306 1687 4365 tluescunt
1715 4317 1771 4366 et
1800 4308 1975 4368 soluta

377 4394 695 4470 depereunt.
731 4398 800 4455 Et
838 4399 1038 4473 glacies
1068 4404 1245 4458 tamen
1273 4416 1339 4457 ex
1369 4406 1507 4472 aqua
1535 4402 1639 4469 est,
1693 4402 1789 4459 sed
1834 4396 1976 4461 aeris

378 4488 556 4562 rigore
576 4494 982 4564 constringitur.
1003 4492 1118 4550 Duo
1134 4502 1264 4566 ergo
1286 4490 1440 4550 video
1460 4508 1612 4565 aqua:
1633 4509 1777 4563 esse,
1804 4493 1979 4569 liquo-

2078 3285 2171 3325 rus
2198 3278 2392 3327 sensus
2419 3282 2504 3330 est
2535 3292 2548 3327 :
2576 3283 2737 3346 atque
2765 3286 3092 3335 coaeternum
3135 3296 3256 3338 esse
3300 3281 3444 3353 quod
3491 3283 3678 3356 bellat,

2076 3371 2133 3419 et
2155 3363 2364 3435 opinari
2399 3368 2536 3423 vinci
2559 3368 2783 3425 alterum
2809 3367 2876 3426 de
2904 3367 3140 3440 teier'nis,
3169 3374 3287 3447 ejus
3308 3386 3388 3433 est
3414 3378 3504 3450 qui
3534 3378 3680 3438 dicat

2076 3467 2132 3514 et
2171 3458 2340 3533 ipsam
2386 3457 2559 3517 lucem
2589 3466 2929 3535 Quocumque
2968 3464 3167 3522 szeculo
3194 3474 3300 3524 non
3328 3470 3584 3542 futuram;
3619 3468 3677 3530 id

2077 3549 2253 3619 ipsum
2296 3560 2473 3607 tamen
2523 3553 2569 3609 si
2609 3553 2852 3624 exaudis,
2893 3558 3005 3627 jam
3051 3560 3216 3617 solent
3250 3560 3519 3636 intelliges
3566 3582 3673 3623 non

2075 3634 2337 3699 futurum.
2360 3638 2568 3701 Etcum
2598 3645 2649 3702 ei
2676 3662 2796 3704 esse
2817 3648 2889 3705 sit
2925 3650 3177 3722 cepisse,
3209 3653 3256 3709 ει
3282 3664 3336 3711 ει
3360 3662 3391 3711 a
3423 3634 3483 3714 se
3504 3659 3676 3716 exsis-

2077 3735 2209 3791 tentl
2232 3735 2372 3807 quod
2398 3738 2692 3807 periturum
2722 3739 2793 3796 sit
2818 3740 2877 3797 fit
2898 3743 3194 3813 periculum
3213 3788 3227 3814 ,
3251 3752 3380 3819 erg'o
3407 3749 3565 3807 bellat
3593 3752 3676 3809 itt-

2076 3830 2307 3913 genitus,
2326 3826 2726 3904 ingenituntque
2752 3842 2836 3890 est
2855 3837 2999 3905 quod
3019 3837 3088 3893 ab
3107 3840 3347 3910 ingenito
3362 3848 3670 3913 superatur.

2074 3912 2343 3994 Numquid
2366 3922 2533 3982 audes
2561 3914 2627 3982 de
2654 3926 2908 3998 ingenitis
2931 3930 3059 4002 quid
3092 3933 3244 4003 prius
3265 3936 3491 4008 cw’perit
3528 3940 3675 3997 aesti-

2076 4018 2267 4073 inare?
2292 4034 2355 4075 ac
2371 4018 2438 4075 de
2458 4020 2573 4075 snlo
2589 4019 2779 4107 ordine
2800 4022 2940 4081 forte
2965 4022 3294 4097 dissimules,
3331 4028 3671 4107 cmpisSeqd‘e

2079 4110 2281 4181 pariter
2310 4104 2606 4169 fabuleris?
2632 4110 2863 4171 Potesne
2889 4115 3061 4189 maju's‘
3087 4127 3141 4174 et
3166 4121 3343 4179 minus
3360 4120 3430 4180 de
3453 4104 3674 4183 aeternis

2078 4199 2330 4275 ingenuis
2358 4202 2649 4261 arbitrari?
2677 4202 2733 4261 Si
2763 4206 3321 4285 tenebrasantefet‘es,
3358 4214 3490 4288 ipsis
3518 4215 3674 4276 dabis

2078 4304 2238 4353 omne
2268 4297 2605 4369 principium,
2637 4307 2692 4356 et
2719 4310 2903 4357 earum
2927 4303 3031 4359 erit
3054 4314 3183 4363 esse
3216 4306 3470 4380 majores.
3501 4309 3559 4368 Si
3584 4310 3675 4368 lu-

2078 4398 2203 4446 men
2244 4382 2434 4447 futel‘is
2483 4390 2778 4465 antiquius,
2818 4395 2888 4453 ab
2928 4387 3026 4454 eo'
3060 4400 3239 4456 omnia
3268 4401 3564 4462 conﬁteris.
3612 4402 3677 4465 Si

2078 4486 2363 4556 utrumque
2386 4492 2538 4557 teque
2578 4500 2817 4543 coaevum
2862 4490 3145 4561 perspicis,
3172 4496 3265 4549 aut
3293 4495 3437 4554 vinci
3479 4508 3676 4557 neutro

376 4590 493 4642 rem
527 4592 581 4643 et
606 4586 804 4659 gelum.
832 4585 998 4661 igitur
1012 4587 1308 4647 substantia
1342 4584 1485 4664 quod
1513 4599 1616 4660 est,
1648 4593 1823 4665 liquor
1852 4603 1972 4649 est:

2083 4576 2206 4645 erit,
2235 4584 2328 4633 aut
2356 4576 2595 4636 manebit
2623 4580 2778 4636 alteri
2809 4576 2955 4653 quod
2979 4592 3119 4641 unus
3151 4592 3444 4661 exceperit.
3489 4591 3555 4650 Et
3579 4593 3676 4652 ubi

377 4678 523 4748 quod
547 4690 724 4738 autem
742 4682 793 4739 ei
838 4688 958 4739 actu
985 4680 1224 4751 obvenit,
1249 4683 1367 4756 ejus
1393 4686 1561 4758 ipsius
1587 4684 1648 4742 tit
1669 4688 1721 4742 in
1746 4685 1974 4759 glaciem

377 4776 521 4848 quod
548 4777 790 4850 gelaScit.
820 4770 930 4835 Sed
961 4779 1083 4850 quia
1118 4768 1318 4852 glacies
1344 4780 1456 4853 ipsa
1483 4781 1780 4838 substantia
1830 4780 1976 4838 nulla

380 4876 485 4940 est,
509 4870 716 4943 deperit
745 4881 798 4929 et
814 4871 1074 4943 aufertur,
1100 4883 1155 4932 et
1172 4884 1349 4932 tamen
1374 4892 1529 4949 aqua:
1551 4877 1729 4950 liquor
1753 4890 1978 4935 manens

379 4966 676 5023 subStantia
708 4974 1040 5039 perseverat.

451 5054 547 5117 Xl.
597 5059 664 5117 Et
713 5060 814 5118 hac
860 5061 1077 5135 quidem
1122 5062 1391 5120 mundana
1439 5074 1565 5121 sunt
1597 5083 1612 5121 :
1644 5081 1763 5138 qua:
1809 5076 1903 5123 aut
1946 5082 1978 5123 a

382 5162 627 5213 creatore
678 5166 843 5223 sunt,
895 5166 987 5212 aut
1041 5166 1250 5214 natura.
1309 5152 1508 5215 Verum
1558 5156 1647 5216 illa
1699 5163 1978 5234 superiora

384 5252 691 5323 postrema,
767 5259 927 5324 atque
979 5252 1099 5308 sine
1145 5246 1300 5309 initio
1348 5254 1545 5324 prima,
1599 5271 1718 5325 ιιιιίε
1790 5253 1981 5312 simili-

381 5345 570 5401 tuditte
630 5353 858 5410 carent,
918 5343 1321 5417 comparatione
1371 5342 1659 5415 deficiunt,
1712 5364 1833 5420 quae
1871 5363 1976 5405 non

382 5434 682 5512 imaginum“
714 5438 962 5510 exemplo
999 5434 1320 5507 formantur,
1353 5438 1549 5511 quibus
1576 5432 1707 5496 nihil
1753 5455 1847 5510 par
1872 5449 1978 5506 est,

383 5530 515 5591 nihil
544 5532 691 5605 prius
725 5530 957 5606 :qnibus
1006 5533 1141 5590 ultra
1170 5550 1275 5589 non
1326 5540 1504 5605 potest
1532 5530 1812 5603 aestimari,
1861 5550 1983 5607 qua:

383 5645 452 5687 eo
482 5629 598 5685 soln
623 5629 1014 5700 comprehensa
1044 5626 1358 5699 sunt,-quod
1384 5627 1830 5698 incomprehensa
1858 5645 1988 5685 nos-

385 5730 600 5788 cuntur,
637 5736 741 5776 non
770 5736 832 5777 ea
863 5728 1024 5777 causa
1053 5719 1137 5778 vel
1159 5711 1329 5775 forma
1368 5727 1545 5774 actum
1570 5718 1792 5789 habent,
1824 5727 1986 5791 atque

390 5807 480 5869 illa
509 5829 630 5885 qua:
655 5804 797 5870 dicta
827 5810 975 5883 stitit,
1019 5818 1140 5885 qua:
1168 5809 1401 5869 mundus
1429 5802 1590 5869 habet
1618 5812 1720 5871 iste
1758 5828 1981 5889 compo-

2081 4669 2168 4729 hic
2192 4672 2296 4729 erit
2323 4674 2663 4745 omnipotens
2690 4677 2773 4733 vel
2808 4684 3042 4734 teternus
3060 4680 3086 4734 ι
3114 4682 3368 4754 numquid
3394 4684 3451 4741 in
3497 4688 3674 4747 altero

2080 4764 2316 4836 ipsorum
2346 4766 2516 4823 vietor
2568 4767 2689 4834 erit,
2727 4777 2780 4824 et
2824 4769 2876 4824 in
2917 4772 3027 4841 pari
3065 4773 3357 4832 existentia‘
3382 4780 3470 4836 tiet
3509 4788 3674 4839 causa

2079 4853 2375 4925 dissimilis,
2422 4870 2476 4914 et
2505 4859 2863 4931 ingenitorum
2896 4864 3093 4921 bellum
3124 4878 3274 4940 reget
3303 4880 3547 4943 eventus,
3582 4884 3678 4933 aut

2080 4951 2336 5022 suscipiet
2360 4951 2553 5008 casus?
2581 4954 2733 5011 Absit
2758 4957 2952 5013 animae
2981 4961 3163 5016 sensui
3209 4962 3490 5023 advertere
3530 4965 3676 5026 hunc

2078 5054 2341 5109 errorem,
2371 5053 2531 5116 atque
2559 5054 2664 5100 tam
2690 5058 2958 5107 amentem
2996 5051 3402 5126 intelligentiam
3431 5059 3679 5118 conﬁteri

2081 5133 2297 5205 abjiciat
2325 5148 2448 5206 Spes
2494 5137 2744 5195 humana.
2779 5137 2928 5197 Unus
2955 5150 3131 5200 exstat
3158 5147 3444 5218 ingenitus,
3470 5150 3538 5208 ab
3569 5162 3680 5210 uno

2082 5229 2302 5287 domino
2348 5238 2538 5289 cuneta
2587 5242 2970 5305 provenerunt.
3028 5237 3224 5296 Verum
3277 5243 3418 5314 quod
3468 5242 3683 5306 diversa

2081 5322 2323 5394 citisdem
2357 5337 2481 5382 sunt
2507 5335 2668 5383 causa
2718 5328 3058 5399 omnipotens
3102 5331 3371 5390 invenitur
3397 5334 3467 5393 ab
3501 5336 3682 5395 omni-

2080 5416 2182 5474 bus
2211 5419 2494 5489 creaturis,
2535 5432 2591 5477 et
2618 5430 2743 5479 ante
2775 5423 3030 5495 principia
3063 5422 3123 5480 et‘
3165 5423 3323 5483 lines.

2155 5506 2297 5568 Xlll.
2328 5512 2403 5568 ita
2447 5526 2577 5586 ergo
2599 5522 2664 5571 ex
2694 5520 2826 5572 vero
2866 5515 3007 5587 quod
3040 5526 3123 5573 est
3167 5505 3423 5588 provenit
3463 5528 3519 5579 et
3561 5514 3698 5581 falso

2086 5612 2229 5671 esse,
2259 5612 2397 5662 utet
2426 5608 2630 5663 umbrae
2658 5608 2726 5664 de
2760 5608 2985 5666 solidis.
3029 5608 3095 5667 ει-
3137 5610 3290 5669 enim
3319 5614 3550 5673 solidum
3582 5628 3694 5676 non

2089 5700 2182 5767 Sit,
2216 5706 2390 5772 neque
2410 5702 2597 5758 umbra
2636 5703 2725 5758 sit.
2754 5702 2824 5759 Et
2862 5700 2963 5760 huc
2988 5710 3438 5781 e'st'my's'terium
3462 5713 3575 5770 veri
3605 5720 3699 5772 ve-

2106 5794 2247 5850 rum.
2275 5795 2415 5863 ριιιε·
2442 5796 2584 5851 enim
2616 5800 2763 5853 verte
2786 5800 2931 5866 sum,
2955 5804 3033 5855 ef
3064 5796 3148 5858 bis
3178 5810 3439 5875 apparent
3484 5812 3539 5864 et
3566 5822 3689 5882 qua:
