4046 6302
483 267 624 330 1007

1720 249 1920 309 MAR"
1952 241 2298 307 VICTORINI
2333 244 2497 307 ΛΕΜ

3632 252 3752 313 1008

486 401 595 444 non
626 387 850 448 sunt,ut
875 386 932 437 et
955 374 1055 435 sibi
1085 388 1115 431 a
1143 387 1201 432 se
1230 372 1319 440 sit,
1339 377 1500 443 atque
1537 368 1659 426 aliis
1686 377 1746 424 ut
1771 369 1879 424 sint
1909 366 2090 422 fundat
2116 367 2171 427 Α
2194 382 2419 438 qumque
2482 366 2656 423 omnis
2711 366 2942 424 mundus
2998 374 3300 425 enumerat.
3348 367 3543 426 Verum
3603 374 3753 429 omni-

486 494 555 535 ex
579 493 661 545 se,
690 491 796 531 non
822 474 902 530 sui
934 487 1119 543 Opera,
1165 484 1272 524 non
1301 466 1507 531 labore,
1545 478 1650 517 non
1680 462 1933 527 materia,
1978 475 2083 513 non
2130 528 2135 537 ‘

487 581 703 637 natura,
740 582 916 639 neque
958 562 1277 621 substantia.
1309 559 1367 615 Si
1404 557 1546 613 enim
1594 564 1677 610 est
1729 550 2084 623 omnipotenti

487 679 611 722 esse
632 671 824 729 totum,
847 658 989 732 quod
1009 668 1160 713 extra
1186 662 1291 719 est,
1319 652 1435 724 ejus
1458 657 1560 706 est.
1580 646 1730 717 Quod
1758 647 1801 702 si
1822 644 1945 717 quid
1969 644 2086 699 sine

484 772 553 815 eo
580 755 820 822 obvenit,
846 761 930 809 est
955 758 1143 807 neuter
1172 746 1533 815 multipotens,
1556 753 1610 796 et
1630 749 1749 795 actu
1776 753 1903 793 casn
1939 736 2086 807 priu-

483 850 623 920 cipia
645 845 1023 905 accedentibus
1043 848 1294 897 crescunt
1319 838 1520 892 minuta
1541 834 1727 904 utique
1750 827 1963 903 quando
1992 827 2087 883 ad-

483 944 594 999 dita
626 941 886 999 fecerunt.
917 935 1135 993 Umbra:
1156 931 1389 1003 denique
1416 944 1537 1001 qua:
1566 924 1810 992 materia,
1843 938 1962 995 qua:
1990 936 2086 975 na-

407 1092 412 1099 .
481 1047 605 1094 tura
631 1045 733 1101 est,
763 1049 882 1106 qua:
911 1032 1029 1087 sine
1056 1030 1228 1085 altero
1256 1042 1361 1082 non
1389 1031 1632 1096 apparet,
1663 1035 1835 1090 neque
1858 1017 2085 1074 habetur

482 1133 539 1188 in
570 1127 843 1187 tenebris?
874 1124 980 1184 Sed
1002 1124 1126 1196 quia
1151 1122 1266 1178 haec
1285 1134 1383 1176 sua
1398 1114 1698 1175 substantia
1724 1128 1831 1169 non
1853 1120 1956 1178 est,
1988 1124 2085 1167 ne-

482 1240 588 1297 que
617 1238 647 1279 a
677 1220 857 1291 seipsa
880 1228 981 1285 est,
1007 1214 1279 1273 evanescit
1308 1226 1371 1268 ac
1400 1210 1631 1281 deperit,
1663 1215 1718 1263 et
1743 1218 1920 1262 tamen
1949 1203 2082 1260 soli-

478 1317 630 1384 dutn,
655 1331 688 1373 e
716 1328 824 1386 quo
869 1310 1139 1369 interdum
1173 1307 1360 1364 umbra
1389 1311 1491 1366 est.
1521 1301 1824 1359 consistens
1860 1313 1959 1355 suo
1988 1312 2083 1353 ro-

478 1411 614 1469 bore
644 1416 971 1480 perseverat.
998 1404 1193 1461 Mirare
1218 1397 1389 1456 Manis
1410 1396 1647 1468 Babylon
1676 1396 1778 1450 ista
1804 1392 2080 1466 mysteria,

478 1514 535 1560 et
559 1505 657 1560 has
676 1499 1059 1573 omnipotentis
1079 1496 1289 1553 divitias
1316 1511 1331 1550 :
1353 1491 1611 1549 conﬁtere
1633 1488 1767 1546 nihil
1796 1502 1917 1544 esse
1939 1483 2081 1558 quod

481 1608 592 1649 non
615 1591 733 1663 ejus
760 1591 832 1647 sit
850 1604 1008 1662 quem
1023 1596 1281 1644 aeternum
1299 1580 1592 1646 venereris,
1617 1594 1776 1651 quem
1807 1577 2081 1634 dominum

477 1685 721 1751 fatearis,
749 1682 835 1740 cui
852 1682 923 1738 sit
943 1678 1071 1736 nihil
1094 1677 1354 1735 anterius.
1379 1674 1446 1731 Et
1475 1670 1926 1746 quemadmodum
1947 1684 2082 1725 con-

2192 461 2393 529 potcnti
2423 461 2538 517 hazc
2566 460 2799 518 adscribi
2844 478 2951 517 non
2982 472 3225 534 possunt.
3271 461 3368 518 Est
3417 463 3676 534 disciplina
3704 473 3749 521 ut

2190 553 2274 609 lex
2302 554 2353 610 ei
2382 554 2597 627 sitquid
2647 571 2711 611 ex
2765 571 2831 612 eo
2858 572 2980 613 es~e
3031 558 3232 628 possit,
3280 556 3405 629 quid
3438 574 3538 612 non
3567 557 3751 629 possit,

2188 648 2314 717 quid
2347 650 2417 705 ab
2444 650 2561 721 ipso
2585 692 2600 718 ,
2621 650 2748 722 quid
2777 666 2874 722 per
2902 651 3097 725 ipsum.
3138 652 3306 709 Recte
3350 652 3451 709 ista
3472 652 3665 724 colligis
3708 663 3753 710 ct

2188 741 2443 814 astringis
2467 785 2483 812 ,
2512 742 2557 799 si
2597 744 3024 816 omnipotentem
3076 746 3295 802 minime
3322 747 3609 804 conﬁteris.
3634 751 3694 804 At
3715 747 3755 805 si

2187 850 2377 905 sparsa
2405 850 2499 905 per
2528 844 2697 892 totum
2725 837 2844 909 ejus
2873 838 3041 894 virtus
3064 850 3147 894 est
3175 851 3227 894 e:
3264 838 3540 895 :eteruitas
3559 881 3575 906 ,
3604 855 3757 912 neque

2188 928 2238 984 ei
2271 937 2328 983 ut
2349 936 2497 987 esset
2512 945 2577 986 ex
2601 930 2773 987 altero
2798 932 3056 998 obvenit,
3085 931 3271 1002 utique
3306 934 3485 988 omnia
3511 941 3597 989 aut
3621 933 3682 988 ab
3701 949 3757 991 eo

2188 1030 2281 1076 aut
2301 1020 2367 1077 dc
2388 1037 2476 1090 eo,
2500 1032 2593 1077 aut
2614 1038 2709 1094 per
2733 1040 2855 1080 eum
2881 1064 2898 1091 ,
2922 1033 3013 1079 aut
3039 1024 3335 1081 obveniant
3361 1065 3376 1092 ,
3402 1034 3494 1080 aut
3513 1034 3752 1081 creantur.

2186 1112 2313 1171 Ideo
2338 1131 2467 1187 ergo
2495 1125 2548 1171 et
2581 1117 2781 1173 malum
2811 1118 2880 1174 ab
2913 1133 2981 1174 eo
3016 1127 3075 1173 ιιι
3122 1126 3268 1174 esset
3318 1118 3546 1189 accepit.
3587 1118 3757 1175 Malum

2188 1215 2366 1265 tamen
2386 1207 2491 1265 hoe
2518 1210 2657 1281 quod
2686 1210 2898 1267 diemon
2930 1209 3166 1277 dicitur;
3196 1219 3390 1267 castera
3426 1209 3567 1266 enim
3591 1212 3631 1268 si
3669 1227 3757 1283 qua

2186 1312 2456 1374 suntquae
2496 1305 2694 1360 malum
2743 1304 2892 1360 dicas
2922 1347 2937 1372 ,
2992 1304 3350 1360 substantiam
3400 1321 3508 1361 non
3546 1306 3757 1374 habent,

2189 1405 2283 1452 aut
2303 1407 2573 1453 naturam.
2593 1397 2809 1453 Daemon
2823 1406 3004 1454 autem
3022 1414 3164 1454 nunc
3194 1398 3389 1469 bonus,
3420 1413 3563 1455 nunc
3590 1399 3755 1466 malus,

2186 1489 2445 1560 Angeliea
2469 1498 2715 1547 creatura
2738 1482 3029 1557 consistit,
3064 1492 3221 1547 sicuti
3270 1491 3430 1549 docet
3470 1490 3627 1549 Attici
3665 1492 3760 1549 oris

2187 1583 2484 1652 expressio,
2517 1582 2746 1640 dicentis
2779 1600 2794 1638 :
2821 1594 3056 1642 ΛΓΛΘΟΣ
3082 1594 3343 1654 ΔΑΙΜΩΝ,
3381 1595 3436 1642 et
3462 1595 3760 1645 mosm-

2185 1675 2407 1732 MON.Et
2425 1692 2546 1732 eum
2565 1677 2737 1749 ipsum
2756 1677 2951 1734 bonum
2967 1681 3202 1750 esse,qui
3217 1680 3372 1743 κακὸς
3383 1679 3575 1736 dicitur
3586 1679 3761 1753 postdi-

477 1779 629 1836 γεηίι
658 1776 859 1847 aliquid
908 1790 1015 1830 ηοη
1055 1772 1173 1845 ejus
1201 1770 1285 1826 vel
1330 1769 1398 1825 ab
1445 1783 1511 1823 eo
1569 1780 1711 1833 esse,
1755 1773 1879 1819 ante
1918 1778 2077 1835 quem
2107 1769 2156 1830 B
2184 1769 2630 1842 cemus.Reliqua
2646 1782 2824 1828 autem
2847 1787 3072 1844 qumque
3094 1773 3293 1829 malum
3310 1773 3527 1841 dicis,si
3541 1789 3760 1830 errorum

476 1873 624 1930 aliud
652 1870 787 1928 nihil
813 1867 1106 1937 intendas?
1131 1865 1238 1924 Sed
1270 1863 1413 1937 quod
1454 1861 1687 1918 turbaris
1733 1872 1930 1951 auceps
1962 1855 2084 1929 vagi

477 1966 684 2025 erroris
712 1979 843 2022 cura
869 1962 1150 2028 sollicitus,
1189 1960 1355 2015 immo
1380 1956 1502 2012 vani
1530 1953 1690 2011 studii
1728 1953 1914 2009 labore
1954 1966 2082 2008 con-

479 2058 653 2128 fusus,
699 2056 957 2128 deceptus
980 2052 1159 2110 hebeti
1186 2066 1370 2118 sensu,
1387 2047 1713 2120 auspicantis
1734 2046 1925 2100 animm
1940 2042 2085 2100 rudi-

477 2159 665 2207 menta
689 2147 911 2219 majoris
939 2142 1300 2216 inquisitionis
1329 2140 1567 2198 amentia
1589 2138 1866 2195 sauciasti.
1909 2136 2083 2193 Revo-

477 2258 545 2300 ca
573 2242 626 2298 iu
646 2241 818 2313 prima
839 2239 1063 2310 vestigia
1084 2252 1243 2295 curas
1261 2234 1553 2291 indomitas
1572 2276 1587 2302 ,
1613 2242 1668 2289 et
1686 2247 1838 2289 cessa
1860 2229 2084 2287 credere

476 2351 641 2392 unam
679 2334 1033 2391 aeternitatem
1073 2331 1181 2387 duo
1211 2344 1374 2401 regna
1422 2325 1741 2399 sumpsisse,
1775 2334 1833 2383 et
1875 2339 1935 2381 se
1963 2323 2082 2396 qui-

476 2430 624 2498 dem,
655 2438 715 2487 ut
741 2430 841 2497 ais,
874 2430 990 2500 ipsa
1014 2426 1293 2483 tentantia.

474 2510 481 2516 ’
548 2524 689 2582 XIV.
717 2524 793 2580 De
821 2522 1032 2580 duobus
1054 2520 1274 2577 arternis
1299 2518 1343 2575 si
1367 2516 1508 2574 vinci
1534 2517 1621 2572 uni
1648 2516 1772 2582 erit,
1805 2513 2081 2571 mternitas

474 2617 702 2694 praecisa
727 2615 1005 2674 residebit.
1040 2614 1254 2671 Habent
1282 2627 1413 2685 ergo
1441 2612 1538 2667 lux
1560 2620 1614 2666 et
1646 2609 1887 2666 tenehrm
1910 2608 2078 2681 paria,

476 2713 719 2787 atquein
745 2728 805 2770 se
842 2710 1078 2777 diversa,
1131 2711 1295 2766 immo
1339 2694 1611 2764 contraria
1643 2724 1656 2760 :
1688 2703 1926 2777 putentia
1975 2716 2081 2757 una

485 2808 770 2874 convenit,
803 2805 899 2863 sed
926 2806 978 2860 in
1009 2805 1175 2859 altera
1201 2800 1493 2875 aliquando
1514 2800 1766 2857 cessabit.
1807 2796 1924 2855 Jam
1973 2813 2076 2851 non

474 2882 664 2963 eadem
696 2911 800 2968 est,
826 2902 872 2958 si
903 2901 1226 2971 ubicumque
1274 2907 1544 2970 speratur,
1574 2896 1619 2951 si
1651 2894 1786 2950 alter
1837 2892 2076 2964 ipsorum

480 3008 607 3056 ante
627 2996 861 3062 deﬁciet,
878 2991 1003 3060 erit,
1030 2991 1262 3059 .lusdne,
1283 3001 1340 3045 ut
1367 2988 1587 3045 fatearis
1610 3003 1772 3041 unum
1796 2999 1915 3042 esse
1932 2984 2080 3056 prin—

476 3091 700 3163 cipium,
728 3089 773 3145 si
806 3104 942 3144 untts
969 3087 1141 3141 victor
1183 3093 1270 3141 est
1295 3083 1363 3140 de
1380 3082 1608 3138 duobus.
1633 3079 1793 3137 Certe
1817 3076 1961 3150 quod
1991 3077 2074 3132 in-

2187 1863 2315 1918 vitia
2356 1864 2764 1936 conquiescant,
2786 1866 3041 1923 nascendi
3065 1866 3327 1940 originem
3354 1883 3461 1925 non
3488 1868 3757 1924 habebunt.

2257 1957 2398 2016 XVI.
2428 1958 2506 2016 Ne
2532 1975 2662 2016 sane
2697 1960 2934 2019 conteris
2974 1962 3099 2018 mali
3150 1964 3385 2034 impulsu
3451 1979 3574 2021 esse
3604 1963 3686 2036 qui
3711 1962 3756 2020 in

2187 2052 2313 2109 vitia
2368 2054 2447 2110 ire
2478 2056 2815 2127 praecipitet,
2857 2057 3012 2128 quasi
3065 2058 3345 2115 existentis
3405 2058 3645 2133 alicujus,
3685 2066 3763 2115 aut

2186 2147 2290 2203 orti
2337 2146 2528 2205 factive
2568 2149 2888 2205 substantia.
2948 2150 3140 2206 Anima
3198 2161 3325 2221 est,
3373 2169 3499 2225 qua:
3523 2153 3575 2209 in
3620 2153 3763 2209 liber-

2187 2248 2295 2297 tate
2320 2240 2622 2299 consistens
2646 2282 2662 2310 ,
2687 2242 3107 2301 dominationem
3137 2244 3241 2301 sibi
3281 2260 3597 2302 concessam
3625 2243 3761 2301 liberi

2183 2336 2390 2394 arbitrii
2467 2336 2683 2393 licentia
2752 2337 2989 2393 violavit.
3067 2337 3370 2411 Cupiditate
3417 2350 3475 2397 et
3534 2340 3763 2411 concupi-

2182 2431 2388 2486 scentia
2409 2431 2623 2487 curiosa
2650 2431 2828 2503 p0tius
2858 2431 3126 2503 decipitur
3146 2449 3307 2505 quam
3334 2436 3593 2506 superba.
3621 2434 3764 2492 Dein-

2182 2523 2250 2581 de
2276 2524 2504 2581 duarum
2531 2525 2954 2582 substantiarum
3000 2525 3278 2584 dominum
3318 2529 3476 2587 nobis
3526 2545 3642 2588 esse
3681 2530 3765 2587 do-

2183 2619 2513 2689 minantem,
2545 2631 2634 2676 ant
2679 2623 2910 2694 gemina:
2940 2623 3025 2680 vel
3079 2624 3256 2695 potius
3300 2625 3641 2682 multiformis
3676 2639 3762 2680 na-

2184 2724 2317 2772 tura:
2346 2714 2584 2771 humana
2613 2732 2778 2789 regna
2814 2717 3116 2774 innumeris
3141 2718 3394 2791 gentibus
3414 2720 3760 2776 dominantur.

2179 2806 2259 2864 Ita
2286 2798 2429 2864 enim
2459 2808 2746 2866 delectaris
2773 2809 3063 2881 exemplis,
3099 2821 3158 2866 ut
3184 2810 3380 2883 diligas
3407 2823 3610 2870 aeterna
3653 2828 3761 2884 per-

2180 2910 2344 2974 petua
2388 2919 2481 2974 per
2525 2904 2772 2959 mortalia
2817 2915 2873 2960 et
2922 2904 3127 2962 caduca
3172 2908 3507 2979 perspicere.
3551 2906 3760 2964 Carnem

2181 3010 2350 3067 negas
2377 2996 2429 3050 in
2462 2993 2712 3064 Christo,
2742 3005 2799 3053 et
2821 2996 3097 3055 hominem
3118 2999 3395 3057 conﬁteris
3422 3019 3436 3055 :
3467 3010 3644 3057 natum
3671 3014 3763 3055 non

2180 3088 2281 3156 vis,
2315 3098 2368 3144 et
2394 3089 2589 3145 vixisse
2620 3106 2726 3145 non
2756 3089 2984 3146 abnuis:
3015 3093 3252 3149 occisum
3280 3109 3311 3147 a
3330 3092 3533 3152 Judais
3560 3095 3762 3161 clamas,

475 3184 660 3255 telligo
692 3183 741 3236 in
765 3178 1132 3251 superioribus
1161 3175 1414 3242 excelsiS.
1437 3183 1492 3231 et
1512 3172 1658 3230 omni
1691 3170 1961 3227 allillldini
1988 3185 2082 3225 θκ-
2108 3164 2155 3229 C
2185 3192 2241 3238 et
2267 3183 2407 3255 quod
2440 3183 2776 3239 vulneratum
2804 3193 2887 3241 est
2916 3186 3154 3242 mstimas
3181 3202 3285 3243 non
3318 3185 3505 3245 fuisse.
3534 3187 3610 3243 Ita
3632 3201 3762 3242 mor-

474 3285 675 3343 tremo,
703 3271 838 3329 nihil
867 3269 1111 3326 habitare
1155 3268 1299 3341 quod
1328 3266 1529 3323 malum
1559 3266 1790 3331 dicatur,
1825 3261 1969 3335 quod
2002 3262 2081 3317 ul-

478 3380 561 3428 tra
589 3366 826 3441 Angelos
871 3375 926 3422 et
953 3363 1324 3435 Archangelos
1355 3363 1604 3417 humanae
1646 3357 1950 3415 devotionis
1989 3371 2083 3428 pa-

475 3479 613 3522 vens
643 3461 919 3520 veneratio
956 3458 1281 3531 suSpicatur.
1321 3454 1655 3525 Sacrilegum
1688 3462 1771 3507 est
1806 3450 2077 3523 eloquium

475 3556 679 3614 malum
707 3555 758 3610 itt
786 3554 981 3610 talibus
1010 3551 1273 3617 habitare,
1313 3557 1404 3603 aut
1430 3545 1475 3602 si
1498 3546 1547 3602 ei
1571 3545 1682 3601 illic
1707 3555 1789 3601 est
1818 3544 1995 3611 sedes,
2026 3551 2083 3599 et

476 3651 596 3722 ipse
625 3655 838 3704 creator
889 3645 1170 3716 accipitur,
1201 3651 1464 3698 creaturae
1506 3640 1686 3707 omni,
1731 3648 1787 3695 et
1824 3637 1924 3710 ipsi
1977 3635 2079 3692 soli

479 3740 726 3799 diabolus
780 3737 1108 3795 dominatur.
1164 3735 1218 3792 Si
1269 3733 1414 3791 enim
1472 3742 1774 3789 comternus
1830 3740 1951 3796 est,
2008 3727 2079 3785 ibi

476 3844 583 3904 est,
612 3844 705 3891 aut
730 3834 775 3888 si
807 3829 880 3889 ibi
912 3845 1018 3887 non
1046 3837 1152 3894 est,
1177 3828 1245 3903 ,ιιι
1276 3842 1376 3883 suo
1424 3826 1608 3883 nescio
1643 3840 1749 3897 quo
1778 3837 1945 3895 regno
1972 3830 2074 3879 est.

478 3928 658 3987 Credo
682 3927 909 3984 alterum
958 3939 1063 3979 non
1103 3920 1264 3977 habet
1293 3920 1496 3987 solem,
1542 3934 1653 3974 non
1680 3917 1875 3975 caelum
1902 3956 1917 3983 ,
1971 3929 2076 3970 non

471 4023 734 4082 mundum
758 4063 774 4089 ,
822 4035 929 4077 non
974 4019 1184 4084 lucem,
1228 4030 1336 4073 non
1370 4016 1681 4072 veritatem;
1717 4014 1782 4070 Et
1820 4013 1866 4069 si
1897 4012 1945 4069 ei
1974 4009 2076 4082 ipsi

476 4116 608 4174 alibi
633 4129 855 4187 regnum
888 4120 993 4179 est,
1026 4109 1159 4167 nihil
1187 4124 1475 4165 commune
1503 4107 1621 4180 ejus
1654 4117 1734 4164 est
1763 4107 1920 4164 nobis
1944 4124 1958 4161 :
1985 4112 2080 4162 aut

474 4211 521 4269 si
550 4210 602 4266 in
635 4210 738 4265 hoc
768 4205 969 4264 mundo
989 4215 1092 4272 εει,
1116 4204 1228 4276 jam
1248 4204 1421 4260 victus
1441 4212 1546 4270 est,
1566 4202 1679 4274 jam
1701 4203 1814 4259 sole
1835 4208 1917 4256 est
1934 4242 1948 4267 ,
1966 4199 2078 4271 jam

471 4319 584 4362 non
611 4302 772 4360 habet
805 4301 970 4358 vires.
1001 4299 1157 4367 Quod
1195 4299 1238 4353 si
1280 4297 1498 4366 fateris,
1542 4296 1797 4367 intelligis
1827 4296 1943 4367 ipse
1974 4294 2079 4350 hoc

478 4397 588 4453 dici
628 4412 735 4453 non
762 4410 922 4468 posse
950 4393 1294 4466 principium,
1324 4391 1467 4463 quod
1496 4390 1790 4446 dominanti
1821 4389 2079 4461 perspicis

418 4510 423 4515 δ
475 4493 821 4563 captivatum.
863 4487 1130 4561 Numquid
1159 4486 1411 4544 convenit
1454 4486 1616 4544 rebus
1641 4485 1751 4542 duo
1781 4500 1902 4542 esse
1932 4500 2077 4541 sum-

2184 3284 2277 3330 tua
2320 3275 2561 3332 membra
2627 3276 2826 3332 asseris
2886 3276 3263 3335 damnatorum
3308 3279 3504 3336 dextra
3547 3279 3764 3349 lazvaque

2183 3370 2577 3439 cruciatorttm,
2631 3379 2689 3424 ut
2730 3371 2782 3426 in
2829 3370 2998 3443 ipsius
3045 3369 3247 3428 Christi
3274 3382 3358 3429 est
3404 3372 3656 3444 impletus
3693 3369 3763 3425 in-

2183 3462 2377 3519 teritus
2407 3474 2499 3520 :et
2525 3480 2709 3520 verum
2740 3465 3011 3522 hominem
3041 3480 3203 3523 carne
3229 3482 3334 3523 non
3365 3467 3472 3537 vis,
3491 3466 3582 3523 ubi
3600 3479 3763 3523 veram

2181 3554 2391 3612 invenis
2417 3556 2773 3628 sepulturam.
2797 3557 2936 3615 Ecce
2959 3601 2974 3627 ,
3006 3558 3246 3631 iustine,
3293 3560 3439 3633 quod
3492 3576 3619 3617 vere
3654 3567 3760 3625 est,

2181 3664 2289 3704 non
2332 3648 2496 3706 fuisse
2536 3650 2750 3707 conaris
2803 3666 3078 3719 asserere,
3111 3663 3166 3709 et
3212 3652 3354 3725 quod
3401 3669 3512 3709 non
3557 3663 3637 3709 est
3678 3663 3766 3707 nec

2185 3739 2282 3796 fuit
2304 3784 2318 3808 ,
2349 3742 2638 3813 persistere
2669 3744 2854 3800 niteris
2876 3747 3201 3817 approbare.
3244 3744 3351 3803 Sed
3393 3755 3449 3803 te
3492 3746 3608 3819 ipso
3633 3759 3767 3802 com-

2182 3835 2417 3891 monitus
2439 3836 2771 3909 praeceptore
2791 3848 3106 3896 constanter
3128 3840 3353 3912 eloquor
3380 3858 3396 3896 :
3426 3841 3561 3899 Mori
3581 3850 3766 3898 :eterno

2181 3928 2439 4000 possibile
2485 3928 2617 3995 fuit;
2669 3945 2888 3989 carnem
2939 3948 3046 3988 non
3100 3931 3197 3988 fuit
3245 3932 3451 3991 habere
3498 3930 3766 4007 possibile?

2181 4019 2446 4078 Possibile
2475 4021 2524 4079 ei
2550 4032 2606 4079 et
2635 4022 2880 4083 ﬁrmasse
2906 4025 3048 4098 quod
3078 4042 3186 4083 non
3218 4036 3368 4095 erat;
3401 4043 3511 4084 non
3545 4028 3638 4085 fuit
3657 4042 3767 4095 pos-

2184 4114 2341 4172 sibile
2370 4115 2505 4174 duas
2533 4127 2750 4176 naturas
2775 4121 2978 4177 mundo
2997 4122 3298 4179 concedere
3316 4165 3331 4191 ,
3376 4122 3514 4181 lucis
3537 4132 3591 4181 et
3633 4130 3765 4179 tene-

2184 4208 2444 4264 brarum?
2495 4210 2753 4269 Dominus
2793 4214 3188 4271 contrariorum
3235 4217 3390 4288 origo
3427 4216 3631 4274 vit-tute
3670 4229 3766 4272 non

2184 4314 2359 4371 esset,
2388 4303 2479 4374 qui
2524 4303 2626 4360 sibi
2668 4313 2728 4362 ut
2769 4317 2915 4365 esset
2940 4324 3007 4364 ex
3037 4325 3097 4365 se
3126 4310 3246 4367 est?
3288 4311 3492 4380 Cessat,
3540 4309 3763 4375 Iustine,

2184 4410 2338 4452 cessa
2377 4395 2531 4452 i5tius
2571 4398 2821 4456 vanitatis
2866 4400 3167 4459 barbariem
3214 4401 3457 4476 diligenti
3498 4421 3622 4462 cura
3656 4416 3766 4474 cap-

2188 4497 2301 4544 tare
2320 4530 2336 4555 ,
2368 4497 2423 4545 et
2450 4489 2723 4549 Romanus
2751 4493 2835 4550 vir
2858 4507 2889 4548 a
2919 4492 3139 4552 Persico
3166 4496 3250 4554 vel
3289 4496 3669 4557 Armenorium
3691 4511 3766 4553 sa-

476 4600 586 4652 ma,
621 4585 728 4640 duo
756 4585 885 4653 ima,
909 4583 1019 4640 duo
1044 4582 1251 4639 inlinita
1276 4582 1298 4636 ?
1319 4579 1529 4636 Inﬁnita
1558 4579 1665 4635 duo
1691 4579 1794 4634 dici
1819 4594 1924 4634 non
1955 4594 2073 4649 pos-
2102 4561 2161 4625 Β
2184 4580 2403 4652 crilegio
2434 4582 2607 4640 nitere
2635 4587 2924 4643 removeri.
2966 4586 3313 4661 Nequaquam
3344 4592 3491 4649 enim
3537 4588 3767 4650 convenit

477 4685 636 4744 sunt,
664 4676 788 4744 quia
829 4676 916 4732 ubi
955 4674 1093 4731 alter
1121 4673 1339 4745 incipit,
1380 4680 1463 4729 est
1489 4670 1610 4727 ﬁnis
1641 4672 1902 4727 alterius:
1933 4685 2078 4725 sum-

477 4784 628 4826 mum
651 4778 831 4827 autem
857 4769 980 4826 ideo
1006 4778 1111 4837 est,
1130 4770 1175 4825 si
1207 4767 1348 4824 ultra
1374 4783 1495 4824 eum
1520 4766 1653 4823 nihil
1682 4776 1788 4833 est,
1824 4775 1984 4837 atque
2003 4765 2078 4820 ita

478 4867 649 4922 imum
670 4906 686 4929 ,
717 4864 763 4918 si
790 4865 930 4919 intra
946 4879 1068 4919 eum
1099 4862 1232 4918 nihil
1264 4871 1345 4919 est
1374 4871 1653 4933 totumque
1676 4872 1803 4919 tunc
1828 4861 2076 4929 habetur,

482 4958 698 5031 quando
723 4956 868 5013 aliud
897 4973 1002 5012 non
1033 4957 1279 5015 habetur.
1305 4957 1418 5013 Hoc
1440 4954 1484 5013 si
1515 4971 1653 5012 unus
1682 4966 1737 5012 et
1758 4956 1906 5013 solus
1939 4955 2081 5011 Deus

481 5061 590 5115 est,
617 5063 880 5116 summus,
914 5047 1176 5116 inﬁnitus,
1201 5064 1265 5105 ac
1294 5058 1462 5105 totum
1482 5090 1498 5117 ,
1527 5059 1687 5121 atque
1713 5047 2074 5120 omnipotens,

475 5152 641 5214 atque
657 5143 1018 5208 omniteueus,
1048 5142 1162 5212 ipse
1197 5142 1514 5213 principium
1543 5156 1682 5198 unus
1711 5151 1762 5198 et
1793 5140 1942 5198 solus
1966 5150 2073 5197 est.

551 5233 669 5292 XV.
715 5233 793 5290 Ne
833 5233 1202 5305 perturberis,
1257 5248 1325 5289 ne
1374 5237 1564 5289 anxius
1617 5245 1724 5288 tam
1774 5232 2068 5290 venerandi

460 5329 591 5405 veri
619 5327 977 5384 admiratione
1029 5326 1246 5382 territus
1290 5324 1638 5396 obstupescas
1695 5335 1749 5381 et
1801 5318 2023 5383 canceris
2051 5367 2067 5392 ,

475 5438 543 5480 eo
576 5425 720 5495 quod
761 5421 830 5479 de
882 5421 1027 5477 bono
1071 5429 1294 5475 auctore
1342 5418 1542 5474 malum
1595 5435 1701 5475 non
1735 5429 1911 5491 potest
1937 5421 2071 5477 obo—

470 5516 587 5572 riri.
617 5514 787 5572 Recte
809 5514 863 5571 in
891 5514 1154 5571 creaturis
1184 5513 1284 5569 ista
1312 5519 1599 5585 percontor
1624 5554 1638 5580 ,
1667 5523 1723 5569 ut
1747 5528 1866 5585 qua:
1883 5524 2062 5569 creata

471 5620 598 5668 sunt
622 5609 766 5666 aliud
796 5625 863 5667 ex
902 5623 963 5665 se
997 5623 1156 5680 quam
1198 5608 1313 5678 ipsa
1372 5614 1500 5663 sunt
1543 5622 1649 5662 non
1696 5607 1981 5674 emittant,
2008 5617 2066 5662 ut

442 5718 712 5782 _amarum
740 5702 810 5760 de
848 5701 1005 5759 dulce
1028 5742 1045 5769 ,
1098 5717 1166 5758 ex
1204 5700 1313 5775 igni
1361 5714 1538 5772 aqua,
1570 5715 1636 5757 ex
1686 5700 1875 5757 umbra
1905 5700 2061 5757 inferi

467 5806 695 5875 partus,
718 5812 784 5856 ex
813 5795 957 5870 ligno
986 5795 1183 5865 homo,
1234 5810 1302 5853 ex
1348 5795 1604 5855 iucarneo
1648 5809 1813 5866 caro,
1852 5804 1911 5853 et
1953 5796 2057 5854 alia

2186 4677 2448 4744 tenebris,
2479 4688 2572 4734 aut
2599 4674 2815 4737 diabolo
2841 4682 3150 4740 auctoribus
3172 4681 3311 4740 Mani
3335 4684 3390 4741 in
3414 4686 3541 4742 vitae
3567 4694 3766 4742 :eternze

2183 4771 2352 4844 gloria
2382 4773 2564 4846 regnis
2611 4791 2748 4831 vera:
2776 4775 2913 4834 lucis
2959 4775 3222 4837 habitare.
3275 4779 3342 4835 Et
3384 4795 3597 4837 cassum
3642 4791 3766 4836 nunc

2186 4881 2356 4938 usque
2378 4866 2491 4939 jugi
2542 4866 2717 4925 inedia
2756 4868 3016 4937 inimicat,
3045 4881 3103 4926 ut
3148 4873 3264 4941 ais,
3317 4875 3501 4930 carnis
3544 4871 3762 4930 membra

2186 4962 2413 5015 tenuasti
2443 5003 2459 5029 ,
2488 4976 2715 5031 censeas
2737 4964 2852 5036 ipse
2877 4965 3070 5022 anima:
3095 4966 3316 5025 ofﬁcere
3341 4969 3555 5025 meritis
3596 4984 3658 5024 ac
3678 4980 3763 5022 ua-

2189 5063 2322 5109 tura:
2353 5055 2487 5125 pasti
2525 5057 2768 5128 corporis
2798 5073 3021 5129 succos,
3057 5059 3122 5116 ad
3169 5061 3511 5134 piuguedinis
3538 5061 3766 5118 distenta

2183 5150 2545 5219 grassamina,
2590 5162 2752 5222 atque
2782 5150 3019 5222 ipsorum
3069 5152 3415 5211 abdominum
3469 5156 3610 5212 mole
3646 5166 3765 5224 pra:-

2181 5240 2392 5310 gravari
2412 5283 2427 5310 ,
2461 5241 2507 5298 si
2538 5252 2659 5313 post
2684 5242 2828 5299 hunc
2851 5243 3180 5315 jejuniorum
3208 5246 3445 5305 laborem
3478 5247 3545 5304 ad
3574 5253 3762 5303 creato.

2179 5349 2291 5389 rem
2324 5343 2505 5403 tuum,
2535 5352 2694 5408 quem
2741 5337 2821 5394 ais
2869 5350 2963 5395 aut
2990 5339 3295 5410 diabolum,
3341 5351 3435 5399 aut
3481 5341 3764 5401 exteriores

2178 5431 2455 5495 tenebras,
2488 5431 2798 5489 reverteris.
2842 5418 3030 5491 Melius
3077 5434 3312 5491 arbitror
3357 5450 3420 5492 ac
3452 5436 3612 5509 plane
3650 5445 3761 5505 pro-

2176 5526 2396 5591 nuntio,
2428 5525 2594 5582 Deum
2620 5527 3047 5599 omnipotentem
3077 5538 3225 5586 tuum
3274 5529 3608 5587 conditorem
3652 5540 3759 5584 esse

2174 5615 2396 5674 fatearis
2420 5659 2434 5682 ,
2463 5627 2521 5673 ut
2548 5634 2678 5675 vere
2726 5619 2984 5691 templum
3018 5621 3110 5677 Dei
3159 5622 3265 5691 sis,
3311 5623 3453 5680 sicut
3479 5618 3755 5694 Apostolus

2154 5700 2641 5780 eloquiturPaulus
2655 5710 2839 5768 dicens
2859 5729 2873 5766 :
2902 5710 3003 5769 Vos
3018 5712 3262 5785 templum
3274 5712 3375 5770 Dei
3390 5714 3533 5781 estis,
3552 5721 3599 5768 et
3612 5706 3754 5782 spiri-

2164 5810 2249 5889 tus
2262 5801 2359 5859 Dei
2375 5803 2567 5861 habitat
2582 5804 2635 5861 iu
2647 5804 2785 5862 vobis
2798 5803 2847 5879 (Ι
2859 5802 2982 5864 Cor.
2998 5821 3080 5876 ιιι,
3096 5805 3208 5882 16).
3224 5805 3375 5878 Quod
3388 5806 3431 5864 si
3446 5805 3549 5865 hoc
3559 5803 3749 5862 honore
