  <div class='ocr_page' id='page_1' title='image "/cluster/home/n/w/nwhite01/storage/ocr_20150623/8/hvd.32044015471253/512.png"; bbox 0 0 4046 6302; ppageno 0'>
   <div class='ocr_carea' id='block_1_1' title="bbox 356 265 496 322">
    <p class='ocr_par' dir='ltr' id='par_1_1' title="bbox 356 265 496 322">
     <span class='ocr_line' id='line_1_1' title="bbox 356 265 496 322; baseline 0 -2"><span class='ocrx_word' id='word_1_1' title='bbox 356 265 496 322; x_wconf 77' lang='grc' dir='ltr'><strong>1οΟ9</strong></span> 
     </span>
    </p>
   </div>
   <div class='ocr_carea' id='block_1_2' title="bbox 1531 257 2487 321">
    <p class='ocr_par' dir='ltr' id='par_1_2' title="bbox 1531 257 2487 321">
     <span class='ocr_line' id='line_1_2' title="bbox 1531 257 2487 321; baseline -0.002 -4"><span class='ocrx_word' id='word_1_2' title='bbox 1531 261 1623 317; x_wconf 87' lang='lat' dir='ltr'><strong>AD</strong></span> <span class='ocrx_word' id='word_1_3' title='bbox 1661 260 1994 321; x_wconf 81' lang='lat' dir='ltr'><strong>JUSTINUM</strong></span> <span class='ocrx_word' id='word_1_4' title='bbox 2029 257 2487 320; x_wconf 70' lang='lat' dir='ltr'><strong>MANICHASUM.</strong></span> 
     </span>
    </p>
   </div>
   <div class='ocr_carea' id='block_1_3' title="bbox 3518 261 3658 318">
    <p class='ocr_par' dir='ltr' id='par_1_3' title="bbox 3518 261 3658 318">
     <span class='ocr_line' id='line_1_3' title="bbox 3518 261 3658 318; baseline 0.014 -2"><span class='ocrx_word' id='word_1_5' title='bbox 3518 261 3658 318; x_wconf 79' lang='grc'><strong>1010</strong></span> 
     </span>
    </p>
   </div>
   <div class='ocr_carea' id='block_1_4' title="bbox 351 377 3655 453">
    <p class='ocr_par' dir='ltr' id='par_1_4' title="bbox 351 377 3655 453">
     <span class='ocr_line' id='line_1_4' title="bbox 351 377 3655 453; baseline 0.002 -19"><span class='ocrx_word' id='word_1_6' title='bbox 351 378 620 444; x_wconf 82' lang='lat' dir='ltr'><strong>vidnaris,</strong></span> <span class='ocrx_word' id='word_1_7' title='bbox 652 388 709 434; x_wconf 93' lang='lat' dir='ltr'><strong>ut</strong></span> <span class='ocrx_word' id='word_1_8' title='bbox 741 393 913 448; x_wconf 88' lang='lat' dir='ltr'><strong>neque</strong></span> <span class='ocrx_word' id='word_1_9' title='bbox 945 377 1195 447; x_wconf 89' lang='lat' dir='ltr'><strong>templqu</strong></span> <span class='ocrx_word' id='word_1_10' title='bbox 1229 377 1320 434; x_wconf 87' lang='lat' dir='ltr'><strong>Dei</strong></span> <span class='ocrx_word' id='word_1_11' title='bbox 1353 377 1425 433; x_wconf 92' lang='lat' dir='ltr'><strong>sis</strong></span> <span class='ocrx_word' id='word_1_12' title='bbox 1452 420 1466 445; x_wconf 91' lang='lat'><strong>,</strong></span> <span class='ocrx_word' id='word_1_13' title='bbox 1519 393 1692 450; x_wconf 90' lang='lat' dir='ltr'><strong>neque</strong></span> <span class='ocrx_word' id='word_1_14' title='bbox 1735 379 1953 450; x_wconf 75' lang='lat' dir='ltr'><strong>Spiritus</strong></span> <span class='ocrx_word' id='word_1_15' title='bbox 1983 387 2036 448; x_wconf 85' lang='grc' dir='ltr'>Α</span> <span class='ocrx_word' id='word_1_16' title='bbox 2061 393 2244 434; x_wconf 92' lang='lat' dir='ltr'><strong>sumus</strong></span> <span class='ocrx_word' id='word_1_17' title='bbox 2267 420 2280 443; x_wconf 92' lang='lat'><strong>,</strong></span> <span class='ocrx_word' id='word_1_18' title='bbox 2312 385 2539 449; x_wconf 90' lang='lat' dir='ltr'><strong>utroque</strong></span> <span class='ocrx_word' id='word_1_19' title='bbox 2580 379 2697 450; x_wconf 82' lang='lat' dir='ltr'><strong>ejus</strong></span> <span class='ocrx_word' id='word_1_20' title='bbox 2742 395 2961 446; x_wconf 91' lang='lat' dir='ltr'><strong>sumus,</strong></span> <span class='ocrx_word' id='word_1_21' title='bbox 3001 389 3056 437; x_wconf 91' lang='lat' dir='ltr'><strong>et</strong></span> <span class='ocrx_word' id='word_1_22' title='bbox 3095 381 3272 436; x_wconf 89' lang='lat' dir='ltr'><strong>anima</strong></span> <span class='ocrx_word' id='word_1_23' title='bbox 3309 390 3363 438; x_wconf 93' lang='lat' dir='ltr'><strong>et</strong></span> <span class='ocrx_word' id='word_1_24' title='bbox 3392 396 3655 453; x_wconf 88' lang='lat' dir='ltr'><strong>corpore,</strong></span> 
     </span>
    </p>
   </div>
   <div class='ocr_carea' id='block_1_5' title="bbox 350 470 1949 544">
    <p class='ocr_par' dir='ltr' id='par_1_5' title="bbox 350 470 1949 544">
     <span class='ocr_line' id='line_1_5' title="bbox 350 470 1949 544; baseline 0 -16"><span class='ocrx_word' id='word_1_25' title='bbox 350 473 468 544; x_wconf 85' lang='lat' dir='ltr'><strong>ejus</strong></span> <span class='ocrx_word' id='word_1_26' title='bbox 522 472 726 527; x_wconf 87' lang='lat' dir='ltr'><strong>habitet</strong></span> <span class='ocrx_word' id='word_1_27' title='bbox 762 472 816 526; x_wconf 89' lang='lat' dir='ltr'><strong>in</strong></span> <span class='ocrx_word' id='word_1_28' title='bbox 873 482 954 539; x_wconf 89' lang='lat' dir='ltr'><strong>te,</strong></span> <span class='ocrx_word' id='word_1_29' title='bbox 988 470 1234 526; x_wconf 81' lang='lat' dir='ltr'><strong>Christus</strong></span> <span class='ocrx_word' id='word_1_30' title='bbox 1283 487 1388 526; x_wconf 90' lang='lat' dir='ltr'><strong>non</strong></span> <span class='ocrx_word' id='word_1_31' title='bbox 1426 471 1671 527; x_wconf 78' lang='lat' dir='ltr'><strong>Salvator</strong></span> <span class='ocrx_word' id='word_1_32' title='bbox 1715 471 1949 528; x_wconf 86' lang='lat' dir='ltr'><strong>hominis</strong></span> 
     </span>
    </p>
   </div>
   <div class='ocr_carea' id='block_1_6' title="bbox 351 563 1950 636">
    <p class='ocr_par' dir='ltr' id='par_1_6' title="bbox 351 563 1950 636">
     <span class='ocr_line' id='line_1_6' title="bbox 351 563 1950 636; baseline 0 -14"><span class='ocrx_word' id='word_1_33' title='bbox 351 567 532 634; x_wconf 80' lang='lat' dir='ltr'><strong>venit,</strong></span> <span class='ocrx_word' id='word_1_34' title='bbox 564 567 659 621; x_wconf 91' lang='lat' dir='ltr'><strong>scd</strong></span> <span class='ocrx_word' id='word_1_35' title='bbox 708 567 966 620; x_wconf 88' lang='lat' dir='ltr'><strong>abactor:</strong></span> <span class='ocrx_word' id='word_1_36' title='bbox 1015 565 1158 636; x_wconf 90' lang='lat' dir='ltr'><strong>quod</strong></span> <span class='ocrx_word' id='word_1_37' title='bbox 1210 563 1424 636; x_wconf 74' lang='lat' dir='ltr'><strong>quidem</strong></span> <span class='ocrx_word' id='word_1_38' title='bbox 1475 564 1653 621; x_wconf 84' lang='lat' dir='ltr'><strong>dicere</strong></span> <span class='ocrx_word' id='word_1_39' title='bbox 1700 565 1950 636; x_wconf 79' lang='lat' dir='ltr'><strong>prohibet</strong></span> 
     </span>
    </p>
   </div>
   <div class='ocr_carea' id='block_1_7' title="bbox 357 656 1947 729">
    <p class='ocr_par' dir='ltr' id='par_1_7' title="bbox 357 656 1947 729">
     <span class='ocr_line' id='line_1_7' title="bbox 357 656 1947 729; baseline -0.003 -13"><span class='ocrx_word' id='word_1_40' title='bbox 357 659 440 716; x_wconf 71' lang='lat' dir='ltr'><strong>las</strong></span> <span class='ocrx_word' id='word_1_41' title='bbox 470 659 710 714; x_wconf 88' lang='lat' dir='ltr'><strong>divinum</strong></span> <span class='ocrx_word' id='word_1_42' title='bbox 735 700 750 726; x_wconf 86' lang='lat'><strong>,</strong></span> <span class='ocrx_word' id='word_1_43' title='bbox 780 667 835 713; x_wconf 87' lang='lat' dir='ltr'><strong>et</strong></span> <span class='ocrx_word' id='word_1_44' title='bbox 858 656 1156 729; x_wconf 87' lang='lat' dir='ltr'><strong>majestatis</strong></span> <span class='ocrx_word' id='word_1_45' title='bbox 1175 656 1292 728; x_wconf 87' lang='lat' dir='ltr'><strong>ejus</strong></span> <span class='ocrx_word' id='word_1_46' title='bbox 1320 656 1592 713; x_wconf 65' lang='lat' dir='ltr'><strong>aeternitas</strong></span> <span class='ocrx_word' id='word_1_47' title='bbox 1621 670 1726 712; x_wconf 88' lang='lat' dir='ltr'><strong>non</strong></span> <span class='ocrx_word' id='word_1_48' title='bbox 1753 657 1947 712; x_wconf 81' lang='lat' dir='ltr'><strong>admit-</strong></span> 
     </span>
    </p>
   </div>
   <div class='ocr_carea' id='block_1_8' title="bbox 353 750 1949 822">
    <p class='ocr_par' dir='ltr' id='par_1_8' title="bbox 353 750 1949 822">
     <span class='ocr_line' id='line_1_8' title="bbox 353 750 1949 822; baseline -0.001 -13"><span class='ocrx_word' id='word_1_49' title='bbox 353 755 437 809; x_wconf 88' lang='lat' dir='ltr'><strong>tit.</strong></span> <span class='ocrx_word' id='word_1_50' title='bbox 465 752 522 809; x_wconf 89' lang='lat' dir='ltr'><strong>Si</strong></span> <span class='ocrx_word' id='word_1_51' title='bbox 550 752 692 808; x_wconf 92' lang='lat' dir='ltr'><strong>enim</strong></span> <span class='ocrx_word' id='word_1_52' title='bbox 727 751 982 822; x_wconf 87' lang='lat' dir='ltr'><strong>templum</strong></span> <span class='ocrx_word' id='word_1_53' title='bbox 1011 750 1128 822; x_wconf 89' lang='lat' dir='ltr'><strong>ejus</strong></span> <span class='ocrx_word' id='word_1_54' title='bbox 1157 766 1264 806; x_wconf 91' lang='lat' dir='ltr'><strong>non</strong></span> <span class='ocrx_word' id='word_1_55' title='bbox 1293 765 1497 816; x_wconf 89' lang='lat' dir='ltr'><strong>sumus,</strong></span> <span class='ocrx_word' id='word_1_56' title='bbox 1527 766 1703 822; x_wconf 91' lang='lat' dir='ltr'><strong>neque</strong></span> <span class='ocrx_word' id='word_1_57' title='bbox 1729 752 1949 822; x_wconf 81' lang='lat' dir='ltr'><strong>spiritus</strong></span> 
     </span>
    </p>
   </div>
   <div class='ocr_carea' id='block_1_9' title="bbox 350 846 1948 920">
    <p class='ocr_par' dir='ltr' id='par_1_9' title="bbox 350 846 1948 920">
     <span class='ocr_line' id='line_1_9' title="bbox 350 846 1948 920; baseline -0.001 -16"><span class='ocrx_word' id='word_1_58' title='bbox 350 848 468 920; x_wconf 88' lang='lat' dir='ltr'><strong>ejus</strong></span> <span class='ocrx_word' id='word_1_59' title='bbox 500 849 552 903; x_wconf 92' lang='lat' dir='ltr'><strong>in</strong></span> <span class='ocrx_word' id='word_1_60' title='bbox 585 847 738 903; x_wconf 91' lang='lat' dir='ltr'><strong>nobis</strong></span> <span class='ocrx_word' id='word_1_61' title='bbox 764 855 876 913; x_wconf 91' lang='lat' dir='ltr'><strong>est,</strong></span> <span class='ocrx_word' id='word_1_62' title='bbox 907 847 1032 918; x_wconf 92' lang='lat' dir='ltr'><strong>quid</strong></span> <span class='ocrx_word' id='word_1_63' title='bbox 1060 847 1108 903; x_wconf 91' lang='lat' dir='ltr'><strong>ei</strong></span> <span class='ocrx_word' id='word_1_64' title='bbox 1147 856 1202 903; x_wconf 93' lang='lat' dir='ltr'><strong>et</strong></span> <span class='ocrx_word' id='word_1_65' title='bbox 1234 846 1388 902; x_wconf 89' lang='lat' dir='ltr'><strong>nobis</strong></span> <span class='ocrx_word' id='word_1_66' title='bbox 1428 847 1547 902; x_wconf 85' lang='lat' dir='ltr'><strong>est?</strong></span> <span class='ocrx_word' id='word_1_67' title='bbox 1574 847 1628 903; x_wconf 90' lang='lat' dir='ltr'><strong>Si</strong></span> <span class='ocrx_word' id='word_1_68' title='bbox 1672 847 1948 920; x_wconf 88' lang='lat' dir='ltr'><strong>cnimejus</strong></span> 
     </span>
    </p>
   </div>
   <div class='ocr_carea' id='block_1_10' title="bbox 2053 472 3738 548">
    <p class='ocr_par' dir='ltr' id='par_1_10' title="bbox 2053 472 3738 548">
     <span class='ocr_line' id='line_1_10' title="bbox 2053 472 3738 548; baseline 0.002 -20"><span class='ocrx_word' id='word_1_69' title='bbox 2053 482 2107 528; x_wconf 92' lang='lat' dir='ltr'><strong>et</strong></span> <span class='ocrx_word' id='word_1_70' title='bbox 2136 482 2218 529; x_wconf 91' lang='lat' dir='ltr'><strong>est</strong></span> <span class='ocrx_word' id='word_1_71' title='bbox 2247 472 2376 528; x_wconf 90' lang='lat' dir='ltr'><strong>illud</strong></span> <span class='ocrx_word' id='word_1_72' title='bbox 2403 487 2585 528; x_wconf 85' lang='lat' dir='ltr'><strong>verum</strong></span> <span class='ocrx_word' id='word_1_73' title='bbox 2615 489 2678 528; x_wconf 90' lang='lat' dir='ltr'><strong>ac</strong></span> <span class='ocrx_word' id='word_1_74' title='bbox 2700 474 3020 530; x_wconf 89' lang='lat' dir='ltr'><strong>catholicum</strong></span> <span class='ocrx_word' id='word_1_75' title='bbox 3053 485 3238 530; x_wconf 90' lang='lat' dir='ltr'><strong>sancto</strong></span> <span class='ocrx_word' id='word_1_76' title='bbox 3265 491 3359 531; x_wconf 89' lang='lat' dir='ltr'><strong>ore</strong></span> <span class='ocrx_word' id='word_1_77' title='bbox 3389 476 3655 548; x_wconf 89' lang='lat' dir='ltr'><strong>prolatum</strong></span> <span class='ocrx_word' id='word_1_78' title='bbox 3733 541 3738 546; x_wconf 27' lang='grc' dir='ltr'>ι</span> 
     </span>
    </p>
   </div>
   <div class='ocr_carea' id='block_1_11' title="bbox 2057 565 3660 641">
    <p class='ocr_par' dir='ltr' id='par_1_11' title="bbox 2057 565 3660 641">
     <span class='ocr_line' id='line_1_11' title="bbox 2057 565 3660 641; baseline 0.001 -19"><span class='ocrx_word' id='word_1_79' title='bbox 2057 565 2244 622; x_wconf 85' lang='lat' dir='ltr'><strong>Omnia</strong></span> <span class='ocrx_word' id='word_1_80' title='bbox 2271 567 2322 620; x_wconf 85' lang='lat' dir='ltr'><strong>in</strong></span> <span class='ocrx_word' id='word_1_81' title='bbox 2353 566 2584 620; x_wconf 84' lang='lat' dir='ltr'><strong>omnibus</strong></span> <span class='ocrx_word' id='word_1_82' title='bbox 2617 567 2753 622; x_wconf 76' lang='lat' dir='ltr'><strong>Deus</strong></span> <span class='ocrx_word' id='word_1_83' title='bbox 2799 567 2843 641; x_wconf 93' lang='grc' dir='ltr'><strong>(Ι</strong></span> <span class='ocrx_word' id='word_1_84' title='bbox 2871 568 2991 625; x_wconf 88' lang='lat' dir='ltr'><strong>Cor.</strong></span> <span class='ocrx_word' id='word_1_85' title='bbox 3015 584 3104 633; x_wconf 80' lang='lat' dir='ltr'><strong>xv,</strong></span> <span class='ocrx_word' id='word_1_86' title='bbox 3131 567 3225 641; x_wconf 76' lang='lat'><strong>28)</strong></span> <span class='ocrx_word' id='word_1_87' title='bbox 3252 587 3264 622; x_wconf 92' lang='lat'><strong>:</strong></span> <span class='ocrx_word' id='word_1_88' title='bbox 3322 568 3410 638; x_wconf 91' lang='lat' dir='ltr'><strong>qui</strong></span> <span class='ocrx_word' id='word_1_89' title='bbox 3443 584 3578 623; x_wconf 90' lang='lat' dir='ltr'><strong>unus</strong></span> <span class='ocrx_word' id='word_1_90' title='bbox 3602 577 3660 624; x_wconf 84' lang='lat' dir='ltr'><strong>et</strong></span> 
     </span>
    </p>
   </div>
   <div class='ocr_carea' id='block_1_12' title="bbox 2053 661 3656 734">
    <p class='ocr_par' dir='ltr' id='par_1_12' title="bbox 2053 661 3656 734">
     <span class='ocr_line' id='line_1_12' title="bbox 2053 661 3656 734; baseline 0 -17"><span class='ocrx_word' id='word_1_91' title='bbox 2053 662 2200 718; x_wconf 92' lang='lat' dir='ltr'><strong>solus</strong></span> <span class='ocrx_word' id='word_1_92' title='bbox 2228 661 2550 733; x_wconf 87' lang='lat' dir='ltr'><strong>principium</strong></span> <span class='ocrx_word' id='word_1_93' title='bbox 2581 672 2663 718; x_wconf 88' lang='lat' dir='ltr'><strong>est</strong></span> <span class='ocrx_word' id='word_1_94' title='bbox 2684 706 2697 730; x_wconf 94' lang='lat'><strong>,</strong></span> <span class='ocrx_word' id='word_1_95' title='bbox 2731 664 3074 734; x_wconf 90' lang='lat' dir='ltr'><strong>omnipotens</strong></span> <span class='ocrx_word' id='word_1_96' title='bbox 3102 663 3219 720; x_wconf 88' lang='lat' dir='ltr'><strong>sine</strong></span> <span class='ocrx_word' id='word_1_97' title='bbox 3249 664 3425 728; x_wconf 90' lang='lat' dir='ltr'><strong>initio,</strong></span> <span class='ocrx_word' id='word_1_98' title='bbox 3451 672 3506 718; x_wconf 90' lang='lat' dir='ltr'><strong>et</strong></span> <span class='ocrx_word' id='word_1_99' title='bbox 3531 662 3656 718; x_wconf 81' lang='lat' dir='ltr'><strong>uni-</strong></span> 
     </span>
    </p>
   </div>
   <div class='ocr_carea' id='block_1_13' title="bbox 2055 755 3659 828">
    <p class='ocr_par' dir='ltr' id='par_1_13' title="bbox 2055 755 3659 828">
     <span class='ocr_line' id='line_1_13' title="bbox 2055 755 3659 828; baseline 0.002 -20"><span class='ocrx_word' id='word_1_100' title='bbox 2055 755 2199 811; x_wconf 88' lang='lat' dir='ltr'><strong>versi</strong></span> <span class='ocrx_word' id='word_1_101' title='bbox 2229 764 2432 824; x_wconf 89' lang='lat' dir='ltr'><strong>totum,</strong></span> <span class='ocrx_word' id='word_1_102' title='bbox 2467 755 2706 812; x_wconf 89' lang='lat' dir='ltr'><strong>inlinitus</strong></span> <span class='ocrx_word' id='word_1_103' title='bbox 2749 772 2847 828; x_wconf 89' lang='lat' dir='ltr'><strong>per</strong></span> <span class='ocrx_word' id='word_1_104' title='bbox 2885 757 3085 813; x_wconf 84' lang='lat' dir='ltr'><strong>omnia.</strong></span> <span class='ocrx_word' id='word_1_105' title='bbox 3132 755 3230 814; x_wconf 90' lang='lat' dir='ltr'><strong>Cui</strong></span> <span class='ocrx_word' id='word_1_106' title='bbox 3272 766 3356 814; x_wconf 87' lang='lat' dir='ltr'><strong>est</strong></span> <span class='ocrx_word' id='word_1_107' title='bbox 3395 755 3568 812; x_wconf 85' lang='lat' dir='ltr'><strong>honor</strong></span> <span class='ocrx_word' id='word_1_108' title='bbox 3601 767 3659 812; x_wconf 85' lang='lat' dir='ltr'><strong>et</strong></span> 
     </span>
    </p>
   </div>
   <div class='ocr_carea' id='block_1_14' title="bbox 2053 850 2244 922">
    <p class='ocr_par' dir='ltr' id='par_1_14' title="bbox 2053 850 2244 922">
     <span class='ocr_line' id='line_1_14' title="bbox 2053 850 2244 922; baseline -0.01 -17"><span class='ocrx_word' id='word_1_109' title='bbox 2053 850 2244 922; x_wconf 83' lang='lat' dir='ltr'><strong>gloria.</strong></span> 
     </span>
    </p>
   </div>
   <div class='ocr_carea' id='block_1_15' title="bbox 348 973 3626 1002">
    <p class='ocr_par' dir='ltr' id='par_1_15' title="bbox 348 973 3626 1002">
     <span class='ocr_line' id='line_1_15' title="bbox 348 973 3626 1002; baseline -0.001 -5"><span class='ocrx_word' id='word_1_110' title='bbox 348 973 3626 1002; x_wconf 57' lang='lat' dir='ltr'><strong>mm</strong></span> 
     </span>
    </p>
   </div>
   <div class='ocr_carea' id='block_1_16' title="bbox 1679 1063 2301 1152">
    <p class='ocr_par' dir='ltr' id='par_1_16' title="bbox 1679 1063 2301 1152">
     <span class='ocr_line' id='line_1_16' title="bbox 1679 1063 2301 1152; baseline 0.005 -4"><span class='ocrx_word' id='word_1_111' title='bbox 1679 1063 2301 1152; x_wconf 79' lang='lat' dir='ltr'><strong>VICTORINI</strong></span> 
     </span>
    </p>
   </div>
   <div class='ocr_carea' id='block_1_17' title="bbox 544 1164 3265 1292">
    <p class='ocr_par' dir='ltr' id='par_1_17' title="bbox 544 1164 3265 1292">
     <span class='ocr_line' id='line_1_17' title="bbox 544 1164 3265 1292; baseline 0 -29"><span class='ocrx_word' id='word_1_112' title='bbox 544 1183 598 1235; x_wconf 62' lang='grc' dir='ltr'><strong>ω</strong></span> <span class='ocrx_word' id='word_1_113' title='bbox 733 1205 824 1264; x_wconf 87' lang='lat' dir='ltr'><strong>DE</strong></span> <span class='ocrx_word' id='word_1_114' title='bbox 861 1203 1113 1265; x_wconf 81' lang='lat' dir='ltr'><strong>VERBIS</strong></span> <span class='ocrx_word' id='word_1_115' title='bbox 1149 1203 1566 1264; x_wconf 67' lang='lat' dir='ltr'><strong>SCRIPTURAZ</strong></span> <span class='ocrx_word' id='word_1_116' title='bbox 1610 1224 1623 1260; x_wconf 76' lang='grc' dir='ltr'>ε</span> <span class='ocrx_word' id='word_1_117' title='bbox 1665 1164 1946 1263; x_wconf 56' lang='lat' dir='ltr'><strong>Herum</strong></span> <span class='ocrx_word' id='word_1_118' title='bbox 1985 1205 2117 1263; x_wconf 82' lang='lat' dir='ltr'><strong>EST</strong></span> <span class='ocrx_word' id='word_1_119' title='bbox 2156 1206 2475 1265; x_wconf 79' lang='lat' dir='ltr'><strong>VESPERE</strong></span> <span class='ocrx_word' id='word_1_120' title='bbox 2517 1209 2608 1266; x_wconf 85' lang='lat' dir='ltr'><strong>ET</strong></span> <span class='ocrx_word' id='word_1_121' title='bbox 2647 1209 2834 1267; x_wconf 82' lang='lat' dir='ltr'><strong>MANE</strong></span> <span class='ocrx_word' id='word_1_122' title='bbox 2876 1206 3265 1292; x_wconf 79' lang='lat' dir='ltr'><strong>DIESUNUS.</strong></span> 
     </span>
    </p>
   </div>
   <div class='ocr_carea' id='block_1_18' title="bbox 985 1313 2666 1369">
    <p class='ocr_par' dir='ltr' id='par_1_18' title="bbox 985 1313 2666 1369">
     <span class='ocr_line' id='line_1_18' title="bbox 985 1313 2666 1369; baseline 0.004 -14"><span class='ocrx_word' id='word_1_123' title='bbox 985 1329 990 1332; x_wconf 82' lang='lat'>&#39;</span> <span class='ocrx_word' id='word_1_124' title='bbox 1371 1315 1692 1357; x_wconf 74' lang='lat' dir='ltr'><strong>C(l-ZPBRITNE</strong></span> <span class='ocrx_word' id='word_1_125' title='bbox 1717 1318 1748 1356; x_wconf 79' lang='grc' dir='ltr'><strong>Δ</strong></span> <span class='ocrx_word' id='word_1_126' title='bbox 1785 1314 2024 1357; x_wconf 70' lang='lat' dir='ltr'><strong>VESPBM</strong></span> <span class='ocrx_word' id='word_1_127' title='bbox 2044 1313 2184 1369; x_wconf 80' lang='lat' dir='ltr'><strong>DIES,</strong></span> <span class='ocrx_word' id='word_1_128' title='bbox 2211 1318 2279 1358; x_wconf 79' lang='grc' dir='ltr'><strong>ΑΝ</strong></span> <span class='ocrx_word' id='word_1_129' title='bbox 2311 1320 2343 1358; x_wconf 73' lang='grc' dir='ltr'><strong>Α</strong></span> <span class='ocrx_word' id='word_1_130' title='bbox 2373 1319 2666 1361; x_wconf 67' lang='grc' dir='ltr'><strong>ΠΑΤΙΙἸΊΝΟ.</strong></span> 
     </span>
    </p>
   </div>
   <div class='ocr_carea' id='block_1_19' title="bbox 422 1415 1948 1489">
    <p class='ocr_par' dir='ltr' id='par_1_19' title="bbox 422 1415 1948 1489">
     <span class='ocr_line' id='line_1_19' title="bbox 422 1415 1948 1489; baseline -0.004 -14"><span class='ocrx_word' id='word_1_131' title='bbox 422 1419 465 1475; x_wconf 87' lang='grc' dir='ltr'><strong>Ι.</strong></span> <span class='ocrx_word' id='word_1_132' title='bbox 490 1417 546 1476; x_wconf 92' lang='lat' dir='ltr'><strong>Si</strong></span> <span class='ocrx_word' id='word_1_133' title='bbox 576 1416 770 1475; x_wconf 71' lang='lat' dir='ltr'><strong>divina:</strong></span> <span class='ocrx_word' id='word_1_134' title='bbox 795 1417 1074 1489; x_wconf 76' lang='lat' dir='ltr'><strong>scriptura:</strong></span> <span class='ocrx_word' id='word_1_135' title='bbox 1095 1416 1413 1488; x_wconf 89' lang='lat' dir='ltr'><strong>simpliciter</strong></span> <span class='ocrx_word' id='word_1_136' title='bbox 1433 1415 1760 1488; x_wconf 82' lang='lat' dir='ltr'><strong>legerentur,</strong></span> <span class='ocrx_word' id='word_1_137' title='bbox 1792 1429 1948 1470; x_wconf 91' lang='lat' dir='ltr'><strong>num-</strong></span> 
     </span>
    </p>
   </div>
   <div class='ocr_carea' id='block_1_20' title="bbox 353 1507 1944 1584">
    <p class='ocr_par' dir='ltr' id='par_1_20' title="bbox 353 1507 1944 1584">
     <span class='ocr_line' id='line_1_20' title="bbox 353 1507 1944 1584; baseline -0.003 -17"><span class='ocrx_word' id='word_1_138' title='bbox 353 1527 511 1584; x_wconf 88' lang='lat' dir='ltr'><strong>quam</strong></span> <span class='ocrx_word' id='word_1_139' title='bbox 545 1511 704 1567; x_wconf 86' lang='lat' dir='ltr'><strong>lectio</strong></span> <span class='ocrx_word' id='word_1_140' title='bbox 744 1513 1058 1582; x_wconf 84' lang='lat' dir='ltr'><strong>cujusquam</strong></span> <span class='ocrx_word' id='word_1_141' title='bbox 1102 1509 1320 1582; x_wconf 90' lang='lat' dir='ltr'><strong>capituli</strong></span> <span class='ocrx_word' id='word_1_142' title='bbox 1364 1509 1432 1565; x_wconf 92' lang='lat' dir='ltr'><strong>ab</strong></span> <span class='ocrx_word' id='word_1_143' title='bbox 1472 1509 1650 1580; x_wconf 91' lang='lat' dir='ltr'><strong>aliquo</strong></span> <span class='ocrx_word' id='word_1_144' title='bbox 1690 1509 1829 1563; x_wconf 87' lang='lat' dir='ltr'><strong>male</strong></span> <span class='ocrx_word' id='word_1_145' title='bbox 1860 1507 1944 1563; x_wconf 90' lang='lat' dir='ltr'><strong>in-</strong></span> 
     </span>
    </p>
   </div>
   <div class='ocr_carea' id='block_1_21' title="bbox 351 1601 1944 1678">
    <p class='ocr_par' dir='ltr' id='par_1_21' title="bbox 351 1601 1944 1678">
     <span class='ocr_line' id='line_1_21' title="bbox 351 1601 1944 1678; baseline -0.006 -14"><span class='ocrx_word' id='word_1_146' title='bbox 351 1608 704 1678; x_wconf 89' lang='lat' dir='ltr'><strong>telligeretur,</strong></span> <span class='ocrx_word' id='word_1_147' title='bbox 736 1603 830 1660; x_wconf 89' lang='lat' dir='ltr'><strong>sed</strong></span> <span class='ocrx_word' id='word_1_148' title='bbox 861 1613 917 1659; x_wconf 91' lang='lat' dir='ltr'><strong>ut</strong></span> <span class='ocrx_word' id='word_1_149' title='bbox 960 1619 1019 1660; x_wconf 91' lang='lat' dir='ltr'><strong>se</strong></span> <span class='ocrx_word' id='word_1_150' title='bbox 1043 1604 1322 1664; x_wconf 87' lang='lat' dir='ltr'><strong>continent</strong></span> <span class='ocrx_word' id='word_1_151' title='bbox 1364 1605 1449 1674; x_wconf 89' lang='lat' dir='ltr'><strong>pie</strong></span> <span class='ocrx_word' id='word_1_152' title='bbox 1479 1612 1534 1658; x_wconf 90' lang='lat' dir='ltr'><strong>et</strong></span> <span class='ocrx_word' id='word_1_153' title='bbox 1565 1602 1708 1674; x_wconf 91' lang='lat' dir='ltr'><strong>juste</strong></span> <span class='ocrx_word' id='word_1_154' title='bbox 1751 1601 1944 1671; x_wconf 86' lang='lat' dir='ltr'><strong>unani-</strong></span> 
     </span>
    </p>
   </div>
   <div class='ocr_carea' id='block_1_22' title="bbox 349 1695 1942 1769">
    <p class='ocr_par' dir='ltr' id='par_1_22' title="bbox 349 1695 1942 1769">
     <span class='ocr_line' id='line_1_22' title="bbox 349 1695 1942 1769; baseline -0.004 -14"><span class='ocrx_word' id='word_1_155' title='bbox 349 1699 508 1755; x_wconf 91' lang='lat' dir='ltr'><strong>miter</strong></span> <span class='ocrx_word' id='word_1_156' title='bbox 537 1699 960 1769; x_wconf 90' lang='lat' dir='ltr'><strong>susciperentur.</strong></span> <span class='ocrx_word' id='word_1_157' title='bbox 1010 1696 1269 1752; x_wconf 86' lang='lat' dir='ltr'><strong>Cessabat</strong></span> <span class='ocrx_word' id='word_1_158' title='bbox 1313 1696 1578 1766; x_wconf 89' lang='lat' dir='ltr'><strong>philonica</strong></span> <span class='ocrx_word' id='word_1_159' title='bbox 1610 1695 1902 1766; x_wconf 84' lang='lat' dir='ltr'><strong>disputatio</strong></span> <span class='ocrx_word' id='word_1_160' title='bbox 1927 1737 1942 1761; x_wconf 94' lang='lat'><strong>,</strong></span> 
     </span>
    </p>
   </div>
   <div class='ocr_carea' id='block_1_23' title="bbox 349 1788 1944 1863">
    <p class='ocr_par' dir='ltr' id='par_1_23' title="bbox 349 1788 1944 1863">
     <span class='ocr_line' id='line_1_23' title="bbox 349 1788 1944 1863; baseline -0.003 -17"><span class='ocrx_word' id='word_1_161' title='bbox 349 1790 596 1847; x_wconf 86' lang='lat' dir='ltr'><strong>cessabat</strong></span> <span class='ocrx_word' id='word_1_162' title='bbox 624 1799 677 1845; x_wconf 91' lang='lat' dir='ltr'><strong>et</strong></span> <span class='ocrx_word' id='word_1_163' title='bbox 703 1789 1065 1863; x_wconf 86' lang='lat' dir='ltr'><strong>syllogisticus</strong></span> <span class='ocrx_word' id='word_1_164' title='bbox 1093 1803 1274 1844; x_wconf 88' lang='lat' dir='ltr'><strong>sermo</strong></span> <span class='ocrx_word' id='word_1_165' title='bbox 1301 1831 1314 1854; x_wconf 87' lang='lat'><strong>,</strong></span> <span class='ocrx_word' id='word_1_166' title='bbox 1362 1788 1610 1844; x_wconf 88' lang='lat' dir='ltr'><strong>cessabat</strong></span> <span class='ocrx_word' id='word_1_167' title='bbox 1645 1788 1821 1844; x_wconf 92' lang='lat' dir='ltr'><strong>omnis</strong></span> <span class='ocrx_word' id='word_1_168' title='bbox 1850 1803 1944 1842; x_wconf 79' lang='lat' dir='ltr'><strong>su-</strong></span> 
     </span>
    </p>
   </div>
   <div class='ocr_carea' id='block_1_24' title="bbox 349 1882 1942 1958">
    <p class='ocr_par' dir='ltr' id='par_1_24' title="bbox 349 1882 1942 1958">
     <span class='ocr_line' id='line_1_24' title="bbox 349 1882 1942 1958; baseline -0.004 -15"><span class='ocrx_word' id='word_1_169' title='bbox 349 1887 656 1958; x_wconf 74' lang='lat' dir='ltr'><strong>pet-stitiosa</strong></span> <span class='ocrx_word' id='word_1_170' title='bbox 683 1885 992 1941; x_wconf 89' lang='lat' dir='ltr'><strong>adinventio</strong></span> <span class='ocrx_word' id='word_1_171' title='bbox 1023 1901 1036 1938; x_wconf 90' lang='lat'><strong>:</strong></span> <span class='ocrx_word' id='word_1_172' title='bbox 1064 1899 1162 1940; x_wconf 90' lang='lat' dir='ltr'><strong>nec</strong></span> <span class='ocrx_word' id='word_1_173' title='bbox 1206 1899 1436 1956; x_wconf 88' lang='lat' dir='ltr'><strong>unquam</strong></span> <span class='ocrx_word' id='word_1_174' title='bbox 1477 1891 1862 1954; x_wconf 83' lang='lat' dir='ltr'><strong>agnosceretur</strong></span> <span class='ocrx_word' id='word_1_175' title='bbox 1890 1882 1942 1936; x_wconf 91' lang='lat' dir='ltr'><strong>in</strong></span> 
     </span>
    </p>
   </div>
   <div class='ocr_carea' id='block_1_25' title="bbox 348 1973 1945 2050">
    <p class='ocr_par' dir='ltr' id='par_1_25' title="bbox 348 1973 1945 2050">
     <span class='ocr_line' id='line_1_25' title="bbox 348 1973 1945 2050; baseline -0.002 -17"><span class='ocrx_word' id='word_1_176' title='bbox 348 1993 687 2050; x_wconf 91' lang='lat' dir='ltr'><strong>quocumque</strong></span> <span class='ocrx_word' id='word_1_177' title='bbox 739 1977 1015 2034; x_wconf 90' lang='lat' dir='ltr'><strong>hominum</strong></span> <span class='ocrx_word' id='word_1_178' title='bbox 1089 1974 1373 2032; x_wconf 86' lang='lat' dir='ltr'><strong>tenebrosa</strong></span> <span class='ocrx_word' id='word_1_179' title='bbox 1440 1975 1674 2031; x_wconf 86' lang='lat' dir='ltr'><strong>collatio.</strong></span> <span class='ocrx_word' id='word_1_180' title='bbox 1745 1973 1945 2031; x_wconf 89' lang='lat' dir='ltr'><strong>Omnes</strong></span> 
     </span>
    </p>
   </div>
   <div class='ocr_carea' id='block_1_26' title="bbox 350 2067 1942 2141">
    <p class='ocr_par' dir='ltr' id='par_1_26' title="bbox 350 2067 1942 2141">
     <span class='ocr_line' id='line_1_26' title="bbox 350 2067 1942 2141; baseline -0.004 -12"><span class='ocrx_word' id='word_1_181' title='bbox 350 2089 513 2129; x_wconf 91' lang='lat' dir='ltr'><strong>unum</strong></span> <span class='ocrx_word' id='word_1_182' title='bbox 542 2072 842 2139; x_wconf 86' lang='lat' dir='ltr'><strong>sentirent,</strong></span> <span class='ocrx_word' id='word_1_183' title='bbox 872 2072 1099 2128; x_wconf 87' lang='lat' dir='ltr'><strong>invicem</strong></span> <span class='ocrx_word' id='word_1_184' title='bbox 1135 2069 1236 2126; x_wconf 89' lang='lat' dir='ltr'><strong>sibi</strong></span> <span class='ocrx_word' id='word_1_185' title='bbox 1272 2070 1710 2141; x_wconf 90' lang='lat' dir='ltr'><strong>acquiescerent,</strong></span> <span class='ocrx_word' id='word_1_186' title='bbox 1755 2067 1942 2123; x_wconf 87' lang='lat' dir='ltr'><strong>eadem</strong></span> 
     </span>
    </p>
   </div>
   <div class='ocr_carea' id='block_1_27' title="bbox 351 2161 1948 2241">
    <p class='ocr_par' dir='ltr' id='par_1_27' title="bbox 351 2161 1948 2241">
     <span class='ocr_line' id='line_1_27' title="bbox 351 2161 1948 2241; baseline -0.003 -19"><span class='ocrx_word' id='word_1_187' title='bbox 351 2168 753 2241; x_wconf 88' lang='lat' dir='ltr'><strong>proﬁterentur,</strong></span> <span class='ocrx_word' id='word_1_188' title='bbox 786 2176 842 2223; x_wconf 92' lang='lat' dir='ltr'><strong>ut</strong></span> <span class='ocrx_word' id='word_1_189' title='bbox 870 2163 1194 2222; x_wconf 84' lang='lat' dir='ltr'><strong>lucidissima</strong></span> <span class='ocrx_word' id='word_1_190' title='bbox 1225 2165 1384 2220; x_wconf 90' lang='lat' dir='ltr'><strong>lectio</strong></span> <span class='ocrx_word' id='word_1_191' title='bbox 1413 2179 1473 2220; x_wconf 90' lang='lat' dir='ltr'><strong>se</strong></span> <span class='ocrx_word' id='word_1_192' title='bbox 1501 2163 1755 2220; x_wconf 87' lang='lat' dir='ltr'><strong>declarat.</strong></span> <span class='ocrx_word' id='word_1_193' title='bbox 1785 2161 1948 2218; x_wconf 87' lang='lat' dir='ltr'><strong>Natu-</strong></span> 
     </span>
    </p>
   </div>
   <div class='ocr_carea' id='block_1_28' title="bbox 350 2257 1943 2334">
    <p class='ocr_par' dir='ltr' id='par_1_28' title="bbox 350 2257 1943 2334">
     <span class='ocr_line' id='line_1_28' title="bbox 350 2257 1943 2334; baseline -0.004 -18"><span class='ocrx_word' id='word_1_194' title='bbox 350 2277 455 2334; x_wconf 89' lang='lat' dir='ltr'><strong>que</strong></span> <span class='ocrx_word' id='word_1_195' title='bbox 483 2278 641 2317; x_wconf 89' lang='lat' dir='ltr'><strong>carus</strong></span> <span class='ocrx_word' id='word_1_196' title='bbox 671 2270 853 2317; x_wconf 88' lang='lat' dir='ltr'><strong>noster</strong></span> <span class='ocrx_word' id='word_1_197' title='bbox 879 2270 934 2317; x_wconf 90' lang='lat' dir='ltr'><strong>et</strong></span> <span class='ocrx_word' id='word_1_198' title='bbox 971 2260 1175 2316; x_wconf 92' lang='lat' dir='ltr'><strong>amicus</strong></span> <span class='ocrx_word' id='word_1_199' title='bbox 1218 2259 1340 2314; x_wconf 80' lang='lat' dir='ltr'><strong>fecit</strong></span> <span class='ocrx_word' id='word_1_200' title='bbox 1367 2259 1520 2314; x_wconf 91' lang='lat' dir='ltr'><strong>nobis</strong></span> <span class='ocrx_word' id='word_1_201' title='bbox 1549 2257 1901 2328; x_wconf 84' lang='lat' dir='ltr'><strong>quaestionem</strong></span> <span class='ocrx_word' id='word_1_202' title='bbox 1929 2297 1943 2322; x_wconf 90' lang='lat'><strong>,</strong></span> 
     </span>
    </p>
   </div>
   <div class='ocr_carea' id='block_1_29' title="bbox 351 2351 1943 2426">
    <p class='ocr_par' dir='ltr' id='par_1_29' title="bbox 351 2351 1943 2426">
     <span class='ocr_line' id='line_1_29' title="bbox 351 2351 1943 2426; baseline -0.006 -12"><span class='ocrx_word' id='word_1_203' title='bbox 351 2369 528 2415; x_wconf 89' lang='lat' dir='ltr'><strong>utrum</strong></span> <span class='ocrx_word' id='word_1_204' title='bbox 561 2368 702 2414; x_wconf 90' lang='lat' dir='ltr'><strong>totus</strong></span> <span class='ocrx_word' id='word_1_205' title='bbox 729 2357 956 2413; x_wconf 88' lang='lat' dir='ltr'><strong>mundus</strong></span> <span class='ocrx_word' id='word_1_206' title='bbox 988 2364 1356 2426; x_wconf 90' lang='lat' dir='ltr'><strong>competentes</strong></span> <span class='ocrx_word' id='word_1_207' title='bbox 1379 2354 1478 2408; x_wconf 90' lang='lat' dir='ltr'><strong>sibi</strong></span> <span class='ocrx_word' id='word_1_208' title='bbox 1509 2353 1668 2407; x_wconf 88' lang='lat' dir='ltr'><strong>horas</strong></span> <span class='ocrx_word' id='word_1_209' title='bbox 1700 2351 1943 2418; x_wconf 86' lang='lat' dir='ltr'><strong>haberet,</strong></span> 
     </span>
    </p>
   </div>
   <div class='ocr_carea' id='block_1_30' title="bbox 351 2445 1946 2526">
    <p class='ocr_par' dir='ltr' id='par_1_30' title="bbox 351 2445 1946 2526">
     <span class='ocr_line' id='line_1_30' title="bbox 351 2445 1946 2526; baseline -0.008 -15"><span class='ocrx_word' id='word_1_210' title='bbox 351 2470 520 2511; x_wconf 87' lang='lat' dir='ltr'><strong>necne</strong></span> <span class='ocrx_word' id='word_1_211' title='bbox 546 2473 558 2507; x_wconf 89' lang='lat'><strong>:</strong></span> <span class='ocrx_word' id='word_1_212' title='bbox 597 2474 615 2507; x_wconf 73' lang='grc' dir='ltr'><strong>ι</strong></span> <span class='ocrx_word' id='word_1_213' title='bbox 647 2453 904 2526; x_wconf 89' lang='lat' dir='ltr'><strong>Denique,</strong></span> <span class='ocrx_word' id='word_1_214' title='bbox 952 2453 1064 2519; x_wconf 90' lang='lat' dir='ltr'><strong>ait,</strong></span> <span class='ocrx_word' id='word_1_215' title='bbox 1107 2465 1207 2522; x_wconf 83' lang='lat' dir='ltr'><strong>ego</strong></span> <span class='ocrx_word' id='word_1_216' title='bbox 1231 2449 1371 2504; x_wconf 89' lang='lat' dir='ltr'><strong>enim</strong></span> <span class='ocrx_word' id='word_1_217' title='bbox 1401 2446 1521 2502; x_wconf 91' lang='lat' dir='ltr'><strong>dico</strong></span> <span class='ocrx_word' id='word_1_218' title='bbox 1546 2489 1560 2513; x_wconf 91' lang='lat'><strong>,</strong></span> <span class='ocrx_word' id='word_1_219' title='bbox 1591 2447 1636 2500; x_wconf 90' lang='lat' dir='ltr'><strong>si</strong></span> <span class='ocrx_word' id='word_1_220' title='bbox 1662 2446 1746 2500; x_wconf 92' lang='lat' dir='ltr'><strong>hic</strong></span> <span class='ocrx_word' id='word_1_221' title='bbox 1779 2445 1946 2516; x_wconf 86' lang='lat' dir='ltr'><strong>prima</strong></span> 
     </span>
    </p>
   </div>
   <div class='ocr_carea' id='block_1_31' title="bbox 350 2538 1946 2615">
    <p class='ocr_par' dir='ltr' id='par_1_31' title="bbox 350 2538 1946 2615">
     <span class='ocr_line' id='line_1_31' title="bbox 350 2538 1946 2615; baseline -0.007 -10"><span class='ocrx_word' id='word_1_222' title='bbox 350 2549 480 2606; x_wconf 90' lang='lat' dir='ltr'><strong>hora</strong></span> <span class='ocrx_word' id='word_1_223' title='bbox 518 2557 634 2615; x_wconf 87' lang='lat' dir='ltr'><strong>est,</strong></span> <span class='ocrx_word' id='word_1_224' title='bbox 665 2556 834 2603; x_wconf 89' lang='lat' dir='ltr'><strong>totum</strong></span> <span class='ocrx_word' id='word_1_225' title='bbox 871 2545 1126 2601; x_wconf 89' lang='lat' dir='ltr'><strong>mundum</strong></span> <span class='ocrx_word' id='word_1_226' title='bbox 1157 2543 1324 2614; x_wconf 89' lang='lat' dir='ltr'><strong>prima</strong></span> <span class='ocrx_word' id='word_1_227' title='bbox 1368 2542 1499 2596; x_wconf 87' lang='lat' dir='ltr'><strong>hora</strong></span> <span class='ocrx_word' id='word_1_228' title='bbox 1540 2547 1766 2595; x_wconf 91' lang='lat' dir='ltr'><strong>teneret.</strong></span> <span class='ocrx_word' id='word_1_229' title='bbox 1812 2538 1946 2594; x_wconf 86' lang='lat' dir='ltr'><strong>Nam</strong></span> 
     </span>
    </p>
   </div>
   <div class='ocr_carea' id='block_1_32' title="bbox 351 2632 1948 2700">
    <p class='ocr_par' dir='ltr' id='par_1_32' title="bbox 351 2632 1948 2700">
     <span class='ocr_line' id='line_1_32' title="bbox 351 2632 1948 2700; baseline -0.005 -2"><span class='ocrx_word' id='word_1_230' title='bbox 351 2643 642 2700; x_wconf 82' lang='lat' dir='ltr'><strong>absurdum</strong></span> <span class='ocrx_word' id='word_1_231' title='bbox 681 2641 809 2696; x_wconf 89' lang='lat' dir='ltr'><strong>mihi</strong></span> <span class='ocrx_word' id='word_1_232' title='bbox 853 2639 1064 2696; x_wconf 89' lang='lat' dir='ltr'><strong>videtur</strong></span> <span class='ocrx_word' id='word_1_233' title='bbox 1112 2636 1298 2692; x_wconf 90' lang='lat' dir='ltr'><strong>audire</strong></span> <span class='ocrx_word' id='word_1_234' title='bbox 1341 2635 1581 2690; x_wconf 83' lang='lat' dir='ltr'><strong>diversas</strong></span> <span class='ocrx_word' id='word_1_235' title='bbox 1627 2633 1790 2689; x_wconf 90' lang='lat' dir='ltr'><strong>horas</strong></span> <span class='ocrx_word' id='word_1_236' title='bbox 1841 2632 1948 2690; x_wconf 89' lang='lat' dir='ltr'><strong>dici</strong></span> 
     </span>
    </p>
   </div>
   <div class='ocr_carea' id='block_1_33' title="bbox 349 2731 1946 2810">
    <p class='ocr_par' dir='ltr' id='par_1_33' title="bbox 349 2731 1946 2810">
     <span class='ocr_line' id='line_1_33' title="bbox 349 2731 1946 2810; baseline -0.004 -19"><span class='ocrx_word' id='word_1_237' title='bbox 349 2749 448 2810; x_wconf 88' lang='lat' dir='ltr'><strong>per</strong></span> <span class='ocrx_word' id='word_1_238' title='bbox 473 2744 700 2806; x_wconf 90' lang='lat' dir='ltr'><strong>quatuor</strong></span> <span class='ocrx_word' id='word_1_239' title='bbox 726 2743 906 2808; x_wconf 90' lang='lat' dir='ltr'><strong>partes</strong></span> <span class='ocrx_word' id='word_1_240' title='bbox 934 2742 1094 2790; x_wconf 70' lang='lat' dir='ltr'><strong>terrm</strong></span> <span class='ocrx_word' id='word_1_241' title='bbox 1132 2732 1420 2789; x_wconf 90' lang='lat' dir='ltr'><strong>contineri.</strong></span> <span class='ocrx_word' id='word_1_242' title='bbox 1461 2731 1588 2786; x_wconf 90' lang='lat' dir='ltr'><strong>Dico</strong></span> <span class='ocrx_word' id='word_1_243' title='bbox 1617 2740 1796 2785; x_wconf 91' lang='lat' dir='ltr'><strong>autem</strong></span> <span class='ocrx_word' id='word_1_244' title='bbox 1823 2743 1946 2784; x_wconf 91' lang='lat' dir='ltr'><strong>cum</strong></span> 
     </span>
    </p>
   </div>
   <div class='ocr_carea' id='block_1_34' title="bbox 350 2821 1946 2897">
    <p class='ocr_par' dir='ltr' id='par_1_34' title="bbox 350 2821 1946 2897">
     <span class='ocr_line' id='line_1_34' title="bbox 350 2821 1946 2897; baseline -0.006 -13"><span class='ocrx_word' id='word_1_245' title='bbox 350 2829 462 2884; x_wconf 86' lang='lat' dir='ltr'><strong>sint</strong></span> <span class='ocrx_word' id='word_1_246' title='bbox 485 2843 675 2884; x_wconf 91' lang='lat' dir='ltr'><strong>omnes</strong></span> <span class='ocrx_word' id='word_1_247' title='bbox 718 2827 1036 2884; x_wconf 87' lang='lat' dir='ltr'><strong>habitabiles</strong></span> <span class='ocrx_word' id='word_1_248' title='bbox 1061 2867 1077 2894; x_wconf 92' lang='lat'><strong>,</strong></span> <span class='ocrx_word' id='word_1_249' title='bbox 1127 2825 1396 2897; x_wconf 90' lang='lat' dir='ltr'><strong>quomodo</strong></span> <span class='ocrx_word' id='word_1_250' title='bbox 1429 2823 1642 2894; x_wconf 81' lang='lat' dir='ltr'><strong>probari</strong></span> <span class='ocrx_word' id='word_1_251' title='bbox 1684 2821 1814 2877; x_wconf 93' lang='lat' dir='ltr'><strong>mihi</strong></span> <span class='ocrx_word' id='word_1_252' title='bbox 1847 2836 1946 2892; x_wconf 87' lang='lat' dir='ltr'><strong>po-</strong></span> 
     </span>
    </p>
   </div>
   <div class='ocr_carea' id='block_1_35' title="bbox 352 2914 1947 2988">
    <p class='ocr_par' dir='ltr' id='par_1_35' title="bbox 352 2914 1947 2988">
     <span class='ocr_line' id='line_1_35' title="bbox 352 2914 1947 2988; baseline -0.008 -4"><span class='ocrx_word' id='word_1_253' title='bbox 352 2931 458 2984; x_wconf 87' lang='lat' dir='ltr'><strong>test</strong></span> <span class='ocrx_word' id='word_1_254' title='bbox 482 2937 642 2979; x_wconf 89' lang='lat' dir='ltr'><strong>unam</strong></span> <span class='ocrx_word' id='word_1_255' title='bbox 670 2921 854 2977; x_wconf 87' lang='lat' dir='ltr'><strong>horam</strong></span> <span class='ocrx_word' id='word_1_256' title='bbox 879 2935 989 2977; x_wconf 87' lang='lat' dir='ltr'><strong>non</strong></span> <span class='ocrx_word' id='word_1_257' title='bbox 1011 2934 1200 2974; x_wconf 92' lang='lat' dir='ltr'><strong>omnes</strong></span> <span class='ocrx_word' id='word_1_258' title='bbox 1229 2917 1474 2973; x_wconf 89' lang='lat' dir='ltr'><strong>homines</strong></span> <span class='ocrx_word' id='word_1_259' title='bbox 1498 2916 1810 2988; x_wconf 85' lang='lat' dir='ltr'><strong>possidere?</strong></span> <span class='ocrx_word' id='word_1_260' title='bbox 1839 2914 1947 2971; x_wconf 89' lang='lat' dir='ltr'><strong>Sed</strong></span> 
     </span>
    </p>
   </div>
   <div class='ocr_carea' id='block_1_36' title="bbox 352 3010 1951 3083">
    <p class='ocr_par' dir='ltr' id='par_1_36' title="bbox 352 3010 1951 3083">
     <span class='ocr_line' id='line_1_36' title="bbox 352 3010 1951 3083; baseline -0.005 -9"><span class='ocrx_word' id='word_1_261' title='bbox 352 3018 476 3075; x_wconf 86' lang='lat' dir='ltr'><strong>dico</strong></span> <span class='ocrx_word' id='word_1_262' title='bbox 497 3059 511 3083; x_wconf 92' lang='lat'><strong>,</strong></span> <span class='ocrx_word' id='word_1_263' title='bbox 542 3031 664 3072; x_wconf 91' lang='lat' dir='ltr'><strong>cum</strong></span> <span class='ocrx_word' id='word_1_264' title='bbox 697 3015 781 3070; x_wconf 91' lang='lat' dir='ltr'><strong>hic</strong></span> <span class='ocrx_word' id='word_1_265' title='bbox 810 3014 928 3069; x_wconf 91' lang='lat' dir='ltr'><strong>dies</strong></span> <span class='ocrx_word' id='word_1_266' title='bbox 972 3012 1072 3078; x_wconf 89' lang='lat' dir='ltr'><strong>sit,</strong></span> <span class='ocrx_word' id='word_1_267' title='bbox 1105 3010 1373 3067; x_wconf 88' lang='lat' dir='ltr'><strong>ostendite</strong></span> <span class='ocrx_word' id='word_1_268' title='bbox 1404 3010 1533 3066; x_wconf 92' lang='lat' dir='ltr'><strong>mihi</strong></span> <span class='ocrx_word' id='word_1_269' title='bbox 1562 3010 1614 3064; x_wconf 93' lang='lat' dir='ltr'><strong>in</strong></span> <span class='ocrx_word' id='word_1_270' title='bbox 1656 3024 1758 3080; x_wconf 91' lang='lat' dir='ltr'><strong>qua</strong></span> <span class='ocrx_word' id='word_1_271' title='bbox 1801 3020 1951 3080; x_wconf 91' lang='lat' dir='ltr'><strong>parte</strong></span> 
     </span>
    </p>
   </div>
   <div class='ocr_carea' id='block_1_37' title="bbox 354 3105 1952 3181">
    <p class='ocr_par' dir='ltr' id='par_1_37' title="bbox 354 3105 1952 3181">
     <span class='ocr_line' id='line_1_37' title="bbox 354 3105 1952 3181; baseline -0.006 -9"><span class='ocrx_word' id='word_1_272' title='bbox 354 3123 564 3172; x_wconf 89' lang='lat' dir='ltr'><strong>noctem</strong></span> <span class='ocrx_word' id='word_1_273' title='bbox 597 3125 717 3168; x_wconf 89' lang='lat' dir='ltr'><strong>esse</strong></span> <span class='ocrx_word' id='word_1_274' title='bbox 737 3109 1086 3177; x_wconf 88' lang='lat' dir='ltr'><strong>asseveretis,</strong></span> <span class='ocrx_word' id='word_1_275' title='bbox 1112 3107 1328 3179; x_wconf 88' lang='lat' dir='ltr'><strong>quando</strong></span> <span class='ocrx_word' id='word_1_276' title='bbox 1357 3115 1483 3162; x_wconf 79' lang='lat' dir='ltr'><strong>totae</strong></span> <span class='ocrx_word' id='word_1_277' title='bbox 1511 3108 1680 3181; x_wconf 74' lang='lat' dir='ltr'><strong>plaga:</strong></span> <span class='ocrx_word' id='word_1_278' title='bbox 1703 3105 1827 3164; x_wconf 67' lang='lat' dir='ltr'><strong>caeli</strong></span> <span class='ocrx_word' id='word_1_279' title='bbox 1857 3121 1952 3178; x_wconf 89' lang='lat' dir='ltr'><strong>per</strong></span> 
     </span>
    </p>
   </div>
   <div class='ocr_carea' id='block_1_38' title="bbox 355 3199 1951 3274">
    <p class='ocr_par' dir='ltr' id='par_1_38' title="bbox 355 3199 1951 3274">
     <span class='ocr_line' id='line_1_38' title="bbox 355 3199 1951 3274; baseline -0.004 -12"><span class='ocrx_word' id='word_1_280' title='bbox 355 3207 495 3262; x_wconf 90' lang='lat' dir='ltr'><strong>diem</strong></span> <span class='ocrx_word' id='word_1_281' title='bbox 526 3204 906 3261; x_wconf 89' lang='lat' dir='ltr'><strong>inlucidentur.</strong></span> <span class='ocrx_word' id='word_1_282' title='bbox 945 3201 1055 3258; x_wconf 85' lang='lat' dir='ltr'><strong>Nec</strong></span> <span class='ocrx_word' id='word_1_283' title='bbox 1084 3201 1228 3257; x_wconf 90' lang='lat' dir='ltr'><strong>enim</strong></span> <span class='ocrx_word' id='word_1_284' title='bbox 1261 3201 1472 3274; x_wconf 80' lang='lat' dir='ltr'><strong>Moyses</strong></span> <span class='ocrx_word' id='word_1_285' title='bbox 1511 3201 1670 3257; x_wconf 89' lang='lat' dir='ltr'><strong>aliter</strong></span> <span class='ocrx_word' id='word_1_286' title='bbox 1714 3215 1813 3256; x_wconf 90' lang='lat' dir='ltr'><strong>nos</strong></span> <span class='ocrx_word' id='word_1_287' title='bbox 1851 3199 1951 3257; x_wconf 92' lang='lat' dir='ltr'><strong>do-</strong></span> 
     </span>
    </p>
   </div>
   <div class='ocr_carea' id='block_1_39' title="bbox 354 3296 1950 3368">
    <p class='ocr_par' dir='ltr' id='par_1_39' title="bbox 354 3296 1950 3368">
     <span class='ocr_line' id='line_1_39' title="bbox 354 3296 1950 3368; baseline -0.002 -11"><span class='ocrx_word' id='word_1_288' title='bbox 354 3301 465 3357; x_wconf 89' lang='lat' dir='ltr'><strong>cuit</strong></span> <span class='ocrx_word' id='word_1_289' title='bbox 491 3300 627 3356; x_wconf 91' lang='lat' dir='ltr'><strong>libro</strong></span> <span class='ocrx_word' id='word_1_290' title='bbox 657 3298 964 3364; x_wconf 89' lang='lat' dir='ltr'><strong>Geneseos,</strong></span> <span class='ocrx_word' id='word_1_291' title='bbox 997 3313 1155 3368; x_wconf 88' lang='lat' dir='ltr'><strong>quam</strong></span> <span class='ocrx_word' id='word_1_292' title='bbox 1183 3306 1240 3352; x_wconf 92' lang='lat' dir='ltr'><strong>ut</strong></span> <span class='ocrx_word' id='word_1_293' title='bbox 1273 3297 1392 3353; x_wconf 90' lang='lat' dir='ltr'><strong>dies</strong></span> <span class='ocrx_word' id='word_1_294' title='bbox 1416 3339 1431 3364; x_wconf 92' lang='lat'><strong>,</strong></span> <span class='ocrx_word' id='word_1_295' title='bbox 1462 3296 1577 3352; x_wconf 87' lang='lat' dir='ltr'><strong>dies</strong></span> <span class='ocrx_word' id='word_1_296' title='bbox 1610 3307 1721 3352; x_wconf 90' lang='lat' dir='ltr'><strong>toto</strong></span> <span class='ocrx_word' id='word_1_297' title='bbox 1749 3299 1950 3354; x_wconf 92' lang='lat' dir='ltr'><strong>mundo</strong></span> 
     </span>
    </p>
   </div>
   <div class='ocr_carea' id='block_1_40' title="bbox 355 3389 1952 3461">
    <p class='ocr_par' dir='ltr' id='par_1_40' title="bbox 355 3389 1952 3461">
     <span class='ocr_line' id='line_1_40' title="bbox 355 3389 1952 3461; baseline -0.002 -11"><span class='ocrx_word' id='word_1_298' title='bbox 355 3403 519 3461; x_wconf 89' lang='lat' dir='ltr'><strong>esset,</strong></span> <span class='ocrx_word' id='word_1_299' title='bbox 545 3403 600 3449; x_wconf 89' lang='lat' dir='ltr'><strong>et</strong></span> <span class='ocrx_word' id='word_1_300' title='bbox 631 3410 758 3458; x_wconf 83' lang='lat' dir='ltr'><strong>nox,</strong></span> <span class='ocrx_word' id='word_1_301' title='bbox 782 3408 888 3448; x_wconf 84' lang='lat' dir='ltr'><strong>nox</strong></span> <span class='ocrx_word' id='word_1_302' title='bbox 914 3393 1099 3447; x_wconf 88' lang='lat' dir='ltr'><strong>orbem</strong></span> <span class='ocrx_word' id='word_1_303' title='bbox 1137 3392 1446 3446; x_wconf 87' lang='lat' dir='ltr'><strong>universum</strong></span> <span class='ocrx_word' id='word_1_304' title='bbox 1478 3389 1714 3446; x_wconf 90' lang='lat' dir='ltr'><strong>tenebris</strong></span> <span class='ocrx_word' id='word_1_305' title='bbox 1741 3391 1952 3448; x_wconf 89' lang='lat' dir='ltr'><strong>obtine-</strong></span> 
     </span>
    </p>
   </div>
   <div class='ocr_carea' id='block_1_41' title="bbox 354 3482 1953 3558">
    <p class='ocr_par' dir='ltr' id='par_1_41' title="bbox 354 3482 1953 3558">
     <span class='ocr_line' id='line_1_41' title="bbox 354 3482 1953 3558; baseline -0.003 -13"><span class='ocrx_word' id='word_1_306' title='bbox 354 3497 514 3556; x_wconf 51' lang='lat' dir='ltr'><strong>ret.)</strong></span> <span class='ocrx_word' id='word_1_307' title='bbox 545 3487 744 3558; x_wconf 92' lang='lat' dir='ltr'><strong>Itaque,</strong></span> <span class='ocrx_word' id='word_1_308' title='bbox 778 3482 971 3553; x_wconf 84' lang='lat' dir='ltr'><strong>amice,</strong></span> <span class='ocrx_word' id='word_1_309' title='bbox 1004 3485 1047 3540; x_wconf 91' lang='lat' dir='ltr'><strong>si</strong></span> <span class='ocrx_word' id='word_1_310' title='bbox 1079 3484 1351 3541; x_wconf 80' lang='lat' dir='ltr'><strong>sufﬁciunt</strong></span> <span class='ocrx_word' id='word_1_311' title='bbox 1381 3484 1446 3540; x_wconf 88' lang='lat' dir='ltr'><strong>ad</strong></span> <span class='ocrx_word' id='word_1_312' title='bbox 1465 3486 1813 3557; x_wconf 80' lang='lat' dir='ltr'><strong>quaestionem</strong></span> <span class='ocrx_word' id='word_1_313' title='bbox 1837 3484 1953 3541; x_wconf 77' lang='lat' dir='ltr'><strong>haec</strong></span> 
     </span>
    </p>
   </div>
   <div class='ocr_carea' id='block_1_42' title="bbox 353 3577 1953 3653">
    <p class='ocr_par' dir='ltr' id='par_1_42' title="bbox 353 3577 1953 3653">
     <span class='ocr_line' id='line_1_42' title="bbox 353 3577 1953 3653; baseline -0.003 -17"><span class='ocrx_word' id='word_1_314' title='bbox 353 3597 474 3653; x_wconf 78' lang='lat' dir='ltr'><strong>quae</strong></span> <span class='ocrx_word' id='word_1_315' title='bbox 501 3596 530 3635; x_wconf 92' lang='lat' dir='ltr'><strong>a</strong></span> <span class='ocrx_word' id='word_1_316' title='bbox 559 3590 611 3635; x_wconf 91' lang='lat' dir='ltr'><strong>te</strong></span> <span class='ocrx_word' id='word_1_317' title='bbox 649 3579 790 3635; x_wconf 90' lang='lat' dir='ltr'><strong>dicta</strong></span> <span class='ocrx_word' id='word_1_318' title='bbox 813 3588 939 3634; x_wconf 92' lang='lat' dir='ltr'><strong>sunt</strong></span> <span class='ocrx_word' id='word_1_319' title='bbox 963 3619 978 3644; x_wconf 93' lang='lat'><strong>,</strong></span> <span class='ocrx_word' id='word_1_320' title='bbox 1026 3587 1150 3649; x_wconf 90' lang='lat' dir='ltr'><strong>peto</strong></span> <span class='ocrx_word' id='word_1_321' title='bbox 1177 3589 1234 3633; x_wconf 91' lang='lat' dir='ltr'><strong>ut</strong></span> <span class='ocrx_word' id='word_1_322' title='bbox 1261 3579 1528 3633; x_wconf 88' lang='lat' dir='ltr'><strong>concedas</strong></span> <span class='ocrx_word' id='word_1_323' title='bbox 1558 3577 1855 3650; x_wconf 89' lang='lat' dir='ltr'><strong>patienter,</strong></span> <span class='ocrx_word' id='word_1_324' title='bbox 1898 3586 1953 3633; x_wconf 93' lang='lat' dir='ltr'><strong>et</strong></span> 
     </span>
    </p>
   </div>
   <div class='ocr_carea' id='block_1_43' title="bbox 354 3671 1950 3745">
    <p class='ocr_par' dir='ltr' id='par_1_43' title="bbox 354 3671 1950 3745">
     <span class='ocr_line' id='line_1_43' title="bbox 354 3671 1950 3745; baseline -0.004 -15"><span class='ocrx_word' id='word_1_325' title='bbox 354 3675 541 3730; x_wconf 83' lang='lat' dir='ltr'><strong>audias</strong></span> <span class='ocrx_word' id='word_1_326' title='bbox 570 3689 600 3730; x_wconf 89' lang='lat' dir='ltr'><strong>a</strong></span> <span class='ocrx_word' id='word_1_327' title='bbox 631 3673 788 3730; x_wconf 91' lang='lat' dir='ltr'><strong>nobis</strong></span> <span class='ocrx_word' id='word_1_328' title='bbox 812 3689 933 3745; x_wconf 72' lang='lat' dir='ltr'><strong>qua:</strong></span> <span class='ocrx_word' id='word_1_329' title='bbox 970 3687 1096 3728; x_wconf 90' lang='lat' dir='ltr'><strong>vera</strong></span> <span class='ocrx_word' id='word_1_330' title='bbox 1124 3681 1268 3727; x_wconf 87' lang='lat' dir='ltr'><strong>sunt.</strong></span> <span class='ocrx_word' id='word_1_331' title='bbox 1308 3671 1414 3730; x_wconf 87' lang='lat' dir='ltr'><strong>Sed</strong></span> <span class='ocrx_word' id='word_1_332' title='bbox 1459 3687 1564 3726; x_wconf 88' lang='lat' dir='ltr'><strong>non</strong></span> <span class='ocrx_word' id='word_1_333' title='bbox 1610 3686 1716 3743; x_wconf 92' lang='lat' dir='ltr'><strong>quo</strong></span> <span class='ocrx_word' id='word_1_334' title='bbox 1753 3671 1950 3740; x_wconf 85' lang='lat' dir='ltr'><strong>depre-</strong></span> 
     </span>
    </p>
   </div>
   <div class='ocr_carea' id='block_1_44' title="bbox 356 3762 1955 3839">
    <p class='ocr_par' dir='ltr' id='par_1_44' title="bbox 356 3762 1955 3839">
     <span class='ocr_line' id='line_1_44' title="bbox 356 3762 1955 3839; baseline -0.004 -13"><span class='ocrx_word' id='word_1_335' title='bbox 356 3769 562 3826; x_wconf 90' lang='lat' dir='ltr'><strong>hendas</strong></span> <span class='ocrx_word' id='word_1_336' title='bbox 586 3769 816 3824; x_wconf 89' lang='lat' dir='ltr'><strong>humana</strong></span> <span class='ocrx_word' id='word_1_337' title='bbox 845 3779 1170 3833; x_wconf 90' lang='lat' dir='ltr'><strong>commenta,</strong></span> <span class='ocrx_word' id='word_1_338' title='bbox 1197 3783 1355 3839; x_wconf 89' lang='lat' dir='ltr'><strong>quam</strong></span> <span class='ocrx_word' id='word_1_339' title='bbox 1390 3766 1558 3838; x_wconf 86' lang='lat' dir='ltr'><strong>magis</strong></span> <span class='ocrx_word' id='word_1_340' title='bbox 1580 3765 1846 3837; x_wconf 89' lang='lat' dir='ltr'><strong>approhes</strong></span> <span class='ocrx_word' id='word_1_341' title='bbox 1873 3762 1955 3818; x_wconf 85' lang='lat' dir='ltr'><strong>di-</strong></span> 
     </span>
    </p>
   </div>
   <div class='ocr_carea' id='block_1_45' title="bbox 354 3856 1955 3921">
    <p class='ocr_par' dir='ltr' id='par_1_45' title="bbox 354 3856 1955 3921">
     <span class='ocr_line' id='line_1_45' title="bbox 354 3856 1955 3921; baseline -0.005 0"><span class='ocrx_word' id='word_1_342' title='bbox 354 3864 480 3921; x_wconf 83' lang='lat' dir='ltr'><strong>vina</strong></span> <span class='ocrx_word' id='word_1_343' title='bbox 515 3877 637 3920; x_wconf 90' lang='lat' dir='ltr'><strong>esse</strong></span> <span class='ocrx_word' id='word_1_344' title='bbox 674 3862 838 3918; x_wconf 87' lang='lat' dir='ltr'><strong>dicta.</strong></span> <span class='ocrx_word' id='word_1_345' title='bbox 882 3859 1034 3918; x_wconf 87' lang='lat' dir='ltr'><strong>Unde</strong></span> <span class='ocrx_word' id='word_1_346' title='bbox 1075 3861 1120 3915; x_wconf 90' lang='lat' dir='ltr'><strong>si</strong></span> <span class='ocrx_word' id='word_1_347' title='bbox 1151 3859 1484 3915; x_wconf 87' lang='lat' dir='ltr'><strong>auctoritatis</strong></span> <span class='ocrx_word' id='word_1_348' title='bbox 1524 3860 1741 3914; x_wconf 90' lang='lat' dir='ltr'><strong>inventa</strong></span> <span class='ocrx_word' id='word_1_349' title='bbox 1793 3856 1955 3913; x_wconf 78' lang='lat' dir='ltr'><strong>fuerit</strong></span> 
     </span>
    </p>
   </div>
   <div class='ocr_carea' id='block_1_46' title="bbox 357 3953 1955 4029">
    <p class='ocr_par' dir='ltr' id='par_1_46' title="bbox 357 3953 1955 4029">
     <span class='ocr_line' id='line_1_46' title="bbox 357 3953 1955 4029; baseline -0.006 -11"><span class='ocrx_word' id='word_1_350' title='bbox 357 3962 539 4029; x_wconf 89' lang='lat' dir='ltr'><strong>lectio,</strong></span> <span class='ocrx_word' id='word_1_351' title='bbox 572 3960 750 4016; x_wconf 89' lang='lat' dir='ltr'><strong>locum</strong></span> <span class='ocrx_word' id='word_1_352' title='bbox 778 3957 935 4015; x_wconf 86' lang='lat' dir='ltr'><strong>nobis</strong></span> <span class='ocrx_word' id='word_1_353' title='bbox 964 3956 1262 4013; x_wconf 75' lang='lat' dir='ltr'><strong>concedere</strong></span> <span class='ocrx_word' id='word_1_354' title='bbox 1288 3955 1455 4012; x_wconf 89' lang='lat' dir='ltr'><strong>habes</strong></span> <span class='ocrx_word' id='word_1_355' title='bbox 1486 3953 1719 4022; x_wconf 90' lang='lat' dir='ltr'><strong>dicendi,</strong></span> <span class='ocrx_word' id='word_1_356' title='bbox 1749 3961 1806 4008; x_wconf 92' lang='lat' dir='ltr'><strong>ut</strong></span> <span class='ocrx_word' id='word_1_357' title='bbox 1839 3967 1955 4024; x_wconf 84' lang='lat' dir='ltr'><strong>pos-</strong></span> 
     </span>
    </p>
   </div>
   <div class='ocr_carea' id='block_1_47' title="bbox 351 4046 1954 4128">
    <p class='ocr_par' dir='ltr' id='par_1_47' title="bbox 351 4046 1954 4128">
     <span class='ocr_line' id='line_1_47' title="bbox 351 4046 1954 4128; baseline -0.006 -16"><span class='ocrx_word' id='word_1_358' title='bbox 351 4057 429 4114; x_wconf 93' lang='lat' dir='ltr'><strong>sis</strong></span> <span class='ocrx_word' id='word_1_359' title='bbox 453 4055 660 4128; x_wconf 89' lang='lat' dir='ltr'><strong>planius</strong></span> <span class='ocrx_word' id='word_1_360' title='bbox 677 4053 941 4119; x_wconf 89' lang='lat' dir='ltr'><strong>ediscere,</strong></span> <span class='ocrx_word' id='word_1_361' title='bbox 965 4051 1196 4122; x_wconf 90' lang='lat' dir='ltr'><strong>qualiter</strong></span> <span class='ocrx_word' id='word_1_362' title='bbox 1222 4048 1562 4104; x_wconf 83' lang='lat' dir='ltr'><strong>beatissimus</strong></span> <span class='ocrx_word' id='word_1_363' title='bbox 1593 4047 1805 4120; x_wconf 81' lang='lat' dir='ltr'><strong>Moyses</strong></span> <span class='ocrx_word' id='word_1_364' title='bbox 1831 4046 1954 4104; x_wconf 89' lang='lat' dir='ltr'><strong>bre-</strong></span> 
     </span>
    </p>
   </div>
   <div class='ocr_carea' id='block_1_48' title="bbox 353 4139 1950 4216">
    <p class='ocr_par' dir='ltr' id='par_1_48' title="bbox 353 4139 1950 4216">
     <span class='ocr_line' id='line_1_48' title="bbox 353 4139 1950 4216; baseline -0.006 -11"><span class='ocrx_word' id='word_1_365' title='bbox 353 4149 490 4206; x_wconf 83' lang='lat' dir='ltr'><strong>viter</strong></span> <span class='ocrx_word' id='word_1_366' title='bbox 515 4148 581 4205; x_wconf 89' lang='lat' dir='ltr'><strong>de</strong></span> <span class='ocrx_word' id='word_1_367' title='bbox 607 4147 692 4204; x_wconf 89' lang='lat' dir='ltr'><strong>die</strong></span> <span class='ocrx_word' id='word_1_368' title='bbox 720 4162 782 4202; x_wconf 91' lang='lat' dir='ltr'><strong>ac</strong></span> <span class='ocrx_word' id='word_1_369' title='bbox 811 4154 968 4201; x_wconf 86' lang='lat' dir='ltr'><strong>nocte</strong></span> <span class='ocrx_word' id='word_1_370' title='bbox 996 4142 1391 4216; x_wconf 81' lang='lat' dir='ltr'><strong>signiﬁcaverit.</strong></span> <span class='ocrx_word' id='word_1_371' title='bbox 1427 4140 1668 4211; x_wconf 87' lang='lat' dir='ltr'><strong>Namque</strong></span> <span class='ocrx_word' id='word_1_372' title='bbox 1707 4150 1761 4196; x_wconf 90' lang='lat' dir='ltr'><strong>et</strong></span> <span class='ocrx_word' id='word_1_373' title='bbox 1796 4139 1950 4196; x_wconf 84' lang='lat' dir='ltr'><strong>Salo-</strong></span> 
     </span>
    </p>
   </div>
   <div class='ocr_carea' id='block_1_49' title="bbox 357 4235 1956 4306">
    <p class='ocr_par' dir='ltr' id='par_1_49' title="bbox 357 4235 1956 4306">
     <span class='ocr_line' id='line_1_49' title="bbox 357 4235 1956 4306; baseline -0.006 -8"><span class='ocrx_word' id='word_1_374' title='bbox 357 4259 486 4300; x_wconf 83' lang='lat' dir='ltr'><strong>tnou</strong></span> <span class='ocrx_word' id='word_1_375' title='bbox 515 4242 667 4299; x_wconf 88' lang='lat' dir='ltr'><strong>docet</strong></span> <span class='ocrx_word' id='word_1_376' title='bbox 699 4255 796 4296; x_wconf 90' lang='lat' dir='ltr'><strong>nos</strong></span> <span class='ocrx_word' id='word_1_377' title='bbox 817 4239 1000 4295; x_wconf 91' lang='lat' dir='ltr'><strong>dicens</strong></span> <span class='ocrx_word' id='word_1_378' title='bbox 1034 4256 1045 4292; x_wconf 89' lang='lat'><strong>:</strong></span> <span class='ocrx_word' id='word_1_379' title='bbox 1080 4235 1254 4292; x_wconf 79' lang='lat' dir='ltr'><strong>Bonus</strong></span> <span class='ocrx_word' id='word_1_380' title='bbox 1273 4236 1486 4306; x_wconf 74' lang='lat' dir='ltr'><strong>spiritus</strong></span> <span class='ocrx_word' id='word_1_381' title='bbox 1515 4245 1633 4289; x_wconf 80' lang='lat' dir='ltr'><strong>tuus</strong></span> <span class='ocrx_word' id='word_1_382' title='bbox 1655 4245 1727 4290; x_wconf 79' lang='lat' dir='ltr'><strong>est</strong></span> <span class='ocrx_word' id='word_1_383' title='bbox 1755 4237 1807 4289; x_wconf 85' lang='lat' dir='ltr'><strong>in</strong></span> <span class='ocrx_word' id='word_1_384' title='bbox 1846 4251 1956 4289; x_wconf 89' lang='lat' dir='ltr'><strong>om-</strong></span> 
     </span>
    </p>
   </div>
   <div class='ocr_carea' id='block_1_50' title="bbox 356 4327 1956 4407">
    <p class='ocr_par' dir='ltr' id='par_1_50' title="bbox 356 4327 1956 4407">
     <span class='ocr_line' id='line_1_50' title="bbox 356 4327 1956 4407; baseline -0.006 -15"><span class='ocrx_word' id='word_1_385' title='bbox 356 4338 544 4403; x_wconf 75' lang='lat' dir='ltr'><strong>nibus;</strong></span> <span class='ocrx_word' id='word_1_386' title='bbox 573 4345 782 4407; x_wconf 82' lang='lat' dir='ltr'><strong>propter</strong></span> <span class='ocrx_word' id='word_1_387' title='bbox 799 4334 938 4406; x_wconf 85' lang='lat' dir='ltr'><strong>quod</strong></span> <span class='ocrx_word' id='word_1_388' title='bbox 965 4333 1265 4404; x_wconf 79' lang='lat' dir='ltr'><strong>quicumque</strong></span> <span class='ocrx_word' id='word_1_389' title='bbox 1291 4339 1499 4396; x_wconf 82' lang='lat' dir='ltr'><strong>errant,</strong></span> <span class='ocrx_word' id='word_1_390' title='bbox 1539 4330 1766 4401; x_wconf 78' lang='lat' dir='ltr'><strong>partibus</strong></span> <span class='ocrx_word' id='word_1_391' title='bbox 1797 4327 1956 4383; x_wconf 83' lang='lat' dir='ltr'><strong>corri-</strong></span> 
     </span>
    </p>
   </div>
   <div class='ocr_carea' id='block_1_51' title="bbox 355 4421 1951 4504">
    <p class='ocr_par' dir='ltr' id='par_1_51' title="bbox 355 4421 1951 4504">
     <span class='ocr_line' id='line_1_51' title="bbox 355 4421 1951 4504; baseline -0.005 -20"><span class='ocrx_word' id='word_1_392' title='bbox 355 4433 438 4504; x_wconf 81' lang='lat' dir='ltr'><strong>pis</strong></span> <span class='ocrx_word' id='word_1_393' title='bbox 472 4449 488 4486; x_wconf 92' lang='lat'><strong><em>:</em></strong></span> <span class='ocrx_word' id='word_1_394' title='bbox 516 4430 578 4486; x_wconf 85' lang='lat' dir='ltr'><strong>de</strong></span> <span class='ocrx_word' id='word_1_395' title='bbox 605 4429 786 4500; x_wconf 79' lang='lat' dir='ltr'><strong>quibus</strong></span> <span class='ocrx_word' id='word_1_396' title='bbox 831 4435 1000 4482; x_wconf 87' lang='lat' dir='ltr'><strong>autem</strong></span> <span class='ocrx_word' id='word_1_397' title='bbox 1032 4434 1281 4497; x_wconf 86' lang='lat' dir='ltr'><strong>peccant,</strong></span> <span class='ocrx_word' id='word_1_398' title='bbox 1325 4424 1568 4478; x_wconf 76' lang='lat' dir='ltr'><strong>admones</strong></span> <span class='ocrx_word' id='word_1_399' title='bbox 1603 4421 1911 4494; x_wconf 86' lang='lat' dir='ltr'><strong>alloquendo</strong></span> <span class='ocrx_word' id='word_1_400' title='bbox 1935 4463 1951 4488; x_wconf 94' lang='lat'><strong>,</strong></span> 
     </span>
    </p>
   </div>
   <div class='ocr_carea' id='block_1_52' title="bbox 355 4515 1952 4594">
    <p class='ocr_par' dir='ltr' id='par_1_52' title="bbox 355 4515 1952 4594">
     <span class='ocr_line' id='line_1_52' title="bbox 355 4515 1952 4594; baseline -0.006 -15"><span class='ocrx_word' id='word_1_401' title='bbox 355 4537 411 4580; x_wconf 87' lang='lat' dir='ltr'><strong>ut</strong></span> <span class='ocrx_word' id='word_1_402' title='bbox 442 4524 616 4578; x_wconf 85' lang='lat' dir='ltr'><strong>relicta</strong></span> <span class='ocrx_word' id='word_1_403' title='bbox 638 4521 894 4594; x_wconf 78' lang='lat' dir='ltr'><strong>imperitia</strong></span> <span class='ocrx_word' id='word_1_404' title='bbox 913 4518 1122 4574; x_wconf 83' lang='lat' dir='ltr'><strong>credant</strong></span> <span class='ocrx_word' id='word_1_405' title='bbox 1150 4519 1203 4572; x_wconf 87' lang='lat' dir='ltr'><strong>in</strong></span> <span class='ocrx_word' id='word_1_406' title='bbox 1230 4515 1328 4572; x_wconf 86' lang='lat' dir='ltr'><strong>Dei</strong></span> <span class='ocrx_word' id='word_1_407' title='bbox 1354 4517 1502 4573; x_wconf 81' lang='lat' dir='ltr'><strong>verba</strong></span> <span class='ocrx_word' id='word_1_408' title='bbox 1535 4515 1720 4589; x_wconf 89' lang='lat' dir='ltr'><strong>(Sap.,</strong></span> <span class='ocrx_word' id='word_1_409' title='bbox 1749 4530 1845 4578; x_wconf 80' lang='lat' dir='ltr'><strong>xu,</strong></span> <span class='ocrx_word' id='word_1_410' title='bbox 1877 4515 1952 4586; x_wconf 80' lang='grc'><strong>1).</strong></span> 
     </span>
    </p>
   </div>
   <div class='ocr_carea' id='block_1_53' title="bbox 355 4610 1960 4687">
    <p class='ocr_par' dir='ltr' id='par_1_53' title="bbox 355 4610 1960 4687">
     <span class='ocr_line' id='line_1_53' title="bbox 355 4610 1960 4687; baseline -0.006 -13"><span class='ocrx_word' id='word_1_411' title='bbox 355 4618 545 4675; x_wconf 89' lang='lat' dir='ltr'><strong>Omnis</strong></span> <span class='ocrx_word' id='word_1_412' title='bbox 587 4619 731 4674; x_wconf 89' lang='lat' dir='ltr'><strong>enim</strong></span> <span class='ocrx_word' id='word_1_413' title='bbox 781 4616 1043 4687; x_wconf 88' lang='lat' dir='ltr'><strong>scriptura</strong></span> <span class='ocrx_word' id='word_1_414' title='bbox 1091 4613 1282 4685; x_wconf 87' lang='lat' dir='ltr'><strong>spiritu</strong></span> <span class='ocrx_word' id='word_1_415' title='bbox 1340 4612 1435 4668; x_wconf 91' lang='lat' dir='ltr'><strong>Dei</strong></span> <span class='ocrx_word' id='word_1_416' title='bbox 1487 4611 1774 4683; x_wconf 90' lang='lat' dir='ltr'><strong>inspirata,</strong></span> <span class='ocrx_word' id='word_1_417' title='bbox 1829 4610 1960 4666; x_wconf 83' lang='lat' dir='ltr'><strong>dicit</strong></span> 
     </span>
    </p>
   </div>
   <div class='ocr_carea' id='block_1_54' title="bbox 353 4705 1956 4787">
    <p class='ocr_par' dir='ltr' id='par_1_54' title="bbox 353 4705 1956 4787">
     <span class='ocr_line' id='line_1_54' title="bbox 353 4705 1956 4787; baseline -0.009 -13"><span class='ocrx_word' id='word_1_418' title='bbox 353 4715 645 4787; x_wconf 80' lang='lat' dir='ltr'><strong>Apostolus</strong></span> <span class='ocrx_word' id='word_1_419' title='bbox 664 4713 859 4769; x_wconf 87' lang='lat' dir='ltr'><strong>Paulus</strong></span> <span class='ocrx_word' id='word_1_420' title='bbox 874 4713 996 4785; x_wconf 89' lang='lat' dir='ltr'><strong>quia</strong></span> <span class='ocrx_word' id='word_1_421' title='bbox 1014 4711 1215 4783; x_wconf 85' lang='lat' dir='ltr'><strong>indiget</strong></span> <span class='ocrx_word' id='word_1_422' title='bbox 1228 4709 1671 4782; x_wconf 85' lang='lat' dir='ltr'><strong>interpretatione</strong></span> <span class='ocrx_word' id='word_1_423' title='bbox 1714 4707 1794 4780; x_wconf 89' lang='lat' dir='ltr'><strong>(ll</strong></span> <span class='ocrx_word' id='word_1_424' title='bbox 1815 4705 1956 4762; x_wconf 87' lang='lat' dir='ltr'><strong>Petr.</strong></span> 
     </span>
    </p>
   </div>
   <div class='ocr_carea' id='block_1_55' title="bbox 355 4799 1958 4882">
    <p class='ocr_par' dir='ltr' id='par_1_55' title="bbox 355 4799 1958 4882">
     <span class='ocr_line' id='line_1_55' title="bbox 355 4799 1958 4882; baseline -0.007 -15"><span class='ocrx_word' id='word_1_425' title='bbox 355 4827 396 4879; x_wconf 82' lang='grc' dir='ltr'>ι,</span> <span class='ocrx_word' id='word_1_426' title='bbox 416 4809 530 4882; x_wconf 71' lang='lat'><strong>90).</strong></span> <span class='ocrx_word' id='word_1_427' title='bbox 547 4807 678 4864; x_wconf 86' lang='lat' dir='ltr'><strong>Nam</strong></span> <span class='ocrx_word' id='word_1_428' title='bbox 693 4816 748 4864; x_wconf 91' lang='lat' dir='ltr'><strong>et</strong></span> <span class='ocrx_word' id='word_1_429' title='bbox 762 4808 946 4879; x_wconf 80' lang='lat' dir='ltr'><strong>Apollo</strong></span> <span class='ocrx_word' id='word_1_430' title='bbox 961 4806 1204 4878; x_wconf 81' lang='lat' dir='ltr'><strong>potemin</strong></span> <span class='ocrx_word' id='word_1_431' title='bbox 1220 4804 1504 4875; x_wconf 78' lang='lat' dir='ltr'><strong>Scripturis</strong></span> <span class='ocrx_word' id='word_1_432' title='bbox 1522 4803 1686 4874; x_wconf 57' lang='lat' dir='ltr'><strong>(Act,</strong></span> <span class='ocrx_word' id='word_1_433' title='bbox 1699 4817 1848 4868; x_wconf 83' lang='lat' dir='ltr'><strong>xvnt,</strong></span> <span class='ocrx_word' id='word_1_434' title='bbox 1864 4799 1958 4876; x_wconf 74' lang='grc'><strong>24)</strong></span> 
     </span>
    </p>
   </div>
   <div class='ocr_carea' id='block_1_56' title="bbox 355 4898 1964 4976">
    <p class='ocr_par' dir='ltr' id='par_1_56' title="bbox 355 4898 1964 4976">
     <span class='ocr_line' id='line_1_56' title="bbox 355 4898 1964 4976; baseline -0.005 -16"><span class='ocrx_word' id='word_1_435' title='bbox 355 4915 476 4961; x_wconf 88' lang='lat' dir='ltr'><strong>erat</strong></span> <span class='ocrx_word' id='word_1_436' title='bbox 501 4905 753 4972; x_wconf 82' lang='lat' dir='ltr'><strong>maxime,</strong></span> <span class='ocrx_word' id='word_1_437' title='bbox 769 4903 857 4976; x_wconf 90' lang='lat' dir='ltr'><strong>qui</strong></span> <span class='ocrx_word' id='word_1_438' title='bbox 881 4912 935 4958; x_wconf 91' lang='lat' dir='ltr'><strong>et</strong></span> <span class='ocrx_word' id='word_1_439' title='bbox 951 4902 1140 4972; x_wconf 79' lang='lat' dir='ltr'><strong>Spiritu</strong></span> <span class='ocrx_word' id='word_1_440' title='bbox 1162 4901 1400 4958; x_wconf 76' lang='lat' dir='ltr'><strong>fervebat</strong></span> <span class='ocrx_word' id='word_1_441' title='bbox 1417 4917 1431 4956; x_wconf 90' lang='lat'><strong>:</strong></span> <span class='ocrx_word' id='word_1_442' title='bbox 1451 4908 1693 4955; x_wconf 82' lang='lat' dir='ltr'><strong>ettamen</strong></span> <span class='ocrx_word' id='word_1_443' title='bbox 1710 4898 1853 4954; x_wconf 91' lang='lat' dir='ltr'><strong>hunc</strong></span> <span class='ocrx_word' id='word_1_444' title='bbox 1867 4913 1964 4970; x_wconf 90' lang='lat' dir='ltr'><strong>ap-</strong></span> 
     </span>
    </p>
   </div>
   <div class='ocr_carea' id='block_1_57' title="bbox 355 4993 1958 5075">
    <p class='ocr_par' dir='ltr' id='par_1_57' title="bbox 355 4993 1958 5075">
     <span class='ocr_line' id='line_1_57' title="bbox 355 4993 1958 5075; baseline -0.001 -21"><span class='ocrx_word' id='word_1_445' title='bbox 355 4999 760 5075; x_wconf 87' lang='lat' dir='ltr'><strong>prehenderunt</strong></span> <span class='ocrx_word' id='word_1_446' title='bbox 805 4999 994 5068; x_wconf 83' lang='lat' dir='ltr'><strong>Aquila</strong></span> <span class='ocrx_word' id='word_1_447' title='bbox 1031 5006 1084 5054; x_wconf 91' lang='lat' dir='ltr'><strong>et</strong></span> <span class='ocrx_word' id='word_1_448' title='bbox 1108 4995 1346 5053; x_wconf 89' lang='lat' dir='ltr'><strong>Priscilla</strong></span> <span class='ocrx_word' id='word_1_449' title='bbox 1371 5038 1385 5062; x_wconf 94' lang='lat'><strong>,</strong></span> <span class='ocrx_word' id='word_1_450' title='bbox 1436 5003 1491 5051; x_wconf 90' lang='lat' dir='ltr'><strong>et</strong></span> <span class='ocrx_word' id='word_1_451' title='bbox 1529 4993 1836 5065; x_wconf 80' lang='lat' dir='ltr'><strong>diligentius</strong></span> <span class='ocrx_word' id='word_1_452' title='bbox 1882 4993 1958 5052; x_wconf 89' lang='lat' dir='ltr'><strong>illi</strong></span> 
     </span>
    </p>
   </div>
   <div class='ocr_carea' id='block_1_58' title="bbox 358 5086 1956 5158">
    <p class='ocr_par' dir='ltr' id='par_1_58' title="bbox 358 5086 1956 5158">
     <span class='ocr_line' id='line_1_58' title="bbox 358 5086 1956 5158; baseline -0.004 -8"><span class='ocrx_word' id='word_1_453' title='bbox 358 5096 502 5150; x_wconf 89' lang='lat' dir='ltr'><strong>viam</strong></span> <span class='ocrx_word' id='word_1_454' title='bbox 533 5095 743 5151; x_wconf 89' lang='lat' dir='ltr'><strong>Domini</strong></span> <span class='ocrx_word' id='word_1_455' title='bbox 776 5093 1278 5152; x_wconf 80' lang='lat' dir='ltr'><strong>manilestaverunt.</strong></span> <span class='ocrx_word' id='word_1_456' title='bbox 1305 5089 1486 5146; x_wconf 85' lang='lat' dir='ltr'><strong>Facile</strong></span> <span class='ocrx_word' id='word_1_457' title='bbox 1505 5087 1648 5144; x_wconf 90' lang='lat' dir='ltr'><strong>enim</strong></span> <span class='ocrx_word' id='word_1_458' title='bbox 1681 5086 1956 5158; x_wconf 88' lang='lat' dir='ltr'><strong>sapientes</strong></span> 
     </span>
    </p>
   </div>
   <div class='ocr_carea' id='block_1_59' title="bbox 361 5180 1961 5260">
    <p class='ocr_par' dir='ltr' id='par_1_59' title="bbox 361 5180 1961 5260">
     <span class='ocr_line' id='line_1_59' title="bbox 361 5180 1961 5260; baseline -0.006 -15"><span class='ocrx_word' id='word_1_459' title='bbox 361 5187 852 5260; x_wconf 89' lang='lat' dir='ltr'><strong>reprehenduntur.</strong></span> <span class='ocrx_word' id='word_1_460' title='bbox 881 5187 996 5244; x_wconf 88' lang='lat' dir='ltr'><strong>Scit</strong></span> <span class='ocrx_word' id='word_1_461' title='bbox 1019 5184 1162 5243; x_wconf 92' lang='lat' dir='ltr'><strong>enim</strong></span> <span class='ocrx_word' id='word_1_462' title='bbox 1195 5184 1449 5240; x_wconf 90' lang='lat' dir='ltr'><strong>Dominus</strong></span> <span class='ocrx_word' id='word_1_463' title='bbox 1477 5180 1831 5253; x_wconf 79' lang='lat' dir='ltr'><strong>cogitationes</strong></span> <span class='ocrx_word' id='word_1_464' title='bbox 1875 5194 1961 5237; x_wconf 86' lang='lat' dir='ltr'><strong>sa-</strong></span> 
     </span>
    </p>
   </div>
   <div class='ocr_carea' id='block_1_60' title="bbox 361 5280 1251 5353">
    <p class='ocr_par' dir='ltr' id='par_1_60' title="bbox 361 5280 1251 5353">
     <span class='ocr_line' id='line_1_60' title="bbox 361 5280 1251 5353; baseline -0.002 -17"><span class='ocrx_word' id='word_1_465' title='bbox 361 5281 624 5353; x_wconf 87' lang='lat' dir='ltr'><strong>pientium</strong></span> <span class='ocrx_word' id='word_1_466' title='bbox 653 5280 907 5353; x_wconf 90' lang='lat' dir='ltr'><strong>quoniam</strong></span> <span class='ocrx_word' id='word_1_467' title='bbox 933 5293 1085 5334; x_wconf 75' lang='lat' dir='ltr'><strong>vanre</strong></span> <span class='ocrx_word' id='word_1_468' title='bbox 1106 5285 1251 5334; x_wconf 90' lang='lat' dir='ltr'><strong>sunt.</strong></span> 
     </span>
    </p>
   </div>
   <div class='ocr_carea' id='block_1_61' title="bbox 439 5368 1966 5446">
    <p class='ocr_par' dir='ltr' id='par_1_61' title="bbox 439 5368 1966 5446">
     <span class='ocr_line' id='line_1_61' title="bbox 439 5368 1966 5446; baseline -0.007 -12"><span class='ocrx_word' id='word_1_469' title='bbox 439 5377 505 5434; x_wconf 90' lang='lat' dir='ltr'><strong>Il.</strong></span> <span class='ocrx_word' id='word_1_470' title='bbox 539 5375 829 5434; x_wconf 86' lang='lat' dir='ltr'><strong>Pandimus</strong></span> <span class='ocrx_word' id='word_1_471' title='bbox 866 5374 1047 5446; x_wconf 88' lang='lat' dir='ltr'><strong>itaque</strong></span> <span class='ocrx_word' id='word_1_472' title='bbox 1087 5370 1295 5442; x_wconf 83' lang='lat' dir='ltr'><strong>singula</strong></span> <span class='ocrx_word' id='word_1_473' title='bbox 1327 5385 1449 5442; x_wconf 80' lang='lat' dir='ltr'><strong>quae</strong></span> <span class='ocrx_word' id='word_1_474' title='bbox 1495 5370 1654 5426; x_wconf 87' lang='lat' dir='ltr'><strong>lectio</strong></span> <span class='ocrx_word' id='word_1_475' title='bbox 1688 5368 1966 5427; x_wconf 87' lang='lat' dir='ltr'><strong>Geneseos</strong></span> 
     </span>
    </p>
   </div>
   <div class='ocr_carea' id='block_1_62' title="bbox 366 5465 1966 5544">
    <p class='ocr_par' dir='ltr' id='par_1_62' title="bbox 366 5465 1966 5544">
     <span class='ocr_line' id='line_1_62' title="bbox 366 5465 1966 5544; baseline -0.012 -8"><span class='ocrx_word' id='word_1_476' title='bbox 366 5476 581 5536; x_wconf 85' lang='lat' dir='ltr'><strong>doceat.</strong></span> <span class='ocrx_word' id='word_1_477' title='bbox 609 5473 716 5530; x_wconf 91' lang='lat' dir='ltr'><strong>Sed</strong></span> <span class='ocrx_word' id='word_1_478' title='bbox 741 5473 960 5544; x_wconf 79' lang='lat' dir='ltr'><strong>longum</strong></span> <span class='ocrx_word' id='word_1_479' title='bbox 988 5477 1070 5526; x_wconf 84' lang='lat' dir='ltr'><strong>est</strong></span> <span class='ocrx_word' id='word_1_480' title='bbox 1096 5481 1402 5524; x_wconf 89' lang='lat' dir='ltr'><strong>sermonem</strong></span> <span class='ocrx_word' id='word_1_481' title='bbox 1432 5465 1500 5523; x_wconf 91' lang='lat' dir='ltr'><strong>de</strong></span> <span class='ocrx_word' id='word_1_482' title='bbox 1541 5465 1624 5520; x_wconf 91' lang='lat' dir='ltr'><strong>his</strong></span> <span class='ocrx_word' id='word_1_483' title='bbox 1653 5480 1773 5536; x_wconf 66' lang='lat' dir='ltr'><strong>qum</strong></span> <span class='ocrx_word' id='word_1_484' title='bbox 1803 5477 1966 5534; x_wconf 87' lang='lat' dir='ltr'><strong>supra</strong></span> 
     </span>
    </p>
   </div>
   <div class='ocr_carea' id='block_1_63' title="bbox 370 5556 1974 5625">
    <p class='ocr_par' dir='ltr' id='par_1_63' title="bbox 370 5556 1974 5625">
     <span class='ocr_line' id='line_1_63' title="bbox 370 5556 1974 5625; baseline -0.006 -1"><span class='ocrx_word' id='word_1_485' title='bbox 370 5567 511 5625; x_wconf 91' lang='lat' dir='ltr'><strong>dicta</strong></span> <span class='ocrx_word' id='word_1_486' title='bbox 550 5574 675 5622; x_wconf 87' lang='lat' dir='ltr'><strong>sunt</strong></span> <span class='ocrx_word' id='word_1_487' title='bbox 710 5563 893 5620; x_wconf 76' lang='lat' dir='ltr'><strong>facere</strong></span> <span class='ocrx_word' id='word_1_488' title='bbox 922 5579 935 5616; x_wconf 89' lang='lat'><strong>:</strong></span> <span class='ocrx_word' id='word_1_489' title='bbox 971 5570 1028 5618; x_wconf 90' lang='lat' dir='ltr'><strong>et</strong></span> <span class='ocrx_word' id='word_1_490' title='bbox 1057 5559 1127 5616; x_wconf 88' lang='lat' dir='ltr'><strong>de</strong></span> <span class='ocrx_word' id='word_1_491' title='bbox 1169 5559 1308 5615; x_wconf 64' lang='lat' dir='ltr'><strong>caelo</strong></span> <span class='ocrx_word' id='word_1_492' title='bbox 1335 5572 1399 5614; x_wconf 91' lang='lat' dir='ltr'><strong>ac</strong></span> <span class='ocrx_word' id='word_1_493' title='bbox 1430 5567 1568 5614; x_wconf 87' lang='lat' dir='ltr'><strong>terra</strong></span> <span class='ocrx_word' id='word_1_494' title='bbox 1593 5598 1607 5622; x_wconf 91' lang='lat'><strong>,</strong></span> <span class='ocrx_word' id='word_1_495' title='bbox 1653 5556 1888 5613; x_wconf 89' lang='lat' dir='ltr'><strong>tenebris</strong></span> <span class='ocrx_word' id='word_1_496' title='bbox 1917 5567 1974 5614; x_wconf 88' lang='lat' dir='ltr'><strong>et</strong></span> 
     </span>
    </p>
   </div>
   <div class='ocr_carea' id='block_1_64' title="bbox 372 5650 1972 5736">
    <p class='ocr_par' dir='ltr' id='par_1_64' title="bbox 372 5650 1972 5736">
     <span class='ocr_line' id='line_1_64' title="bbox 372 5650 1972 5736; baseline -0.008 -16"><span class='ocrx_word' id='word_1_497' title='bbox 372 5664 608 5736; x_wconf 84' lang='lat' dir='ltr'><strong>abysso,</strong></span> <span class='ocrx_word' id='word_1_498' title='bbox 660 5671 797 5730; x_wconf 89' lang='lat' dir='ltr'><strong>aqua</strong></span> <span class='ocrx_word' id='word_1_499' title='bbox 843 5664 900 5713; x_wconf 89' lang='lat' dir='ltr'><strong>et</strong></span> <span class='ocrx_word' id='word_1_500' title='bbox 943 5654 1133 5727; x_wconf 80' lang='lat' dir='ltr'><strong>Spiritu</strong></span> <span class='ocrx_word' id='word_1_501' title='bbox 1186 5652 1463 5723; x_wconf 88' lang='lat' dir='ltr'><strong>disputare</strong></span> <span class='ocrx_word' id='word_1_502' title='bbox 1511 5650 1972 5720; x_wconf 85' lang='lat' dir='ltr'><strong>intermittamus,</strong></span> 
     </span>
    </p>
   </div>
   <div class='ocr_carea' id='block_1_65' title="bbox 377 5743 1976 5828">
    <p class='ocr_par' dir='ltr' id='par_1_65' title="bbox 377 5743 1976 5828">
     <span class='ocr_line' id='line_1_65' title="bbox 377 5743 1976 5828; baseline -0.006 -17"><span class='ocrx_word' id='word_1_503' title='bbox 377 5757 503 5828; x_wconf 88' lang='lat' dir='ltr'><strong>quia</strong></span> <span class='ocrx_word' id='word_1_504' title='bbox 533 5751 761 5810; x_wconf 87' lang='lat' dir='ltr'><strong>necdum</strong></span> <span class='ocrx_word' id='word_1_505' title='bbox 793 5759 1002 5819; x_wconf 89' lang='lat' dir='ltr'><strong>tempus</strong></span> <span class='ocrx_word' id='word_1_506' title='bbox 1023 5755 1105 5804; x_wconf 90' lang='lat' dir='ltr'><strong>est</strong></span> <span class='ocrx_word' id='word_1_507' title='bbox 1123 5744 1332 5818; x_wconf 90' lang='lat' dir='ltr'><strong>.aliquid</strong></span> <span class='ocrx_word' id='word_1_508' title='bbox 1358 5744 1426 5801; x_wconf 91' lang='lat' dir='ltr'><strong>de</strong></span> <span class='ocrx_word' id='word_1_509' title='bbox 1453 5743 1537 5800; x_wconf 90' lang='lat' dir='ltr'><strong>bis</strong></span> <span class='ocrx_word' id='word_1_510' title='bbox 1558 5743 1744 5802; x_wconf 90' lang='lat' dir='ltr'><strong>dicere</strong></span> <span class='ocrx_word' id='word_1_511' title='bbox 1767 5788 1782 5814; x_wconf 94' lang='lat'><strong>,</strong></span> <span class='ocrx_word' id='word_1_512' title='bbox 1814 5761 1976 5818; x_wconf 89' lang='lat' dir='ltr'><strong>quam</strong></span> 
     </span>
    </p>
   </div>
   <div class='ocr_carea' id='block_1_66' title="bbox 382 5834 1978 5918">
    <p class='ocr_par' dir='ltr' id='par_1_66' title="bbox 382 5834 1978 5918">
     <span class='ocr_line' id='line_1_66' title="bbox 382 5834 1978 5918; baseline -0.004 -13"><span class='ocrx_word' id='word_1_513' title='bbox 382 5849 522 5906; x_wconf 75' lang='lat' dir='ltr'><strong>“nunc</strong></span> <span class='ocrx_word' id='word_1_514' title='bbox 553 5845 722 5918; x_wconf 66' lang='lat' dir='ltr'><strong>magis</strong></span> <span class='ocrx_word' id='word_1_515' title='bbox 774 5839 839 5900; x_wconf 83' lang='lat' dir='ltr'><strong>ad</strong></span> <span class='ocrx_word' id='word_1_516' title='bbox 879 5841 1151 5915; x_wconf 80' lang='lat' dir='ltr'><strong>proposita</strong></span> <span class='ocrx_word' id='word_1_517' title='bbox 1207 5836 1535 5912; x_wconf 74' lang='lat' dir='ltr'><strong>respondere</strong></span> <span class='ocrx_word' id='word_1_518' title='bbox 1578 5847 1739 5911; x_wconf 82' lang='lat' dir='ltr'><strong>atque</strong></span> <span class='ocrx_word' id='word_1_519' title='bbox 1768 5834 1978 5898; x_wconf 70' lang='lat' dir='ltr'><strong>satism-</strong></span> 
     </span>
    </p>
   </div>
   <div class='ocr_carea' id='block_1_67' title="bbox 2052 1415 3650 1491">
    <p class='ocr_par' dir='ltr' id='par_1_67' title="bbox 2052 1415 3650 1491">
     <span class='ocr_line' id='line_1_67' title="bbox 2052 1415 3650 1491; baseline 0.001 -20"><span class='ocrx_word' id='word_1_520' title='bbox 2052 1429 2194 1471; x_wconf 90' lang='lat' dir='ltr'><strong>cere.</strong></span> <span class='ocrx_word' id='word_1_521' title='bbox 2221 1415 2316 1472; x_wconf 87' lang='lat' dir='ltr'><strong>Est</strong></span> <span class='ocrx_word' id='word_1_522' title='bbox 2337 1417 2550 1488; x_wconf 82' lang='lat' dir='ltr'><strong>quidem</strong></span> <span class='ocrx_word' id='word_1_523' title='bbox 2582 1419 2722 1491; x_wconf 92' lang='lat' dir='ltr'><strong>quod</strong></span> <span class='ocrx_word' id='word_1_524' title='bbox 2758 1419 2994 1476; x_wconf 82' lang='lat' dir='ltr'><strong>tenebrae</strong></span> <span class='ocrx_word' id='word_1_525' title='bbox 3022 1427 3191 1475; x_wconf 91' lang='lat' dir='ltr'><strong>totum</strong></span> <span class='ocrx_word' id='word_1_526' title='bbox 3237 1417 3494 1475; x_wconf 92' lang='lat' dir='ltr'><strong>mundum</strong></span> <span class='ocrx_word' id='word_1_527' title='bbox 3522 1432 3650 1490; x_wconf 52' lang='lat' dir='ltr'><strong>pos.</strong></span> 
     </span>
    </p>
   </div>
   <div class='ocr_carea' id='block_1_68' title="bbox 2051 1508 3651 1584">
    <p class='ocr_par' dir='ltr' id='par_1_68' title="bbox 2051 1508 3651 1584">
     <span class='ocr_line' id='line_1_68' title="bbox 2051 1508 3651 1584; baseline 0.001 -21"><span class='ocrx_word' id='word_1_528' title='bbox 2051 1508 2318 1576; x_wconf 89' lang='lat' dir='ltr'><strong>sidebant,</strong></span> <span class='ocrx_word' id='word_1_529' title='bbox 2351 1521 2410 1565; x_wconf 92' lang='lat' dir='ltr'><strong>ut</strong></span> <span class='ocrx_word' id='word_1_530' title='bbox 2433 1511 2589 1566; x_wconf 88' lang='lat' dir='ltr'><strong>lectio</strong></span> <span class='ocrx_word' id='word_1_531' title='bbox 2615 1515 2876 1584; x_wconf 89' lang='lat' dir='ltr'><strong>superiori</strong></span> <span class='ocrx_word' id='word_1_532' title='bbox 2911 1522 3055 1570; x_wconf 82' lang='lat' dir='ltr'><strong>textu</strong></span> <span class='ocrx_word' id='word_1_533' title='bbox 3094 1513 3352 1569; x_wconf 86' lang='lat' dir='ltr'><strong>declarat.</strong></span> <span class='ocrx_word' id='word_1_534' title='bbox 3383 1513 3471 1568; x_wconf 88' lang='lat' dir='ltr'><strong>Sic</strong></span> <span class='ocrx_word' id='word_1_535' title='bbox 3499 1527 3651 1566; x_wconf 91' lang='lat' dir='ltr'><strong>nam-</strong></span> 
     </span>
    </p>
   </div>
   <div class='ocr_carea' id='block_1_69' title="bbox 2049 1599 3649 1678">
    <p class='ocr_par' dir='ltr' id='par_1_69' title="bbox 2049 1599 3649 1678">
     <span class='ocr_line' id='line_1_69' title="bbox 2049 1599 3649 1678; baseline 0.003 -25"><span class='ocrx_word' id='word_1_536' title='bbox 2049 1617 2155 1670; x_wconf 89' lang='lat' dir='ltr'><strong>que</strong></span> <span class='ocrx_word' id='word_1_537' title='bbox 2180 1599 2380 1656; x_wconf 90' lang='lat' dir='ltr'><strong>dictum</strong></span> <span class='ocrx_word' id='word_1_538' title='bbox 2410 1613 2492 1658; x_wconf 93' lang='lat' dir='ltr'><strong>est</strong></span> <span class='ocrx_word' id='word_1_539' title='bbox 2526 1621 2538 1657; x_wconf 91' lang='lat'><strong>:</strong></span> <span class='ocrx_word' id='word_1_540' title='bbox 2572 1603 2690 1658; x_wconf 85' lang='lat' dir='ltr'><strong>Fiat</strong></span> <span class='ocrx_word' id='word_1_541' title='bbox 2718 1606 2826 1671; x_wconf 77' lang='lat' dir='ltr'><strong>lux,</strong></span> <span class='ocrx_word' id='word_1_542' title='bbox 2857 1615 2901 1660; x_wconf 89' lang='lat' dir='ltr'><strong>et</strong></span> <span class='ocrx_word' id='word_1_543' title='bbox 2928 1606 3066 1676; x_wconf 79' lang='lat' dir='ltr'><strong>[actu</strong></span> <span class='ocrx_word' id='word_1_544' title='bbox 3094 1615 3164 1660; x_wconf 84' lang='lat' dir='ltr'><strong>est</strong></span> <span class='ocrx_word' id='word_1_545' title='bbox 3195 1607 3286 1660; x_wconf 67' lang='lat' dir='ltr'><strong>luat</strong></span> <span class='ocrx_word' id='word_1_546' title='bbox 3312 1603 3476 1678; x_wconf 79' lang='lat' dir='ltr'><strong>(Gen.</strong></span> <span class='ocrx_word' id='word_1_547' title='bbox 3502 1620 3540 1672; x_wconf 84' lang='grc' dir='ltr'>ι,</span> <span class='ocrx_word' id='word_1_548' title='bbox 3571 1604 3649 1674; x_wconf 78' lang='grc'><strong>5).</strong></span> 
     </span>
    </p>
   </div>
   <div class='ocr_carea' id='block_1_70' title="bbox 2051 1693 3647 1766">
    <p class='ocr_par' dir='ltr' id='par_1_70' title="bbox 2051 1693 3647 1766">
     <span class='ocr_line' id='line_1_70' title="bbox 2051 1693 3647 1766; baseline 0.004 -18"><span class='ocrx_word' id='word_1_549' title='bbox 2051 1693 2410 1766; x_wconf 84' lang='lat' dir='ltr'><strong>Requiritura</strong></span> <span class='ocrx_word' id='word_1_550' title='bbox 2448 1698 2780 1766; x_wconf 87' lang='lat' dir='ltr'><strong>sapientibus</strong></span> <span class='ocrx_word' id='word_1_551' title='bbox 2810 1700 2896 1755; x_wconf 89' lang='lat' dir='ltr'><strong>ubi</strong></span> <span class='ocrx_word' id='word_1_552' title='bbox 2929 1699 3063 1755; x_wconf 81' lang='lat' dir='ltr'><strong>facta</strong></span> <span class='ocrx_word' id='word_1_553' title='bbox 3087 1701 3156 1755; x_wconf 86' lang='lat' dir='ltr'><strong>sit</strong></span> <span class='ocrx_word' id='word_1_554' title='bbox 3196 1701 3281 1754; x_wconf 82' lang='lat' dir='ltr'><strong>lux</strong></span> <span class='ocrx_word' id='word_1_555' title='bbox 3315 1717 3327 1752; x_wconf 91' lang='lat'><strong>:</strong></span> <span class='ocrx_word' id='word_1_556' title='bbox 3371 1714 3471 1755; x_wconf 91' lang='lat' dir='ltr'><strong>nec</strong></span> <span class='ocrx_word' id='word_1_557' title='bbox 3502 1699 3647 1755; x_wconf 88' lang='lat' dir='ltr'><strong>enim</strong></span> 
     </span>
    </p>
   </div>
   <div class='ocr_carea' id='block_1_71' title="bbox 2051 1789 3654 1864">
    <p class='ocr_par' dir='ltr' id='par_1_71' title="bbox 2051 1789 3654 1864">
     <span class='ocr_line' id='line_1_71' title="bbox 2051 1789 3654 1864; baseline 0.003 -22"><span class='ocrx_word' id='word_1_558' title='bbox 2051 1789 2287 1843; x_wconf 73' lang='lat' dir='ltr'><strong>tenebrm</strong></span> <span class='ocrx_word' id='word_1_559' title='bbox 2317 1791 2666 1846; x_wconf 75' lang='lat' dir='ltr'><strong>substantiva:</strong></span> <span class='ocrx_word' id='word_1_560' title='bbox 2689 1802 2843 1847; x_wconf 87' lang='lat' dir='ltr'><strong>erant</strong></span> <span class='ocrx_word' id='word_1_561' title='bbox 2865 1835 2882 1860; x_wconf 96' lang='lat'><strong>,</strong></span> <span class='ocrx_word' id='word_1_562' title='bbox 2928 1802 2986 1848; x_wconf 94' lang='lat' dir='ltr'><strong>ut</strong></span> <span class='ocrx_word' id='word_1_563' title='bbox 3012 1791 3312 1864; x_wconf 86' lang='lat' dir='ltr'><strong>philosophi</strong></span> <span class='ocrx_word' id='word_1_564' title='bbox 3336 1791 3555 1858; x_wconf 87' lang='lat' dir='ltr'><strong>dicunt,</strong></span> <span class='ocrx_word' id='word_1_565' title='bbox 3597 1801 3654 1848; x_wconf 88' lang='lat' dir='ltr'><strong>et</strong></span> 
     </span>
    </p>
   </div>
   <div class='ocr_carea' id='block_1_72' title="bbox 2051 1879 3647 1953">
    <p class='ocr_par' dir='ltr' id='par_1_72' title="bbox 2051 1879 3647 1953">
     <span class='ocr_line' id='line_1_72' title="bbox 2051 1879 3647 1953; baseline 0.002 -18"><span class='ocrx_word' id='word_1_566' title='bbox 2051 1879 2295 1952; x_wconf 84' lang='lat' dir='ltr'><strong>ﬁguratio</strong></span> <span class='ocrx_word' id='word_1_567' title='bbox 2325 1884 2570 1953; x_wconf 75' lang='lat' dir='ltr'><strong>qutcdam</strong></span> <span class='ocrx_word' id='word_1_568' title='bbox 2611 1886 2900 1941; x_wconf 85' lang='lat' dir='ltr'><strong>tuaterialis</strong></span> <span class='ocrx_word' id='word_1_569' title='bbox 2939 1889 2991 1941; x_wconf 91' lang='lat' dir='ltr'><strong>in</strong></span> <span class='ocrx_word' id='word_1_570' title='bbox 3020 1886 3124 1941; x_wconf 91' lang='lat' dir='ltr'><strong>illis</strong></span> <span class='ocrx_word' id='word_1_571' title='bbox 3151 1893 3268 1941; x_wconf 90' lang='lat' dir='ltr'><strong>erat</strong></span> <span class='ocrx_word' id='word_1_572' title='bbox 3296 1902 3310 1939; x_wconf 88' lang='lat'>:</span> <span class='ocrx_word' id='word_1_573' title='bbox 3342 1884 3475 1940; x_wconf 91' lang='lat' dir='ltr'><strong>nihil</strong></span> <span class='ocrx_word' id='word_1_574' title='bbox 3500 1893 3647 1940; x_wconf 89' lang='lat' dir='ltr'><strong>sunt.</strong></span> 
     </span>
    </p>
   </div>
   <div class='ocr_carea' id='block_1_73' title="bbox 2048 1973 3651 2049">
    <p class='ocr_par' dir='ltr' id='par_1_73' title="bbox 2048 1973 3651 2049">
     <span class='ocr_line' id='line_1_73' title="bbox 2048 1973 3651 2049; baseline -0.001 -17"><span class='ocrx_word' id='word_1_575' title='bbox 2048 1973 2155 2032; x_wconf 90' lang='lat' dir='ltr'><strong>Sed</strong></span> <span class='ocrx_word' id='word_1_576' title='bbox 2185 1976 2323 2032; x_wconf 88' lang='lat' dir='ltr'><strong>absit</strong></span> <span class='ocrx_word' id='word_1_577' title='bbox 2346 1991 2376 2031; x_wconf 92' lang='lat' dir='ltr'><strong>a</strong></span> <span class='ocrx_word' id='word_1_578' title='bbox 2418 1978 2570 2032; x_wconf 91' lang='lat' dir='ltr'><strong>nobis</strong></span> <span class='ocrx_word' id='word_1_579' title='bbox 2609 1993 2728 2033; x_wconf 92' lang='lat' dir='ltr'><strong>cum</strong></span> <span class='ocrx_word' id='word_1_580' title='bbox 2767 1978 2872 2034; x_wconf 90' lang='lat' dir='ltr'><strong>illis</strong></span> <span class='ocrx_word' id='word_1_581' title='bbox 2918 1977 3121 2049; x_wconf 91' lang='lat' dir='ltr'><strong>aliquid</strong></span> <span class='ocrx_word' id='word_1_582' title='bbox 3158 1979 3359 2034; x_wconf 90' lang='lat' dir='ltr'><strong>sentire</strong></span> <span class='ocrx_word' id='word_1_583' title='bbox 3385 2020 3400 2044; x_wconf 89' lang='lat'><strong>,</strong></span> <span class='ocrx_word' id='word_1_584' title='bbox 3435 1975 3651 2048; x_wconf 89' lang='lat' dir='ltr'><strong>quando</strong></span> 
     </span>
    </p>
   </div>
   <div class='ocr_carea' id='block_1_74' title="bbox 2049 2067 3650 2141">
    <p class='ocr_par' dir='ltr' id='par_1_74' title="bbox 2049 2067 3650 2141">
     <span class='ocr_line' id='line_1_74' title="bbox 2049 2067 3650 2141; baseline 0 -17"><span class='ocrx_word' id='word_1_585' title='bbox 2049 2069 2227 2124; x_wconf 87' lang='lat' dir='ltr'><strong>divina</strong></span> <span class='ocrx_word' id='word_1_586' title='bbox 2256 2070 2518 2141; x_wconf 91' lang='lat' dir='ltr'><strong>scriptura</strong></span> <span class='ocrx_word' id='word_1_587' title='bbox 2549 2070 2692 2126; x_wconf 89' lang='lat' dir='ltr'><strong>dicat</strong></span> <span class='ocrx_word' id='word_1_588' title='bbox 2723 2071 2890 2126; x_wconf 82' lang='lat' dir='ltr'><strong>Deum</strong></span> <span class='ocrx_word' id='word_1_589' title='bbox 2925 2085 3141 2127; x_wconf 88' lang='lat' dir='ltr'><strong>creasse</strong></span> <span class='ocrx_word' id='word_1_590' title='bbox 3181 2071 3432 2126; x_wconf 88' lang='lat' dir='ltr'><strong>tenebras</strong></span> <span class='ocrx_word' id='word_1_591' title='bbox 3470 2078 3526 2125; x_wconf 91' lang='lat' dir='ltr'><strong>et</strong></span> <span class='ocrx_word' id='word_1_592' title='bbox 3568 2067 3650 2124; x_wconf 84' lang='lat' dir='ltr'><strong>fc-</strong></span> 
     </span>
    </p>
   </div>
   <div class='ocr_carea' id='block_1_75' title="bbox 2049 2165 3652 2238">
    <p class='ocr_par' dir='ltr' id='par_1_75' title="bbox 2049 2165 3652 2238">
     <span class='ocr_line' id='line_1_75' title="bbox 2049 2165 3652 2238; baseline -0.001 -17"><span class='ocrx_word' id='word_1_593' title='bbox 2049 2166 2188 2222; x_wconf 88' lang='lat' dir='ltr'><strong>cisse</strong></span> <span class='ocrx_word' id='word_1_594' title='bbox 2216 2166 2433 2222; x_wconf 75' lang='lat' dir='ltr'><strong>ccelum.</strong></span> <span class='ocrx_word' id='word_1_595' title='bbox 2469 2165 2622 2235; x_wconf 89' lang='lat' dir='ltr'><strong>Quod</strong></span> <span class='ocrx_word' id='word_1_596' title='bbox 2648 2182 2775 2238; x_wconf 84' lang='lat' dir='ltr'><strong>ergo</strong></span> <span class='ocrx_word' id='word_1_597' title='bbox 2802 2183 2834 2222; x_wconf 90' lang='lat' dir='ltr'><strong>a</strong></span> <span class='ocrx_word' id='word_1_598' title='bbox 2862 2167 2972 2224; x_wconf 91' lang='lat' dir='ltr'><strong>Deo</strong></span> <span class='ocrx_word' id='word_1_599' title='bbox 3003 2168 3082 2231; x_wconf 88' lang='lat' dir='ltr'><strong>ﬁt,</strong></span> <span class='ocrx_word' id='word_1_600' title='bbox 3115 2167 3506 2223; x_wconf 89' lang='lat' dir='ltr'><strong>substantivum</strong></span> <span class='ocrx_word' id='word_1_601' title='bbox 3529 2179 3652 2221; x_wconf 84' lang='lat' dir='ltr'><strong>esse</strong></span> 
     </span>
    </p>
   </div>
   <div class='ocr_carea' id='block_1_76' title="bbox 2049 2249 3649 2326">
    <p class='ocr_par' dir='ltr' id='par_1_76' title="bbox 2049 2249 3649 2326">
     <span class='ocr_line' id='line_1_76' title="bbox 2049 2249 3649 2326; baseline -0.003 -12"><span class='ocrx_word' id='word_1_602' title='bbox 2049 2257 2305 2314; x_wconf 89' lang='lat' dir='ltr'><strong>creditur.</strong></span> <span class='ocrx_word' id='word_1_603' title='bbox 2340 2259 2491 2316; x_wconf 88' lang='lat' dir='ltr'><strong>Unde</strong></span> <span class='ocrx_word' id='word_1_604' title='bbox 2511 2261 2556 2314; x_wconf 89' lang='lat' dir='ltr'><strong>si</strong></span> <span class='ocrx_word' id='word_1_605' title='bbox 2590 2249 2940 2315; x_wconf 76' lang='lat' dir='ltr'><strong>substantiva:</strong></span> <span class='ocrx_word' id='word_1_606' title='bbox 2969 2269 3126 2326; x_wconf 89' lang='lat' dir='ltr'><strong>sunt,</strong></span> <span class='ocrx_word' id='word_1_607' title='bbox 3153 2275 3259 2315; x_wconf 88' lang='lat' dir='ltr'><strong>non</strong></span> <span class='ocrx_word' id='word_1_608' title='bbox 3284 2259 3402 2314; x_wconf 90' lang='lat' dir='ltr'><strong>luce</strong></span> <span class='ocrx_word' id='word_1_609' title='bbox 3428 2257 3562 2313; x_wconf 77' lang='lat' dir='ltr'><strong>facta</strong></span> <span class='ocrx_word' id='word_1_610' title='bbox 3596 2260 3649 2311; x_wconf 89' lang='lat' dir='ltr'><strong>in</strong></span> 
     </span>
    </p>
   </div>
   <div class='ocr_carea' id='block_1_77' title="bbox 2051 2342 3647 2423">
    <p class='ocr_par' dir='ltr' id='par_1_77' title="bbox 2051 2342 3647 2423">
     <span class='ocr_line' id='line_1_77' title="bbox 2051 2342 3647 2423; baseline -0.001 -17"><span class='ocrx_word' id='word_1_611' title='bbox 2051 2342 2273 2406; x_wconf 85' lang='lat' dir='ltr'><strong>nihilum</strong></span> <span class='ocrx_word' id='word_1_612' title='bbox 2304 2352 2533 2407; x_wconf 76' lang='lat' dir='ltr'><strong>redacta:</strong></span> <span class='ocrx_word' id='word_1_613' title='bbox 2560 2362 2705 2406; x_wconf 89' lang='lat' dir='ltr'><strong>sunt.</strong></span> <span class='ocrx_word' id='word_1_614' title='bbox 2733 2351 2839 2408; x_wconf 91' lang='lat' dir='ltr'><strong>Sed</strong></span> <span class='ocrx_word' id='word_1_615' title='bbox 2881 2368 3057 2423; x_wconf 91' lang='lat' dir='ltr'><strong>neque</strong></span> <span class='ocrx_word' id='word_1_616' title='bbox 3083 2353 3244 2408; x_wconf 90' lang='lat' dir='ltr'><strong>simul</strong></span> <span class='ocrx_word' id='word_1_617' title='bbox 3276 2353 3457 2407; x_wconf 78' lang='lat' dir='ltr'><strong>mixta:</strong></span> <span class='ocrx_word' id='word_1_618' title='bbox 3488 2360 3647 2415; x_wconf 89' lang='lat' dir='ltr'><strong>sunt,</strong></span> 
     </span>
    </p>
   </div>
   <div class='ocr_carea' id='block_1_78' title="bbox 2049 2444 3647 2517">
    <p class='ocr_par' dir='ltr' id='par_1_78' title="bbox 2049 2444 3647 2517">
     <span class='ocr_line' id='line_1_78' title="bbox 2049 2444 3647 2517; baseline -0.001 -19"><span class='ocrx_word' id='word_1_619' title='bbox 2049 2447 2171 2517; x_wconf 88' lang='lat' dir='ltr'><strong>quia</strong></span> <span class='ocrx_word' id='word_1_620' title='bbox 2219 2454 2504 2516; x_wconf 91' lang='lat' dir='ltr'><strong>utrumque</strong></span> <span class='ocrx_word' id='word_1_621' title='bbox 2541 2445 2856 2500; x_wconf 67' lang='lat' dir='ltr'><strong>substantim</strong></span> <span class='ocrx_word' id='word_1_622' title='bbox 2886 2456 3048 2512; x_wconf 91' lang='lat' dir='ltr'><strong>sunt,</strong></span> <span class='ocrx_word' id='word_1_623' title='bbox 3083 2463 3202 2517; x_wconf 69' lang='lat' dir='ltr'><strong>qua:</strong></span> <span class='ocrx_word' id='word_1_624' title='bbox 3232 2446 3332 2500; x_wconf 89' lang='lat' dir='ltr'><strong>sibi</strong></span> <span class='ocrx_word' id='word_1_625' title='bbox 3361 2444 3647 2500; x_wconf 64' lang='lat' dir='ltr'><strong>contraria:</strong></span> 
     </span>
    </p>
   </div>
   <div class='ocr_carea' id='block_1_79' title="bbox 2051 2537 3651 2610">
    <p class='ocr_par' dir='ltr' id='par_1_79' title="bbox 2051 2537 3651 2610">
     <span class='ocr_line' id='line_1_79' title="bbox 2051 2537 3651 2610; baseline -0.001 -17"><span class='ocrx_word' id='word_1_626' title='bbox 2051 2537 2316 2610; x_wconf 88' lang='lat' dir='ltr'><strong>hodieque</strong></span> <span class='ocrx_word' id='word_1_627' title='bbox 2345 2548 2491 2605; x_wconf 92' lang='lat' dir='ltr'><strong>sunt,</strong></span> <span class='ocrx_word' id='word_1_628' title='bbox 2519 2547 2576 2592; x_wconf 90' lang='lat' dir='ltr'><strong>ut</strong></span> <span class='ocrx_word' id='word_1_629' title='bbox 2605 2539 2835 2594; x_wconf 90' lang='lat' dir='ltr'><strong>calidum</strong></span> <span class='ocrx_word' id='word_1_630' title='bbox 2866 2537 3057 2610; x_wconf 77' lang='lat' dir='ltr'><strong>frigido</strong></span> <span class='ocrx_word' id='word_1_631' title='bbox 3081 2581 3097 2607; x_wconf 92' lang='lat'><strong>,</strong></span> <span class='ocrx_word' id='word_1_632' title='bbox 3127 2538 3210 2593; x_wconf 89' lang='lat' dir='ltr'><strong>vel</strong></span> <span class='ocrx_word' id='word_1_633' title='bbox 3236 2537 3465 2593; x_wconf 89' lang='lat' dir='ltr'><strong>dulcedo</strong></span> <span class='ocrx_word' id='word_1_634' title='bbox 3502 2552 3651 2592; x_wconf 89' lang='lat' dir='ltr'><strong>ama-</strong></span> 
     </span>
    </p>
   </div>
   <div class='ocr_carea' id='block_1_80' title="bbox 2051 2629 3647 2704">
    <p class='ocr_par' dir='ltr' id='par_1_80' title="bbox 2051 2629 3647 2704">
     <span class='ocr_line' id='line_1_80' title="bbox 2051 2629 3647 2704; baseline -0.002 -14"><span class='ocrx_word' id='word_1_635' title='bbox 2051 2633 2292 2690; x_wconf 89' lang='lat' dir='ltr'><strong>ritudini.</strong></span> <span class='ocrx_word' id='word_1_636' title='bbox 2322 2632 2428 2688; x_wconf 90' lang='lat' dir='ltr'><strong>Sed</strong></span> <span class='ocrx_word' id='word_1_637' title='bbox 2460 2632 2676 2704; x_wconf 87' lang='lat' dir='ltr'><strong>quando</strong></span> <span class='ocrx_word' id='word_1_638' title='bbox 2706 2641 3074 2704; x_wconf 87' lang='lat' dir='ltr'><strong>temperantur</strong></span> <span class='ocrx_word' id='word_1_639' title='bbox 3095 2632 3320 2688; x_wconf 89' lang='lat' dir='ltr'><strong>invicem</strong></span> <span class='ocrx_word' id='word_1_640' title='bbox 3347 2672 3364 2699; x_wconf 93' lang='lat'><strong>,</strong></span> <span class='ocrx_word' id='word_1_641' title='bbox 3414 2629 3516 2687; x_wconf 88' lang='lat' dir='ltr'><strong>sibi</strong></span> <span class='ocrx_word' id='word_1_642' title='bbox 3555 2646 3647 2687; x_wconf 84' lang='lat' dir='ltr'><strong>ne-</strong></span> 
     </span>
    </p>
   </div>
   <div class='ocr_carea' id='block_1_81' title="bbox 2051 2723 3646 2799">
    <p class='ocr_par' dir='ltr' id='par_1_81' title="bbox 2051 2723 3646 2799">
     <span class='ocr_line' id='line_1_81' title="bbox 2051 2723 3646 2799; baseline -0.003 -18"><span class='ocrx_word' id='word_1_643' title='bbox 2051 2725 2285 2782; x_wconf 90' lang='lat' dir='ltr'><strong>cessaria</strong></span> <span class='ocrx_word' id='word_1_644' title='bbox 2328 2740 2449 2782; x_wconf 90' lang='lat' dir='ltr'><strong>esse</strong></span> <span class='ocrx_word' id='word_1_645' title='bbox 2486 2725 2895 2799; x_wconf 85' lang='lat' dir='ltr'><strong>dignosenutur.</strong></span> <span class='ocrx_word' id='word_1_646' title='bbox 2942 2725 3129 2782; x_wconf 88' lang='lat' dir='ltr'><strong>Cesset</strong></span> <span class='ocrx_word' id='word_1_647' title='bbox 3150 2725 3328 2795; x_wconf 88' lang='lat' dir='ltr'><strong>itaque</strong></span> <span class='ocrx_word' id='word_1_648' title='bbox 3356 2723 3646 2792; x_wconf 86' lang='lat' dir='ltr'><strong>calumnia,</strong></span> 
     </span>
    </p>
   </div>
   <div class='ocr_carea' id='block_1_82' title="bbox 2050 2818 3650 2885">
    <p class='ocr_par' dir='ltr' id='par_1_82' title="bbox 2050 2818 3650 2885">
     <span class='ocr_line' id='line_1_82' title="bbox 2050 2818 3650 2885; baseline 0.001 -12"><span class='ocrx_word' id='word_1_649' title='bbox 2050 2819 2096 2873; x_wconf 87' lang='lat' dir='ltr'><strong>si</strong></span> <span class='ocrx_word' id='word_1_650' title='bbox 2121 2818 2412 2874; x_wconf 90' lang='lat' dir='ltr'><strong>secundum</strong></span> <span class='ocrx_word' id='word_1_651' title='bbox 2442 2820 2796 2875; x_wconf 88' lang='lat' dir='ltr'><strong>substantiam</strong></span> <span class='ocrx_word' id='word_1_652' title='bbox 2824 2821 3122 2876; x_wconf 88' lang='lat' dir='ltr'><strong>contrarias</strong></span> <span class='ocrx_word' id='word_1_653' title='bbox 3145 2819 3400 2885; x_wconf 81' lang='lat' dir='ltr'><strong>diximus,</strong></span> <span class='ocrx_word' id='word_1_654' title='bbox 3432 2818 3526 2874; x_wconf 90' lang='lat' dir='ltr'><strong>sed</strong></span> <span class='ocrx_word' id='word_1_655' title='bbox 3554 2834 3650 2874; x_wconf 81' lang='lat' dir='ltr'><strong>ne-</strong></span> 
     </span>
    </p>
   </div>
   <div class='ocr_carea' id='block_1_83' title="bbox 2051 2910 3648 2983">
    <p class='ocr_par' dir='ltr' id='par_1_83' title="bbox 2051 2910 3648 2983">
     <span class='ocr_line' id='line_1_83' title="bbox 2051 2910 3648 2983; baseline -0.001 -16"><span class='ocrx_word' id='word_1_656' title='bbox 2051 2911 2316 2967; x_wconf 88' lang='lat' dir='ltr'><strong>cessarias</strong></span> <span class='ocrx_word' id='word_1_657' title='bbox 2363 2912 2415 2967; x_wconf 92' lang='lat' dir='ltr'><strong>in</strong></span> <span class='ocrx_word' id='word_1_658' title='bbox 2456 2912 2706 2983; x_wconf 75' lang='lat' dir='ltr'><strong>gignendi</strong></span> <span class='ocrx_word' id='word_1_659' title='bbox 2747 2923 3029 2980; x_wconf 85' lang='lat' dir='ltr'><strong>creatura,</strong></span> <span class='ocrx_word' id='word_1_660' title='bbox 3079 2921 3132 2967; x_wconf 93' lang='lat' dir='ltr'><strong>et</strong></span> <span class='ocrx_word' id='word_1_661' title='bbox 3178 2910 3551 2982; x_wconf 84' lang='lat' dir='ltr'><strong>requiescendi</strong></span> <span class='ocrx_word' id='word_1_662' title='bbox 3580 2912 3648 2966; x_wconf 88' lang='lat' dir='ltr'><strong>ab</strong></span> 
     </span>
    </p>
   </div>
   <div class='ocr_carea' id='block_1_84' title="bbox 2052 3005 3650 3076">
    <p class='ocr_par' dir='ltr' id='par_1_84' title="bbox 2052 3005 3650 3076">
     <span class='ocr_line' id='line_1_84' title="bbox 2052 3005 3650 3076; baseline -0.001 -15"><span class='ocrx_word' id='word_1_663' title='bbox 2052 3005 2306 3076; x_wconf 90' lang='lat' dir='ltr'><strong>operibus</strong></span> <span class='ocrx_word' id='word_1_664' title='bbox 2332 3007 2582 3062; x_wconf 89' lang='lat' dir='ltr'><strong>omnibus</strong></span> <span class='ocrx_word' id='word_1_665' title='bbox 2612 3021 2753 3063; x_wconf 92' lang='lat' dir='ltr'><strong>esse.</strong></span> <span class='ocrx_word' id='word_1_666' title='bbox 2786 3005 3136 3063; x_wconf 89' lang='lat' dir='ltr'><strong>Ostendimus</strong></span> <span class='ocrx_word' id='word_1_667' title='bbox 3159 3017 3338 3062; x_wconf 83' lang='lat' dir='ltr'><strong>tamen</strong></span> <span class='ocrx_word' id='word_1_668' title='bbox 3367 3006 3484 3062; x_wconf 91' lang='lat' dir='ltr'><strong>luce</strong></span> <span class='ocrx_word' id='word_1_669' title='bbox 3510 3005 3650 3060; x_wconf 83' lang='lat' dir='ltr'><strong>facta</strong></span> 
     </span>
    </p>
   </div>
   <div class='ocr_carea' id='block_1_85' title="bbox 2055 3097 3651 3170">
    <p class='ocr_par' dir='ltr' id='par_1_85' title="bbox 2055 3097 3651 3170">
     <span class='ocr_line' id='line_1_85' title="bbox 2055 3097 3651 3170; baseline -0.001 -16"><span class='ocrx_word' id='word_1_670' title='bbox 2055 3098 2304 3155; x_wconf 81' lang='lat' dir='ltr'><strong>tenebras</strong></span> <span class='ocrx_word' id='word_1_671' title='bbox 2331 3115 2436 3155; x_wconf 91' lang='lat' dir='ltr'><strong>non</strong></span> <span class='ocrx_word' id='word_1_672' title='bbox 2463 3099 2702 3166; x_wconf 89' lang='lat' dir='ltr'><strong>ablatas,</strong></span> <span class='ocrx_word' id='word_1_673' title='bbox 2750 3100 2844 3155; x_wconf 91' lang='lat' dir='ltr'><strong>sed</strong></span> <span class='ocrx_word' id='word_1_674' title='bbox 2897 3101 3062 3155; x_wconf 91' lang='lat' dir='ltr'><strong>immo</strong></span> <span class='ocrx_word' id='word_1_675' title='bbox 3105 3099 3261 3155; x_wconf 88' lang='lat' dir='ltr'><strong>docet</strong></span> <span class='ocrx_word' id='word_1_676' title='bbox 3293 3097 3568 3170; x_wconf 89' lang='lat' dir='ltr'><strong>Scriptura</strong></span> <span class='ocrx_word' id='word_1_677' title='bbox 3598 3098 3651 3153; x_wconf 92' lang='lat' dir='ltr'><strong>in</strong></span> 
     </span>
    </p>
   </div>
   <div class='ocr_carea' id='block_1_86' title="bbox 2059 3191 3656 3262">
    <p class='ocr_par' dir='ltr' id='par_1_86' title="bbox 2059 3191 3656 3262">
     <span class='ocr_line' id='line_1_86' title="bbox 2059 3191 3656 3262; baseline 0 -16"><span class='ocrx_word' id='word_1_678' title='bbox 2059 3201 2210 3262; x_wconf 89' lang='lat' dir='ltr'><strong>parte</strong></span> <span class='ocrx_word' id='word_1_679' title='bbox 2250 3207 2342 3248; x_wconf 91' lang='lat' dir='ltr'><strong>cas</strong></span> <span class='ocrx_word' id='word_1_680' title='bbox 2371 3193 2639 3259; x_wconf 89' lang='lat' dir='ltr'><strong>redactas,</strong></span> <span class='ocrx_word' id='word_1_681' title='bbox 2674 3194 2776 3249; x_wconf 92' lang='lat' dir='ltr'><strong>hoc</strong></span> <span class='ocrx_word' id='word_1_682' title='bbox 2801 3202 2884 3249; x_wconf 91' lang='lat' dir='ltr'><strong>est</strong></span> <span class='ocrx_word' id='word_1_683' title='bbox 2915 3193 2965 3248; x_wconf 92' lang='lat' dir='ltr'><strong>in</strong></span> <span class='ocrx_word' id='word_1_684' title='bbox 2999 3192 3178 3248; x_wconf 90' lang='lat' dir='ltr'><strong>medio</strong></span> <span class='ocrx_word' id='word_1_685' title='bbox 3205 3191 3335 3248; x_wconf 90' lang='lat' dir='ltr'><strong>orbe</strong></span> <span class='ocrx_word' id='word_1_686' title='bbox 3356 3191 3656 3248; x_wconf 84' lang='lat' dir='ltr'><strong>condensa-</strong></span> 
     </span>
    </p>
   </div>
   <div class='ocr_carea' id='block_1_87' title="bbox 2059 3283 3647 3357">
    <p class='ocr_par' dir='ltr' id='par_1_87' title="bbox 2059 3283 3647 3357">
     <span class='ocr_line' id='line_1_87' title="bbox 2059 3283 3647 3357; baseline 0.001 -17"><span class='ocrx_word' id='word_1_687' title='bbox 2059 3293 2160 3350; x_wconf 88' lang='lat' dir='ltr'><strong>tas,</strong></span> <span class='ocrx_word' id='word_1_688' title='bbox 2191 3293 2248 3339; x_wconf 90' lang='lat' dir='ltr'><strong>ut</strong></span> <span class='ocrx_word' id='word_1_689' title='bbox 2273 3284 2362 3340; x_wconf 79' lang='lat' dir='ltr'><strong>lux</strong></span> <span class='ocrx_word' id='word_1_690' title='bbox 2393 3283 2530 3342; x_wconf 78' lang='lat' dir='ltr'><strong>facta</strong></span> <span class='ocrx_word' id='word_1_691' title='bbox 2571 3286 2798 3341; x_wconf 88' lang='lat' dir='ltr'><strong>mediam</strong></span> <span class='ocrx_word' id='word_1_692' title='bbox 2834 3295 3039 3357; x_wconf 87' lang='lat' dir='ltr'><strong>partem</strong></span> <span class='ocrx_word' id='word_1_693' title='bbox 3067 3285 3254 3342; x_wconf 92' lang='lat' dir='ltr'><strong>mundi</strong></span> <span class='ocrx_word' id='word_1_694' title='bbox 3297 3285 3647 3341; x_wconf 86' lang='lat' dir='ltr'><strong>illuminarel.</strong></span> 
     </span>
    </p>
   </div>
   <div class='ocr_carea' id='block_1_88' title="bbox 2055 3376 3652 3452">
    <p class='ocr_par' dir='ltr' id='par_1_88' title="bbox 2055 3376 3652 3452">
     <span class='ocr_line' id='line_1_88' title="bbox 2055 3376 3652 3452; baseline 0.001 -19"><span class='ocrx_word' id='word_1_695' title='bbox 2055 3376 2164 3433; x_wconf 85' lang='lat' dir='ltr'><strong>Nec</strong></span> <span class='ocrx_word' id='word_1_696' title='bbox 2187 3379 2330 3433; x_wconf 88' lang='lat' dir='ltr'><strong>enim</strong></span> <span class='ocrx_word' id='word_1_697' title='bbox 2366 3378 2456 3435; x_wconf 89' lang='lat' dir='ltr'><strong>Dei</strong></span> <span class='ocrx_word' id='word_1_698' title='bbox 2483 3378 2781 3434; x_wconf 89' lang='lat' dir='ltr'><strong>substantia</strong></span> <span class='ocrx_word' id='word_1_699' title='bbox 2811 3389 2892 3436; x_wconf 89' lang='lat' dir='ltr'><strong>est</strong></span> <span class='ocrx_word' id='word_1_700' title='bbox 2921 3380 3011 3436; x_wconf 84' lang='lat' dir='ltr'><strong>lux</strong></span> <span class='ocrx_word' id='word_1_701' title='bbox 3046 3379 3362 3445; x_wconf 78' lang='lat' dir='ltr'><strong>mundialis,</strong></span> <span class='ocrx_word' id='word_1_702' title='bbox 3397 3395 3518 3452; x_wconf 85' lang='lat' dir='ltr'><strong>qu:e</strong></span> <span class='ocrx_word' id='word_1_703' title='bbox 3540 3379 3652 3434; x_wconf 82' lang='lat' dir='ltr'><strong>fac-</strong></span> 
     </span>
    </p>
   </div>
   <div class='ocr_carea' id='block_1_89' title="bbox 2058 3473 3654 3545">
    <p class='ocr_par' dir='ltr' id='par_1_89' title="bbox 2058 3473 3654 3545">
     <span class='ocr_line' id='line_1_89' title="bbox 2058 3473 3654 3545; baseline 0.003 -20"><span class='ocrx_word' id='word_1_704' title='bbox 2058 3479 2110 3524; x_wconf 88' lang='lat' dir='ltr'><strong>ta</strong></span> <span class='ocrx_word' id='word_1_705' title='bbox 2149 3479 2232 3526; x_wconf 91' lang='lat' dir='ltr'><strong>est</strong></span> <span class='ocrx_word' id='word_1_706' title='bbox 2261 3481 2315 3527; x_wconf 92' lang='lat' dir='ltr'><strong>ut</strong></span> <span class='ocrx_word' id='word_1_707' title='bbox 2363 3480 2531 3526; x_wconf 93' lang='lat' dir='ltr'><strong>totum</strong></span> <span class='ocrx_word' id='word_1_708' title='bbox 2579 3473 2764 3529; x_wconf 88' lang='lat' dir='ltr'><strong>orbem</strong></span> <span class='ocrx_word' id='word_1_709' title='bbox 2812 3473 3131 3545; x_wconf 89' lang='lat' dir='ltr'><strong>possideret.</strong></span> <span class='ocrx_word' id='word_1_710' title='bbox 3174 3473 3297 3530; x_wconf 87' lang='lat' dir='ltr'><strong>Alia</strong></span> <span class='ocrx_word' id='word_1_711' title='bbox 3338 3484 3518 3530; x_wconf 90' lang='lat' dir='ltr'><strong>autem</strong></span> <span class='ocrx_word' id='word_1_712' title='bbox 3565 3474 3654 3530; x_wconf 85' lang='lat' dir='ltr'><strong>lux</strong></span> 
     </span>
    </p>
   </div>
   <div class='ocr_carea' id='block_1_90' title="bbox 2056 3566 3658 3637">
    <p class='ocr_par' dir='ltr' id='par_1_90' title="bbox 2056 3566 3658 3637">
     <span class='ocr_line' id='line_1_90' title="bbox 2056 3566 3658 3637; baseline 0.003 -20"><span class='ocrx_word' id='word_1_713' title='bbox 2056 3577 2176 3634; x_wconf 63' lang='lat' dir='ltr'><strong>quac</strong></span> <span class='ocrx_word' id='word_1_714' title='bbox 2204 3578 2330 3620; x_wconf 88' lang='lat' dir='ltr'><strong>vera</strong></span> <span class='ocrx_word' id='word_1_715' title='bbox 2369 3575 2486 3634; x_wconf 90' lang='lat' dir='ltr'><strong>est,</strong></span> <span class='ocrx_word' id='word_1_716' title='bbox 2541 3581 2660 3637; x_wconf 75' lang='lat' dir='ltr'><strong>qua:</strong></span> <span class='ocrx_word' id='word_1_717' title='bbox 2689 3574 2858 3621; x_wconf 92' lang='lat' dir='ltr'><strong>totum</strong></span> <span class='ocrx_word' id='word_1_718' title='bbox 2905 3566 3162 3622; x_wconf 89' lang='lat' dir='ltr'><strong>mundum</strong></span> <span class='ocrx_word' id='word_1_719' title='bbox 3206 3566 3511 3622; x_wconf 88' lang='lat' dir='ltr'><strong>illuminare</strong></span> <span class='ocrx_word' id='word_1_720' title='bbox 3559 3582 3658 3636; x_wconf 57' lang='lat' dir='ltr'><strong>po.</strong></span> 
     </span>
    </p>
   </div>
   <div class='ocr_carea' id='block_1_91' title="bbox 2059 3654 3656 3729">
    <p class='ocr_par' dir='ltr' id='par_1_91' title="bbox 2059 3654 3656 3729">
     <span class='ocr_line' id='line_1_91' title="bbox 2059 3654 3656 3729; baseline 0.003 -21"><span class='ocrx_word' id='word_1_721' title='bbox 2059 3663 2182 3722; x_wconf 92' lang='lat' dir='ltr'><strong>test,</strong></span> <span class='ocrx_word' id='word_1_722' title='bbox 2208 3654 2276 3712; x_wconf 92' lang='lat' dir='ltr'><strong>de</strong></span> <span class='ocrx_word' id='word_1_723' title='bbox 2296 3672 2396 3726; x_wconf 91' lang='lat' dir='ltr'><strong>qua</strong></span> <span class='ocrx_word' id='word_1_724' title='bbox 2430 3657 2769 3728; x_wconf 83' lang='lat' dir='ltr'><strong>Evangelista</strong></span> <span class='ocrx_word' id='word_1_725' title='bbox 2793 3658 2958 3713; x_wconf 86' lang='lat' dir='ltr'><strong>dicit:</strong></span> <span class='ocrx_word' id='word_1_726' title='bbox 2987 3656 3080 3712; x_wconf 79' lang='lat' dir='ltr'><strong>Est</strong></span> <span class='ocrx_word' id='word_1_727' title='bbox 3104 3658 3195 3712; x_wconf 72' lang='lat' dir='ltr'><strong>tua:</strong></span> <span class='ocrx_word' id='word_1_728' title='bbox 3217 3673 3355 3724; x_wconf 81' lang='lat' dir='ltr'><strong>vera,</strong></span> <span class='ocrx_word' id='word_1_729' title='bbox 3379 3673 3494 3729; x_wconf 74' lang='lat' dir='ltr'><strong>qua:</strong></span> <span class='ocrx_word' id='word_1_730' title='bbox 3529 3657 3656 3712; x_wconf 83' lang='lat' dir='ltr'><strong>illu-</strong></span> 
     </span>
    </p>
   </div>
   <div class='ocr_carea' id='block_1_92' title="bbox 2057 3749 3655 3807">
    <p class='ocr_par' dir='ltr' id='par_1_92' title="bbox 2057 3749 3655 3807">
     <span class='ocr_line' id='line_1_92' title="bbox 2057 3749 3655 3807; baseline 0.004 -6"><span class='ocrx_word' id='word_1_731' title='bbox 2057 3749 2218 3802; x_wconf 86' lang='lat' dir='ltr'><strong>minat</strong></span> <span class='ocrx_word' id='word_1_732' title='bbox 2265 3767 2465 3805; x_wconf 87' lang='lat' dir='ltr'><strong>omnem</strong></span> <span class='ocrx_word' id='word_1_733' title='bbox 2515 3751 2770 3806; x_wconf 86' lang='lat' dir='ltr'><strong>hominem</strong></span> <span class='ocrx_word' id='word_1_734' title='bbox 2831 3753 3109 3807; x_wconf 81' lang='lat' dir='ltr'><strong>venientem</strong></span> <span class='ocrx_word' id='word_1_735' title='bbox 3151 3753 3201 3806; x_wconf 87' lang='lat' dir='ltr'><strong>in</strong></span> <span class='ocrx_word' id='word_1_736' title='bbox 3228 3752 3362 3807; x_wconf 81' lang='lat' dir='ltr'><strong>hunc</strong></span> <span class='ocrx_word' id='word_1_737' title='bbox 3406 3751 3655 3807; x_wconf 85' lang='lat' dir='ltr'><strong>mundum</strong></span> 
     </span>
    </p>
   </div>
   <div class='ocr_carea' id='block_1_93' title="bbox 2060 3841 3659 3916">
    <p class='ocr_par' dir='ltr' id='par_1_93' title="bbox 2060 3841 3659 3916">
     <span class='ocr_line' id='line_1_93' title="bbox 2060 3841 3659 3916; baseline 0.002 -19"><span class='ocrx_word' id='word_1_738' title='bbox 2060 3841 2259 3916; x_wconf 84' lang='lat' dir='ltr'><strong>(Joan.</strong></span> <span class='ocrx_word' id='word_1_739' title='bbox 2291 3859 2329 3909; x_wconf 86' lang='grc' dir='ltr'>ι,</span> <span class='ocrx_word' id='word_1_740' title='bbox 2354 3842 2444 3916; x_wconf 91' lang='lat'><strong>9).</strong></span> <span class='ocrx_word' id='word_1_741' title='bbox 2488 3843 2620 3900; x_wconf 86' lang='lat' dir='ltr'><strong>Vera</strong></span> <span class='ocrx_word' id='word_1_742' title='bbox 2652 3845 2833 3914; x_wconf 89' lang='lat' dir='ltr'><strong>itaque</strong></span> <span class='ocrx_word' id='word_1_743' title='bbox 2876 3847 2966 3900; x_wconf 80' lang='lat' dir='ltr'><strong>lux</strong></span> <span class='ocrx_word' id='word_1_744' title='bbox 3004 3845 3272 3901; x_wconf 87' lang='lat' dir='ltr'><strong>illuminat</strong></span> <span class='ocrx_word' id='word_1_745' title='bbox 3299 3853 3468 3900; x_wconf 88' lang='lat' dir='ltr'><strong>totum</strong></span> <span class='ocrx_word' id='word_1_746' title='bbox 3501 3859 3659 3900; x_wconf 84' lang='lat' dir='ltr'><strong>mun-</strong></span> 
     </span>
    </p>
   </div>
   <div class='ocr_carea' id='block_1_94' title="bbox 2058 3934 3658 4008">
    <p class='ocr_par' dir='ltr' id='par_1_94' title="bbox 2058 3934 3658 4008">
     <span class='ocr_line' id='line_1_94' title="bbox 2058 3934 3658 4008; baseline 0.002 -17"><span class='ocrx_word' id='word_1_747' title='bbox 2058 3934 2210 4004; x_wconf 91' lang='lat' dir='ltr'><strong>dum,</strong></span> <span class='ocrx_word' id='word_1_748' title='bbox 2237 3937 2360 4008; x_wconf 91' lang='lat' dir='ltr'><strong>quia</strong></span> <span class='ocrx_word' id='word_1_749' title='bbox 2392 3937 2630 3993; x_wconf 82' lang='lat' dir='ltr'><strong>tenebrae</strong></span> <span class='ocrx_word' id='word_1_750' title='bbox 2660 3937 2858 3994; x_wconf 90' lang='lat' dir='ltr'><strong>cedunt</strong></span> <span class='ocrx_word' id='word_1_751' title='bbox 2893 3938 3073 3995; x_wconf 92' lang='lat' dir='ltr'><strong>locum</strong></span> <span class='ocrx_word' id='word_1_752' title='bbox 3113 3954 3211 3995; x_wconf 90' lang='lat' dir='ltr'><strong>suo</strong></span> <span class='ocrx_word' id='word_1_753' title='bbox 3236 3939 3445 3996; x_wconf 88' lang='lat' dir='ltr'><strong>auctori</strong></span> <span class='ocrx_word' id='word_1_754' title='bbox 3475 3957 3488 3995; x_wconf 92' lang='lat'><strong>:</strong></span> <span class='ocrx_word' id='word_1_755' title='bbox 3517 3939 3658 3995; x_wconf 89' lang='lat' dir='ltr'><strong>sicut</strong></span> 
     </span>
    </p>
   </div>
   <div class='ocr_carea' id='block_1_95' title="bbox 2058 4032 3662 4106">
    <p class='ocr_par' dir='ltr' id='par_1_95' title="bbox 2058 4032 3662 4106">
     <span class='ocr_line' id='line_1_95' title="bbox 2058 4032 3662 4106; baseline 0 -18"><span class='ocrx_word' id='word_1_756' title='bbox 2058 4043 2112 4088; x_wconf 92' lang='lat' dir='ltr'><strong>et</strong></span> <span class='ocrx_word' id='word_1_757' title='bbox 2154 4032 2233 4088; x_wconf 92' lang='lat' dir='ltr'><strong>sol</strong></span> <span class='ocrx_word' id='word_1_758' title='bbox 2260 4048 2290 4088; x_wconf 93' lang='lat' dir='ltr'><strong>a</strong></span> <span class='ocrx_word' id='word_1_759' title='bbox 2321 4048 2452 4089; x_wconf 89' lang='lat' dir='ltr'><strong>vero</strong></span> <span class='ocrx_word' id='word_1_760' title='bbox 2481 4032 2684 4090; x_wconf 91' lang='lat' dir='ltr'><strong>lumine</strong></span> <span class='ocrx_word' id='word_1_761' title='bbox 2710 4033 3104 4102; x_wconf 85' lang='lat' dir='ltr'><strong>obscurabitur,</strong></span> <span class='ocrx_word' id='word_1_762' title='bbox 3152 4035 3500 4106; x_wconf 88' lang='lat' dir='ltr'><strong>tenebrisque</strong></span> <span class='ocrx_word' id='word_1_763' title='bbox 3527 4047 3662 4089; x_wconf 89' lang='lat' dir='ltr'><strong>con-</strong></span> 
     </span>
    </p>
   </div>
   <div class='ocr_carea' id='block_1_96' title="bbox 2061 4125 3660 4198">
    <p class='ocr_par' dir='ltr' id='par_1_96' title="bbox 2061 4125 3660 4198">
     <span class='ocr_line' id='line_1_96' title="bbox 2061 4125 3660 4198; baseline 0 -16"><span class='ocrx_word' id='word_1_764' title='bbox 2061 4137 2288 4198; x_wconf 83' lang='lat' dir='ltr'><strong>tegetur.</strong></span> <span class='ocrx_word' id='word_1_765' title='bbox 2322 4125 2416 4182; x_wconf 91' lang='lat' dir='ltr'><strong>llla</strong></span> <span class='ocrx_word' id='word_1_766' title='bbox 2445 4135 2623 4182; x_wconf 89' lang='lat' dir='ltr'><strong>autem</strong></span> <span class='ocrx_word' id='word_1_767' title='bbox 2652 4142 2774 4197; x_wconf 63' lang='lat' dir='ltr'><strong>qua:</strong></span> <span class='ocrx_word' id='word_1_768' title='bbox 2811 4142 2935 4184; x_wconf 85' lang='lat' dir='ltr'><strong>vera</strong></span> <span class='ocrx_word' id='word_1_769' title='bbox 2965 4127 3055 4184; x_wconf 78' lang='lat' dir='ltr'><strong>lux</strong></span> <span class='ocrx_word' id='word_1_770' title='bbox 3100 4128 3328 4184; x_wconf 87' lang='lat' dir='ltr'><strong>necdum</strong></span> <span class='ocrx_word' id='word_1_771' title='bbox 3361 4136 3483 4194; x_wconf 89' lang='lat' dir='ltr'><strong>est,</strong></span> <span class='ocrx_word' id='word_1_772' title='bbox 3537 4125 3660 4182; x_wconf 90' lang='lat' dir='ltr'><strong>ideo</strong></span> 
     </span>
    </p>
   </div>
   <div class='ocr_carea' id='block_1_97' title="bbox 2060 4219 3660 4292">
    <p class='ocr_par' dir='ltr' id='par_1_97' title="bbox 2060 4219 3660 4292">
     <span class='ocr_line' id='line_1_97' title="bbox 2060 4219 3660 4292; baseline -0.003 -14"><span class='ocrx_word' id='word_1_773' title='bbox 2060 4221 2320 4278; x_wconf 91' lang='lat' dir='ltr'><strong>mundum</strong></span> <span class='ocrx_word' id='word_1_774' title='bbox 2371 4221 2678 4277; x_wconf 89' lang='lat' dir='ltr'><strong>universum</strong></span> <span class='ocrx_word' id='word_1_775' title='bbox 2730 4237 2828 4277; x_wconf 91' lang='lat' dir='ltr'><strong>suo</strong></span> <span class='ocrx_word' id='word_1_776' title='bbox 2873 4222 3023 4292; x_wconf 85' lang='lat' dir='ltr'><strong>apice</strong></span> <span class='ocrx_word' id='word_1_777' title='bbox 3070 4221 3306 4278; x_wconf 90' lang='lat' dir='ltr'><strong>desemel</strong></span> <span class='ocrx_word' id='word_1_778' title='bbox 3356 4219 3660 4276; x_wconf 88' lang='lat' dir='ltr'><strong>illuminare</strong></span> 
     </span>
    </p>
   </div>
   <div class='ocr_carea' id='block_1_98' title="bbox 2059 4315 3658 4388">
    <p class='ocr_par' dir='ltr' id='par_1_98' title="bbox 2059 4315 3658 4388">
     <span class='ocr_line' id='line_1_98' title="bbox 2059 4315 3658 4388; baseline -0.001 -15"><span class='ocrx_word' id='word_1_779' title='bbox 2059 4331 2169 4373; x_wconf 89' lang='lat' dir='ltr'><strong>non</strong></span> <span class='ocrx_word' id='word_1_780' title='bbox 2203 4315 2375 4388; x_wconf 90' lang='lat' dir='ltr'><strong>potuit</strong></span> <span class='ocrx_word' id='word_1_781' title='bbox 2401 4357 2416 4383; x_wconf 96' lang='lat'><strong>,</strong></span> <span class='ocrx_word' id='word_1_782' title='bbox 2447 4316 2612 4370; x_wconf 90' lang='lat' dir='ltr'><strong>immo</strong></span> <span class='ocrx_word' id='word_1_783' title='bbox 2653 4330 2760 4370; x_wconf 92' lang='lat' dir='ltr'><strong>non</strong></span> <span class='ocrx_word' id='word_1_784' title='bbox 2788 4315 3011 4385; x_wconf 89' lang='lat' dir='ltr'><strong>debuit,</strong></span> <span class='ocrx_word' id='word_1_785' title='bbox 3044 4331 3112 4372; x_wconf 92' lang='lat' dir='ltr'><strong>ne</strong></span> <span class='ocrx_word' id='word_1_786' title='bbox 3141 4315 3260 4373; x_wconf 90' lang='lat' dir='ltr'><strong>dies</strong></span> <span class='ocrx_word' id='word_1_787' title='bbox 3288 4315 3510 4372; x_wconf 89' lang='lat' dir='ltr'><strong>deﬁnita</strong></span> <span class='ocrx_word' id='word_1_788' title='bbox 3535 4328 3658 4371; x_wconf 89' lang='lat' dir='ltr'><strong>esse</strong></span> 
     </span>
    </p>
   </div>
   <div class='ocr_carea' id='block_1_99' title="bbox 2060 4407 3662 4481">
    <p class='ocr_par' dir='ltr' id='par_1_99' title="bbox 2060 4407 3662 4481">
     <span class='ocr_line' id='line_1_99' title="bbox 2060 4407 3662 4481; baseline 0 -16"><span class='ocrx_word' id='word_1_789' title='bbox 2060 4409 2460 4481; x_wconf 87' lang='lat' dir='ltr'><strong>adjudicaretur</strong></span> <span class='ocrx_word' id='word_1_790' title='bbox 2482 4450 2498 4476; x_wconf 91' lang='lat'><strong>,</strong></span> <span class='ocrx_word' id='word_1_791' title='bbox 2529 4407 2626 4465; x_wconf 88' lang='lat' dir='ltr'><strong>sed</strong></span> <span class='ocrx_word' id='word_1_792' title='bbox 2657 4409 2946 4466; x_wconf 90' lang='lat' dir='ltr'><strong>momentis</strong></span> <span class='ocrx_word' id='word_1_793' title='bbox 2972 4408 3226 4464; x_wconf 87' lang='lat' dir='ltr'><strong>horarum</strong></span> <span class='ocrx_word' id='word_1_794' title='bbox 3263 4409 3516 4465; x_wconf 88' lang='lat' dir='ltr'><strong>velociori</strong></span> <span class='ocrx_word' id='word_1_795' title='bbox 3538 4423 3662 4465; x_wconf 89' lang='lat' dir='ltr'><strong>cur-</strong></span> 
     </span>
    </p>
   </div>
   <div class='ocr_carea' id='block_1_100' title="bbox 2061 4500 3659 4574">
    <p class='ocr_par' dir='ltr' id='par_1_100' title="bbox 2061 4500 3659 4574">
     <span class='ocr_line' id='line_1_100' title="bbox 2061 4500 3659 4574; baseline 0 -16"><span class='ocrx_word' id='word_1_796' title='bbox 2061 4517 2126 4558; x_wconf 90' lang='lat' dir='ltr'><strong>su</strong></span> <span class='ocrx_word' id='word_1_797' title='bbox 2156 4510 2506 4558; x_wconf 90' lang='lat' dir='ltr'><strong>statueretur.</strong></span> <span class='ocrx_word' id='word_1_798' title='bbox 2541 4500 2828 4558; x_wconf 87' lang='lat' dir='ltr'><strong>lnﬁrmitas</strong></span> <span class='ocrx_word' id='word_1_799' title='bbox 2858 4501 2999 4558; x_wconf 91' lang='lat' dir='ltr'><strong>enim</strong></span> <span class='ocrx_word' id='word_1_800' title='bbox 3037 4514 3301 4558; x_wconf 83' lang='lat' dir='ltr'><strong>creaturae</strong></span> <span class='ocrx_word' id='word_1_801' title='bbox 3327 4511 3551 4574; x_wconf 89' lang='lat' dir='ltr'><strong>apparet</strong></span> <span class='ocrx_word' id='word_1_802' title='bbox 3577 4511 3659 4559; x_wconf 91' lang='lat' dir='ltr'><strong>to-</strong></span> 
     </span>
    </p>
   </div>
   <div class='ocr_carea' id='block_1_101' title="bbox 2066 4594 3664 4669">
    <p class='ocr_par' dir='ltr' id='par_1_101' title="bbox 2066 4594 3664 4669">
     <span class='ocr_line' id='line_1_101' title="bbox 2066 4594 3664 4669; baseline 0.001 -18"><span class='ocrx_word' id='word_1_803' title='bbox 2066 4605 2177 4651; x_wconf 89' lang='lat' dir='ltr'><strong>tum</strong></span> <span class='ocrx_word' id='word_1_804' title='bbox 2205 4594 2462 4651; x_wconf 88' lang='lat' dir='ltr'><strong>mundum</strong></span> <span class='ocrx_word' id='word_1_805' title='bbox 2489 4611 2594 4649; x_wconf 92' lang='lat' dir='ltr'><strong>non</strong></span> <span class='ocrx_word' id='word_1_806' title='bbox 2627 4610 2786 4666; x_wconf 88' lang='lat' dir='ltr'><strong>posse</strong></span> <span class='ocrx_word' id='word_1_807' title='bbox 2816 4595 3256 4664; x_wconf 86' lang='lat' dir='ltr'><strong>circumvallare,</strong></span> <span class='ocrx_word' id='word_1_808' title='bbox 3287 4595 3517 4669; x_wconf 88' lang='lat' dir='ltr'><strong>ideoque</strong></span> <span class='ocrx_word' id='word_1_809' title='bbox 3537 4609 3664 4669; x_wconf 86' lang='lat' dir='ltr'><strong>par-</strong></span> 
     </span>
    </p>
   </div>
   <div class='ocr_carea' id='block_1_102' title="bbox 2066 4687 3198 4762">
    <p class='ocr_par' dir='ltr' id='par_1_102' title="bbox 2066 4687 3198 4762">
     <span class='ocr_line' id='line_1_102' title="bbox 2066 4687 3198 4762; baseline 0.002 -17"><span class='ocrx_word' id='word_1_810' title='bbox 2066 4690 2210 4746; x_wconf 83' lang='lat' dir='ltr'><strong>tibus</strong></span> <span class='ocrx_word' id='word_1_811' title='bbox 2242 4688 2508 4760; x_wconf 90' lang='lat' dir='ltr'><strong>hodieque</strong></span> <span class='ocrx_word' id='word_1_812' title='bbox 2535 4687 2865 4760; x_wconf 89' lang='lat' dir='ltr'><strong>dignoscitur</strong></span> <span class='ocrx_word' id='word_1_813' title='bbox 2890 4704 3198 4762; x_wconf 86' lang='lat' dir='ltr'><strong>peragrare.</strong></span> 
     </span>
    </p>
   </div>
   <div class='ocr_carea' id='block_1_103' title="bbox 2140 4804 3665 4880">
    <p class='ocr_par' dir='ltr' id='par_1_103' title="bbox 2140 4804 3665 4880">
     <span class='ocr_line' id='line_1_103' title="bbox 2140 4804 3665 4880; baseline 0.005 -21"><span class='ocrx_word' id='word_1_814' title='bbox 2140 4805 2228 4860; x_wconf 91' lang='lat' dir='ltr'><strong>lll.</strong></span> <span class='ocrx_word' id='word_1_815' title='bbox 2256 4804 2327 4860; x_wconf 83' lang='lat' dir='ltr'><strong>At</strong></span> <span class='ocrx_word' id='word_1_816' title='bbox 2351 4820 2481 4861; x_wconf 91' lang='lat' dir='ltr'><strong>vero</strong></span> <span class='ocrx_word' id='word_1_817' title='bbox 2507 4847 2524 4874; x_wconf 94' lang='lat'><strong>,</strong></span> <span class='ocrx_word' id='word_1_818' title='bbox 2573 4805 2616 4860; x_wconf 90' lang='lat' dir='ltr'><strong>si</strong></span> <span class='ocrx_word' id='word_1_819' title='bbox 2651 4814 2820 4860; x_wconf 76' lang='lat' dir='ltr'><strong>totum</strong></span> <span class='ocrx_word' id='word_1_820' title='bbox 2850 4806 3039 4862; x_wconf 91' lang='lat' dir='ltr'><strong>orbem</strong></span> <span class='ocrx_word' id='word_1_821' title='bbox 3073 4805 3194 4864; x_wconf 92' lang='lat' dir='ltr'><strong>luce</strong></span> <span class='ocrx_word' id='word_1_822' title='bbox 3217 4821 3313 4864; x_wconf 89' lang='lat' dir='ltr'><strong>sua</strong></span> <span class='ocrx_word' id='word_1_823' title='bbox 3343 4809 3665 4880; x_wconf 86' lang='lat' dir='ltr'><strong>possideret,</strong></span> 
     </span>
    </p>
   </div>
   <div class='ocr_carea' id='block_1_104' title="bbox 2069 4897 3666 4972">
    <p class='ocr_par' dir='ltr' id='par_1_104' title="bbox 2069 4897 3666 4972">
     <span class='ocr_line' id='line_1_104' title="bbox 2069 4897 3666 4972; baseline 0.003 -17"><span class='ocrx_word' id='word_1_824' title='bbox 2069 4912 2408 4969; x_wconf 88' lang='lat' dir='ltr'><strong>nequaquam</strong></span> <span class='ocrx_word' id='word_1_825' title='bbox 2455 4897 2645 4953; x_wconf 89' lang='lat' dir='ltr'><strong>horam</strong></span> <span class='ocrx_word' id='word_1_826' title='bbox 2693 4899 2746 4954; x_wconf 91' lang='lat' dir='ltr'><strong>in</strong></span> <span class='ocrx_word' id='word_1_827' title='bbox 2789 4899 2879 4955; x_wconf 91' lang='lat' dir='ltr'><strong>die</strong></span> <span class='ocrx_word' id='word_1_828' title='bbox 2929 4899 3163 4972; x_wconf 89' lang='lat' dir='ltr'><strong>aliquam</strong></span> <span class='ocrx_word' id='word_1_829' title='bbox 3228 4901 3666 4960; x_wconf 87' lang='lat' dir='ltr'><strong>demonstraret:</strong></span> 
     </span>
    </p>
   </div>
   <div class='ocr_carea' id='block_1_105' title="bbox 2068 4990 3670 5064">
    <p class='ocr_par' dir='ltr' id='par_1_105' title="bbox 2068 4990 3670 5064">
     <span class='ocr_line' id='line_1_105' title="bbox 2068 4990 3670 5064; baseline 0.004 -18"><span class='ocrx_word' id='word_1_830' title='bbox 2068 4990 2390 5064; x_wconf 89' lang='lat' dir='ltr'><strong>quandoque</strong></span> <span class='ocrx_word' id='word_1_831' title='bbox 2438 4999 2608 5046; x_wconf 90' lang='lat' dir='ltr'><strong>totum</strong></span> <span class='ocrx_word' id='word_1_832' title='bbox 2653 4991 2911 5047; x_wconf 90' lang='lat' dir='ltr'><strong>mundum</strong></span> <span class='ocrx_word' id='word_1_833' title='bbox 2973 4993 3338 5064; x_wconf 86' lang='lat' dir='ltr'><strong>illuminaret,</strong></span> <span class='ocrx_word' id='word_1_834' title='bbox 3395 5011 3503 5052; x_wconf 90' lang='lat' dir='ltr'><strong>non</strong></span> <span class='ocrx_word' id='word_1_835' title='bbox 3551 5007 3670 5052; x_wconf 90' lang='lat' dir='ltr'><strong>erat</strong></span> 
     </span>
    </p>
   </div>
   <div class='ocr_carea' id='block_1_106' title="bbox 2068 5082 3669 5160">
    <p class='ocr_par' dir='ltr' id='par_1_106' title="bbox 2068 5082 3669 5160">
     <span class='ocr_line' id='line_1_106' title="bbox 2068 5082 3669 5160; baseline 0.003 -20"><span class='ocrx_word' id='word_1_836' title='bbox 2068 5085 2210 5158; x_wconf 91' lang='lat' dir='ltr'><strong>quod</strong></span> <span class='ocrx_word' id='word_1_837' title='bbox 2241 5083 2658 5156; x_wconf 89' lang='lat' dir='ltr'><strong>perambularet.</strong></span> <span class='ocrx_word' id='word_1_838' title='bbox 2687 5082 2995 5141; x_wconf 89' lang='lat' dir='ltr'><strong>Secundum</strong></span> <span class='ocrx_word' id='word_1_839' title='bbox 3026 5087 3164 5144; x_wconf 89' lang='lat' dir='ltr'><strong>hanc</strong></span> <span class='ocrx_word' id='word_1_840' title='bbox 3183 5089 3471 5158; x_wconf 87' lang='lat' dir='ltr'><strong>rationem,</strong></span> <span class='ocrx_word' id='word_1_841' title='bbox 3503 5105 3669 5160; x_wconf 90' lang='lat' dir='ltr'><strong>quam</strong></span> 
     </span>
    </p>
   </div>
   <div class='ocr_carea' id='block_1_107' title="bbox 2071 5175 3670 5253">
    <p class='ocr_par' dir='ltr' id='par_1_107' title="bbox 2071 5175 3670 5253">
     <span class='ocr_line' id='line_1_107' title="bbox 2071 5175 3670 5253; baseline 0.003 -20"><span class='ocrx_word' id='word_1_842' title='bbox 2071 5176 2463 5247; x_wconf 88' lang='lat' dir='ltr'><strong>disputavimus</strong></span> <span class='ocrx_word' id='word_1_843' title='bbox 2484 5218 2500 5245; x_wconf 93' lang='lat'><strong>,</strong></span> <span class='ocrx_word' id='word_1_844' title='bbox 2529 5185 2677 5233; x_wconf 89' lang='lat' dir='ltr'><strong>recte</strong></span> <span class='ocrx_word' id='word_1_845' title='bbox 2704 5175 3004 5250; x_wconf 85' lang='lat' dir='ltr'><strong>intelligere</strong></span> <span class='ocrx_word' id='word_1_846' title='bbox 3028 5180 3323 5251; x_wconf 89' lang='lat' dir='ltr'><strong>poterimus</strong></span> <span class='ocrx_word' id='word_1_847' title='bbox 3351 5181 3670 5253; x_wconf 80' lang='lat' dir='ltr'><strong>pmphetam</strong></span> 
     </span>
    </p>
   </div>
   <div class='ocr_carea' id='block_1_108' title="bbox 2071 5267 3678 5342">
    <p class='ocr_par' dir='ltr' id='par_1_108' title="bbox 2071 5267 3678 5342">
     <span class='ocr_line' id='line_1_108' title="bbox 2071 5267 3678 5342; baseline 0.003 -17"><span class='ocrx_word' id='word_1_848' title='bbox 2071 5267 2310 5340; x_wconf 81' lang='lat' dir='ltr'><strong>Moysem</strong></span> <span class='ocrx_word' id='word_1_849' title='bbox 2337 5267 2604 5325; x_wconf 86' lang='lat' dir='ltr'><strong>dicentem</strong></span> <span class='ocrx_word' id='word_1_850' title='bbox 2639 5287 2652 5324; x_wconf 91' lang='lat'><strong>:</strong></span> <span class='ocrx_word' id='word_1_851' title='bbox 2686 5269 2754 5324; x_wconf 82' lang='lat' dir='ltr'><strong>Et</strong></span> <span class='ocrx_word' id='word_1_852' title='bbox 2789 5272 3044 5342; x_wconf 79' lang='lat' dir='ltr'><strong>separavit</strong></span> <span class='ocrx_word' id='word_1_853' title='bbox 3087 5269 3229 5327; x_wconf 76' lang='lat' dir='ltr'><strong>Deus</strong></span> <span class='ocrx_word' id='word_1_854' title='bbox 3273 5273 3406 5328; x_wconf 82' lang='lat' dir='ltr'><strong>inter</strong></span> <span class='ocrx_word' id='word_1_855' title='bbox 3437 5273 3600 5330; x_wconf 85' lang='lat' dir='ltr'><strong>lucem</strong></span> <span class='ocrx_word' id='word_1_856' title='bbox 3627 5284 3678 5330; x_wconf 82' lang='lat' dir='ltr'><strong>et</strong></span> 
     </span>
    </p>
   </div>
   <div class='ocr_carea' id='block_1_109' title="bbox 2073 5361 3676 5439">
    <p class='ocr_par' dir='ltr' id='par_1_109' title="bbox 2073 5361 3676 5439">
     <span class='ocr_line' id='line_1_109' title="bbox 2073 5361 3676 5439; baseline 0.004 -19"><span class='ocrx_word' id='word_1_857' title='bbox 2073 5362 2301 5420; x_wconf 72' lang='lat' dir='ltr'><strong>tenebras</strong></span> <span class='ocrx_word' id='word_1_858' title='bbox 2333 5361 2486 5435; x_wconf 86' lang='lat' dir='ltr'><strong>(Gen.</strong></span> <span class='ocrx_word' id='word_1_859' title='bbox 2519 5380 2560 5432; x_wconf 84' lang='grc' dir='ltr'>ι,</span> <span class='ocrx_word' id='word_1_860' title='bbox 2588 5364 2665 5437; x_wconf 76' lang='grc'><strong>4).</strong></span> <span class='ocrx_word' id='word_1_861' title='bbox 2699 5364 2838 5434; x_wconf 86' lang='lat' dir='ltr'><strong>Quid</strong></span> <span class='ocrx_word' id='word_1_862' title='bbox 2869 5373 3051 5422; x_wconf 86' lang='lat' dir='ltr'><strong>autem</strong></span> <span class='ocrx_word' id='word_1_863' title='bbox 3083 5374 3167 5422; x_wconf 91' lang='lat' dir='ltr'><strong>est</strong></span> <span class='ocrx_word' id='word_1_864' title='bbox 3187 5381 3464 5439; x_wconf 88' lang='lat' dir='ltr'><strong>separare,</strong></span> <span class='ocrx_word' id='word_1_865' title='bbox 3493 5368 3538 5424; x_wconf 91' lang='lat' dir='ltr'><strong>si</strong></span> <span class='ocrx_word' id='word_1_866' title='bbox 3565 5385 3676 5426; x_wconf 89' lang='lat' dir='ltr'><strong>non</strong></span> 
     </span>
    </p>
   </div>
   <div class='ocr_carea' id='block_1_110' title="bbox 2073 5457 3679 5529">
    <p class='ocr_par' dir='ltr' id='par_1_110' title="bbox 2073 5457 3679 5529">
     <span class='ocr_line' id='line_1_110' title="bbox 2073 5457 3679 5529; baseline 0.003 -15"><span class='ocrx_word' id='word_1_867' title='bbox 2073 5457 2381 5514; x_wconf 86' lang='lat' dir='ltr'><strong>distantiam</strong></span> <span class='ocrx_word' id='word_1_868' title='bbox 2406 5458 2546 5514; x_wconf 89' lang='lat' dir='ltr'><strong>inter</strong></span> <span class='ocrx_word' id='word_1_869' title='bbox 2568 5459 2686 5516; x_wconf 65' lang='lat' dir='ltr'><strong>bwc</strong></span> <span class='ocrx_word' id='word_1_870' title='bbox 2713 5459 2926 5517; x_wconf 79' lang='lat' dir='ltr'><strong>facere?</strong></span> <span class='ocrx_word' id='word_1_871' title='bbox 2947 5459 3047 5529; x_wconf 86' lang='lat' dir='ltr'><strong>Qui</strong></span> <span class='ocrx_word' id='word_1_872' title='bbox 3074 5461 3118 5516; x_wconf 92' lang='lat' dir='ltr'><strong>si</strong></span> <span class='ocrx_word' id='word_1_873' title='bbox 3149 5460 3401 5518; x_wconf 88' lang='lat' dir='ltr'><strong>distantia</strong></span> <span class='ocrx_word' id='word_1_874' title='bbox 3443 5463 3679 5520; x_wconf 87' lang='lat' dir='ltr'><strong>instituit</strong></span> 
     </span>
    </p>
   </div>
   <div class='ocr_carea' id='block_1_111' title="bbox 2074 5551 3677 5625">
    <p class='ocr_par' dir='ltr' id='par_1_111' title="bbox 2074 5551 3677 5625">
     <span class='ocr_line' id='line_1_111' title="bbox 2074 5551 3677 5625; baseline 0.005 -19"><span class='ocrx_word' id='word_1_875' title='bbox 2074 5559 2131 5606; x_wconf 90' lang='lat' dir='ltr'><strong>et</strong></span> <span class='ocrx_word' id='word_1_876' title='bbox 2153 5560 2341 5606; x_wconf 90' lang='lat' dir='ltr'><strong>contra</strong></span> <span class='ocrx_word' id='word_1_877' title='bbox 2365 5551 2595 5607; x_wconf 89' lang='lat' dir='ltr'><strong>alterum</strong></span> <span class='ocrx_word' id='word_1_878' title='bbox 2621 5593 2635 5618; x_wconf 86' lang='lat'><strong>,</strong></span> <span class='ocrx_word' id='word_1_879' title='bbox 2657 5563 2711 5608; x_wconf 90' lang='lat' dir='ltr'><strong>et</strong></span> <span class='ocrx_word' id='word_1_880' title='bbox 2740 5567 2806 5609; x_wconf 91' lang='lat' dir='ltr'><strong>ea</strong></span> <span class='ocrx_word' id='word_1_881' title='bbox 2837 5554 2950 5625; x_wconf 80' lang='lat' dir='ltr'><strong>ipsa</strong></span> <span class='ocrx_word' id='word_1_882' title='bbox 2981 5553 3034 5610; x_wconf 93' lang='lat' dir='ltr'><strong>in</strong></span> <span class='ocrx_word' id='word_1_883' title='bbox 3055 5552 3318 5610; x_wconf 83' lang='lat' dir='ltr'><strong>divisione</strong></span> <span class='ocrx_word' id='word_1_884' title='bbox 3337 5570 3458 5612; x_wconf 88' lang='lat' dir='ltr'><strong>esse</strong></span> <span class='ocrx_word' id='word_1_885' title='bbox 3486 5555 3677 5614; x_wconf 85' lang='lat' dir='ltr'><strong>decre-</strong></span> 
     </span>
    </p>
   </div>
   <div class='ocr_carea' id='block_1_112' title="bbox 2077 5644 3676 5722">
    <p class='ocr_par' dir='ltr' id='par_1_112' title="bbox 2077 5644 3676 5722">
     <span class='ocr_line' id='line_1_112' title="bbox 2077 5644 3676 5722; baseline 0.005 -22"><span class='ocrx_word' id='word_1_886' title='bbox 2077 5644 2268 5713; x_wconf 82' lang='lat' dir='ltr'><strong>vit,ita</strong></span> <span class='ocrx_word' id='word_1_887' title='bbox 2295 5653 2355 5700; x_wconf 94' lang='lat' dir='ltr'><strong>ut</strong></span> <span class='ocrx_word' id='word_1_888' title='bbox 2376 5645 2546 5701; x_wconf 88' lang='lat' dir='ltr'><strong>lucem</strong></span> <span class='ocrx_word' id='word_1_889' title='bbox 2570 5655 2789 5703; x_wconf 87' lang='lat' dir='ltr'><strong>vocaret</strong></span> <span class='ocrx_word' id='word_1_890' title='bbox 2806 5647 2970 5715; x_wconf 90' lang='lat' dir='ltr'><strong>diem,</strong></span> <span class='ocrx_word' id='word_1_891' title='bbox 3003 5647 3252 5704; x_wconf 84' lang='lat' dir='ltr'><strong>tenebras</strong></span> <span class='ocrx_word' id='word_1_892' title='bbox 3280 5663 3407 5705; x_wconf 89' lang='lat' dir='ltr'><strong>vero</strong></span> <span class='ocrx_word' id='word_1_893' title='bbox 3435 5660 3676 5722; x_wconf 87' lang='lat' dir='ltr'><strong>noctem,</strong></span> 
     </span>
    </p>
   </div>
   <div class='ocr_carea' id='block_1_113' title="bbox 2079 5727 3678 5812">
    <p class='ocr_par' dir='ltr' id='par_1_113' title="bbox 2079 5727 3678 5812">
     <span class='ocr_line' id='line_1_113' title="bbox 2079 5727 3678 5812; baseline 0.006 -20"><span class='ocrx_word' id='word_1_894' title='bbox 2079 5735 2221 5792; x_wconf 86' lang='lat' dir='ltr'><strong>aliud</strong></span> <span class='ocrx_word' id='word_1_895' title='bbox 2273 5751 2414 5792; x_wconf 89' lang='lat' dir='ltr'><strong>nunc</strong></span> <span class='ocrx_word' id='word_1_896' title='bbox 2452 5736 2700 5794; x_wconf 91' lang='lat' dir='ltr'><strong>audimus</strong></span> <span class='ocrx_word' id='word_1_897' title='bbox 2749 5754 2813 5794; x_wconf 83' lang='lat' dir='ltr'><strong>ex</strong></span> <span class='ocrx_word' id='word_1_898' title='bbox 2853 5738 2959 5794; x_wconf 90' lang='lat' dir='ltr'><strong>alio</strong></span> <span class='ocrx_word' id='word_1_899' title='bbox 3001 5739 3346 5812; x_wconf 89' lang='lat' dir='ltr'><strong>appellatum.</strong></span> <span class='ocrx_word' id='word_1_900' title='bbox 3392 5740 3503 5798; x_wconf 86' lang='lat' dir='ltr'><strong>Cur</strong></span> <span class='ocrx_word' id='word_1_901' title='bbox 3549 5727 3678 5802; x_wconf 86' lang='lat' dir='ltr'><strong>vero</strong></span> 
     </span>
    </p>
   </div>
   <div class='ocr_carea' id='block_1_114' title="bbox 2085 5823 3674 5904">
    <p class='ocr_par' dir='ltr' id='par_1_114' title="bbox 2085 5823 3674 5904">
     <span class='ocr_line' id='line_1_114' title="bbox 2085 5823 3674 5904; baseline 0.006 -19"><span class='ocrx_word' id='word_1_902' title='bbox 2085 5828 2228 5886; x_wconf 86' lang='lat' dir='ltr'><strong>aliud</strong></span> <span class='ocrx_word' id='word_1_903' title='bbox 2255 5840 2358 5888; x_wconf 89' lang='lat' dir='ltr'><strong>non</strong></span> <span class='ocrx_word' id='word_1_904' title='bbox 2384 5831 2500 5888; x_wconf 84' lang='lat' dir='ltr'><strong>erat</strong></span> <span class='ocrx_word' id='word_1_905' title='bbox 2528 5832 2767 5901; x_wconf 60' lang='lat' dir='ltr'><strong>gratum.</strong></span> <span class='ocrx_word' id='word_1_906' title='bbox 2796 5828 2840 5890; x_wconf 85' lang='lat' dir='ltr'><strong>sl</strong></span> <span class='ocrx_word' id='word_1_907' title='bbox 2872 5831 3012 5903; x_wconf 87' lang='lat' dir='ltr'><strong>quod</strong></span> <span class='ocrx_word' id='word_1_908' title='bbox 3047 5828 3277 5904; x_wconf 80' lang='lat' dir='ltr'><strong>primum</strong></span> <span class='ocrx_word' id='word_1_909' title='bbox 3305 5823 3674 5896; x_wconf 79' lang='lat' dir='ltr'><strong>denuntinlum</strong></span> 
     </span>
    </p>
   </div>
  </div>
