4046 6302
480 254 614 314 I0“

1233 247 1428 307 MARII
1469 245 1811 308 VICTOIIINI
1853 249 2010 306 ΛΡΜ
2055 249 2145 310 AD
2184 249 2522 310 IUSTINUM
2563 249 3022 313 MANlCIMiUII.
3080 201 3084 204 i

3629 263 3741 324 Iﬁl‘l

479 381 563 430 cst
583 371 897 428 sufﬁceret?
942 377 1125 450 postea
1147 378 1368 427 vocaret
1391 367 1532 445 diem
1562 378 1826 437 tamquam
1855 367 1906 423 in
1929 382 2083 426 meno
2113 368 2165 434 Α
2194 369 2426 440 priorem
2459 371 2660 432 reversi
2704 383 2849 442 sunt,
2900 374 3041 430 unde
3070 385 3460 444 processerant.
3504 375 3610 436 Non
3635 396 3742 452 ergo

479 476 589 524 tem
630 467 707 524 illi
753 469 978 526 venerit.
1013 467 1118 526 Sed
1162 467 1300 524 absit
1342 482 1372 522 a
1417 466 1570 522 nobis
1614 465 1758 520 nolle
1801 465 2077 536 requirere

477 570 733 618 manente
762 560 1017 634 praedicto
1044 560 1259 618 nomine
1289 558 1429 614 diem
1462 555 1716 628 appellari
1743 557 1918 628 :quod
1949 556 2077 614 sub-

479 661 696 710 secutus
738 662 819 712 est
855 655 1036 731 utique
1061 651 1339 708 duodecim
1383 651 1634 710 horarum
1684 650 1913 722 spatium
1941 665 2073 708 con-

479 746 643 806 clusit
679 746 1000 820 signiﬁcare.
1047 745 1156 803 Nec
1184 744 1327 802 enim
1374 744 1490 800 dies
1537 743 1696 800 hodie
1734 743 1779 800 si
1809 743 2075 800 dominica

477 839 799 911 appellatur,
847 838 964 895 sine
1005 838 1150 894 horis
1179 836 1607 907 competentibus
1637 835 1909 891 deﬁnitur.
1941 838 2074 894 Cum

479 949 610 1006 ergo
636 933 776 988 diem
799 932 954 1001 dicis,
985 933 1168 987 horam
1190 947 1582 1004 quamcumque
1605 930 1876 986 deﬁnitam
1905 945 2077 1002 usque

478 1024 546 1079 ad
575 1039 853 1094 veSperam
880 1023 1090 1078 statuis.
1118 1023 1187 1078 Ita
1216 1022 1466 1077 dominus
1489 1037 1641 1077 meus
1662 1023 1872 1095 Moyses
1903 1024 2074 1078 lucem

480 1125 726 1173 vocatam
755 1117 885 1171 dicit
913 1131 1032 1171 esse
1057 1114 1220 1179 diem,
1251 1124 1306 1168 ut
1338 1129 1435 1169 nos
1468 1128 1571 1168 non
1595 1115 1712 1169 sine
1738 1114 1917 1169 ofﬁcio
1942 1115 2078 1170 duo-

479 1211 653 1268 decim
683 1211 938 1276 horarum
969 1226 1122 1268 usum
1153 1209 1521 1282 quotidianum
1544 1207 1746 1266 dictum
1775 1209 1938 1268 fuisse
1961 1209 2078 1281 dig-

477 1322 848 1364 nosceremus.
899 1307 1136 1378 Denique
1181 1305 1499 1360 subsecutus
1544 1303 1657 1364 ait:
1698 1303 1764 1360 Et
1791 1306 1984 1377 factum
2005 1314 2080 1362 est

481 1418 718 1475 vespere,
763 1411 808 1458 et
839 1401 1031 1476 factum
1063 1408 1136 1456 est
1179 1416 1328 1456 mane
1363 1399 1469 1456 dies
1516 1416 1648 1454 unus
1696 1398 1876 1474 (Gem,
1910 1416 1948 1465 ι,
1997 1397 2077 1474 5).

482 1495 636 1566 Quod
667 1495 711 1550 si
760 1509 1037 1568 vesperam
1075 1503 1127 1548 et
1162 1504 1346 1568 postea
1381 1492 1522 1548 diem
1565 1491 1758 1548 iactam
1800 1492 2078 1566 appellat,

483 1597 883 1646 consummatos
915 1586 1077 1644 horas
1120 1585 1336 1642 facturae
1368 1585 1509 1640 illius
1537 1585 1802 1657 designat.
1839 1584 2083 1658 Namque

483 1683 737 1740 Salomon
785 1683 836 1738 in
881 1682 1020 1740 libro
1065 1682 1418 1738 Ecclesiastes
1468 1681 1808 1754 interrogat:
1841 1681 1979 1747 Quid
2009 1689 2084 1737 est

2181 475 2539 533 pausaverunt
2572 479 2694 522 cum
2721 474 2889 522 totum
2919 468 3128 541 cyclum
3148 479 3525 530 cucurrerunt:
3543 473 3742 532 auldoce

2181 556 2442 626 scriptum
2474 571 2622 628 esse,
2657 568 2710 614 et
2751 574 2852 630 ego
2896 562 3243 630 conquiesco.
3278 562 3382 620 Sed
3425 578 3525 619 non
3569 565 3742 638 doces,

2181 649 2306 719 quia
2337 665 2436 706 nec
2463 649 2692 726 invenis,
2725 647 2884 708 sicut'
2902 651 3156 710 Salomon
3188 654 3322 710 dicit
3353 672 3368 712 :
3403 653 3574 710 Oritur
3591 659 3676 722 sol,
3702 667 3744 714 et

2183 742 2370 798 occidit
2413 743 2510 810 sol,
2545 753 2590 799 et
2617 744 2686 798 ad
2729 761 2879 800 suum
2908 745 3077 800 locum
3104 748 3388 805 revertitur.
3445 747 3562 820 Ipse
3603 751 3745 806 oriens

2183 838 2320 894 vadit
2344 838 2412 892 ad
2433 838 2698 900 Austrum.
2727 848 2772 893 et
2799 856 2988 912 gyrans
3017 841 3255 898 circumit
3285 858 3442 912 usque
3467 842 3534 898 ad
3560 841 3742 914 Aquilo-

2183 947 2299 986 nem
2329 929 2524 1004 (Eccte.
2557 948 2604 998 ι,
2631 931 2703 1004 5).
2739 931 2794 989 Si
2819 935 3092 990 existimas
3120 936 3366 992 occidere
3395 937 3582 1002 solem,
3608 938 3748 996 redde

2185 1025 2340 1080 nobis
2365 1025 2626 1080 rationem
2653 1027 2924 1097 quomodo
2952 1027 3019 1082 ad
3059 1045 3214 1084 suum
3253 1030 3427 1086 locum
3474 1033 3746 1088 revertitur.

2185 1116 2340 1176 Unde
2363 1117 2410 1172 si
2437 1119 2756 1189 subterfugit
2794 1127 2847 1174 te
2877 1134 3072 1176 sensus
3113 1121 3241 1176 falsa
3291 1121 3565 1195 eflingere,
3611 1125 3747 1181 crede

2185 1210 2462 1270 Salomoni
2488 1211 2688 1270 dicenti
2712 1213 2886 1285 ipsum
2913 1217 3178 1274 orientem
3200 1217 3266 1276 ad
3294 1218 3548 1280 Austrum
3578 1218 3664 1283 ire,
3691 1220 3747 1275 ita

2185 1314 2244 1369 ut
2263 1321 2458 1379 xynias
2488 1309 2760 1376 perveniat
2799 1307 2865 1363 ad
2889 1307 3208 1379 Aquilonem
3235 1329 3248 1364 :
3279 1310 3414 1379 Quia
3461 1327 3638 1384 gyrans
3664 1331 3742 1384 gy-

2187 1398 2352 1452 rando
2380 1411 2616 1472 peragrat
2636 1401 2867 1472 spiritus,
2914 1402 2966 1462 in
2993 1402 3262 1464 circuitum
3289 1420 3438 1462 suum
3467 1407 3746 1466 convertitur

2187 1491 2398 1565 spiritus
2435 1489 2636 1562 (Ibid.,
2666 1492 2754 1564 6).
2804 1491 2940 1567 Quid
2996 1495 3234 1568 apertius
3312 1498 3600 1568 poterimus
3667 1513 3750 1558 nos

2187 1584 2460 1658 disputare
2485 1625 2502 1650 ,
2543 1585 2757 1657 quando
2786 1575 3042 1658 propheta
3084 1588 3267 1663 paucis
3299 1589 3477 1645 verbis
3523 1591 3749 1663 quaestio-

2188 1691 2312 1732 nem
2335 1685 2576 1734 nostram
2602 1676 2939 1736 deliniaverit
2967 1721 2981 1746 ,
3031 1679 3277 1752 spiritum
3311 1695 3434 1736 esse
3471 1682 3557 1754 qui
3585 1696 3755 1754 gyraus

483 1777 621 1855 quod
640 1781 832 1852 factum
859 1778 978 1834 est?
1009 1779 1175 1851 ipsum
1212 1777 1350 1850 quod
1394 1777 1481 1848 [iet
1511 1793 1529 1833 :
1557 1777 1694 1848 quod
1730 1787 1900 1834 autem
1941 1776 2037 1852 fuit
2063 1817 2079 1842 .
2113 1779 2161 1840 B
2187 1771 2429 1845 Sirando
2478 1771 2868 1828 incessabiliter
2902 1773 3089 1830 orbem
3139 1781 3309 1830 totum
3357 1776 3648 1848 peragret?
3684 1776 3757 1834 Sic

482 1872 656 1946 ipsum
680 1882 752 1928 cst
778 1871 914 1948 quod
942 1873 1173 1944 futurum
1201 1879 1275 1926 est
1305 1869 1507 1941 (Eccle.
1536 1885 1585 1936 ι,
1618 1867 1696 1942 9).

562 1964 653 2022 IV.
685 1963 873 2040 Igitur,
902 1964 1095 2034 amice,
1122 1963 1166 2020 si
1191 1963 1349 2020 hodie
1376 1963 1492 2018 dies
1518 1963 1589 2018 ita
1612 1961 1889 2031 definitur,
1916 1976 2086 2036 quare

487 2074 595 2116 non
627 2057 911 2116 credamus
943 2056 1216 2130 prophetae
1260 2056 1456 2116 dicenti
1489 2056 1664 2126 ipsum
1703 2055 1756 2112 in
1793 2054 1944 2114 initio
1976 2054 2085 2112 fac-

491 2160 604 2210 tum
633 2165 754 2208 esse
784 2149 925 2221 quod
954 2148 1113 2208 hodie
1134 2147 1263 2208 ﬁat:
1290 2148 1420 2204 nihil
1443 2163 1638 2204 novum
1661 2147 1764 2203 sub
1792 2147 1907 2204 sole
1938 2157 2081 2216 esse,

489 2258 665 2316 neque
689 2242 969 2315 adjectum.
987 2241 1185 2313 aliquid
1211 2256 1354 2310 esse,
1389 2256 1563 2313 neque
1588 2241 1945 2296 diminutum?
1973 2241 2083 2296 Ma-

492 2348 585 2397 net
611 2353 834 2412 vespera
883 2353 1053 2410 usque
1099 2338 1150 2393 in
1203 2337 1521 2394 matutinum
1553 2378 1570 2406 ,
1615 2338 1895 2406 noctisque
1926 2336 2087 2396 horas

487 2431 810 2504 adimplens,
839 2441 891 2486 et
922 2431 999 2487 sic
1029 2445 1133 2487 una
1157 2430 1273 2488 dies
1300 2430 1518 2486 deﬁnita
1546 2431 1868 2503 appellatur,
1899 2431 1952 2488 in
1982 2448 2089 2503 quo

489 2525 810 2589 matutinum
845 2539 951 2581 non
983 2523 1137 2595 primi
1165 2523 1272 2582 diei
1302 2539 1423 2580 esse
1460 2523 1700 2588 dicatur,
1729 2522 1824 2580 sed
1867 2524 2090 2591 secundi

493 2618 704 2678 initium
733 2616 1055 2672 inveniatur.
1100 2615 1444 2696 Requirimus
1473 2625 1652 2670 autem
1692 2625 1870 2672 utrum
1919 2618 1970 2674 in
2003 2617 2091 2676 die

494 2709 755 2768 Dominus
783 2719 968 2766 noster
995 2717 1248 2778 operatus
1288 2718 1400 2776 est,
1431 2724 1500 2765 an
1529 2710 1582 2768 in
1622 2709 1817 2766 nocte?
1861 2708 2020 2768 Certe
2045 2712 2092 2770 si

493 2803 550 2858 in
575 2802 663 2860 die
689 2844 706 2872 ,
741 2803 1058 2858 matutinum
1091 2801 1231 2857 istud
1263 2818 1367 2859 non
1400 2803 1555 2874 primi
1587 2801 1692 2858 diei
1741 2817 1863 2857 esse
1885 2803 2094 2876 adjudi-

491 2904 665 2962 catur,
697 2897 908 2970 quando
936 2897 1332 2956 ﬁrmamentum
1375 2897 1496 2952 caeli
1534 2897 1584 2954 in
1630 2912 1696 2954 eo
1731 2897 1844 2956 fieri
1874 2899 2095 2955 manda-

492 2997 598 3046 tur.
633 2989 687 3045 Si
717 3001 894 3048 autem
924 2989 1155 3046 secunda
1186 2989 1274 3044 die
1304 2992 1696 3046 ﬁrmamentum
1738 2989 1934 3046 faetqu
1977 3001 2091 3072 est,

493 3082 714 3138 secundi
742 3082 847 3138 diei
879 3082 1198 3139 matutinum
1242 3097 1364 3137 esse
1409 3084 1673 3156 apparuit.
1718 3083 2095 3156 Equilibralio

2189 1869 2306 1926 dies
2333 1883 2470 1926 unus
2492 1867 2762 1938 deﬁnitur,
2792 1878 2846 1926 et
2872 1867 2938 1926 ad
2968 1867 3132 1925 alium
3161 1869 3481 1926 matutinum
3507 1871 3758 1941 transitur,

2192 1971 2412 2036 pr0pter
2433 1961 2575 2032 quod
2605 1961 2658 2020 in
2683 1961 2830 2033 dies,
2862 1975 3116 2030 menses,
3153 1976 3326 2019 annos
3365 1963 3593 2025 instituti
3634 1973 3756 2020 sunt.

2265 2054 2351 2111 VI.
2386 2053 2492 2112 Fac
2520 2053 2614 2111 tibi
2645 2053 2713 2110 de
2755 2062 2953 2110 caetero
2991 2053 3142 2122 satis,
3189 2064 3246 2111 et
3284 2056 3529 2122 censenti
3557 2056 3762 2128 parenti-

2189 2145 2292 2204 bus
2317 2147 2517 2203 nostris
2542 2146 2810 2218 prioribus
2837 2143 2953 2201 haec
2980 2145 3310 2202 tradentibus
3330 2160 3451 2218 quae
3492 2160 3646 2219 supra
3668 2161 3763 2204 meo

2193 2241 2384 2295 morati
2415 2253 2633 2307 sumus,
2689 2239 2863 2298 lucem
2895 2239 3050 2295 istam
3088 2255 3196 2295 non
3221 2248 3389 2296 totum
3422 2240 3605 2296 orbem
3635 2249 3762 2296 tene-

2191 2349 2273 2400 re,
2306 2332 2401 2389 sed
2424 2333 2680 2389 medium.
2716 2332 2787 2388 Et
2823 2332 2944 2389 ideo
2966 2348 3303 2408 quacumque
3341 2333 3426 2389 sol
3473 2334 3760 2408 respexerit,

2194 2425 2334 2481 diem
2361 2434 2415 2480 et
2444 2423 2605 2480 horas
2644 2423 2783 2481 ﬁeri.
2829 2425 2900 2481 lta
2930 2440 3051 2481 cum
3087 2441 3381 2497 peragrans
3432 2425 3660 2500 agraudo
3684 2425 3764 2481 de-

2196 2517 2307 2573 lato
2336 2516 2509 2588 spatio
2536 2516 2698 2573 horas
2728 2527 2916 2574 mutet.
2949 2517 3102 2588 Quod
3131 2517 3176 2574 si
3205 2533 3390 2574 verum
3420 2528 3524 2587 est,
3555 2519 3638 2574 ubi
3663 2533 3763 2572 ma-

2198 2613 2427 2668 tutinum
2459 2613 2655 2668 factum
2679 2611 2857 2679 fuerit,
2883 2629 3102 2670 manere
3129 2613 3331 2672 diutius
3362 2631 3470 2671 non
3501 2617 3683 2690 poterit
3705 2613 3764 2671 ibi

2197 2709 2516 2764 matutinum
2544 2725 2557 2761 :
2588 2709 2710 2782 quia
2732 2723 2852 2764 cum
2875 2708 2958 2764 sol
2982 2708 3223 2764 ambulat
3247 2710 3311 2763 ad
3335 2709 3439 2764 alia
3461 2709 3574 2766 loca
3598 2752 3612 2777 ,
3641 2709 3768 2764 horta

2198 2816 2414 2874 semper
2441 2817 2500 2858 se
2527 2812 2758 2870 mutant,
2786 2812 2840 2858 et
2867 2801 2938 2857 ita
2967 2802 3027 2857 ﬁt
3057 2812 3112 2858 ut
3143 2802 3487 2875 perveniatur
3514 2803 3578 2859 ad
3605 2817 3769 2873 veSpe-

2198 2917 2336 2957 ram.
2363 2899 2610 2970 Sequens
2653 2913 2782 2954 vero
2817 2908 2900 2954 est
2926 2899 2978 2953 in
3018 2899 3195 2954 ofﬁcio
3237 2899 3414 2955 noctis
3459 2899 3596 2972 quod
3643 2899 3770 2968 hunc

2199 2994 2466 3066 supplent.
2497 2990 2600 3048 Sed
2624 3006 2743 3046 cmn
2777 2991 3094 3047 matutinum
3123 2992 3253 3046 oriri
3283 2991 3530 3047 videmus
3551 3034 3565 3060 ,
3615 2989 3770 3045 defec-

2201 3097 2312 3146 tum
2341 3087 2682 3148 tenebrarum
2703 3099 2823 3142 esse
2851 3085 3305 3157 recognoscimus,
3333 3095 3386 3141 et
3416 3085 3626 3160 quando
3663 3099 3771 3138 ves-

494 3175 638 3232 enim
665 3175 773 3237 diei
816 3185 868 3230 el
920 3173 1092 3230 noctis
1122 3173 1337 3230 deﬁnita
1379 3175 1628 3230 extiterat
1659 3193 1670 3228 :
1703 3163 1920 3252 propter
1949 3177 2090 3248 quod
2122 3180 2167 3244 C
2200 3197 2325 3260 pera
2353 3181 2430 3250 ﬁt,
2466 3180 2582 3237 dies
2602 3193 2850 3236 occasum
2881 3180 3094 3250 patitur.
3143 3178 3231 3236 Sic
3253 3179 3396 3234 enim
3423 3179 3635 3236 climata
3661 3177 3765 3238 coeli

494 3284 634 3324 unus
659 3268 775 3331 dies
816 3267 869 3323 in
912 3281 1138 3332 numero
1190 3267 1487 3340 appellatus
1537 3278 1670 3322 erat.
1716 3267 1913 3326 Iterum
1966 3269 2094 3328 dicit

499 3362 765 3433 scriptura
798 3379 810 3412 :
844 3360 1188 3442 Congregetur
1213 3379 1349 3436 aqua
1390 3364 1440 3417 in
1466 3364 1859 3436 congregatione
1883 3381 2004 3432 una,
2047 3374 2095 3420 et

493 3467 670 3540 pareat
699 3457 849 3514 arida
880 3454 1034 3538 (Gen.
1057 3471 1107 3524 ι,
1136 3455 1217 3532 9),
1260 3472 1418 3528 quam
1446 3459 1751 3536 germinare
1794 3475 1918 3516 mox
1952 3476 2092 3538 prch

493 3551 637 3622 cepit
663 3551 880 3616 herbam
916 3551 1092 3628 pabuli
1123 3551 1414 3612 secundum
1445 3567 1614 3622 genus
1641 3568 1795 3616 suum
1817 3595 1833 3622 ,
1864 3562 1919 3612 et
1948 3555 2090 3626 ligna

490 3644 786 3711 fructifera.
818 3645 875 3708 In
904 3646 1096 3715 quibus
1122 3645 1320 3704 factum
1353 3656 1435 3702 est
1455 3663 1712 3722 vespere,
1766 3647 1964 3705 factum
2011 3660 2094 3716 est

492 3751 549 3798 et
578 3754 736 3802 mane
764 3739 881 3804 dies
911 3740 1122 3798 tertius.
1151 3738 1336 3812 Itaque
1375 3741 1421 3797 si
1471 3742 1789 3800 matutinum
1835 3742 1978 3800 istud
2021 3743 2092 3800 de

489 3835 580 3902 die
611 3835 764 3892 tertia
789 3833 1040 3912 suscipis,
1069 3849 1166 3897 cur
1185 3833 1314 3890 dicit
1339 3833 1615 3906 Scriptura
1644 3853 1658 3888 :
1689 3833 1846 3892 Fiant
1874 3837 1976 3891 duo
2005 3836 2090 3891 tu—

490 3929 716 3986 minaria
742 3928 796 3984 in
811 3927 1129 3998 [irritamento
1157 3928 1292 3996 caeli,
1320 3929 1396 3984 sic
1417 3938 1472 3984 ut
1498 3929 1700 3990 luceant
1725 3946 1877 4001 super
1902 3942 2092 3992 terram

488 4022 544 4078 in
573 4021 898 4084 inchoatione
918 4021 1020 4077 diei
1054 4032 1100 4082 et
1130 4022 1290 4082 noctis
1315 4038 1334 4078 :
1363 4023 1436 4082 ita
1465 4031 1520 4076 ut
1544 4023 1774 4080 dividant
1799 4025 1929 4084 inter
1957 4025 2092 4092 diem

489 4128 538 4172 et
562 4122 757 4169 noctem
780 4155 795 4181 ,
831 4123 877 4168 et
907 4113 1007 4170 sint
1036 4113 1089 4168 in
1113 4115 1290 4186 signa,
1337 4113 1445 4170 dies
1471 4123 1517 4170 et
1545 4126 1772 4188 tempora
1803 4127 1852 4176 et
1881 4119 2091 4176 annos?

488 4207 682 4282 (Ibid.,
715 4207 827 4278 M).
867 4205 1056 4262 Nullus
1104 4219 1285 4270 autem
1342 4205 1618 4264 hominum
1675 4208 1846 4279 legem
1889 4210 2088 4279 sciens,

487 4302 580 4376 qui
608 4301 701 4358 tibi
727 4299 1030 4361 consentiat
1063 4299 1218 4362 tertia
1250 4299 1337 4356 die
1376 4299 1546 4362 solem
1585 4309 1638 4356 et
1676 4300 1855 4356 lunam
1896 4300 2089 4360 factam

487 4395 676 4466 fuisse.

563 4489 626 4545 V.
650 4489 813 4548 Forte
841 4488 884 4545 si
910 4497 962 4546 te
988 4488 1161 4559 ipsum
1180 4487 1506 4559 interrogem
1526 4530 1539 4556 ,
1578 4489 1931 4562 respondebis
1957 4493 2088 4548 mihi

2194 3273 2442 3332 distinxit
2467 3273 2607 3328 inter
2639 3271 2781 3326 diem
2809 3280 2861 3328 et
2893 3280 3103 3326 noctem
3129 3311 3147 3340 ,
3181 3280 3238 3326 ut
3275 3286 3611 3344 quacumque
3643 3280 3772 3342 parte

2194 3369 2272 3424 sol
2300 3381 2544 3440 gressum
2572 3363 2772 3431 iecerit,
2801 3364 3115 3420 matutinum
3139 3363 3434 3420 habeatur:
3469 3364 3770 3436 totidemque

2195 3461 2316 3516 luna
2384 3459 2474 3515 ubi
2548 3457 2881 3529 peragrarit,
2961 3472 3184 3528 vespera
3253 3473 3375 3516 eSse
3433 3469 3769 3532 agnoscatur,

2195 3570 2315 3632 qua:
2345 3552 2619 3624 sequentis
2647 3550 2755 3606 diei
2787 3565 2908 3606 esse
2937 3549 3152 3605 dicitur.
3183 3550 3420 3606 Stultum
3462 3566 3684 3622 namque
3704 3557 3771 3603 est

2195 3645 2380 3702 audire
2431 3653 2642 3700 noctem
2679 3644 2916 3716 priorem
2945 3643 3240 3699 secundum
3273 3658 3558 3715 vesperam
3601 3646 3770 3699 factam

2194 3736 2382 3804 fuisse,
2411 3744 2639 3812 postque
2670 3736 2988 3790 matutinum
3024 3746 3199 3792 ortum
3231 3751 3372 3792 esse.
3401 3737 3560 3805 Quod
3589 3739 3635 3794 si
3671 3751 3771 3792 vcs-

2193 3845 2322 3906 pera
2371 3831 2518 3904 prior
2560 3829 2696 3888 facta
2727 3827 2944 3896 fuisset,
2989 3845 3096 3884 non
3141 3829 3377 3902 aliquem
3411 3840 3597 3891 noster
3630 3832 3770 3902 legis-

2195 3924 2333 3982 lator
2369 3924 2632 3982 reveritus
2659 3932 2833 3989 esset,
2871 3939 3030 3980 uuam
3072 3935 3284 3981 ηοειθιιι
3325 3927 3377 3983 in
3432 3940 3656 3988 numero
3691 3941 3774 3981 110⁴

2193 4021 2361 4079 ctium
2407 4020 2555 4076 illam
2611 4020 2979 4092 pronuntiare.
3030 4019 3199 4076 Nemo
3247 4021 3392 4093 quod
3451 4022 3675 4094 primum
3727 4029 3773 4075 et

2193 4115 2489 4193 principale
2517 4112 2677 4170 habet
2696 4116 2996 4169 contemnit
3018 4113 3147 4169 illud
3167 4115 3476 4184 enuntiare,
3505 4125 3563 4172 et
3581 4115 3629 4172 id
3649 4111 3771 4186 quod

2194 4196 2528 4282 subsequens
2563 4218 2647 4265 est
2683 4208 2865 4264 audiat
2903 4209 3200 4264 nominare.
3235 4209 3422 4282 Itaque
3451 4212 3496 4268 si
3527 4212 3596 4266 ab
3621 4208 3774 4266 homi-

2193 4305 2350 4360 nibus
2378 4303 2510 4359 nihil
2543 4303 2650 4359 tale
2682 4301 3125 4375 deprehenditur,
3157 4304 3431 4376 quomodo
3463 4320 3494 4360 a
3522 4306 3667 4360 vobis
3701 4319 3774 4360 re-

2192 4409 2409 4474 putatur
2437 4407 2496 4456 ut
2521 4399 2838 4454 matutinum
2867 4399 3134 4469 poSIerius
3159 4398 3356 4456 factum
3382 4399 3506 4457 dies
3535 4415 3666 4458 unus
3691 4414 3772 4470 ap-

2195 4492 2464 4567 pelletur?
2503 4493 2679 4561 Quare
2726 4507 2834 4548 nou
2873 4493 3139 4564 proﬁteris
3189 4493 3331 4565 quod
3373 4499 3524 4567 prius
3571 4493 3768 4567 legisti,

485 4589 676 4652 quarta
708 4581 793 4638 die
823 4580 960 4638 facta
993 4595 1154 4651 esse,
1209 4589 1265 4638 et
1301 4581 1596 4637 contendes
1647 4584 1969 4640 matutinam
2011 4585 2084 4643 is-
2110 4574 2164 4635 D
2191 4587 2365 4644 lucem
2394 4585 2586 4642 factam
2617 4593 2672 4642 et
2700 4585 2842 4642 diem
2883 4585 3230 4658 appellatam,
3274 4596 3507 4660 postque
3546 4587 3773 4644 tenebras

483 4683 594 4729 tam
618 4675 685 4729 de
714 4673 870 4729 tertia
899 4675 986 4730 die
1023 4689 1162 4730 esse.
1198 4673 1330 4743 Qua:
1375 4675 1633 4730 matutina
1678 4691 1805 4733 vere
1830 4675 1897 4732 de
1927 4678 2085 4734 tertia

485 4767 575 4822 die
602 4765 648 4821 si
694 4765 921 4833 fuisset,
968 4783 1258 4838 numquam
1309 4768 1515 4839 priores
1557 4769 1725 4825 nostri
1761 4780 1949 4846 quarta
1998 4759 2088 4829 die

483 4858 686 4914 factum
712 4858 879 4914 solem
906 4867 960 4915 et
981 4860 1162 4915 lunam
1193 4860 1421 4931 professi
1449 4859 1696 4918 fuissent.
1727 4863 1828 4933 Qui
1848 4865 1892 4920 si
1918 4881 2084 4938 quar-

483 4961 535 5007 ta
564 4951 653 5006 die
677 4950 799 5005 facti
829 4963 953 5006 sunt
977 4994 991 5019 ,
1034 4953 1356 5009 matutinum
1388 4955 1526 5011 istud
1560 4973 1665 5013 non
1694 4957 1761 5013 de
1799 4960 1952 5014 tertia
1995 4959 2086 5018 die

483 5051 590 5113 est,
620 5043 714 5100 sed
743 5043 810 5098 de
838 5053 1047 5114 quarta,
1086 5046 1137 5102 in
1163 5061 1264 5116 qua
1297 5047 1380 5102 sol
1407 5057 1460 5104 et
1490 5048 1611 5103 luna
1644 5059 1696 5104 et
1724 5060 1918 5107 caetera
1949 5051 2085 5110 facta

483 5144 631 5193 sunt.
667 5134 910 5206 Denique
941 5135 1186 5192 dividunt
1230 5139 1370 5193 inter
1400 5139 1542 5195 diem
1573 5150 1627 5198 et
1656 5152 1868 5200 noctem
1906 5148 1957 5201 in
2005 5147 2087 5202 in-

485 5231 864 5295 choationibus
908 5232 1038 5290 suis.
1085 5230 1177 5289 Sic
1218 5234 1362 5288 enim
1407 5235 1764 5305 aequilibravit
1807 5240 1947 5296 inter
1990 5256 2085 5299 eos

481 5336 676 5384 auctor
703 5343 924 5397 eorum,
959 5337 1016 5383 ut
1060 5326 1390 5386 tantumdem
1433 5331 1618 5388 mundi
1659 5335 1890 5416 spatium
1933 5345 2084 5394 tene-

479 5435 622 5490 rent,
657 5433 1031 5494 percurrerent
1053 5441 1075 5479 ι
1103 5438 1209 5478 non
1235 5438 1342 5495 quo
1363 5424 1652 5498 adimpleto
1681 5426 1861 5486 ofﬁcio
1887 5446 2084 5506 recep-

482 5515 718 5570 taculum
763 5515 1026 5572 haberent
1054 5515 1445 5586 requiescendi,
1477 5518 1570 5572 sed
1600 5519 1765 5575 immo
1793 5521 1904 5576 suis
1933 5523 2080 5580 limi-

483 5607 627 5664 tibus
665 5607 1056 5662 incessabiliter
1100 5617 1344 5664 currunt.
1392 5609 1632 5682 Namque
1676 5612 1756 5667 sol
1789 5613 1930 5685 quod
1986 5625 2112 5687 pevr'

482 5716 684 5757 annum
712 5701 990 5770 ambulat,
1038 5702 1164 5757 luna
1193 5703 1324 5760 illud
1372 5703 1585 5776 triginta
1627 5705 1819 5762 diebus
1860 5721 2080 5766 currere

487 5793 841 5888 dignoscitur.
873 5793 1228 5872 Peragrantes
1256 5797 1467 5888 cyclum
1515 5796 1665 5856 orbis
1711 5797 1779 5856 ad
1819 5808 2078 5886 punctum

2193 4690 2403 4739 noctem
2432 4679 2709 4737 vocatam?
2737 4678 2853 4736 Non
2881 4694 3011 4752 ergo
3041 4689 3164 4736 ante
3186 4695 3291 4735 nox
3322 4679 3467 4737 facta
3487 4691 3590 4750 est,
3629 4693 3770 4751 quam

2190 4778 2325 4836 dies.
2356 4777 2446 4834 Sic
2469 4789 2569 4831 nec
2595 4789 2878 4846 vesperam
2905 4773 3126 4830 credere
3153 4773 3349 4841 debes,
3379 4791 3546 4847 quam
3576 4772 3772 4832 matuti-

2191 4887 2319 4928 num
2345 4871 2450 4928 diei
2481 4869 2712 4942 primum
2735 4867 2998 4940 intelligas
3022 4867 3219 4923 factum
3243 4866 3430 4925 fuisse.

2261 4962 2374 5020 VII.
2417 4959 2569 5031 Quod
2607 4969 2788 5017 autem
2827 4961 3146 5016 matutinum
3179 4962 3443 5032 scriptura
3477 4962 3668 5026 tacuit,
3696 4973 3770 5015 ra-

2192 5056 2390 5110 tionem
2442 5052 2627 5127 pandit
2665 5052 2879 5126 quando
2926 5053 3100 5109 lucem
3153 5053 3269 5109 ﬁeri
3317 5055 3602 5126 praecepit.
3647 5050 3768 5122 Quid

2188 5157 2365 5205 autem
2394 5156 2544 5204 ortus
2570 5147 2708 5204 lucis
2724 5146 3011 5204 ostendere
3034 5148 3225 5218 potuit,
3252 5148 3297 5205 si
3327 5165 3436 5206 non
3463 5152 3767 5206 matutinum

2187 5255 2310 5296 esse
2337 5239 2619 5297 deﬁnivit?
2657 5239 2766 5297 Nec
2801 5240 2948 5297 enim
2987 5240 3106 5298 dies
3141 5252 3290 5298 extra
3323 5245 3646 5300 matutinum
3681 5258 3768 5310 ap-

2191 5333 2379 5406 pellari
2409 5333 2620 5404 potuit:
2651 5344 2902 5405 recteque
2946 5333 3210 5405 dicimus,
3264 5336 3407 5393 Deus
3457 5353 3582 5395 cum
3615 5339 3770 5394 lucem

2191 5424 2404 5482 vocavit
2429 5426 2608 5493 diem,
2637 5427 2956 5483 matutinum
2993 5429 3132 5484 intra
3161 5444 3285 5485 eum
3312 5432 3601 5487 conclusit.
3633 5431 3771 5486 Nam‘

2190 5534 2295 5590 que
2343 5517 2496 5574 ﬁnito
2539 5518 2624 5575 die
2650 5533 2878 5590 vespera
2923 5519 3056 5575 oriri
3096 5521 3298 5592 caepit,
3332 5538 3458 5594 quae
3497 5534 3650 5579 nocte
3676 5529 3769 5578 tota

2188 5613 2462 5686 operando
2491 5614 2796 5686 perveniret
2831 5613 2898 5672 ad
2925 5617 3246 5673 matutinum
3296 5617 3363 5673 de
3399 5617 3641 5674 secundo
3674 5615 3767 5683 die,

2186 5708 2240 5762 in
2293 5722 2397 5778 qua
2448 5705 2848 5764 ﬁrmamentum
2899 5710 3074 5766 ﬁeret.
3125 5709 3194 5766 Et
3237 5711 3361 5766 licet
3415 5711 3487 5767 de
3540 5709 3688 5767 tertia
3725 5714 3770 5763 et

2185 5811 2377 5875 quarta
2414 5801 2503 5860 die
2521 5844 2535 5870 ,
2563 5800 2617 5860 in
2647 5817 2750 5882 qua
2777 5804 2948 5864 solem
2970 5814 3026 5866 et
3050 5805 3232 5872 lunam
3262 5807 3578 5875 fabricavit,
3607 5804 3770 5876 dispuq
