4046 6302
356 148 500 215 1015

1137 151 1413 213 CANDIDI
1452 154 1694 213 ARIANI
1729 153 1935 215 LIBER
1976 156 2066 229 DE
2103 157 2602 221 GENEBATIONE
2644 163 2896 224 DIVINA.

3526 177 3666 239 1014

356 266 684 336 taverimns;
732 276 910 333 tamen
958 268 1168 339 plenius
1219 272 1556 344 requiramus
1610 275 1667 333 in
1708 290 1816 350 qua
1869 276 1958 337 die
1982 274 2240 353 Aomnia
2270 270 2652 341 consummata
2671 281 2973 345 invenimus
3001 299 3123 343 esse
3144 327 3165 359 ,,
3191 296 3250 343 ut
3274 296 3426 345 sexta
3458 288 3547 351 die
3574 293 3668 348 dc-

356 359 522 425 ltomo
563 359 737 425 tactus
759 361 868 432 sit,
900 370 1078 425 utrum
1108 365 1293 436 quinta
1323 365 1410 427 die
1444 378 1538 429 aut
1564 378 1748 440 sexta,
1784 379 1842 427 ut
1870 369 1956 426 in-

354 454 601 527 veniatur
626 469 853 527 vespera
883 455 929 511 si
966 456 1113 529 prior
1150 466 1232 519 est
1263 473 1292 517 ιι
1323 460 1605 521 matutino.
1640 461 1782 521 Dixit
1810 463 1954 521 enim

355 549 499 607 Deus
522 568 536 605 :
563 546 845 613 Faciamus
884 549 1142 611 hominem
1169 551 1238 607 ad
1274 552 1554 624 imaginem
1580 564 1628 615 et
1655 554 1957 611 similitudi-

350 658 471 697 nem
512 649 761 703 nostram.
810 640 878 697 Et
918 641 1040 712 fecit
1080 642 1221 703 Deus
1248 644 1507 701 hominem
1537 661 1557 701 :
1585 646 1655 703 ad
1682 647 1955 718 imaginem

351 732 450 789 Dei
474 733 595 805 fecit
621 733 769 793 illum
797 746 817 789 :
844 734 1130 793 plusculum
1154 743 1202 791 et
1230 735 1480 807 [carinam
1506 736 1626 808 fecit
1651 754 1756 807 eos,
1787 740 1955 794 dedit-

348 826 578 898 queillia
619 843 769 883 omne
805 826 1053 899 pabulum
1091 829 1160 885 ad
1189 846 1377 886 acum.
1412 830 1479 887 Et
1508 832 1706 903 factum
1735 844 1807 893 est
1842 849 1955 891 ves-

350 938 510 995 pero,
537 932 585 979 et
612 922 811 994 factum
835 934 910 985 est
933 940 1084 982 mane
1109 926 1218 985 dies
1243 936 1415 985 sextus
1469 927 1650 1003 (Gem,
1678 946 1718 1000 ι,
1756 931 1857 1000 26;
1882 933 1952 989 27

349 1026 399 1074 ει
420 1016 550 1091 at).
589 1017 740 1078 Unde
769 1021 815 1075 si
852 1021 1110 1081 matutina
1139 1023 1239 1081 ista
1272 1022 1341 1081 de
1365 1034 1516 1086 sexta
1545 1026 1633 1085 die
1661 1036 1763 1097 est,
1791 1028 1955 1091 homo

347 1125 477 1184 ergo
524 1111 713 1182 quinta
749 1111 840 1171 die
867 1112 1037 1177 factus
1061 1123 1165 1172 est.
1208 1114 1341 1175 Nam
1386 1117 1434 1177 si
1459 1130 1609 1177 sexta
1649 1120 1739 1183 die
1781 1122 1954 1187 factus

346 1212 464 1273 est,
491 1205 824 1277 approbatur
850 1210 1112 1269 matutina
1131 1208 1236 1271 ista
1254 1210 1323 1269 de
1345 1213 1573 1284 septima
1598 1213 1684 1273 die
1707 1231 1828 1277 esse
1847 1259 1863 1285 ,
1894 1219 1969 1281 in.

346 1313 451 1371 qua
494 1299 641 1357 Deus
677 1300 961 1372 requievit.
1005 1300 1158 1371 Quod
1195 1304 1242 1360 si
1292 1305 1550 1374 minime,
1606 1308 1773 1369 redde
1820 1311 1951 1371 mibi

347 1394 438 1452 ltie
489 1409 655 1467 opera
715 1395 854 1457 sexti
903 1394 1012 1454 diei
1058 1397 1148 1457 ubi
1198 1407 1365 1468 sunt,
1419 1415 1528 1472 quo
1581 1416 1951 1468 consummata

346 1496 474 1544 sunt
512 1489 694 1549 omnia
746 1504 870 1558 quae
911 1488 1001 1547 die
1047 1500 1203 1547 sexto
1244 1491 1382 1551 facta
1417 1507 1539 1551 esse
1565 1494 1718 1559 dixit.
1747 1497 1951 1567 Quinto

344 1591 525 1639 autem
551 1582 639 1641 die
672 1583 889 1641 invenio
918 1599 1086 1656 aquas
1123 1586 1479 1658 produxisse,
1526 1590 1737 1661 reptilia
1784 1603 1946 1665 atque

2061 366 2332 439 ﬁniamus,
2358 370 2523 427 Deum
2541 373 2609 428 ab
2630 375 2884 432 omnibus
2899 379 3152 449 operibus
3175 383 3289 438 suis
3311 385 3661 455 requievisse.

2058 460 2211 528 Quod
2251 463 2293 518 si
2339 471 2459 534 post
2485 480 2744 537 aquarum
2786 470 3118 529 creationem
3164 474 3436 549 intelligas
3473 494 3663 553 vespe-

2057 572 2175 615 ram
2200 600 2214 625 ,
2245 558 2486 616 invenire
2517 563 2718 631 pateris
2762 579 2866 619 non
2896 567 3072 637 quarti
3102 567 3206 624 diei
3234 570 3499 642 principia
3522 616 3535 641 ,
3564 574 3658 630 sed

2057 650 2259 722 quinta:
2286 653 2462 711 noctis
2500 653 2669 711 initia.
2697 654 2851 725 Quod
2892 658 2936 714 si
2971 675 3158 716 verum
3189 672 3310 731 εει,
3343 665 3660 725 matutinum

2058 741 2235 810 istud,
2264 745 2403 815 quod
2455 756 2576 816 post
2613 763 2891 821 vesperam
2931 752 3258 827 appellatum
3299 764 3416 825 est,
3447 772 3552 812 non
3594 759 3660 815 ad

2057 835 2298 907 quintam
2331 836 2475 893 diem
2516 840 2820 909 pertinere,
2851 842 2946 899 sed
2987 842 3052 898 ad
3083 855 3322 913 sextam,
3357 849 3479 918 quia
3512 850 3562 905 in
3596 866 3662 906 eo

2056 929 2323 1001 scriptura
2376 930 2535 989 docet
2582 949 2717 1000 nos,
2763 936 2905 1008 quod
2951 937 3116 995 homo
3163 939 3335 999 lactus
3361 953 3462 1000 est.
3508 945 3661 1002 Unde

2056 1034 2180 1093 post
2208 1023 2467 1082 facturam
2499 1026 2739 1098 ejusdem
2768 1030 3003 1091 hominis
3034 1050 3315 1111 vesperam
3356 1037 3552 1095 factam
3581 1040 3660 1095 di-

2055 1120 2162 1184 cit,
2195 1126 2251 1175 ει
2281 1120 2605 1178 matutinum
2631 1166 2645 1191 ,
2680 1125 2823 1203 quod
2859 1142 2985 1183 vere
3013 1129 3231 1202 septimi
3262 1130 3367 1188 diei
3399 1143 3481 1189 est
3508 1135 3656 1205 prin-

2053 1212 2273 1284 cipium.
2317 1213 2375 1269 In
2428 1215 2545 1287 ipso
2589 1218 2733 1273 enim
2787 1222 3050 1278 matutino
3105 1226 3370 1299 requievit
3413 1227 3555 1283 Deus
3592 1228 3658 1285 ab

2054 1304 2303 1363 omnibus
2338 1308 2592 1378 operibus
2624 1310 2763 1379 suis,
2794 1328 2912 1384 qua:
2943 1329 3179 1388 coeperat
3222 1318 3396 1375 facere
3425 1338 3437 1374 :
3470 1336 3575 1375 non
3604 1323 3654 1376 in

2054 1412 2278 1468 vespera
2327 1415 2448 1472 qua:
2488 1402 2627 1457 sexti
2671 1404 2779 1459 diei
2833 1408 3111 1481 sequentia
3159 1420 3296 1466 erat.
3343 1411 3425 1467 Tu
3470 1429 3653 1477 nunc.

2052 1492 2245 1558 amice,
2276 1494 2523 1571 perspice
2559 1495 2770 1566 planius
2799 1498 3118 1569 lectionem,
3153 1513 3207 1559 et
3239 1505 3319 1560 iac
3356 1506 3538 1564 animo
3566 1519 3655 1563 tuo

2052 1586 2218 1653 satis,
2270 1602 2378 1645 non
2424 1604 2584 1661 posse
2626 1600 2839 1649 noctem
2883 1596 3124 1668 prmponi
3171 1596 3279 1655 diei
3307 1641 3321 1669 ,
3366 1601 3446 1657 sie
3479 1617 3654 1674 neque

342 1678 615 1746 volatilia;
672 1693 782 1736 non
827 1678 1101 1739 hominem
1124 1721 1140 1753 ,
1172 1682 1261 1752 qui
1304 1680 1374 1739 de
1422 1690 1563 1741 terra
1611 1685 1783 1747 lactus
1820 1704 1945 1745 cum
1974 1686 2025 1747 B
2056 1696 2335 1753 vesperam
2369 1685 2662 1751 matutino,
2688 1687 2740 1742 in
2774 1703 2881 1760 quo
2910 1699 3062 1747 actus
3087 1700 3141 1746 et
3174 1706 3310 1764 Opus
3335 1692 3440 1749 diei
3462 1694 3651 1751 deﬁni-

342 1771 782 1844 quadripedibue‘
805 1780 862 1829 et
888 1772 1078 1831 bestiis
1127 1784 1308 1834 terra.
1354 1774 1508 1844 Quod
1548 1777 1595 1837 si
1633 1780 1815 1850 quinta
1858 1780 1948 1838 die
2052 1784 2164 1833 tum
2196 1776 2532 1851 ostenditur,
2566 1790 2619 1836 et
2646 1780 2724 1838 sic
2761 1797 2985 1853 vespera
3017 1794 3299 1856 prosecuta
3323 1787 3647 1858 appellatur.

342 1863 509 1921 homo
555 1877 681 1921 eum
731 1864 1059 1935 supradictis
1110 1865 1282 1925 lactus
1324 1876 1457 1923 est:
1490 1884 1664 1939 neque
1705 1885 1771 1927 ea
1823 1887 1945 1945 quae
2050 1866 2292 1938 Denique
2316 1878 2437 1939 post
2463 1870 2599 1927 sexti
2619 1871 2728 1928 diei
2751 1889 3032 1942 vesperam
3060 1876 3290 1932 cessavit
3319 1881 3647 1936 mentionem

339 1970 494 2029 aqua:
529 1956 909 2028 produserunt
944 1958 1284 2029 invenimus,
1314 1976 1488 2033 neque
1520 1962 1610 2020 illa
1639 1980 1764 2036 quae
1790 1974 1942 2024 sexta
2048 1959 2231 2017 facere
2260 1978 2324 2018 ex
2357 1964 2470 2037 ipsa
2496 2007 2511 2033 ,
2536 1965 2675 2021 sicut
2701 1966 2770 2022 de
2792 1969 3049 2023 matutina
3071 2008 3087 2035 ,
3116 1984 3275 2040 quam
3306 1980 3488 2042 aperte
3518 1972 3651 2027 luci-

338 2050 428 2109 die
453 2062 829 2109 eottsummata
873 2061 1022 2109 sunt.
1070 2053 1138 2111 Et
1172 2054 1448 2125 quomodo
1494 2054 1771 2127 Scriptura
1812 2057 1946 2119 dicit
2047 2052 2221 2131 deque
2266 2058 2550 2129 septimam
2598 2052 2739 2114 diem
2789 2060 3048 2133 propheta
3102 2060 3437 2119 denuntiavit
3477 2065 3646 2135 ipsam

335 2145 566 2216 septima
606 2145 695 2203 die
731 2146 1062 2217 requievisse
1091 2147 1260 2207 Deum
1300 2147 1371 2209 ab
1410 2149 1660 2211 omnibus
1684 2150 1941 2221 operibus
2046 2162 2185 2205 esse.
2226 2145 2376 2205 Unde
2417 2150 2462 2206 si
2500 2165 2605 2207 non
2648 2151 2791 2231 ipsa,
2826 2160 2879 2206 tu
2925 2168 3067 2207 nunc
3088 2151 3224 2209 doce
3264 2152 3333 2209 de
3356 2154 3647 2211 dilectione

335 2241 453 2297 suis
475 2281 491 2309 ,
516 2240 736 2313 quando
766 2242 986 2307 invenio
1010 2251 1132 2314 post
1173 2241 1448 2303 hominem
1472 2253 1529 2307 et
1567 2260 1631 2305 ea
1660 2260 1784 2318 qua:
1815 2261 1939 2309 eum
2042 2242 2326 2317 septimam
2348 2259 2629 2315 vesperam
2648 2288 2663 2313 ,
2695 2253 2751 2301 ut
2771 2254 3024 2316 sequatur
3049 2245 3195 2302 illam
3221 2256 3277 2305 et
3300 2248 3641 2305 matutinum.

333 2333 557 2391 homine
584 2342 710 2397 sunt
743 2333 883 2393 faeta
908 2376 924 2403 ,
950 2345 1380 2399 consummatam
1413 2350 1537 2402 esse
1560 2352 1779 2401 mortem
1809 2353 1939 2410 ope-
2043 2334 2197 2409 Quod
2228 2335 2277 2392 si
2308 2352 2413 2392 non
2462 2337 2674 2399 invenis
2694 2381 2709 2406 ,
2738 2338 2899 2399 crede
2933 2338 3151 2397 lectioni
3191 2341 3473 2411 septimam
3502 2342 3643 2397 diem

334 2444 452 2486 rem
477 2443 645 2500 quam
683 2430 826 2491 Deus
858 2430 1170 2495 initiavent
1211 2431 1429 2493 iacere?
1455 2430 1643 2504 Itaque
1674 2432 1719 2493 si
1747 2432 1938 2504 quinta
2040 2428 2211 2505 ipsam
2234 2444 2354 2489 esse
2376 2471 2392 2507 ,
2415 2446 2535 2505 quae
2566 2439 2688 2507 post
2716 2447 2996 2503 vesperam
3025 2432 3347 2489 matutinum
3375 2434 3643 2513 appellata
3704 2416 3713 2420 ’

332 2522 424 2580 die
456 2521 623 2580 homo
656 2532 714 2581 et
750 2538 915 2596 supra
944 2534 1246 2589 memorata
1277 2524 1417 2587 facta
1444 2534 1605 2595 sunt,
1638 2524 1823 2598 quinta
1849 2525 1938 2591 die
2043 2532 2149 2593 est.

1067 2764 1137 2821 μγ
1208 2766 1223 2774 ··
1544 2729 2044 2815 CANDIDI
2100 2730 2515 2816 ARIANI

1325 2831 1710 2959 Linea—"BE
1750 2869 2339 2945 ειιΝιειιΑτιοΝΕ
2393 2869 2702 2941 omna,

1496 2984 1565 3026 an
1603 2983 1811 3025 unum
1848 2974 2174 3024 ViCTORlNUM
2211 2974 2524 3022 nns'ronnu.

400 3080 444 3144 Ι.
485 3080 674 3143 Omnis
704 3080 985 3154 generatio
1006 3122 1021 3149 ,
1054 3096 1087 3137 ο
1127 3082 1202 3137 mi
1240 3079 1415 3139 dulcis
1452 3088 1705 3139 senectus
1732 3079 1932 3138 Vtcro-
1957 3082 2001 3147 C
2037 3079 2298 3137 rationem
2319 3080 2567 3151 alicujus,
2587 3080 2782 3137 nedum
2815 3082 2867 3137 in
2897 3081 3010 3138 Dei.
3032 3081 3211 3139 Manet
3235 3082 3378 3140 enim
3403 3089 3636 3158 potentia

338 2631 3608 2661 Μ

327 3191 456 3232 nine
482 3219 499 3246 ,
542 3175 768 3231 mutatio
815 3174 1060 3247 quaedam
1097 3184 1201 3230 est.
1248 3172 1583 3230 lmmutabile
1625 3184 1708 3232 est
1750 3184 1927 3235 autem

326 3282 492 3333 omne
514 3267 795 3336 divinum,
827 3268 1034 3329 Scilicet
1062 3267 1223 3329 Deus.
1255 3267 1397 3325 Deus
1426 3276 1608 3337 autem
1646 3268 1735 3341 qui
1779 3279 1929 3341 pater

327 3372 415 3423 est
446 3364 501 3425 in
529 3363 816 3431 onmibus,
848 3374 904 3421 et
929 3363 1169 3421 omnium
1199 3362 1371 3433 prima
1400 3377 1563 3419 causa
1615 3371 1718 3418 est.
1749 3362 1803 3416 Si
1830 3363 1930 3434 igi-

326 3466 415 3516 tur
442 3459 583 3519 Deus
600 3499 617 3528 ,
642 3458 952 3517 inversibile
976 3466 1032 3514 et
1059 3457 1395 3517 immutabile
1424 3474 1438 3513 ε
1461 3457 1603 3530 quod
1630 3465 1809 3517 autem
1842 3457 1927 3513 in.

323 3553 580 3612 versibile
620 3562 676 3613 et
714 3550 1049 3615 immutabile
1074 3593 1089 3618 ,
1129 3566 1304 3623 neque
1338 3551 1579 3624 genitum
1626 3561 1709 3611 est
1750 3565 1927 3625 neque

321 3655 549 3722 generat
577 3647 803 3718 aliquid.
840 3646 897 3705 Si
937 3646 1096 3718 igitur
1120 3645 1224 3702 hoc
1252 3645 1332 3703 sic
1359 3660 1417 3701 se
1443 3644 1625 3713 habet,
1658 3644 1928 3715 ingenitus

321 3750 409 3801 est
438 3740 599 3801 Deus.
626 3739 841 3805 Etenim
870 3739 1169 3811 generatio,
1195 3754 1291 3810 per
1316 3739 1727 3801 conversionem
1755 3745 1809 3792 et
1832 3753 1928 3808 per

322 3834 676 3895 mutationem
716 3833 997 3905 generatio
1039 3840 1145 3889 est.
1186 3830 1339 3889 Nulla
1391 3831 1535 3887 enim
1592 3845 1768 3901 neque
1794 3830 1926 3886 Sub-

320 3929 521 3991 stantia
549 3942 725 3999 neque
756 3925 1182 3991 substantialitas
1205 3967 1223 3995 ,
1278 3940 1454 3997 neque
1479 3923 1716 3981 existens
1756 3938 1928 3995 neque

320 4023 682 4088 existentitus,
721 4035 895 4092 neque
939 4019 1225 4079 existentia
1269 4034 1444 4091 neque
1492 4016 1925 4085 existentialitas,

322 4132 497 4188 neque
522 4115 758 4187 potentia
779 4155 795 4183 ,
824 4120 951 4172 ante
983 4115 1153 4187 Deum
1173 4128 1323 4179 esse,
1354 4112 1469 4168 fuit.
1499 4110 1629 4180 Quis
1657 4111 1800 4171 enim
1831 4125 1931 4183 po-

321 4211 522 4271 tentior
551 4208 699 4265 Deo?
723 4206 863 4265 Num
895 4207 1130 4278 potentia
1149 4247 1164 4275 ,
1197 4214 1291 4263 aut
1315 4205 1622 4274 existentia,
1672 4211 1767 4260 aut
1794 4204 1925 4263 sub-

320 4303 519 4365 stantia
538 4343 553 4373 ,
579 4308 675 4369 aut
695 4296 791 4365 δ’νῖ
822 4299 928 4365 Ista
955 4299 1098 4356 enim
1129 4299 1306 4359 omnia
1326 4341 1342 4370 ,
1365 4306 1460 4356 aut
1478 4300 1651 4373 ipsum
1675 4306 1760 4355 est
1783 4297 1925 4375 quod

322 4399 468 4459 Deus
494 4406 608 4466 est,
635 4404 733 4453 aut
754 4404 878 4470 post
905 4396 1102 4467 ipsum.
1128 4395 1246 4469 Ipse
1272 4394 1415 4451 enim
1451 4401 1646 4451 cuncta
1682 4400 1921 4465 praestat.

2036 3173 2088 3233 in
2118 3187 2206 3240 eo,
2239 3174 2378 3244 quod
2409 3183 2494 3228 est
2521 3174 2885 3245 potentialiter
2906 3190 3051 3243 esse,
3083 3178 3197 3232 sine
3220 3178 3454 3237 actione.
3485 3178 3637 3243 Unde

2032 3266 2195 3337 igitur
2223 3275 2379 3320 natus
2409 3275 2493 3320 est
2526 3265 2709 3320 Deus?

2102 3358 2167 3416 ll.
2211 3343 2500 3417 Videamus
2528 3360 2709 3437 igitur,
2736 3378 2862 3418 num
2892 3362 3121 3422 fortasse
3156 3366 3477 3434 substantia,
3508 3385 3635 3426 num

2032 3454 2488 3525 Substantialitas,
2542 3466 2827 3527 antequam
2877 3458 3015 3513 Deus
3061 3460 3187 3527 fuit,
3246 3459 3450 3517 fuerit?
3491 3461 3630 3518 Nunt

2030 3550 2345 3619 existentia,
2375 3567 2500 3605 num
2540 3550 2993 3607 existentialitas?
3020 3552 3123 3608 Sed
3164 3553 3306 3610 enim
3335 3556 3633 3611 substantia

2030 3642 2327 3714 subjectum
2357 3658 2477 3699 cum
2507 3643 2605 3710 sit,
2638 3645 2788 3701 alteri
2813 3645 3113 3716 subjectum
3158 3656 3268 3713 est,
3302 3648 3350 3703 ei
3382 3649 3526 3717 quod
3575 3650 3631 3705 in

2030 3733 2147 3807 ipso
2171 3742 2254 3789 cst
2285 3752 2297 3788 :
2327 3744 2380 3790 et
2414 3744 2473 3791 ut
2496 3734 2721 3791 alterum
2749 3746 2865 3804 est,
2921 3736 2988 3791 ab
3020 3752 3086 3792 eo
3125 3738 3266 3809 quod
3295 3738 3347 3793 in
3378 3740 3494 3811 ipso
3519 3750 3623 3796 est.

2028 3826 2099 3883 At
2126 3843 2257 3884 vero
2284 3827 2431 3884 aliud
2456 3838 2508 3884 et
2530 3828 2673 3885 aliud
2705 3846 2809 3885 non
2838 3828 3096 3901 recipitur
3119 3832 3260 3888 circa
3292 3832 3483 3889 Deum.
3514 3834 3629 3891 Non

2028 3920 2171 3976 enim
2204 3921 2255 3976 in
2287 3921 2426 3990 alio,
2459 3930 2517 3976 ut
2545 3921 2689 3977 aliud
2720 3932 2822 3991 est,
2857 3923 2996 3979 Deus
3027 3932 3130 3979 est.
3166 3924 3281 3980 Non
3313 3928 3456 3981 enim
3486 3927 3631 3983 aliud

2030 4013 2215 4084 Deus,
2264 4015 2406 4071 aliud
2460 4015 2628 4071 Deum
2657 4031 2798 4073 esse.
2851 4015 3088 4089 Simplex
3143 4019 3283 4075 enim
3331 4019 3627 4091 quiddam,

2029 4104 2170 4162 Deus
2199 4124 2212 4161 :
2242 4122 2349 4163 non
2381 4108 2542 4180 igitur
2584 4124 2649 4164 ex
2689 4110 3065 4180 praeexistcnte
3109 4111 3431 4168 substantia.
3474 4112 3628 4185 Iuge-

2028 4200 2173 4283 nitus
2203 4216 2332 4274 ergo
2358 4201 2522 4258 Deus.
2554 4201 2720 4274 Magis
2755 4205 2899 4260 enim
2945 4216 3164 4279 prmstat
3210 4205 3351 4261 Deus
3379 4206 3629 4262 substan-
3656 4246 3667 4260 .

2028 4294 2187 4363 tiam,
2217 4310 2375 4366 quam
2411 4296 2733 4367 praeexstitit
2770 4297 3068 4355 Substantia
3108 4306 3233 4354 ante
3267 4298 3430 4354 Deum
3466 4317 3478 4354 :
3509 4313 3629 4373 quae

2025 4387 2241 4459 quidem
2281 4396 2365 4444 est
2400 4387 2735 4460 subjectum,
2776 4400 2831 4445 et
2868 4391 3087 4447 alterius
3110 4434 3123 4457 ,
3157 4401 3213 4446 ut
3249 4391 3392 4447 aliud
3421 4434 3435 4460 ,
3485 4402 3538 4447 et
3570 4402 3628 4449 ut

320 4491 430 4549 Sed
458 4490 659 4548 fuerint
683 4490 833 4563 prius
867 4489 990 4546 ista.
1019 4487 1090 4545 Et
1130 4487 1401 4563 quomodo
1430 4496 1744 4562 potuerunt,
1799 4502 1921 4544 cum
1949 4487 2000 4548 υ
2028 4483 2428 4554 receptaculum
2471 4486 2662 4541 eli‘ecta
2696 4504 2708 4541 :
2742 4484 2836 4541 illo
2867 4486 3071 4542 scilicet
3106 4486 3284 4559 potior
3306 4529 3321 4555 ,
3363 4487 3517 4559 cujus
3547 4497 3629 4545 est

317 4586 643 4655 voluerunt,
683 4585 851 4643 Deum
893 4583 1186 4656 generare?
1206 4582 1392 4656 Neque
1432 4583 1576 4641 enim
1619 4590 1775 4639 erant
1800 4598 1926 4656 per—

319 4678 498 4748 fecta,
527 4692 702 4750 neque
740 4679 825 4737 sui
856 4677 967 4749 ipsa
996 4676 1361 4737 substitutiva.
1394 4674 1712 4749 lmperl'ecta
1738 4676 1919 4749 igitur.

321 4772 607 4844 Quomodo
629 4787 760 4845 ergo
787 4786 884 4829 sua
910 4779 967 4829 et
986 4771 1224 4844 ipsorum
1248 4772 1487 4844 potentia
1513 4778 1925 4845 autgenuerunt

316 4876 413 4931 aut
437 4866 681 4927 iecerunt
711 4867 900 4934 Deum,
932 4864 1246 4938 imperfecta
1272 4880 1397 4922 cum
1448 4874 1662 4936 essent,
1717 4866 1926 4939 perfec-

319 4960 475 5021 tum?
529 4960 587 5021 Si
645 4970 824 5027 autem
873 4960 1014 5019 Deus
1050 4960 1432 5035 imperfectus,
1477 4960 1595 5027 sine
1636 4975 1797 5021 causa
1841 4969 1927 5023 est

317 5070 584 5130 generare
609 5096 626 5124 ,
656 5054 799 5127 quod
838 5054 953 5127 jam
991 5053 1109 5121 fuit,
1146 5053 1347 5113 Eadem
1390 5054 1564 5122 ratio,
1601 5053 1647 5115 si
1684 5052 1921 5126 perfecta

319 5136 624 5221 porfeotum
666 5157 990 5228 genuerunt.
1023 5146 1150 5205 Sive
1180 5147 1342 5219 igitur
1386 5146 1623 5218 perfecta
1668 5147 1922 5215 fuerunt,

317 5242 435 5307 sive
476 5238 792 5312 imperfecta
820 5258 835 5303 ι
868 5240 1032 5297 Deum
1073 5253 1336 5312 generare
1362 5282 1376 5307 ,
1417 5248 1510 5297 aut
1547 5239 1664 5297 sine
1719 5253 1919 5309 causa,

316 5346 415 5398 aut
439 5352 538 5414 per
564 5336 897 5410 superﬂuum
920 5374 937 5405 ,
966 5343 1063 5397 aut
1104 5334 1455 5406 impossibile.
1488 5334 1671 5399 Primo
1703 5334 1922 5407 quidem

316 5432 596 5505 antiquius
623 5431 843 5505 dicitur,
869 5430 940 5491 ab
963 5430 1112 5495 ontni
1131 5429 1275 5509 quod
1301 5437 1389 5491 est
1417 5430 1655 5501 potentia
1683 5448 1698 5487 :
1727 5430 1824 5493 sed
1852 5429 1921 5491 ad

316 5524 639 5597 ipsumesse
662 5521 889 5594 aliquid,
920 5521 1039 5589 sine
1063 5529 1183 5589 actu
1216 5529 1272 5580 et
1296 5522 1629 5594 operatione,
1662 5536 1766 5589 non
1799 5537 1922 5594 per-

322 5616 475 5674 venit
518 5616 757 5688 potentia
812 5616 927 5688 ipsa
974 5632 1069 5687 per
1119 5616 1501 5687 semetipsam;
1547 5631 1667 5671 cum
1712 5617 1782 5673 sit
1825 5634 1922 5690 po-

325 5711 517 5781 tentia,
549 5725 659 5769 non
683 5709 858 5779 actio;
890 5723 998 5768 non
1020 5708 1384 5782 potentilicata
1407 5709 1648 5785 potentia
1673 5709 1727 5768 in
1755 5722 1920 5791 gene-

2027 4582 2427 4654 receptaculum
2454 4624 2469 4651 ,
2506 4592 2560 4638 et
2597 4581 2800 4638 idcirco
2829 4584 3098 4654 posterius
3141 4581 3357 4638 adnata.
3395 4582 3496 4637 Ista
3531 4599 3618 4638 ea-

2023 4678 2146 4735 dem
2190 4688 2403 4751 oportet
2430 4678 2728 4751 intelligere
2780 4693 2844 4735 ex
2893 4678 3179 4734 existentia
3230 4678 3625 4735 etexistentia-

2026 4774 2199 4831 litate.
2238 4774 2426 4830 Dillert
2482 4782 2659 4829 autem
2700 4773 2986 4829 existentia
3027 4773 3095 4829 ab
3146 4773 3582 4830 existentialitate
3609 4814 3624 4839 ,

2025 4869 2278 4940 quoniam
2305 4868 2587 4924 existentia
2614 4867 2727 4939 jam
2763 4867 2815 4922 in
2848 4882 2913 4923 eo
2943 4874 3047 4934 est,
3082 4876 3137 4922 ut
3158 4867 3227 4939 sit
3252 4867 3361 4939 jam
3390 4881 3512 4923 esse
3543 4865 3622 4922 ei:

2026 4972 2081 5018 at
2121 4978 2249 5020 vero
2278 4961 2685 5021 existentialitas
2733 4961 2969 5033 potentia
3015 4969 3133 5029 est,
3188 4969 3244 5015 ut
3292 4960 3462 5033 possit
3506 4974 3626 5015 esse

2025 5054 2169 5127 quod
2222 5054 2458 5111 nondum
2507 5061 2609 5110 est.
2653 5053 2816 5110 Multo
2860 5055 3030 5125 magis
3066 5062 3245 5108 autem
3285 5051 3465 5129 duliert
3506 5052 3622 5107 exi-

2023 5149 2218 5206 stentia
2268 5166 2297 5205 a
2355 5149 2653 5217 substantia
2711 5167 2724 5204 :
2784 5149 3034 5221 quoniam
3091 5145 3374 5203 existentia
3443 5146 3618 5221 ipsum

2023 5259 2143 5301 esse
2172 5252 2288 5310 est,
2336 5252 2391 5302 et
2441 5245 2613 5305 solum
2662 5252 2774 5311 est;
2825 5251 3015 5300 etnon
3068 5246 3121 5298 in
3164 5243 3269 5297 alio
3311 5257 3429 5297 esse
3459 5283 3473 5308 ,
3533 5246 3627 5295 aut

2026 5337 2328 5410 subjectum
2361 5351 2483 5397 esse
2522 5337 2746 5393 alterius
2769 5380 2783 5405 ,
2825 5336 2921 5393 sed
2965 5336 3139 5409 ipsum
3172 5350 3335 5389 unum
3368 5342 3423 5391 et
3450 5335 3625 5389 solum

2026 5446 2188 5493 esse:
2228 5432 2527 5491 substantia
2561 5449 2691 5491 vero
2720 5447 2826 5490 non
2864 5431 3035 5488 solum
3070 5429 3235 5486 habet
3268 5443 3388 5485 esse
3411 5471 3425 5496 ,
3452 5426 3544 5484 sed
3574 5436 3629 5484 et

2025 5526 2223 5598 quale,
2257 5533 2313 5583 et
2353 5525 2554 5598 aiiquid
2606 5542 2727 5587 esse
2755 5543 2768 5581 :
2797 5525 3041 5599 snbjacct
3075 5525 3217 5582 enim
3260 5523 3314 5578 in
3347 5538 3405 5578 se
3436 5521 3628 5597 positis

2027 5617 2408 5688 qualitatibus;
2436 5629 2489 5676 et
2521 5618 2719 5679 idcirco
2755 5616 2953 5673 dicitur
2986 5616 3306 5689 subjectum.
3347 5613 3629 5685 Quomodo

2025 5710 2187 5784 igitur
2244 5712 2383 5773 Deus
2406 5751 2423 5783 ,
2464 5712 2848 5785 praeexistente
2883 5710 3168 5770 existentia
3196 5752 3211 5779 ,
3259 5719 3355 5767 aut
3392 5706 3655 5777 existen-y
