4024 6306
507 255 648 314 1015

1825 243 2101 300 CANDIDI
2141 242 2375 300 ARIANI

3651 257 3766 313 1016

506 375 736 431 tialitate
757 415 772 442 ,
819 380 911 427 aut
938 369 1176 443 potentia
1225 365 1548 426 existentiali
1581 365 1694 422 sive
1722 364 1836 435 ipsa
1863 362 2101 418 existen-
2133 359 2185 422 A
2214 374 2322 416 non
2351 374 2569 433 semper
2601 375 2702 420 est.
2733 365 2871 434 Quid
2897 366 3134 424 deinde?
3164 367 3281 423 Non
3313 378 3396 425 est
3431 368 3676 442 inversio,
3700 372 3767 428 el-

503 469 604 535 tia,
629 477 788 524 natus
807 474 914 532 est,
939 466 994 521 in
1019 465 1140 522 solo
1166 463 1307 534 quod
1330 472 1413 518 est
1439 476 1579 527 esse,
1615 459 1699 514 his
1727 456 2105 522 existentibus,

505 571 563 619 et
585 577 693 617 non
715 559 1039 616 habentibus
1060 558 1325 613 actionem
1346 555 1434 610 vel
1455 552 1646 625 agendi
1674 552 1922 607 virtutem
1946 558 2107 621 atque

505 657 618 712 vim
637 656 660 710 ?

572 731 669 806 'lll.
711 749 807 804 His
843 761 973 819 ergo
996 787 1011 811 ,
1057 746 1135 802 sic
1171 761 1232 800 se
1264 742 1585 799 habentibus
1607 783 1620 807 ,
1679 754 1856 811 neque
1898 735 1952 794 ὅν
1981 747 2106 793 ante

504 843 677 900 Deum
734 840 870 908 fuit,
919 853 1092 910 neque
1134 839 1373 902 ὀντότης;
1419 832 1709 904 multiplica
1755 831 1896 888 enim
1928 839 2012 886 est
2053 839 2107 885 et

503 932 805 1007 composita
837 947 901 988 ex
930 931 1228 986 substantia
1254 939 1308 984 et
1336 928 1611 998 qualitate.
1646 924 1703 980 Si
1743 925 1906 995 igitur
1932 938 2104 993 neque

505 1034 744 1100 potentia
803 1027 936 1091 luit,
988 1039 1162 1094 neque
1207 1023 1530 1087 existentia,
1577 1036 1751 1091 neque
1791 1019 2104 1075 existentia-

504 1122 668 1186 litas,
717 1136 834 1189 qua:
894 1116 1182 1187 imaginem
1232 1114 1432 1170 habent
1486 1111 1893 1181 simplicitatis:
1935 1110 2104 1165 multo

503 1216 675 1286 magis
710 1210 762 1269 ὅν
805 1223 857 1268 ει
894 1212 1134 1278 ὀντότης,
1163 1219 1216 1265 ει
1249 1207 1670 1264 substantialitas
1697 1214 1752 1262 et
1779 1207 2097 1262 substantia.

502 1310 631 1366 Post
669 1310 843 1380 genita
871 1308 1014 1362 enim
1069 1315 1194 1360 sunt
1223 1304 1290 1358 ab
1318 1302 1756 1359 existentialitate
1809 1309 1865 1356 et
1887 1301 1956 1356 ab
1985 1302 2102 1356 exi-

499 1403 718 1459 stentia.
753 1399 808 1456 Si
841 1400 940 1454 ista
971 1398 1151 1452 omnia
1183 1395 1484 1468 postgenita
1513 1436 1526 1461 ,
1565 1393 1742 1466 genita
1773 1407 1903 1461 ergo
1930 1401 2056 1448 sunt
2083 1411 2096 1448 :

499 1496 546 1550 si
573 1495 750 1567 genita
779 1494 902 1560 ista,
935 1491 1075 1546 aliud
1110 1489 1203 1545 fuit
1238 1505 1266 1545 a
1299 1503 1406 1560 quo
1435 1489 1634 1558 genita.
1676 1486 1975 1558 lngenitum
2004 1486 2103 1556 igi-

500 1599 588 1645 tur
627 1588 754 1644 illud
777 1631 791 1655 ,
823 1603 853 1641 a
896 1602 1002 1658 quo
1037 1586 1216 1658 genita
1245 1583 1347 1638 ista
1384 1582 1585 1637 omnia.
1626 1581 1765 1651 Quid
1795 1580 1968 1648 istud,
1999 1579 2101 1635 nisi

502 1679 633 1736 illud
662 1695 730 1735 ex
759 1692 865 1749 quo
886 1677 1087 1742 omnia,
1119 1674 1592 1744 Deus?lngenitus
1620 1675 1782 1748 igitur
1809 1673 1949 1728 Deus
1979 1691 1993 1727 :
2024 1673 2098 1729 si-

2208 453 2503 525 fulgentia?
2535 460 2573 512 A
2606 459 2904 516 substantia
2938 462 3081 516 enim
3108 462 3382 528 luminali,
3410 466 3559 535 quasi
3585 464 3765 537 fugiens

2209 557 2262 602 et
2283 559 2558 605 eructatus
2581 552 2858 622 splendor.
2883 554 3227 626 Refulgentia
3249 556 3392 612 enim
3417 558 3766 631 substantialis,

2208 656 2315 696 non
2348 641 2669 698 substantia.
2697 645 2761 699 Et
2789 645 2834 700 si
2857 646 3175 716 substantia,
3211 664 3318 704 non
3342 649 3528 706 eadem
3550 654 3770 708 substan-

2210 736 2302 791 tia.
2335 735 2451 792 Jam
2486 752 2614 808 ergo
2652 738 2886 794 inversio
2918 740 3140 809 prioris,
3175 743 3316 813 quod
3345 743 3649 798 secundum.

2282 827 2345 882 V.
2377 827 2662 884 Videamus
2688 829 2849 900 igitur
2874 834 3272 901 generationem
3300 835 3451 904 juxta
3479 835 3609 890 radii
3632 840 3773 893 emis-

2207 921 2434 976 sionem.
2482 921 2578 977 Est
2617 923 2776 992 igitur
2809 940 3088 980 connexus
3128 927 3337 994 radius,
3375 938 3430 984 et
3467 931 3772 986 connectitur

2209 1013 2338 1070 illia
2366 1032 2471 1086 quo
2495 1032 2811 1086 progressus
2842 1029 2923 1074 est
2948 1019 3147 1074 radius.
3175 1020 3530 1078 Nihilominus
3558 1026 3772 1081 inversus

2207 1117 2318 1172 est,
2349 1107 2394 1162 si
2433 1117 2514 1163 est
2558 1109 2808 1179 genitus:
2841 1118 2936 1164 aut
2965 1126 3068 1166 non
3105 1123 3187 1167 est
3221 1115 3519 1183 generatio,
3545 1115 3590 1170 si
3617 1115 3774 1172 radius

2205 1213 2421 1272 semper
2449 1202 2500 1256 in
2529 1201 2646 1272 ipso
2670 1215 2868 1259 manet.
2899 1204 2952 1261 Si
2980 1205 3126 1273 juxta
3149 1207 3330 1277 puncti
3352 1207 3606 1264 lluentum
3630 1224 3748 1281 genc

2205 1295 2343 1350 ratio
2373 1294 2478 1363 ibi,
2511 1297 2817 1366 quomodo?
2844 1299 3118 1354 immobile
3147 1301 3290 1356 enim
3325 1312 3575 1371 punctum
3601 1313 3653 1360 et
3685 1316 3774 1359 ter-

2207 1388 2385 1443 minus
2423 1388 2763 1456 lineamenti,
2805 1391 2948 1461 quod
2989 1407 3162 1463 neque
3203 1404 3406 1463 partem
3436 1395 3598 1450 habet
3627 1413 3774 1466 neque

2205 1481 2426 1538 alterius
2455 1498 2580 1554 pars
2612 1493 2714 1539 est.
2749 1485 2805 1540 Si
2837 1501 2964 1558 ergo
2998 1487 3125 1542 illud
3155 1488 3233 1544 sic
3261 1499 3338 1544 est
3358 1533 3372 1556 ,
3413 1505 3518 1546 non
3549 1492 3774 1562 procedet

2205 1591 2236 1631 a
2265 1576 2556 1648 semetipso
2598 1593 2612 1630 :
2655 1577 2701 1632 si
2743 1576 2886 1633 enim
2923 1580 3189 1648 procedit,
3223 1581 3333 1652 jam
3373 1598 3478 1638 non
3524 1593 3772 1654 punctum,

2205 1669 2299 1726 sed
2340 1669 2450 1740 jam
2497 1669 2905 1729 lineamentum.
2935 1671 3256 1730 lmmutatur
3301 1692 3450 1746 ergo.
3502 1676 3607 1733 Sed
3651 1679 3773 1732 enim

499 1775 714 1847 quidem
759 1787 918 1828 causa
979 1771 1169 1826 horum
1226 1769 1506 1837 omnium,
1554 1771 1712 1825 Deus.
1775 1769 1911 1838 Quid
1963 1783 2092 1822 vero
2122 1757 2171 1817 B
2200 1762 3503 1840 Deus,invisibile(-l)est.NonigiturDeus,quod
3523 1780 3772 1840 punctum.

497 1882 622 1924 esse
658 1865 859 1922 Deum?
887 1864 1095 1936 qualis?
1119 1872 1210 1918 aut
1234 1878 1336 1934 qua
1366 1877 1526 1918 causa
1560 1862 1733 1933 ipsum
1758 1862 1923 1917 Deum
1955 1860 2101 1916 esse?

498 1961 713 2018 Etenim
763 1959 932 2031 prima
976 1972 1138 2012 causa
1191 1967 1274 2012 est
1303 1975 1315 2010 :
1349 1967 1401 2012 et
1430 1956 1529 2012 sibi
1585 1971 1784 2022 causa;
1832 1969 1938 2010 non
1978 1969 2098 2025 quae

497 2055 575 2112 sit
602 2055 770 2110 altera
800 2052 1023 2108 alterius
1055 2069 1067 2106 :
1099 2051 1192 2106 sed
1239 2051 1410 2121 ipsum
1454 2050 1556 2105 hoc
1588 2049 1731 2122 quod
1777 2049 1950 2119 ipsum
1978 2056 2096 2113 est,

500 2149 569 2204 ad
602 2147 654 2202 id
687 2157 742 2201 ut
791 2147 882 2212 sit,
910 2159 1070 2200 causa
1101 2153 1184 2200 est
1215 2162 1228 2197 :
1259 2144 1373 2214 ipse
1401 2143 1503 2198 sibi
1533 2143 1713 2209 locus,
1745 2142 1860 2214 ipse
1889 2140 2099 2195 habita-

500 2250 606 2296 tor.
629 2239 747 2296 Non
768 2239 845 2295 sic
870 2247 929 2294 ut
952 2238 1262 2308 imaginatio
1289 2237 1520 2292 duorum
1545 2237 1658 2302 fiat,
1683 2237 1799 2306 ipse
1825 2246 1907 2290 est
1931 2249 2095 2289 unum

498 2341 556 2389 et
594 2331 790 2388 solum.
837 2331 935 2388 Est
976 2329 1120 2387 enim
1169 2344 1292 2386 esse
1331 2330 1527 2386 solum.
1587 2329 1878 2385 Enimvero
1924 2328 2098 2398 ipsum

498 2440 660 2493 esse,
713 2424 888 2496 ipsum
939 2423 1078 2479 idem
1121 2430 1234 2489 est,
1266 2423 1441 2493 ipsum
1484 2423 1666 2478 vivere
1697 2431 1752 2478 et
1779 2421 2096 2492 intelligere.

495 2517 806 2576 Secundum
855 2518 998 2574 enim
1041 2516 1183 2589 quod
1229 2525 1349 2584 est,
1379 2524 1434 2572 et
1460 2514 1588 2570 vivit
1624 2523 1679 2570 et
1716 2515 2004 2586 intelligit:
2047 2522 2100 2569 et

493 2611 790 2668 secundum
816 2611 958 2682 quod
977 2611 1126 2677 vivit,
1149 2619 1203 2665 et
1229 2619 1312 2665 est
1345 2618 1396 2665 et
1426 2608 1677 2680 intelligit
1699 2627 1711 2662 :
1734 2617 1787 2664 et
1803 2606 2097 2663 secundum

494 2704 640 2776 quod
670 2705 830 2760 etiam
869 2703 1154 2774 intelligit,
1205 2712 1261 2758 et
1291 2701 1424 2756 vivit
1451 2710 1504 2758 et
1536 2712 1618 2756 est
1661 2720 1674 2757 :
1705 2711 1759 2756 ει
1800 2699 2097 2756 secundum

495 2813 662 2854 unum
696 2798 827 2862 tria,
861 2805 917 2853 et
942 2797 1237 2854 secundum
1266 2797 1366 2852 tria
1398 2811 1585 2862 unum,
1612 2796 1841 2866 qualitas
1869 2794 2097 2866 simplex

494 2902 553 2951 et
583 2909 748 2948 unum
777 2891 1029 2962 simplex.
1073 2891 1318 2962 Simplex
1343 2899 1522 2946 autem
1543 2931 1558 2959 ,
1594 2890 1916 2962 principium
1943 2903 2098 2945 com-

491 2989 795 3059 positorum
828 3004 840 3042 :
872 2986 1188 3058 principium
1213 2994 1390 3041 autem
1416 3028 1432 3054 ,
1462 2986 1580 3042 sine
1621 2985 1885 3056 principio
1911 3004 1925 3040 :
1959 3001 2098 3056 prre-

491 3083 643 3140 cedit
693 3083 837 3138 enim
865 3124 882 3150 ,
928 3081 1132 3138 nullum
1179 3089 1306 3136 ante
1353 3095 1413 3136 se
1467 3081 1788 3152 principium
1845 3081 2050 3136 habens
2078 3123 2093 3147 ,

2207 1853 2263 1910 Si
2287 1863 2465 1909 autem
2489 1867 2667 1910 manet
2701 1869 2991 1927 punctum,
3023 1875 3125 1914 non
3151 1860 3220 1916 ab
3246 1861 3364 1932 ipso
3391 1862 3771 1919 lineamentum.

2206 1944 2488 2003 lmmobile
2507 1950 2651 2004 enim
2681 1960 2939 2022 punctum
2964 1969 2976 2004 :
3008 1952 3061 2006 iu
3089 1965 3236 2008 motu
3265 1965 3440 2010 autem
3471 1957 3603 2011 vela
3626 1969 3773 2023 metu,

2207 2038 2588 2097 lineamentum
2629 2060 2642 2096 :
2687 2053 2742 2098 et
2764 2043 2914 2114 juxta
2958 2046 3117 2101 istum
3161 2047 3379 2103 modum
3424 2050 3571 2105 nulla
3609 2052 3654 2104 in
3684 2050 3776 2105 Deo

2204 2137 2502 2204 generatio,
2532 2152 2630 2192 nec
2653 2154 2680 2191 a
2708 2139 2835 2194 Deo.
2858 2140 2994 2206 Quid
3017 2141 3212 2200 deinde
3233 2144 3390 2211 juxta
3416 2147 3774 2201 emissionem?

2204 2229 2656 2298 quemadmodum
2687 2233 2982 2289 secundum
3013 2249 3132 2290 eam
3173 2237 3225 2292 in
3257 2237 3368 2294 Deo
3402 2240 3706 2310 generatio?
3731 2240 3777 2295 Si

2204 2322 2348 2378 enim
2395 2325 2662 2380 emittitur
2688 2342 2718 2380 a
2747 2329 3065 2399 semetipso,
3099 2329 3297 2400 aliquid
3340 2333 3573 2402 primum
3614 2332 3781 2386 minui-

2205 2426 2328 2473 tur:
2359 2427 2451 2474 aut
2480 2433 2609 2491 ergo
2637 2421 2689 2476 in
2716 2423 3046 2490 substantia,
3079 2433 3170 2478 aut
3201 2424 3253 2480 in
3287 2425 3603 2495 divinitate,
3631 2428 3778 2481 autin

2203 2513 2433 2570 actione.
2469 2514 2690 2583 Deinde,
2727 2516 2780 2572 id
2807 2518 2950 2588 quod
2979 2519 3266 2589 etniltitur,
3300 2515 3392 2577 aut
3419 2522 3590 2593 ipsius
3614 2533 3783 2594 poten-

2203 2604 2292 2659 tia:
2320 2614 2423 2673 est,
2456 2616 2548 2662 aut
2577 2624 2683 2662 non
2717 2610 2902 2681 ipsius.
2947 2613 3001 2668 Si
3049 2613 3238 2683 ipsius,
3283 2625 3337 2670 et
3378 2617 3650 2687 quomodo
3691 2615 3780 2670 duo

2202 2699 2275 2755 dii
2317 2709 2372 2756 et
2408 2704 2687 2774 aequales?
2725 2715 2780 2763 et
2817 2715 2876 2761 ut
2917 2707 3043 2779 quid
3082 2709 3212 2777 duo,
3259 2711 3303 2766 si
3351 2711 3625 2783 mquales?
3649 2710 3779 2780 Quod

2202 2805 2380 2849 autem
2423 2807 2600 2866 potest
2638 2813 2812 2866 unus,
2853 2801 2955 2856 hoc
2995 2801 3134 2857 idem
3178 2813 3232 2858 ει
3267 2803 3405 2858 alter
3440 2821 3452 2857 :
3498 2813 3554 2861 et
3591 2820 3688 2860 non
3714 2811 3780 2858 est

2201 2903 2426 2946 necesse
2455 2891 2798 2963 multiplicari
2829 2893 3118 2964 perfectam
3154 2895 3548 2966 plenitudinem
3588 2899 3640 2953 in
3669 2913 3774 2952 uno.

2199 2979 2257 3037 Si
2280 2990 2457 3038 autem
2485 2999 2591 3039 non
2618 2984 2860 3055 ejusdem
2895 2988 3146 3058 potentia:
3172 2995 3313 3061 quod
3343 2990 3710 3062 progreditur;
3735 3001 3778 3045 ct

2203 3075 2517 3134 immutatur
2544 3077 2708 3146 Deus,
2751 3089 2802 3136 et
2829 3095 2858 3133 a
2904 3092 3054 3151 parte
3087 3091 3252 3138 totum
3283 3099 3474 3156 passus
3500 3094 3585 3143 est
3616 3105 3628 3138 :
3656 3087 3776 3158 quod

492 3183 718 3247 propter
757 3174 899 3246 quod
936 3184 1020 3231 est
1061 3173 1407 3245 principium.
1440 3173 1553 3229 Hoc
1580 3181 1665 3229 est
1703 3183 1882 3229 autem
1929 3173 2090 3231 Deus.
2124 3161 2170 3226 C
2201 3169 2550 3241 incongruum
2595 3173 2704 3230 Deo
2743 3183 2845 3231 εει.
2894 3175 3048 3232 Nulla
3098 3177 3257 3250 igitur
3296 3181 3576 3252 generatio
3606 3181 3654 3237 in
3681 3181 3776 3236 Deo

491 3267 624 3326 Sine
643 3276 765 3322 ortu
795 3267 956 3338 igitur
980 3307 996 3335 ,
1023 3275 1078 3323 et
1116 3265 1384 3338 ingenitus
1413 3275 1496 3322 est
1527 3264 1690 3322 Deus.
1722 3265 1891 3333 Quod‘
1913 3276 2092 3323 autem

491 3360 816 3433 ingenitum,
854 3360 972 3416 sine
999 3368 1118 3415 ortu
1149 3359 1331 3431 :quod
1359 3360 1475 3415 sine
1503 3361 1657 3427 ortu",
1689 3361 1808 3416 sine
1838 3360 1962 3416 ﬁne.
2005 3359 2094 3416 Fi-

491 3455 580 3510 nis
613 3455 756 3512 enim
791 3453 1094 3526 incipientis
1118 3462 1222 3510 est.
1247 3455 1302 3511 Si
1333 3469 1462 3510 vero
1490 3455 1589 3509 ista
1621 3454 1728 3510 duo
1755 3455 1948 3519 habet,
1973 3456 2094 3511 inli-

487 3550 661 3607 nitum
711 3558 832 3607 est:
864 3551 908 3606 si
951 3549 1217 3604 infinitum
1245 3591 1260 3614 ,
1309 3548 1890 3620 incomprehensibile,
1941 3551 2092 3606 inco-

486 3643 807 3716 gnoscibile,
823 3643 1108 3710 invisibile,
1131 3633 1452 3711 invertibile,
1475 3643 1827 3700 immutabile.
1847 3644 2087 3701 lnversio

486 3739 633 3796 enim
659 3745 716 3794 et
741 3738 996 3804 mutatio,
1027 3738 1347 3808 principium
1369 3747 1424 3794 et
1451 3738 1573 3793 finis
1596 3746 1680 3792 est
1707 3755 1718 3791 :
1749 3739 1841 3794 alii
1869 3738 2084 3810 quidem

484 3829 811 3902 principium
833 3873 849 3899 ,
883 3831 970 3886 alii
1001 3830 1142 3886 finis.
1177 3830 1284 3888 Sed
1326 3831 1455 3885 nihil
1486 3830 1680 3886 horum
1710 3831 1873 3887 Deus.
1903 3832 2087 3887 lnver-

482 3923 658 3979 sibilis
686 3937 814 3994 ergo
831 3931 884 3979 et
915 3923 1265 3979 immutabilis
1298 3924 1459 3979 Deus.
1489 3923 1543 3980 Si
1572 3934 1754 3980 autem
1784 3926 1880 3979 ista
1915 3923 2080 3992 Deus,

481 4029 667 4086 neque
697 4023 920 4086 generat
946 4029 1121 4087 neque
1147 4023 1459 4085 generatur.
1492 4014 1733 4071 lnversio
1764 4016 1905 4070 enim
1931 4032 2079 4087 qua:-

481 4107 607 4163 dam
635 4115 690 4164 et
709 4109 1031 4176 immutatio,
1058 4109 1301 4179 generari
1325 4117 1380 4164 ct
1397 4123 1678 4180 generare.
1715 4109 1827 4164 lluc
1848 4109 2078 4175 accedit,

479 4199 625 4274 quod
657 4215 915 4272 generare
937 4208 1022 4256 est
1045 4201 1176 4257 dare
1204 4201 1410 4272 aliquid
1451 4201 1500 4257 ei
1539 4203 1628 4274 qui
1661 4211 1816 4258 natus
1839 4213 1922 4259 est
1946 4246 1960 4269 ,
1987 4213 2081 4259 aut

478 4302 651 4350 totum
681 4301 774 4348 aut
794 4301 1000 4364 partem
1029 4293 1146 4364 ejus
1167 4295 1256 4365 qui
1279 4303 1520 4364 generat.
1552 4296 1606 4353 Si
1639 4306 1810 4353 totum
1839 4297 1966 4365 dat,
1999 4299 2080 4354 in-

476 4388 607 4444 terit
639 4388 729 4459 qui
755 4397 1015 4460 generat,
1047 4397 1139 4443 aut
1173 4388 1431 4444 minuitur
1453 4431 1468 4458 ,
1502 4389 1546 4445 si
1576 4399 1804 4460 partem.
1845 4390 1902 4448 Si
1931 4392 2074 4448 enim

475 4483 626 4540 Deus
654 4491 837 4540 manet
861 4497 1078 4554 semper
1103 4481 1268 4552 idem,
1299 4498 1407 4540 non
1436 4484 1598 4556 igitur
1625 4496 1871 4556 generat.

2200 3271 2255 3319 et
2278 3263 2426 3334 juxta
2453 3264 2578 3322 hoc.

2272 3356 2362 3413 Vl.
2401 3357 2663 3416 Similiter
2710 3369 2887 3416 autem
2931 3372 2985 3420 et
3024 3363 3174 3434 juxta
3215 3366 3527 3439 imaginem.
3575 3369 3773 3425 Multum

2196 3452 2338 3507 enim
2381 3451 2563 3508 differt
2615 3455 2790 3524 imago
2837 3456 2906 3513 ab
2966 3457 3336 3529 imaginabili:
3377 3461 3513 3518 illud
3569 3472 3625 3518 ut
3668 3463 3776 3518 sub-

2194 3547 2431 3614 stantia,
2496 3548 2637 3604 istud
2699 3550 2844 3620 juxta
2913 3552 3224 3619 qualitatem
3278 3555 3455 3612 solum
3512 3557 3774 3612 adumbra—

2193 3650 2307 3696 tum
2369 3643 2702 3713 phantasma.
2755 3645 2815 3701 In
2865 3646 3042 3718 aliquo
3085 3650 3227 3705 enim
3283 3651 3390 3706 alio
3439 3654 3771 3710 substantiam

2193 3730 2355 3789 habet
2409 3735 2613 3807 imago,
2667 3747 2723 3794 et
2785 3752 2889 3793 non
2944 3753 2974 3792 a
3029 3749 3089 3796 se
3139 3743 3384 3799 subsistit
3434 3761 3449 3800 :
3491 3761 3662 3818 neque
3700 3761 3773 3800 se-

2190 3828 2424 3884 cundum
2451 3829 2739 3902 quodpiam
2767 3843 2870 3900 est,
2908 3835 2960 3889 in
2987 3851 3094 3907 quo
3121 3848 3224 3892 est.
3271 3837 3390 3894 Non
3434 3856 3566 3912 ergo
3594 3843 3769 3912 imago,

2190 3920 2242 3976 id
2289 3923 2429 3994 quod
2463 3926 2702 3994 genitum
2740 3942 2769 3981 a
2812 3928 2920 3983 Deo
2949 3939 3052 3984 est.
3094 3930 3418 3989 Consecutio
3461 3936 3605 3990 enim
3642 3951 3772 4006 qum-

2189 4014 2346 4084 dam,
2379 4019 2554 4089 imago
2584 4031 2665 4075 est
2685 4063 2700 4085 ,
2740 4021 2855 4092 ejus
2885 4023 3038 4094 cujus
3083 4025 3256 4097 imago
3283 4038 3383 4083 est.
3421 4029 3625 4086 Eadem
3652 4031 3769 4086 ratio

2187 4118 2288 4175 est,
2330 4111 2376 4166 si
2410 4111 2562 4181 juxta
2601 4115 2989 4173 characterem.
3032 4119 3324 4176 Character
3357 4123 3504 4179 enim
3543 4129 3768 4197 signacu-

2188 4202 2294 4258 lum
2326 4214 2409 4260 est
2435 4206 2751 4264 substantia:
2781 4228 2795 4264 :
2828 4222 2882 4266 et
2910 4211 3024 4281 ipse
3065 4227 3161 4282 per
3196 4226 3368 4272 semet
3407 4219 3546 4274 nihil
3577 4237 3590 4273 :
3621 4229 3671 4275 et
3700 4228 3767 4273 est

2186 4297 2237 4352 in
2267 4297 2394 4365 alio,
2426 4301 2514 4370 qui
2547 4301 2826 4372 figuretur.
2857 4303 3023 4375 Igitur
3049 4307 3122 4362 nil
3151 4307 3258 4364 tale
3295 4311 3346 4364 in
3395 4310 3530 4369 Deo.
3564 4313 3766 4384 Oportet

2182 4393 2325 4449 enim
2368 4397 2509 4464 quod
2554 4408 2842 4467 generetur
2883 4415 2913 4456 a
2959 4402 3090 4467 Deo,
3135 4406 3595 4466 consubstantiale
3635 4425 3761 4467 esse.

2181 4483 2474 4544 Character
2501 4498 2678 4546 autem
2710 4507 2817 4549 non
2846 4506 2928 4551 est
2956 4499 3434 4558 consubstantiale.
3470 4504 3586 4560 Non
3623 4505 3764 4575 igitur

545 4575 638 4632 IV.
679 4575 794 4632 Hoc
824 4576 966 4632 idem
997 4575 1318 4647 apparebit,
1351 4575 1399 4632 si
1437 4576 1558 4648 quis
1605 4576 1802 4633 dixerit
1840 4592 2070 4649 genera-
2094 4564 2148 4625 D
2169 4582 2320 4654 juxta
2344 4582 2711 4640 characterem
2737 4591 3016 4657 generatio
3043 4592 3093 4647 in
3125 4591 3234 4648 Deo
3259 4603 3362 4650 est.
3395 4595 3505 4653 Sed
3540 4614 3608 4654 an
3624 4564 3760 4669 juxta

469 4668 674 4724 tionem
703 4683 732 4723 a
767 4669 877 4724 Deo
902 4669 1200 4725 secundum
1235 4670 1368 4727 istos
1406 4669 1598 4727 modos
1623 4685 1746 4726 esse
1781 4671 2025 4727 :scilicet
2049 4714 2063 4738 ,

465 4760 617 4832 juxta
665 4758 1026 4831 effulgentiam
1053 4803 1068 4829 ,
1114 4762 1267 4833 juxta
1307 4762 1442 4832 radii
1484 4764 1832 4821 emissionem
1860 4805 1873 4829 ,
1915 4764 2066 4834 juxta

465 4855 653 4925 puncti
681 4854 974 4921 fluentiam,
994 4855 1146 4926 juxta
1171 4858 1543 4926 emissionem,
1572 4862 1727 4930 juxta
1751 4859 2063 4932 imaginem,

460 4947 623 5019 juxta
661 4947 1026 5005 characterem
1050 4993 1065 5017 ,
1106 4949 1263 5019 juxta
1313 4965 1692 5023 progressum,
1725 4953 1876 5024 juxta
1917 4954 2061 5026 quod

463 5042 849 5115 superpleuum
899 5051 1026 5112 est,
1069 5047 1221 5114 juxta
1266 5055 1511 5114 motum,
1553 5046 1702 5118 juxta
1749 5050 2057 5121 actionem,

460 5136 617 5210 juxta
661 5138 988 5193 voluntatem
1015 5180 1032 5206 ,
1063 5138 1217 5209 juxta
1254 5142 1586 5197 nominatum
1634 5152 1859 5214 typum:
1889 5154 1980 5200 aut
2015 5147 2060 5202 si

462 5230 586 5302 quis
623 5230 760 5287 alius
799 5231 963 5287 fuerit
990 5231 1057 5287 ad
1097 5231 1238 5289 istud
1283 5233 1496 5290 modus.
1537 5237 1666 5292 Sine
1697 5238 2056 5296 inversionem

457 5323 644 5389 enim,
673 5332 728 5379 et
766 5323 899 5379 nihil
952 5323 1144 5380 horum
1186 5325 1372 5382 talium
1417 5337 1520 5383 est.
1563 5329 2054 5402 Primum,quidem

454 5414 802 5488 refulgentia,
829 5426 885 5474 et
912 5426 1090 5474 motus
1117 5427 1234 5487 est,
1266 5427 1320 5477 et
1342 5419 1580 5491 assignat
1612 5432 1822 5494 tempus
1840 5463 1855 5489 ,
1883 5433 1938 5479 et
1966 5439 2052 5481 re-

455 5511 756 5567 cessionem
811 5511 1099 5584 quamdam
1139 5511 1482 5570 secedentem
1524 5513 1576 5568 in
1616 5515 1888 5586 propriam
1925 5515 2050 5572 sub-

448 5602 724 5659 stantiam.
757 5602 888 5672 Qure
927 5603 1245 5674 refulgentia
1295 5604 1458 5661 etiam
1486 5603 1533 5661 si
1574 5620 1790 5677 semper
1832 5616 2044 5676 tuanet,

447 5695 808 5754 discernibilis
840 5712 968 5768 pars
1007 5712 1037 5752 a
1079 5707 1191 5757 toto
1216 5707 1319 5756 est.
1351 5699 1409 5757 Si
1431 5708 1613 5757 autem
1651 5715 1758 5758 non
1782 5715 1922 5757 vana
1949 5717 2044 5774 ge-

437 5786 648 5850 neratio
671 5796 793 5859 est,
820 5787 889 5847 ab
917 5803 984 5850 eo
1008 5789 1154 5861 quod
1188 5803 1407 5865 semper
1433 5800 1516 5851 est
1541 5834 1558 5867 ,
1593 5793 1646 5852 in
1677 5791 1732 5854 id
1775 5802 1862 5855 est
1891 5795 2036 5868 quod

2173 4671 2513 4747 progreSsum
2545 4689 2599 4734 et
2624 4689 2824 4737 motum
2851 4685 3125 4754 generatio
3145 4702 3177 4742 a
3207 4687 3356 4744 Deo?
3382 4690 3574 4748 Differt
3596 4702 3758 4746 autem

2170 4770 2478 4839 progressio
2509 4787 2538 4824 a
2581 4783 2752 4828 motu.
2797 4775 3061 4844 Quoniam
3095 4781 3269 4836 omnis
3297 4784 3496 4854 quippe
3529 4799 3759 4856 progres-

2169 4860 2253 4916 sio
2295 4879 2324 4918 a
2355 4873 2504 4920 motu
2537 4875 2593 4922 et
2631 4867 2682 4922 in
2713 4879 2861 4924 motu
2891 4888 2904 4924 :
2935 4886 3039 4926 non
3073 4884 3250 4930 tamen
3277 4877 3454 4934 omnis
3487 4889 3662 4935 motus
3685 4886 3757 4933 est

2169 4958 2474 5026 progressio
2509 4975 2522 5012 :
2565 4959 2710 5015 intus
2734 4961 2877 5016 enim
2915 4973 3126 5032 motus,
3165 4981 3270 5022 non
3303 4972 3640 5041 progressio,
3670 4968 3753 5025 sed

2166 5048 2341 5104 solum
2367 5061 2562 5106 motus.
2588 5052 2685 5108 Est
2705 5055 2848 5109 enim
2873 5070 3212 5128 progressus,
3239 5060 3380 5118 foras
3400 5077 3632 5135 pergens
3651 5077 3753 5118 mo-

2166 5146 2274 5195 tus.
2306 5141 2443 5210 Quid
2468 5158 2598 5214 ergo
2626 5144 2874 5217 dicimus,
2903 5150 3054 5219 juxta
3083 5166 3426 5223 progressum
3459 5157 3752 5228 generatio-

2162 5246 2288 5287 nem
2314 5247 2434 5289 esse
2467 5249 2498 5290 a
2527 5235 2670 5292 Deo?
2699 5238 2896 5306 Semel,
2922 5255 2991 5296 an
3019 5257 3184 5314 saepe,
3215 5260 3281 5301 an
3311 5248 3568 5318 seraper?
3594 5248 3646 5305 Si
3674 5263 3750 5303 se-

2161 5324 2294 5390 mel,
2331 5327 2420 5396 qui
2466 5328 2632 5382 usus?
2673 5342 2728 5386 et
2765 5332 2812 5386 si
2854 5332 3052 5389 bonum
3091 5335 3232 5406 quod
3272 5339 3635 5411 progreditur,
3661 5355 3748 5395 cur

2158 5431 2366 5488 pauper
2394 5417 2538 5475 Deus
2563 5422 2616 5476 in
2642 5427 2975 5495 progressu?
3003 5427 3058 5484 Si
3079 5443 3224 5500 saepe
3251 5431 3337 5489 vel
3369 5447 3605 5505 semper,
3630 5431 3742 5504 quid

2156 5523 2353 5566 novum
2383 5514 2602 5584 genuit?
2642 5515 2710 5571 Et
2744 5519 2912 5589 prima
2940 5524 3248 5595 progressio
3270 5567 3285 5592 ,
3321 5527 3630 5583 necessario
3652 5527 3744 5582 im-

2151 5604 2411 5675 perfecta,
2434 5608 2482 5664 si
2508 5610 2647 5668 alius
2669 5611 2770 5670 fuit
2792 5614 3038 5690 indigens
3063 5618 3118 5676 in
3145 5621 3228 5677 sui
3256 5621 3606 5694 perfectione.

2217 5805 2295 5879 (l)
2331 5804 2415 5865 Au
2441 5805 2789 5867 indiciaibilcf
