4024 6306
324 186 464 243 1017

1360 181 1567 239 LIBER
1609 180 1695 236 DE
1733 174 2226 236 GENERATIONE
2266 173 2519 232 DlVlNA.

3477 168 3613 229 1018

394 303 509 360 Vll.
555 303 630 359 Ex
684 305 880 376 quibus
925 312 1145 378 apparet
1177 302 1428 377 quoniam
1475 313 1648 371 neque
1685 295 1917 353 consub-
1943 292 2132 359 Alis;
2165 294 2336 364 magis
2365 302 2542 348 autem
2569 306 2691 348 cum
2723 291 2951 349 necdum
3009 292 3079 348 sit
3130 291 3242 363 ipsa
3280 288 3573 363 substantia
3596 330 3610 356 ,

321 400 572 456 stantiale
598 412 677 455 est
710 402 851 472 quod
880 409 1186 474 generatur,
1218 412 1393 469 neque
1421 397 1539 451 sine
1563 390 1916 449 conversione

320 493 597 564 generatio
640 508 669 548 a
720 494 851 551 Deo.
893 497 948 551 Si
997 505 1175 550 autem
1216 493 1316 549 hoc
1364 492 1725 560 incongruens
1764 485 1913 550 'Deo,

214 621 224 629 -
319 584 466 641 nulla
490 601 619 657 ergo
647 589 926 658 generatio
952 604 982 643 a
1007 588 1137 643 Deo.
1170 585 1334 657 Magis
1359 594 1537 640 autem
1564 583 1916 652 incongruum

319 678 475 735 nobis
506 690 763 751 apparet,
802 682 848 737 si
886 681 1034 751 juxta
1067 678 1271 737 motu’m
1304 677 1599 751 generatio.
1628 678 1749 730 Aut
1773 672 1914 729 enim

320 772 466 829 intus
496 785 674 830 motus
697 784 810 843 est,
839 786 932 832 aut
961 776 1308 848 progrediens
1341 793 1352 828 :
1385 774 1431 829 si
1459 774 1621 839 intus,
1651 769 1795 825 nulla
1826 783 1918 839 ge-

320 868 565 924 neratio:
596 869 639 925 si
670 870 1020 942 progrediens
1044 911 1059 939 ,
1092 869 1301 927 eadem.
1337 865 1641 922 lmmutatio
1667 879 1816 934 ergo.
1848 862 1917 917 Et

318 960 365 1018 si
408 970 586 1017 motus
628 963 1001 1034 progrediens,
1039 978 1146 1019 non
1187 958 1673 1017 consubstantialis.
1712 955 1917 1012 Deinde

319 1053 365 1110 si
392 1055 764 1126 progrediens,
795 1056 848 1111 in
875 1071 1025 1112 suam
1057 1055 1413 1113 substantiam
1442 1052 1726 1124 processit,
1750 1060 1840 1105 aut
1863 1051 1913 1105 in

316 1144 543 1217 alicujus
566 1146 926 1204 effemionem.
951 1148 1189 1204 Primum
1219 1149 1261 1203 si
1294 1159 1481 1216 passus
1506 1153 1590 1201 est
1614 1144 1777 1210 Deus,
1801 1158 1917 1199 mo-

317 1251 402 1297 tus
425 1242 479 1296 in
502 1251 706 1296 motum
735 1259 748 1307 ;
782 1253 835 1298 et
861 1243 962 1298 hoc
982 1242 1216 1298 inversio
1238 1251 1338 1296 est.
1376 1239 1577 1295 Deinde
1606 1240 1649 1293 si
1683 1238 1734 1293 in
1763 1252 1912 1293 suam

315 1333 668 1390 substantiam
699 1336 982 1405 processit,
1009 1333 1361 1392 substantiam
1395 1348 1500 1388 non
1530 1332 1713 1387 habuit
1740 1350 1755 1389 :
1789 1332 1833 1386 si
1862 1332 1914 1386 in

313 1428 536 1485 alterius
560 1430 934 1496 substantiam,
970 1430 1109 1486 aliud
1140 1429 1237 1486 fuit
1265 1445 1294 1484 a
1327 1430 1437 1485 Deo
1463 1429 1605 1500 quod
1635 1438 1913 1500 operatum

313 1522 414 1579 fuit
434 1538 463 1579 a
493 1524 604 1581 Deo
633 1543 646 1578 :
672 1535 728 1581 et
755 1525 925 1597 magis
947 1524 1224 1593 effectura,
1253 1540 1410 1596 quam
1432 1526 1708 1595 generatio
1729 1539 1757 1578 a
1782 1525 1909 1580 Deo.

313 1613 431 1671 Non
479 1616 941 1673 consubstantialc
992 1618 1171 1689 igitur,
1217 1628 1269 1675 et
1315 1620 1594 1675 conversio
1636 1617 1827 1688 prioris
1860 1616 1911 1671 in

2017 397 2302 460 antequam
2334 388 2473 442 Dens
2516 385 2924 458 velitgenerare
2949 384 3169 456 aliquid.
3203 382 3438 442 Effectus
3462 398 3614 439 nam-
3672 408 3675 411 -

2017 497 2123 553 que
2156 481 2246 537 Dei
2268 489 2352 535 est
2372 479 2547 534 omnis
2570 479 2866 535 substantia
2904 479 3004 553 (l).
3035 478 3150 534 Non
3177 487 3261 535 est
3292 478 3453 550 igitur
3487 476 3615 533 sub-

2018 573 2232 640 stantia,
2254 573 2415 629 Deus.
2432 571 2538 629 Per
2557 572 2722 627 Deum
2738 572 2881 627 enim
2892 570 3216 626 substantia.
3231 567 3614 641 Quomodoigi-

2018 677 2126 735 tur,
2166 683 2286 723 cum
2314 666 2579 737 posterius
2600 666 2670 721 sit
2694 664 3012 729 substantia,
3047 664 3212 720 Deum
3258 663 3610 719 substantiam

2017 760 2287 817 dicimus?
2312 760 2368 815 Si
2403 759 2549 815 enim
2589 757 2756 815 Deum
2793 757 3145 812 substantiam
3173 755 3432 822 dicimus,
3471 755 3616 827 cogit

2018 869 2118 911 nos
2155 853 2293 909 ratio
2337 850 2581 908 confiteri
2632 851 2983 906 substantiam
3024 864 3149 906 esse
3198 850 3431 920 priorem
3475 848 3610 905 Deo.

2020 948 2233 1004 Etenim
2256 961 2383 1004 vere
2402 945 2701 1001 substantia
2724 944 3021 1016 subjectum
3044 942 3312 1015 quoddam
3335 953 3434 997 est.
3459 941 3611 1011 Quod

2015 1053 2195 1099 autem
2232 1042 2566 1112 subjectum,
2596 1055 2703 1096 non
2734 1049 2816 1096 est
2844 1039 3094 1110 simplex.
3139 1038 3308 1095 Simul
3349 1038 3489 1093 enim
3528 1036 3615 1092 in-

2018 1138 2260 1195 tellectus
2286 1136 2477 1206 accipit
2503 1136 2700 1207 aliquid
2730 1134 2873 1190 aliud
2916 1135 2971 1189 in
3005 1134 3247 1205 subjecto
3296 1147 3437 1200 esse,
3488 1148 3610 1187 cum

2017 1231 2121 1287 dici
2144 1230 2444 1301 subjectum
2470 1228 2720 1284 audierit.
2756 1228 2860 1285 Sed
2892 1229 3036 1284 enim
3065 1228 3316 1299 simplum
3343 1225 3610 1298 quoddam

2019 1324 2160 1381 Deus
2187 1335 2269 1381 est
2299 1341 2312 1378 :
2347 1323 2773 1379 iusubstantialis
2799 1339 2925 1396 ergo
2963 1323 3127 1379 Deus.
3166 1322 3223 1379 Si
3259 1337 3388 1393 ergo
3431 1321 3613 1377 insub-

2017 1417 2281 1475 stantialis
2317 1425 2402 1472 est
2436 1416 2596 1481 Deus,
2628 1416 3084 1471 consubstantialc
3115 1415 3189 1471 nil
3221 1415 3368 1484 Deo;
3400 1414 3612 1471 etiamsi

2017 1525 2045 1565 a
2077 1511 2187 1567 Deo
2211 1519 2470 1580 appareat
2498 1510 2645 1565 nasci
2673 1517 2764 1565 aut
2785 1518 2967 1565 natum
2993 1509 3081 1565 slt.

2089 1605 2180 1662 ιχ.
2227 1605 2417 1660 Dicunt
2455 1612 2632 1659 autem
2674 1603 2891 1675 quidam
2942 1603 3345 1676 generationem
3405 1616 3526 1660 esse
3581 1617 3612 1658 a

313 1707 367 1764 id
398 1709 541 1779 quod
569 1710 864 1775 secundum
894 1721 994 1766 est,
1038 1712 1186 1769 Nuna
1215 1712 1377 1783 igitur
1412 1728 1440 1767 ε
1479 1713 1589 1767 Ι)ρο
1614 1711 1908 1784 generatio,
1941 1695 1988 1756 Β
2022 1700 2294 1769 Deojuxta
2325 1697 2654 1753 nominatum
2681 1708 2885 1770 typum.
2917 1699 3059 1756 Deus
3084 1700 3227 1754 enim
3256 1697 3477 1770 spiritus
3503 1708 3610 1755 est.

312 1801 507 1858 Dicunt
535 1812 715 1858 autem
746 1803 959 1875 quidam
984 1847 997 1870 ,
1035 1804 1175 1875 quod
1209 1805 1360 1875 juxta
1389 1806 1718 1876 superfluum
1748 1820 1912 1876 gene-

313 1896 452 1953 ratio
482 1910 511 1950 a
542 1896 673 1965 Deo,
705 1898 1086 1968 superplenum
1108 1899 1384 1970 generatio
1410 1897 1594 1954 a‘Deo.
1626 1897 1915 1968 Superple«

311 2004 438 2045 num
478 1999 655 2046 autem
697 1990 914 2060 dicunt,
959 1996 1096 2048 sicut
1144 1991 1263 2050 fons
1304 1993 1703 2065 superbulliens
1751 1992 1912 2048 habet

309 2084 451 2156 quod
483 2084 901 2157 superabundet,
933 2085 1220 2143 effundens
1248 2098 1550 2159 etxsemper
1575 2088 1787 2158 plenus.
1820 2087 1911 2144 Sic

309 2187 365 2234 et
401 2193 427 2232 a
469 2178 601 2245 Deo,
631 2179 1086 2250 quemadmodum
1127 2180 1270 2252 quod
1312 2196 1339 2235 a
1382 2180 1529 2237 fonte
1553 2180 1694 2253 quod
1723 2195 1912 2251 super-

310 2277 412 2337 est,
443 2270 584 2341 quod
617 2270 910 2327 effunditur
931 2269 1032 2345 (l).
1066 2273 1130 2327 Et
1150 2272 1266 2328 haec
1288 2275 1562 2341 generatio
1587 2290 1614 2327 a
1642 2274 1768 2328 Deo.
1803 2272 1909 2329 Sed

311 2363 367 2420 in
392 2364 581 2420 eadem
605 2379 794 2420 rursus
821 2367 1047 2422 recurrit
1068 2367 1224 2421 ratio.
1259 2366 1315 2423 Si
1337 2369 1478 2421 enim
1503 2368 1905 2437 superplenum,

307 2466 364 2513 et
394 2471 606 2528 semper
636 2458 853 2529 plenum
894 2477 908 2515 :
955 2475 1170 2530 semper
1198 2476 1324 2531 ergo
1361 2476 1392 2516 a
1439 2461 1549 2517 Deo
1572 2461 1861 2533 ’generatio
1891 2479 1905 2515 :

308 2567 417 2608 non
445 2551 589 2608 enim
618 2552 799 2608 deficit
835 2552 974 2609 fons.
1017 2552 1170 2621 Quod
1201 2562 1377 2608 autem
1411 2554 1624 2621 crescit,
1678 2551 1912 2609 effundi-

309 2654 416 2702 tur.
448 2646 531 2703 Au
561 2656 761 2714 manet,
808 2647 949 2719 quod
990 2649 1254 2720 augetur?
1283 2647 1392 2704 Nec
1418 2664 1521 2704 non
1554 2648 1715 2720 igitur
1736 2648 1910 2706 effun-

307 2741 455 2798 ditur
510 2741 563 2797 id
590 2743 732 2814 quod
762 2744 1143 2814 supcrplenum
1180 2752 1262 2800 est
1304 2761 1317 2798 :
1360 2745 1612 2815 quoniam
1656 2744 1910 2802 inconve-

306 2836 501 2904 niens,
542 2850 649 2892 non
680 2835 885 2893 effundi
930 2837 1072 2909 quod
1118 2848 1384 2908 superest.
1428 2837 1534 2894 Sed
1570 2826 1910 2902 effunditfet

306 2944 525 3002 seraper
567 2928 792 2985 effundit
834 2948 848 2987 :
894 2945 1109 3001 semper
1149 2931 1294 2986 enim
1332 2931 1631 2999 superfluit.
1677 2931 1818 3001 Ergo
1854 2940 1908 2986 et

306 3023 431 3079 novi
462 3023 654 3095 angeli,
697 3032 753 3079 et
786 3024 906 3078 novi
936 3024 1139 3079 mundi.
1178 3023 1570 3080 lneouveniens
1600 3026 1764 3093 enim,
1799 3042 1903 3081 non

2016 1793 2248 1863 Spiritus
2276 1801 2476 1860 autem,
2515 1808 2635 1847 cum
2680 1792 2733 1847 iu
2777 1804 3019 1850 naturam
3051 1807 3202 1848 suam
3234 1792 3500 1861 intendit,
3555 1793 3610 1849 in

2015 1886 2363 1956 semetipsum
2392 1885 2597 1941 residit.
2626 1884 2783 1941 istius
2813 1886 2955 1942 modi
2979 1896 3205 1954 motum,
3229 1895 3411 1958 typum
3441 1885 3614 1941 nomi-

2016 1989 2164 2037 nant.
2203 1980 2339 2050 Quid
2371 1980 2564 2037 deinde
2591 1982 2764 2037 vero?
2790 1981 2872 2037 Ab
2912 1982 3067 2037 istius
3095 1981 3236 2041 modi
3267 1982 3524 2049 motione,
3552 1980 3611 2036 fi-

2016 2076 2211 2132 lialitas
2232 2077 2476 2149 quaedam
2507 2087 2728 2147 repente
2754 2077 2985 2147 erumpit
3016 2093 3028 2131 :
3058 2087 3112 2132 et
3142 2075 3258 2132 hrec
3284 2076 3559 2148 generatio
3581 2064 3637 2131 a-

2016 2171 2144 2227 Deo.
2183 2171 2465 2239 Quomodo
2504 2171 2702 2242 igitur?
2742 2179 2799 2226 ut
2834 2157 3146 2227 efflu’entum
3179 2184 3247 2225 an
3280 2179 3337 2225 ut
3369 2168 3608 2235 emissio,

2012 2276 2102 2321 aut
2119 2277 2175 2320 ut
2201 2265 2540 2337 refulgentia,
2565 2273 2659 2321 aut
2676 2264 2820 2320 aliud
2839 2264 2968 2335 quid
2989 2263 3218 2320 horum?
3238 2263 3374 2331 Quid
3393 2263 3613 2319 deinde?

2011 2359 2093 2416 An
2124 2368 2182 2414 ut
2211 2373 2335 2429 pars
2364 2375 2391 2413 a
2423 2368 2557 2426 toto,
2589 2374 2655 2413 an
2693 2367 2803 2414 uta
2837 2366 2949 2413 toto
2976 2358 3182 2413 totum?
3219 2360 3290 2414 At
3313 2358 3611 2430 quodcum-

2012 2468 2117 2525 que
2148 2453 2359 2520 horum,
2391 2461 2483 2508 aut
2507 2452 2882 2523 imperfectum
2914 2461 3017 2520 est,
3049 2453 3091 2507 si
3125 2462 3329 2523 partem
3358 2451 3609 2520 effundit,

2011 2558 2068 2607 et
2092 2550 2375 2605 diminutio
2405 2548 2647 2619 quaedam
2683 2547 2742 2603 fit
2774 2547 2964 2617 patris,
3012 2562 3133 2603 cum
3167 2561 3289 2618 pars
3342 2546 3411 2602 sit
3446 2546 3607 2613 filius,

2010 2654 2104 2700 aut
2134 2657 2271 2698 vana
2302 2644 2599 2714 generatio.
2650 2642 2705 2700 Si
2745 2656 2876 2697 vero
2902 2650 3134 2695 totum.a
3176 2649 3288 2695 toto
3325 2639 3605 2710 apparuit,

2010 2739 2155 2795 nulla
2177 2752 2337 2794 causa
2367 2747 2469 2803 est,
2502 2736 2569 2792 ab
2609 2736 2799 2792 eodem
2824 2736 2940 2806 ipso
2976 2735 3028 2790 id
3056 2736 3229 2806 ipsum
3249 2734 3515 2806 generari.
3545 2735 3612 2791 Et

2008 2833 2054 2891 si
2089 2832 2289 2903 duplex
2326 2831 2575 2904 generari
2629 2830 2924 2887 necessitas
2967 2830 3093 2898 fuit,
3155 2837 3440 2901 utrumque
3479 2844 3609 2902 ergo

2008 2927 2382 3001 imperfectum
2411 2939 2426 2982 :
2455 2936 2509 2982 et
2550 2925 2602 2981 id
2646 2924 2786 2996 quod
2827 2933 2907 2980 est
2953 2924 3121 2993 prius,
3154 2932 3208 2978 et
3254 2924 3304 2978 id
3344 2922 3486 2993 quod
3527 2931 3611 2978 est
3689 2934 3699 2941 ’

2007 3024 2277 3097 posterius
2324 3022 2378 3078 in
2421 3021 2796 3077 conversione.
2848 3018 2953 3075 Sed
3002 3019 3147 3075 enim
3192 3018 3501 3088 insurgente
3553 3017 3607 3073 in

303 3112 662 3188 effundiquod
683 3133 895 3190 semper
913 3116 1223 3174 effluit.Sed
1245 3120 1287 3174 si
1311 3119 1478 3174 semel
1500 3120 1903 3190 superpleuum,
1935 3098 1980 3161 C
2011 3118 2361 3188 semetipsum
2392 3116 2499 3191 (2).
2523 3115 2772 3188 apparuit
2797 3113 3166 3170 tantummodo
3197 3112 3343 3168 aliud
3373 3113 3490 3169 sine
3518 3111 3605 3167 alio

303 3210 608 3267 immutatio
649 3224 780 3281 ergo
831 3211 924 3267 Dei
967 3222 1019 3267 et
1060 3211 1292 3268 inversio
1324 3212 1440 3281 Dei,
1471 3212 1666 3284 duplex
1698 3231 1710 3267 :
1745 3214 1823 3269 sic
1852 3223 1906 3269 et

302 3302 447 3359 istud
479 3304 833 3376 incongruum
875 3323 887 3359 :
932 3304 1075 3361 nulla
1103 3321 1231 3377 ergo
1258 3307 1552 3362 secundum
1582 3308 1683 3363 hoc
1712 3308 1764 3364 in
1796 3309 1905 3365 Deo

298 3398 598 3469 generatio.
637 3398 693 3454 Si
727 3414 856 3455 vero
886 3398 1042 3470 juxta
1081 3401 1496 3471 superplenum,
1543 3402 1763 3473 insuper
1803 3419 1905 3460 nec

297 3491 760 3549 consubstantialc
784 3492 928 3565 quod
959 3478 1379 3563 effunditur-ipsi
1405 3494 1512 3550 Deo
1541 3511 1554 3549 :
1587 3495 1727 3551 Deus
1756 3498 1902 3552 enim

297 3585 747 3657 superabundans
786 3605 798 3642 :
829 3589 971 3659 quod
1000 3597 1177 3644 autem
1211 3587 1525 3654 effunditur,
1561 3590 1734 3661 ipsum
1762 3590 1899 3647 effu-

295 3693 416 3735 sum
445 3686 526 3735 est
559 3689 784 3745 tantum,
819 3696 923 3736 nou
960 3690 1140 3737 autem
1168 3697 1384 3752 semper
1410 3683 1709 3738 abundans.
1744 3683 1901 3741 Aliud

295 3774 462 3845 igitur
487 3785 572 3831 est
611 3776 753 3847 quod
788 3786 909 3847 post
950 3775 1079 3832 illud
1118 3777 1518 3848 superabundat
1550 3797 1564 3834 :
1601 3792 1729 3849 ergo
1757 3777 1897 3834 aliud

298 3878 424 3942 post
449 3868 617 3934 aliud,
650 3879 705 3926 et
728 3869 892 3926 aliud.

369 3960 503 4017 Vlll.
555 3964 744 4019 Dicunt
782 3964 999 4036 quidam
1032 3964 1183 4036 juxta
1222 3966 1553 4021 voluntatem
1597 3965 1901 4036 generatio-

292 4070 440 4121 nem,
481 4056 706 4128 etjuxta
750 4058 1040 4114 actionem.
1081 4060 1174 4114 list
1211 4069 1387 4115 autem
1415 4102 1431 4127 ,
1477 4058 1576 4115 ista
1617 4060 1726 4115 duo
1757 4059 1895 4115 idem

289 4149 560 4219 accipere.
599 4151 929 4208 voluntatem
961 4160 1016 4208 et
1041 4153 1330 4218 actionem,
1362 4154 1531 4224 magis
1559 4152 1610 4208 in
1640 4153 1768 4210 Deo.
1813 4153 1899 4210 Si-

290 4243 401 4298 mul
442 4245 584 4300 enim
616 4260 776 4317 agere
802 4254 857 4302 et
889 4247 1026 4303 velle
1065 4258 1147 4304 est
1188 4250 1239 4303 in
1284 4249 1414 4305 Deo.
1448 4252 1697 4305 Attamen
1734 4261 1785 4307 et
1815 4260 1897 4307 est

287 4337 590 4396 differentia
614 4381 629 4406 ,
669 4340 770 4396 etsi
798 4340 851 4397 in
880 4356 947 4397 eo
981 4342 1110 4413 quid
1145 4352 1229 4399 est
1254 4342 1416 4410 velle,
1454 4352 1509 4399 et
1543 4354 1695 4402 actus
1737 4346 1845 4401 Deo
1878 4363 1891 4400 :

287 4431 490 4487 etenim
521 4431 657 4487 velle
686 4432 738 4487 in
767 4432 868 4490 hoc
892 4434 1034 4506 quod
1062 4443 1147 4491 est
1173 4436 1330 4501 velle,
1357 4445 1439 4491 est
1460 4452 1617 4494 causa
1640 4441 1888 4496 actionis.

286 4524 446 4580 Aetio
472 4526 615 4581 enim
638 4569 652 4592 ,
682 4524 899 4583 effectio
939 4526 1249 4584 voluntatis.
1282 4529 1442 4585 Aliud
1474 4545 1603 4603 ergo
1645 4533 1890 4591 voluntas

285 4620 357 4675 ab
381 4620 592 4676 actione
630 4636 647 4675 :
681 4631 735 4676 et
764 4620 909 4677 verbi
937 4629 1037 4687 est,
1070 4623 1215 4691 prius
1243 4632 1327 4678 est
1366 4632 1420 4679 et
1466 4625 1753 4695 posterius.
1786 4627 1891 4682 Im-

286 4713 566 4788 possibile,
607 4714 765 4771 ambo
806 4714 969 4771 idem.
1015 4715 1125 4771 Deo
1153 4715 1311 4785 igitur
1349 4716 1579 4788 primum
1614 4720 1886 4789 voluntas,

284 4809 556 4881 posterius
582 4809 741 4864 actio.
772 4807 887 4864 Non
910 4808 1062 4878 juxta
1104 4820 1315 4879 tempus
1342 4810 1486 4877 dico,
1525 4812 1618 4867 sed
1648 4812 1801 4884 juxta
1833 4823 1891 4869 ut

285 4902 361 4958 sit
403 4916 562 4958 causa
617 4902 705 4958 alii
745 4900 982 4958 essendi.
1016 4899 1276 4957 Voluntas
1330 4902 1490 4975 igitur
1542 4904 1594 4959 in
1637 4904 1889 4962 confesso

281 5003 387 5060 est,
443 4995 695 5066 quoniam
723 4994 1018 5051 substantia
1051 5010 1156 5049 non
1195 5005 1307 5061 est,
1342 5011 1441 5052 nec
1479 4997 1639 5052 actio.
1682 4997 1885 5055 Deinde

278 5089 421 5145 aliud
460 5089 713 5161 quiddam
755 5099 838 5145 est
877 5090 944 5145 ab
990 5089 1203 5145 actione
1253 5096 1306 5144 ct
1346 5090 1656 5161 voluntate,
1710 5093 1883 5163 ipsum

279 5196 439 5255 Opus.
482 5181 628 5251 Opus
661 5182 828 5246 enim,
880 5183 1156 5252 operantis
1196 5198 1331 5252 opus
1369 5200 1382 5237 :
1414 5199 1520 5238 non
1558 5176 1741 5240 tamen
1770 5185 1885 5256 ipse

279 5283 565 5347 operator,
595 5288 752 5346 opus.
788 5273 934 5345 Opus
959 5289 1090 5347 ergo
1133 5290 1238 5331 non
1276 5277 1733 5333 consubstantialc
1757 5292 1887 5349 ope-

280 5371 424 5429 ranti
455 5388 469 5427 :
499 5385 628 5442 ergo
651 5386 756 5426 non
778 5370 1052 5441 generatio
1084 5388 1098 5425 :
1132 5385 1307 5441 neque
1331 5370 1475 5442 quod
1500 5371 1748 5429 effectum
1776 5385 1879 5443 est,

278 5465 519 5538 genitum
552 5474 673 5522 est:
706 5473 761 5521 et
789 5480 947 5537 Opus,
979 5480 1086 5521 non
1108 5467 1383 5538 generatio
1417 5483 1590 5540 neque
1622 5469 1874 5539 filialitas,

278 5573 457 5632 neque
487 5558 646 5627 filius,
671 5574 845 5632 neque
879 5559 1205 5632 unigenitus,
1239 5576 1411 5634 neque
1439 5564 1873 5623 consubstantia-

354 5740 433 5815 (t)
476 5740 627 5813 Quod
651 5741 852 5816 effund.
879 5741 1183 5803 Relativum
1207 5743 1499 5805 delendum
1530 5745 1759 5805 videtur.

2008 3226 2112 3283 qua
2142 3208 2474 3281 effulgentia.
2505 3209 2561 3264 ld
2583 3217 2666 3264 est
2687 3207 3052 3275 manifestum,
3084 3208 3336 3278 quoniam
3356 3206 3496 3278 quod
3519 3219 3607 3262 se-

2007 3310 2241 3367 cundum
2276 3321 2395 3378 est,
2435 3327 2501 3367 ex
2530 3311 2593 3367 iis
2629 3319 2713 3366 est
2749 3326 2868 3383 qua:
2901 3306 3187 3377 aliquando
3227 3322 3330 3362 non
3370 3307 3602 3362 fuerunt.

2008 3401 2233 3467 Factum
2256 3412 2341 3460 est
2366 3419 2525 3475 ergo,
2573 3419 2677 3457 non
2706 3413 2909 3467 natum,
2938 3411 2992 3457 et
3015 3401 3215 3456 idcirco
3244 3417 3348 3456 non
3375 3399 3606 3456 consub-

2005 3499 2276 3554 stantialc.
2303 3498 2343 3553 A
2379 3499 2489 3554 Deo
2512 3498 2674 3568 igitur
2696 3497 2839 3551 nulla
2871 3506 2954 3552 est
2976 3495 3276 3567 generatio.

2077 3591 2144 3646 X.
2188 3591 2326 3658 Quid
2354 3600 2534 3646 autem
2556 3607 2620 3646 ex
2650 3591 2766 3646 istis
2787 3590 3037 3647 omnibus
3061 3588 3349 3659 colligitur,
3382 3587 3452 3642 mi
3483 3586 3604 3643 dul-

2004 3685 2083 3740 cis
2128 3683 2438 3740 Victorine?
2488 3682 2751 3751 Quoniam
2807 3684 3065 3739 Dominus
3130 3682 3289 3738 Jesus
3357 3679 3604 3736 Christus

2004 3776 2185 3847 (Joan.
2226 3793 2264 3841 ι,
2300 3779 2350 3843 ς,
2382 3777 2473 3846 5),
2495 3778 2585 3849 qui
2622 3785 2706 3832 est
2747 3777 2892 3853 λόγος
2921 3776 3061 3847 apud
3095 3775 3285 3841 Deum,
3320 3789 3414 3844 per
3440 3788 3600 3845 quem

2002 3870 2196 3928 effecta
2222 3879 2349 3926 sunt
2377 3871 2576 3937 omnia,
2607 3880 2660 3926 et
2680 3869 2798 3926 siue
2825 3886 2930 3940 quo
2958 3868 3087 3924 nihil
3119 3868 3315 3924 factum
3344 3878 3425 3923 est
3456 3886 3470 3923 :
3503 3883 3600 3923 ne-

2001 3981 2107 4038 que
2149 3964 2499 4038 generatione
2540 3979 2570 4019 a
2618 3963 2751 4031 Deo,
2792 3962 2888 4019 sed
2928 3964 3242 4035 operatione
3281 3977 3309 4015 a
3358 3962 3491 4029 Deo,
3519 3969 3603 4017 est

2004 4060 2235 4129 primum
2277 4073 2414 4130 opus
2467 4069 2522 4114 et
2559 4058 2850 4129 principale
2904 4058 3044 4113 Dei:
3088 4059 3171 4113 cui
3227 4057 3364 4112 dedit
3418 4073 3600 4113 nomen

2001 4153 2137 4226 quod
2157 4161 2230 4207 est
2251 4167 2409 4219 super
2430 4167 2577 4206 omne
2596 4167 2780 4207 nomen
2804 4151 3063 4226 (Philipp.
3086 4167 3144 4217 ιι,
3167 4151 3249 4224 9),
3280 4151 3446 4206 filiutn
3474 4166 3596 4208 eum

1998 4246 2276 4316 appellans
2300 4255 2354 4302 et
2381 4247 2735 4318 unigenitum,
2759 4247 2900 4319 quod
2929 4249 3102 4303 solum
3133 4262 3296 4318 opera
3325 4263 3420 4303 sua
3451 4247 3593 4303 fecit.

1999 4338 2193 4395 Effecit
2220 4349 2397 4396 autem
2434 4355 2502 4396 ex
2532 4340 2594 4395 iis
2620 4355 2740 4411 qua:
2770 4357 2877 4396 non
2904 4350 3029 4397 sunt
3061 4358 3073 4394 :
3109 4342 3362 4412 quoniam
3393 4340 3596 4413 (Hann,

1997 4449 2071 4502 tv,
2122 4433 2212 4505 l'i)
2258 4434 2496 4506 petentia
2542 4434 2657 4501 Dei,
2690 4434 2832 4506 quod
2864 4450 2971 4491 non
3002 4445 3120 4500 est.
3152 4434 3370 4491 adducit
3408 4447 3466 4491 ut
3504 4437 3593 4492 sit.

1915 4499 1970 4559 ἶ)
1997 4524 2109 4581 Hoc
2134 4536 2312 4583 autem
2340 4535 2394 4582 et
2422 4526 2582 4582 Jesns
2603 4543 2699 4598 per
2723 4542 2883 4599 quem
2914 4527 3047 4583 facta
3079 4538 3204 4584 sunt
3233 4529 3415 4585 omnia
3444 4545 3457 4583 :
3494 4529 3598 4586 hoc

1994 4631 2079 4680 est
2104 4637 2169 4678 ex
2196 4623 2263 4678 iis
2291 4638 2410 4693 quae
2435 4639 2541 4679 non
2566 4632 2709 4690 sunt,
2734 4639 2795 4679 ea
2823 4640 2942 4695 qua:
2972 4633 3099 4679 sunt
3123 4622 3322 4680 effecit.
3355 4624 3459 4680 Sed
3489 4624 3597 4682 isto

1994 4717 2158 4772 distat
2186 4717 2329 4787 quod
2362 4716 2504 4772 Deus
2532 4716 2679 4783 facit,
2714 4727 2771 4772 ut
2797 4716 2868 4771 sit
2897 4716 3192 4787 perfectum
3223 4717 3550 4775 omnimodis
3580 4737 3592 4773 :

1992 4808 2152 4866 Jesus
2177 4818 2358 4866 autem
2386 4810 2511 4878 alia,
2546 4825 2651 4865 nou
2679 4809 2869 4866 eodem
2900 4811 3086 4878 modo,
3115 4812 3215 4868 etsi
3256 4813 3491 4883 perfecta
3517 4812 3598 4870 cf-

1992 4903 2138 4960 fecit.
2180 4903 2237 4959 In
2282 4918 2389 4974 quo
2439 4904 2600 4975 igitur
2643 4902 2801 4959 Jesus
2838 4914 2920 4960 est
2963 4904 3187 4960 effector
3234 4920 3421 4962 eorum
3474 4923 3594 4979 qua:

1992 5007 2137 5066 sunt,
2170 5012 2237 5054 ex
2272 4997 2338 5053 iis
2373 5013 2493 5069 qum
2531 5013 2636 5053 non
2674 5008 2826 5065 sunt,
2866 4999 3160 5056 secundum
3187 5003 3595 5072 operationem?

1990 5093 2055 5149 Et
2078 5094 2128 5149 in
2153 5100 2304 5162 patre
2329 5091 2443 5162 ipse
2467 5102 2574 5159 est,
2598 5103 2648 5147 et
2673 5093 2724 5147 in
2749 5093 2864 5163 ipso
2895 5105 3044 5164 pater
3058 5096 3238 5167 (Joan.
3265 5094 3542 5168 x1v,9,ll)
3575 5117 3589 5155 :

1988 5196 2044 5242 et
2087 5187 2248 5242 ambo
2294 5202 2458 5241 unum
2505 5197 2632 5241 sunt
2661 5185 2868 5260 (10am,
2916 5203 2971 5256 χ,
3019 5188 3132 5260 '50).
3176 5189 3231 5243 ln
3260 5204 3368 5260 quo
3409 5201 3589 5247 autem

1996 5294 2102 5336 non
2124 5280 2263 5337 idem
2295 5290 2493 5351 poteSt,
2515 5281 2653 5335 alter
2673 5281 2955 5353 accipitur.
2985 5281 3100 5337 Non
3130 5282 3271 5338 enim
3302 5282 3446 5339 aliud
3473 5298 3590 5340 om-

1993 5375 2225 5430 nimodis
2252 5371 2547 5446 perfectum
2572 5372 2782 5446 operari
2813 5383 3005 5447 potest.
3041 5376 3145 5432 Sed
3172 5392 3345 5448 neque
3371 5380 3589 5450 prapria

1986 5468 2301 5539 Operatione
2333 5476 2610 5539 operatur,
2648 5484 2822 5540 neque
2866 5470 3081 5541 propria
3124 5472 3438 5540 voluntate;
3491 5474 3585 5531 sed

2058 5603 2136 5681 (l_)
2180 5603 2275 5660 Dei
2291 5616 2363 5659 est
2379 5606 2726 5681 omnissubst.
2748 5606 2879 5664 Heic
2900 5608 3083 5681 incipit
3107 5610 3305 5669 Mabill.
3339 5613 3506 5674 editio
3528 5619 3581 5676 in

1987 5677 2239 5743 Δηλίοισι,
2273 5692 2391 5748 pag.
2422 5678 2510 5744 21,
2544 5678 2631 5734 fol.

2053 5749 2131 5822 (2)
2170 5749 2238 5806 In
2260 5751 2601 5820 sentetipsum.
2635 5749 2930 5825 Mabilleni,
2960 5754 3013 5811 in
3040 5770 3091 5812 re
3115 5754 3314 5829 spiritu.
