4024 6306
315 207 450 266 ιοξι

1257 198 1458 254 LIBER
1502 197 1590 254 DE
1631 193 2121 254 GENERATIONE
2169 192 2374 252 VERlll
2412 192 2637 250 lllVlNl.

3469 195 3607 254 1023

313 323 550 397 concipit.
569 319 892 385 intellectus,
920 318 1036 376 sine
1061 317 1168 378 Deo
1196 325 1300 386 est,
1327 315 1618 388 sacrilegus
1640 323 1692 370 et
1715 315 1905 390 plenus
1933 318 1984 381 Α
2009 321 2068 370 ιιι
2097 311 2199 366 hoc
2226 325 2330 366 non
2361 319 2441 368 est
2477 309 2604 370 illud
2642 328 2653 364 :
2679 309 2828 380 juxta
2854 308 3090 366 nomium
3120 324 3260 376 esse,
3293 311 3433 382 quod
3467 312 3609 371 tutn-

313 417 682 486 blaSpbemite.
715 413 970 474 Dominus
1002 414 1115 488 ipse
1141 421 1225 468 est
1245 425 1408 483 super
1435 410 1612 466 omnia
1630 423 1748 480 qua:
1761 416 1907 474 sunt,

314 513 601 582 omniaque
641 524 758 582 quae
787 522 891 564 non
921 516 1068 568 sunt.
1100 505 1168 564 Et
1209 506 1324 576 ipse
1354 504 1511 576 igitur
1537 519 1681 572 cum,
1727 513 1786 556 ut
1830 501 1912 560 di-

314 606 426 675 cis,
456 606 526 662 sit
567 605 738 664 tactus
779 617 846 660 ex
876 601 940 658 iis
967 615 1088 673 quae
1129 614 1234 656 non
1265 607 1424 672 sunt,
1456 598 1653 674 poterit
1695 597 1807 668 ipse
1834 595 1914 651 ta-

314 715 440 765 cere
483 698 662 756 omnia
689 712 808 768 qua:
833 703 957 754 sunt
984 709 1051 752 ex
1095 694 1158 750 iis
1185 709 1304 764 qua:
1337 708 1442 750 non
1479 691 1636 747 sunt?
1662 691 1912 748 Attamen

317 793 528 861 Deum,
575 791 626 848 id
681 789 823 864 quod
879 788 951 846 sit
1002 798 1057 846 et
1094 801 1310 858 semper
1355 787 1445 854 sit,
1489 801 1596 844 non
1637 785 1778 857 quod
1822 783 1914 838 ali-

315 887 536 961 quando
579 901 688 942 non
727 872 925 954 fuerit,
977 882 1248 940 credimus
1295 896 1436 938 esse.
1478 880 1707 938 Praestat
1755 879 1917 952 igitur

315 979 461 1056 quod
488 989 594 1046 est,
625 986 682 1040 et
722 983 939 1050 praestat
973 991 1069 1048 per
1106 974 1430 1040 int-ﬂabilem
1467 973 1869 1046 generationem
1894 1012 1912 1042 ,

315 1084 369 1142 et
398 1081 616 1147 praestat
644 1069 1039 1136 exsistentiam,
1061 1075 1193 1132 νοῦν,
1222 1068 1382 1126 vitam
1409 1084 1422 1122 :
1447 1082 1552 1122 non
1577 1066 1665 1136 qui
1691 1068 1762 1122 sit
1790 1065 1913 1132 iSIa,

317 1167 413 1232 sed
442 1182 608 1240 super
647 1167 749 1226 iSIa
777 1175 832 1222 et
856 1180 1072 1235 semper
1101 1163 1299 1224 omnia.
1330 1162 1384 1218 Si
1424 1161 1584 1232 igitur
1628 1162 1766 1218 Deus
1808 1174 1914 1216 non

315 1269 403 1326 est
429 1260 576 1334 quod
602 1276 708 1318 non
733 1268 836 1328 est,
868 1267 950 1316 est
974 1266 1154 1314 autem
1191 1271 1354 1330 supra
1397 1254 1448 1314 id
1478 1254 1619 1328 quod
1647 1263 1758 1322 est,
1789 1267 1916 1312 vere

317 1355 408 1424 ὢν,
430 1355 669 1430 potentia
700 1355 866 1426 ipsius
884 1359 974 1410 τοῦ
1002 1349 1162 1414 ὄντος,
1193 1366 1312 1421 qua:
1337 1349 1648 1422 operatione
1677 1348 1726 1404 in
1752 1362 1918 1419 gene-

318 1447 587 1508 rationem
614 1446 845 1503 excitata
862 1486 877 1512 ,
913 1443 1245 1518 ineloquibili
1277 1455 1426 1500 mutu
1451 1443 1637 1518 genuit
1665 1443 1749 1500 τὸν
1773 1437 1914 1514 ὄντα,

317 1541 570 1599 omnibus
598 1537 774 1596 modis
818 1536 1153 1614 perfectum,
1202 1551 1232 1590 a
1275 1544 1388 1592 toto
1436 1535 1691 1606 potentia:
1723 1543 1914 1590 totum.

320 1633 466 1692 Deus
490 1647 621 1704 ergo
650 1639 733 1688 est
755 1639 922 1686 totum
965 1629 1121 1708 πρόον
1150 1645 1163 1686 :
1198 1627 1354 1692 Jcsns
1383 1637 1560 1686 autem
1609 1627 1780 1698 ipsum
1815 1624 1918 1682 hoc

2015 424 2136 462 rum
2179 413 2263 462 est
2287 416 2339 461 et
2372 414 2548 476 potest
2580 419 2702 462 esse
2730 423 2742 459 :
2771 404 2920 475 juxta
2966 404 3017 461 id
3057 405 3197 476 quod
3241 419 3402 474 super
3428 407 3607 464 omnia

2013 515 2132 572 qu:e
2162 511 2306 569 sunt,
2337 499 2496 560 habet
2521 510 2625 566 est;
2649 510 2711 556 ut
2740 500 2861 570 quia
2884 513 2989 554 non
3019 509 3101 555 est
3128 499 3326 569 aliquid
3356 501 3604 565 istomm,

2015 608 2114 650 nec
2140 595 2388 648 convenit
2414 607 2536 648 cum
2566 592 2743 662 aliquo
2779 606 2988 646 eorum.
3021 590 3156 659 Quid
3191 591 3350 661 igitur
3375 591 3604 650 dicimus

2016 687 2220 744 Deum?
2247 689 2306 744 τὸ
2336 682 2419 756 ὃν,
2466 686 2496 748 ἦ
2526 689 2584 744 τὸ
2608 692 2678 759 μὴ
2701 683 2794 742 δ’νῖ
2823 685 2928 743 Sed
2959 687 3142 758 utique
3173 686 3344 757 ipsum
3373 688 3610 757 appella-

2016 797 2134 840 mus
2161 778 2250 839 ὅνε
2279 782 2528 852 quoniam
2550 795 2734 837 eorum
2759 797 2880 852 quae
2905 793 3047 849 sunt,
3075 791 3228 853 pater
3255 791 3357 838 est.
3391 781 3495 839 Sed
3518 799 3613 856 pa—

2017 882 2099 932 ter
2127 889 2311 934 eorum
2340 889 2459 946 qua:
2487 883 2631 943 sunt,
2671 889 2774 930 non
2805 885 2890 929 est
2917 877 2976 932 τὸ
2999 871 3073 940 ὅν,
3122 875 3164 929 si
3209 875 3444 934 nondum
3487 887 3614 939 sunt

2019 983 2079 1022 ea
2103 984 2329 1039 quorum
2359 976 2509 1038 pater
2530 977 2631 1030 est.
2666 967 2780 1026 Hoc
2816 983 2922 1024 non
2952 969 3078 1025 licet
3104 971 3304 1036 dicere,
3333 969 3434 1026 hoc
3461 970 3612 1027 nefas

2015 1071 2100 1122 est
2123 1062 2447 1134 intelligere,
2496 1077 2682 1124 eorum
2714 1078 2833 1134 quae
2863 1074 3016 1129 sunt,
3062 1071 3130 1137 μὴ
3173 1059 3226 1122 ὃν
3264 1079 3478 1120 causam
3517 1081 3614 1136 ap-

2018 1155 2239 1226 pellare.
2283 1153 2454 1212 Causa
2484 1157 2628 1220 enim
2661 1156 2810 1227 prior
2859 1166 2939 1213 est
2971 1158 3038 1214 ab
3096 1158 3160 1214 iis
3195 1174 3423 1230 quorum
3453 1175 3612 1215 causa

2018 1261 2120 1307 est.
2152 1250 2472 1321 Supremnm
2503 1246 2558 1307 ὃν
2587 1251 2746 1322 igitur
2781 1251 2920 1308 Deus
2948 1263 3062 1318 est;
3097 1260 3152 1306 et
3181 1253 3332 1322 juxta
3361 1255 3502 1324 quod
3525 1270 3615 1309 su-

2021 1361 2264 1416 premum
2294 1355 2394 1412 est,
2423 1351 2492 1419 μὴ
2513 1343 2565 1401 ὃν
2589 1345 2728 1402 Deus
2753 1345 2984 1402 dicitur:
3016 1362 3120 1402 non
3151 1332 3248 1416 per
3265 1348 3612 1416 privationem

2018 1439 2254 1496 universi
2282 1438 2398 1508 ejus
2427 1438 2566 1509 quod
2603 1439 2692 1505 sit,
2731 1439 2824 1494 sed
2855 1447 2912 1493 ut
2954 1438 3098 1496 aliud
3148 1437 3200 1496 ὃν
3229 1439 3437 1510 ipsum,
3472 1441 3614 1512 quod

2020 1543 2099 1592 est
2126 1538 2194 1608 μὴ
2225 1529 2278 1602 ὅν
2311 1551 2322 1586 :
2343 1532 2494 1603 juxta
2519 1547 2581 1588 ea
2612 1548 2734 1603 qua:
2763 1533 2938 1594 futura
2963 1543 3124 1600 sunt,
3151 1535 3209 1592 τὸ
3233 1541 3303 1608 μή
3337 1533 3390 1592 ὄν
3421 1553 3434 1590 :
3464 1535 3614 1606 juxta

2020 1627 2160 1699 quod
2200 1639 2360 1682 causa
2410 1635 2495 1692 est
2533 1625 2599 1684 ad
2629 1627 3035 1698 generationem
3075 1643 3260 1692 eorum
3301 1645 3421 1700 qua:
3455 1639 3611 1703 sunt,

319 1717 488 1784 totum
520 1720 592 1790 ὃν,
644 1722 741 1782 sed
763 1723 874 1793 jam
901 1722 952 1778 in
977 1721 1264 1790 existentia
1299 1729 1354 1776 et
1380 1721 1488 1778 vita
1518 1727 1573 1777 et
1616 1719 1915 1790 intelligen-

2031 1724 2077 1780 τὸ
2103 1719 2176 1778 ὅν.

319 1819 389 1876 tia
417 1858 434 1888 ,
487 1815 791 1874 universale
824 1813 1147 1872 omnimodis
1175 1815 1335 1872 τέλεον
1374 1810 1446 1868 ὅν.
1492 1811 1590 1868 Hic
1629 1820 1712 1867 est
1758 1810 1913 1881 linis,

319 1911 408 1970 hic
434 1912 780 1988 principium,
808 1909 894 1965 hic
923 1909 1084 1976 titius,
1115 1909 1198 1964 hic
1219 1913 1326 1971 πᾶς
1351 1908 1515 1982 λόγος,
1547 1907 1634 1963 hic
1661 1907 1750 1980 qui
1775 1904 1918 1978 apud

319 2005 490 2063 Deum
515 2004 641 2064 etin
673 2004 783 2061 Deo
803 2004 968 2080 λόγος,
1000 2002 1087 2058 hic
1110 2001 1268 2058 .Iesus
1295 2000 1559 2066 Christus,
1589 2008 1710 2057 ante
1737 1999 1917 2056 omnia

319 2114 439 2172 qua:
467 2110 630 2164 sunt,
673 2107 728 2154 et
753 2113 874 2168 quae
904 2111 1030 2152 vere
1061 2105 1215 2161 sunt;
1247 2094 1414 2164 prima
1455 2102 1511 2148 et
1561 2093 1737 2150 omnis
1775 2094 1922 2149 exis-

319 2193 507 2258 temia,
542 2192 711 2262 prima
732 2200 785 2247 et
806 2189 982 2247 omnis
1005 2187 1384 2261 intelligentia,
1409 2189 1642 2258 primum
1668 2195 1723 2243 et
1743 2186 1920 2242 omni-

321 2284 496 2344 modis
526 2284 690 2342 τέλεον
713 2281 785 2350 ὂν,
815 2282 988 2358 ipsum
1011 2281 1238 2354 primum
1254 2277 1328 2347 ὂν,
1359 2296 1552 2336 nomen
1577 2289 1702 2338 ante
1730 2281 1914 2338 omnia

320 2378 571 2444 nomina;
601 2378 668 2433 ab
690 2377 807 2449 ipso
831 2377 975 2432 enim
1019 2377 1198 2431 omnia
1223 2376 1462 2442 nomina,
1502 2375 1640 2430 sicut
1667 2374 1921 2432 declara-

319 2470 486 2527 bitur.

395 2564 485 2620 III.
516 2563 655 2620 Volo
687 2571 862 2619 autem
895 2561 1107 2632 audire,
1140 2577 1172 2617 ο
1203 2562 1272 2618 ιιιί
1303 2560 1614 2618 dulcissime
1645 2559 1918 2632 Candide,

319 2658 444 2733 quid
475 2673 598 2715 esse
623 2657 880 2730 aestimas,
911 2655 1053 2736 quod
1099 2672 1204 2712 non
1247 2664 1350 2712 est.
1378 2655 1436 2710 Si
1463 2655 1604 2712 enim
1633 2654 1775 2712 Deus
1805 2671 1922 2712 om-

319 2754 466 2810 nium
497 2768 654 2808 causa
685 2762 798 2820 est,
841 2760 896 2807 et
921 2751 1036 2836 ejus
1064 2750 1151 2806 cui
1178 2759 1262 2807 est
1289 2765 1442 2816 esse,
1481 2759 1534 2805 et
1562 2749 1678 2821 ejus
1699 2750 1782 2806 cui
1814 2766 1920 2816 non

318 2859 401 2908 est
447 2864 604 2920 esse,
647 2862 809 2906 causa
837 2857 920 2904 est
951 2848 1112 2904 Dens.
1147 2847 1252 2904 Sed
1280 2847 1326 2904 si
1372 2862 1563 2915 causa,
1603 2863 1712 2906 non
1756 2858 1840 2903 est
1864 2847 1918 2912 id

315 2941 458 3016 quod
495 2956 600 2997 non
645 2949 745 2997 est.
773 2940 941 2996 Causa
974 2940 1117 2998 enim
1151 2951 1203 2995 ut
1232 2939 1285 2998 ὃν
1315 2953 1395 2995 εει
1427 2958 1441 2997 :
1471 2941 1668 3013 quippe
1698 2941 1839 2998 unde
1867 2949 1922 3000 et

316 3051 347 3092 a
397 3052 498 3110 qua
544 3035 612 3092 sit
637 3034 712 3104 id,
751 3034 838 3089 cui
864 3033 1098 3088 futurum
1133 3043 1214 3088 est
1244 3029 1315 3089 ὅν.
1363 3031 1430 3088 Ει
1458 3033 1562 3088 hoc
1588 3035 1724 3104 ipso,
1757 3049 1918 3090 causa

2094 1814 2161 1878 γ.
2197 1813 2389 1870 Verum
2416 1820 2501 1870 est
2539 1814 2698 1884 igitur
2721 1814 2901 1871 dicere
2948 1815 3115 1871 Deum
3161 1824 3363 1886 patrem
3407 1823 3497 1872 τοῦ
3522 1814 3612 1888 ὃν,

2017 1906 2166 1977 juxta
2198 1921 2414 1966 causam
2467 1922 2652 1964 eorum
2693 1923 2813 1978 qua:
2843 1916 3007 1975 sunt,
3051 1918 3315 1964 eteorum
3343 1924 3465 1980 quae
3504 1926 3614 1966 non

2021 2008 2166 2058 sunt.
2198 1998 2484 2056 Voluntate
2523 2001 2683 2070 igitur
2716 2000 2808 2060 Dei
2845 2001 2896 2067 in
2941 2003 3342 2073 generationem
3394 2003 3617 2076 veniunt

2022 2103 2076 2154 et
2098 2109 2214 2166 qua:
2244 2106 2389 2164 sunt,
2419 2104 2473 2154 et
2493 2111 2613 2166 quae
2658 2112 2764 2156 non
2791 2107 2934 2154 sunt.
2967 2097 3036 2154 Et
3085 2113 3190 2154 non
3236 2097 3470 2154 testitnes
3496 2112 3616 2167 qua:

2023 2204 2128 2246 non
2163 2199 2322 2258 sunt,
2367 2191 2521 2261 quasi
2569 2206 2665 2262 per
2705 2192 3058 2263 privationem
3091 2207 3278 2248 eorum
3313 2206 3434 2260 quae
3469 2200 3612 2247 sunt.

2020 2282 2164 2342 Nihil
2201 2283 2342 2340 enim
2385 2284 2614 2350 istorum
2657 2301 2833 2358 neque
2867 2287 3084 2350 existit,
3145 2300 3318 2356 neque
3365 2284 3618 2355 intelligi-

2023 2386 2129 2436 tur.
2177 2377 2232 2434 Si
2275 2379 2418 2440 enim
2456 2377 2688 2436 mundus
2717 2389 2771 2436 et
2809 2380 2990 2434 omnia
3019 2393 3253 2449 superna
3281 2378 3614 2444 subsistunt,

2022 2470 2204 2526 omnia
2225 2480 2277 2527 et
2303 2481 2447 2530 sunt.
2471 2471 2686 2538 Nullum
2713 2473 2856 2528 enim
2871 2479 2940 2548 μὴ
2964 2469 3037 2536 ὅν,
3059 2472 3207 2542 juxta
3228 2473 3615 2543 privationem;

2021 2564 2116 2624 sed
2148 2555 2598 2636 subintelligentia
2630 2565 2874 2636 quaedam
2906 2574 3008 2633 est,
3057 2566 3125 2620 ah
3174 2565 3241 2622 iis
3287 2581 3406 2636 qua:
3448 2575 3614 2632 sunt,

2025 2657 2381 2728 privationem
2409 2673 2596 2714 eorum
2628 2657 3048 2730 subintelligere,
3086 2673 3191 2714 non
3234 2657 3575 2716 subsistentis
3598 2699 3616 2724 ,

2023 2766 2093 2818 ne
2128 2749 2296 2822 ipsius
2340 2751 2555 2822 quidem
2586 2751 3090 2823 subintelligentiae,
3124 2765 3224 2807 nec
3262 2751 3340 2806 sic
3383 2751 3620 2806 existen-

2025 2843 2111 2906 ti<,
2141 2853 2197 2897 ut
2225 2859 2410 2900 eorum
2439 2859 2557 2916 qua:
2585 2853 2730 2900 sunt.
2756 2845 3011 2916 Quasdam
3041 2859 3172 2906 vero
3195 2860 3316 2916 quae
3342 2860 3447 2900 non
3470 2855 3616 2914 sunt,

2023 2937 2421 3010 quodammodo
2451 2948 2597 3005 sunt,
2632 2949 2689 2993 ut
2721 2939 2832 3010 ipsa
2875 2955 2996 3011 quae
3026 2952 3170 2994 nunc
3211 2937 3426 3010 quidem
3458 2947 3614 2995 sunt:

2023 3046 2143 3102 quae
2174 3043 2293 3104 post
2318 3033 2719 3104 generationem
2768 3041 2821 3087 et
2847 3041 2970 3088 sunt
2999 3040 3053 3088 et
3079 3030 3359 3097 dicuntur,
3391 3039 3447 3086 et
3495 3041 3618 3088 ante

315 3143 443 3186 vere
464 3143 625 3200 super
647 3123 717 3182 ὅν.
748 3124 902 3196 Quod
933 3125 1092 3196 igitur
1122 3124 1360 3181 nondum
1394 3122 1481 3194 ὅν,
1528 3125 1580 3181 id
1627 3135 1744 3196 est,
1776 3125 1918 3198 quod
1947 3141 1990 3204 ο
2023 3128 2427 3198 generationem
2458 3129 2626 3184 autin
2657 3129 2892 3200 potentia
2915 3144 3008 3184 sua
3033 3137 3125 3184 aut
3153 3129 3204 3186 in
3236 3128 3353 3184 idea
3378 3127 3616 3190 fuerunt.

317 3239 422 3280 non
450 3232 558 3288 est;
591 3220 655 3276 ad
686 3222 807 3286 hoc,
833 3217 884 3276 ὂν
914 3234 1071 3276 causa
1102 3229 1204 3276 est.
1255 3219 1381 3276 Ideo
1406 3222 1564 3299 πρόον
1601 3221 1793 3279 dicitur
1823 3240 1836 3276 :
1865 3231 1920 3288 et

311 3318 462 3390 juxta
495 3317 650 3372 istam
686 3316 948 3374 rationem
979 3330 1139 3380 causa
1170 3323 1253 3371 est
1297 3317 1468 3380 Deus,
1503 3327 1554 3372 et
1582 3332 1769 3373 eorum
1799 3334 1917 3390 qua:

315 3420 461 3479 sunt,
485 3417 541 3466 et
565 3424 749 3465 eorum
775 3424 891 3476 qua:
915 3424 1021 3463 non
1048 3417 1195 3463 sunt.

387 3503 477 3562 IV.
527 3501 900 3558 Detiniendum
927 3512 1009 3556 est
1045 3517 1175 3575 ergo
1204 3499 1255 3556 id
1294 3499 1436 3572 quod
1487 3517 1591 3564 non
1628 3511 1707 3557 est
1733 3521 1747 3558 :
1771 3503 1916 3574 Quod

317 3595 532 3669 quidem
579 3594 894 3666 intelligitur
921 3603 971 3649 et
1005 3602 1228 3648 vocatur
1257 3602 1487 3664 quatuor
1523 3593 1697 3649 modis
1724 3612 1736 3650 :
1761 3594 1914 3665 juxta

317 3688 662 3760 negationem
687 3687 909 3744 omnino
949 3686 1297 3761 omnimodis,
1332 3696 1389 3742 ut
1417 3687 1641 3759 privatio
1679 3687 1747 3744 sit
1774 3690 1917 3745 exis-

319 3783 480 3841 tentis
507 3801 520 3839 :
548 3783 700 3858 juxta
727 3781 951 3839 alterius
977 3792 1224 3848 naturam
1256 3779 1323 3838 ad
1359 3781 1582 3838 alterius
1627 3791 1912 3856 naturam,

2025 3223 2130 3280 Sed
2163 3224 2302 3280 unde
2338 3223 2420 3278 Vel
2449 3239 2512 3279 ex
2543 3240 2649 3295 quo
2679 3235 2932 3295 generata
2960 3223 3118 3280 sunt?
3150 3223 3456 3280 Secundum
3499 3223 3618 3286 illos

2024 3315 2213 3380 modos
2255 3317 2482 3383 scilicet;
2510 3321 2657 3387 juxta
2688 3317 2908 3374 alterius
2954 3326 3240 3386 naturam,
3271 3327 3326 3372 et
3366 3317 3515 3387 juxta
3565 3317 3618 3380 id

2023 3410 2163 3482 quod
2193 3410 2426 3466 nondum
2451 3419 2552 3476 est,
2579 3410 2720 3481 quod
2741 3415 2974 3466 tnturnm
2999 3421 3100 3478 est,
3126 3418 3180 3472 et
3207 3421 3380 3480 p0tcst
3404 3427 3543 3467 esse.

2095 3505 2182 3561 Vl.
2214 3505 2392 3561 Primo
2421 3520 2550 3576 ergo
2579 3506 2720 3564 Deus
2748 3515 2803 3561 et
2825 3519 2988 3576 super
3013 3523 3132 3576 qua:
3161 3516 3287 3562 sunt
3315 3513 3416 3571 est,
3455 3514 3508 3560 et
3529 3522 3618 3561 su-

2023 3613 2119 3668 per
2139 3614 2258 3669 quzc
2280 3613 2385 3654 non
2403 3607 2561 3661 sunt:
2583 3599 2780 3672 quippe
2804 3609 3090 3672 generator
3111 3600 3348 3670 ipsorum
3371 3607 3426 3656 et
3445 3608 3614 3670 pater,

2020 3691 2170 3762 juxta
2202 3691 2344 3762 quod
2399 3705 2557 3746 causa
2607 3702 2709 3746 est.
2744 3691 2946 3747 Deinde
2988 3694 3283 3748 secundum
3314 3693 3618 3763 generatio-

2024 3798 2147 3840 nem
2175 3797 2204 3838 a
2237 3783 2346 3840 Deo
2371 3793 2464 3839 aut
2490 3783 2784 3841 secundum
2822 3784 3196 3860 effectionetng
3228 3800 3346 3856 qum
3372 3794 3496 3840 sunt
3523 3799 3618 3854 ap-

1647 3921 2011 3980 VARIOBUM
2041 3922 2276 3982 NOTAS.

393 4043 462 4098 Et
499 4052 710 4114 prwstat
741 4058 833 4114 per
859 4038 1004 4114 inet].
1035 4055 1209 4113 gener.
1240 4037 1369 4114 Haec
1418 4036 1622 4094 Mabill.
1654 4050 1776 4112 pag.
1809 4036 1915 4106 22,

317 4133 438 4190 quae
465 4109 1060 4190 desuntinOrthodox'.
1091 4127 1212 4190 pag.
1245 4109 1372 4165 ὁδὶ.

390 4187 600 4242 Totum.
639 4186 786 4241 Hanc
812 4199 1000 4239 vocem
1048 4179 1294 4237 addimus
1323 4197 1388 4235 cx
1435 4179 1633 4236 Mabill.
1675 4180 1743 4236 Et
1793 4195 1918 4238 mox

323 4276 387 4316 ex
420 4259 634 4323 eodem,
666 4257 821 4312 Jesus
842 4267 1011 4310 autem
1037 4256 1206 4324 ipsum
1237 4255 1333 4307 hoc
1365 4262 1524 4307 totum
1542 4254 1615 4308 ὃν.

393 4331 732 4386 Omnimodis.
765 4330 855 4384 Sic
897 4327 1170 4383 Mahillon.
1206 4327 1273 4378 At
1301 4324 1601 4380 Orthodox.
1647 4325 1916 4391 omnibus,

315 4405 497 4461 minus
523 4413 686 4458 recte.
715 4401 834 4456 Mox
857 4415 956 4470 pro
974 4400 1140 4455 τέλεον
1168 4398 1283 4453 sive
1310 4397 1493 4454 τέλειον
1520 4396 1676 4470 habet
1708 4397 1912 4454 Mahill.

320 4479 621 4548 perfectum.
670 4473 738 4548 Et
765 4469 924 4548 paulo
970 4470 1249 4548 posthinc
1294 4479 1368 4524 est
1426 4469 1583 4538 ﬁlius,
1626 4469 1708 4522 hic
1753 4471 1917 4525 omnis

318 4541 486 4624 ἱόγρς,
514 4541 936 4624 pra-cedentibus
963 4541 1197 4597 omissis.

405 4619 550 4675 Vere.
583 4617 788 4674 Mabill.
823 4632 961 4670 vera.
1489 4627 1494 4632 -

394 4689 707 4748 Ill.——Esse.
739 4689 896 4744 Deest
919 4687 1020 4744 hoc
1039 4685 1262 4748 verbum
1285 4683 1338 4748 in
1364 4681 1688 4751 0rthodox.,
1705 4683 1800 4746 sed
1818 4684 1917 4746 hae

318 4765 413 4820 bet
438 4762 708 4818 Mahillon.

393 4835 460 4890 Et
492 4835 588 4888 Itoc
615 4834 884 4905 ipso,etc.‘
928 4829 1156 4905 Maliill.,
1189 4827 1296 4883 Sed
1325 4835 1429 4882 esto
1451 4831 1546 4905 hoc
1585 4827 1730 4896 ipso,
1777 4828 1915 4899 quod

319 4922 478 4962 causa
528 4899 684 4972 Sttpi'tt
717 4899 828 4959 vere
859 4899 932 4959 ὅν.
971 4903 1140 4956 Minus
1165 4909 1327 4965 recte,
1363 4907 1421 4954 ut
1445 4899 1696 4963 videtur;
1727 4916 1914 4972 quem-

318 4977 606 5034 admodum
639 4987 692 5031 et
721 4991 840 5048 qua:
869 4973 1388 5048 statimsequuntnr.

393 5041 783 5107 lV.—-0mnino
808 5044 1133 5101 omnimodis.
1157 5041 1463 5099 ’SieMabill.
1485 5041 1588 5098 Sed
1609 5041 1906 5100 Orthodox.

309 5127 470 5199 juxta
501 5123 838 5194 negationem,
871 5127 926 5172 ut
951 5118 1168 5191 privatio
1190 5117 1254 5170 sit
1292 5115 1572 5183 existentis,
1601 5127 1655 5171 ut
1677 5114 1911 5172 omnibus

319 5196 486 5250 modis
514 5211 616 5248 esse
643 5203 870 5265 negetur.

395 5266 462 5321 Et
493 5276 652 5337 potest
674 5258 796 5322 eice.
827 5263 952 5320 Haec
982 5261 1140 5318 habet
1161 5259 1360 5320 Habiti.
1391 5275 1511 5331 quae
1535 5258 1912 5318 desiderantur

319 5340 374 5396 in
404 5337 702 5394 Orthodox.

394 5410 508 5466 Est.
529 5409 688 5464 Forte
706 5423 832 5464 esse.

393 5481 608 5554 Eorum,
641 5489 747 5554 etc.
788 5478 1016 5554 Mabill.,
1045 5494 1220 5536 eorum
1239 5476 1372 5554 quia
1403 5486 1520 5534 sunt
1557 5493 1712 5532 causa
1741 5474 1795 5554 ὃν
1815 5493 1912 5554 αρε

357 5555 529 5610 ettare.
562 5553 780 5608 Rectius
808 5551 1024 5622 quidem
1047 5593 1060 5613 ,
1099 5561 1155 5606 ut
1203 5551 1434 5616 videtur,
1464 5565 1530 5604 ex
1559 5551 1913 5620 prmeedent'i-

357 5575 529 5610 ειιαι-ε.
563 5575 780 5608 ηεειιιιδ
808 5575 1024 5622 (ΙυΙυιΊΙΙ
1047 5593 1060 5613 ,
1099 5575 1155 5606 ιιι
1203 5575 1434 5616 νιυιςιυῑ,
1464 5575 1530 5604 cx
1560 5575 1907 5620 prazucucuu-

314 5575 436 5691 ﬁas,
463 5627 505 5679 si
535 5633 710 5679 tamen
741 5625 855 5678 hate
878 5624 956 5678 sic
985 5623 1348 5684 reformentur
1377 5638 1390 5677 :
1420 5638 1594 5676 eorum
1621 5636 1737 5688 oue
1759 5633 1907 5690 sunt,

313 5693 601 5768 causantiv
644 5696 926 5767 appellare.
970 5693 1170 5750 Verum
1215 5695 1346 5758 nihil
1386 5692 1524 5763 forte
1549 5693 1862 5765 mutandum
1889 5736 1905 5764 ,

313 5771 386 5828 ob
411 5784 472 5826 ea
499 5783 617 5843 qua:
640 5767 822 5826 statim
849 5777 1166 5842 sequuntur.

2093 4038 2431 4110 Supremum,
2462 4048 2566 4096 etc.
2596 4039 2686 4098 Sic
2715 4040 2912 4112 Mabill.
2951 4056 3109 4110 quem
3137 4042 3286 4112 sequi
3309 4042 3614 4100 maluimus.

2020 4107 2321 4172 Orthodox.
2348 4107 2475 4169 vero
2506 4113 2574 4168 ita
2592 4131 2616 4190 _:
2646 4113 2817 4175 Super
2839 4107 2891 4190 33
2922 4107 3079 4190 igitur
3101 4107 3239 4190 Deus
3267 4125 3373 4180 est;
3402 4125 3446 4169 et
3460 4120 3621 4190 juxta

2021 4201 2263 4259 earsuper
2309 4201 2425 4255 qua:
2466 4186 2636 4259 omnia
2675 4195 2746 4259 est
2774 4194 2844 4259 μή
2866 4179 2918 4259 ὃν
2940 4179 3086 4240 ὀειιε
3124 4187 3310 4259 dicitur
3340 4204 3358 4242 :
3387 4179 3487 4259 non
3531 4205 3619 4254 per

2021 4258 2352 4332 privationem
2383 4259 2491 4332 ejus
2520 4257 2742 4332 universi
2769 4255 2905 4326 quod
2940 4259 3030 4332 sit,
3067 4257 3157 4312 sed
3187 4270 3237 4312 nt
3269 4259 3412 4332 aliud
3439 4255 3490 4314 ὂν
3534 4261 3616 4328 ip-

2022 4327 2152 4405 Sum_
2165 4329 2300 4394 quod
2321 4327 2493 4405 αι’μὴ
2521 4327 2594 4405 ὃν,
2610 4332 2772 4405 juxta
2799 4336 2891 4405 τρῦ
2912 4336 2980 4404 μὴ
3005 4327 3165 4392 ὄντος,
3189 4334 3256 4386 τὰ
3276 4337 3344 4405 μή
3369 4328 3510 4398 ὄντα,
3533 4327 3618 4388 καὶ

2027 4397 2476 4475 μή-ξνταεικαὶεὶὴ
2504 4397 2696 4475 ἀληθῶς
2727 4407 2796 4475 μὴ
2820 4397 2959 4458 guttat-
3090 4473 3098 4475 _
3178 4472 3188 4475 _
3276 4397 3285 4405 I
3389 4473 3397 4475 ,

2097 4471 2534 4544 V.—-Vermitest
2565 4473 2675 4544 igit.
2720 4471 2851 4529 lleic
2893 4475 2944 4528 in
2987 4472 3285 4530 Orthodox.
3319 4473 3420 4529 sub
3456 4474 3616 4540 linem

2023 4558 2143 4615 pag.
2170 4543 2300 4610 462,
2335 4545 2484 4618 plura
2504 4543 2793 4618 occltrrunt
2825 4561 3101 4616 perperam
3127 4546 3472 4616 transposita,
3495 4564 3615 4618 qua:

2022 4625 2268 4690 spectare
2296 4616 2590 4672 noscuntur
2617 4616 2683 4672 ad
2717 4616 2819 4690 §9,
2854 4629 2908 4671 ut
2933 4618 2998 4670 atl
3028 4618 3344 4690 enmlocnm
3372 4616 3616 4674 monebi-

2025 4703 2165 4742 tnus.
2213 4688 2378 4743 Recte
2409 4704 2536 4743 vero
2579 4688 2872 4758 procedunt
2919 4689 3097 4742 omnia
3150 4688 3201 4743 in
3230 4689 3358 4745 edit.
3408 4691 3614 4748 Mahill.

1945 4768 1997 4828 Ι)
2025 4760 2112 4832 ubi
2136 4775 2256 4832 qua:
2287 4759 2387 4815 hoc
2415 4761 2514 4816 loci
2546 4761 2811 4829 leguntur,
2842 4772 3027 4815 extant
3059 4776 3178 4832 pag.
3206 4761 3311 4831 ‘22,
3347 4763 3398 4817 in
3421 4761 3616 4819 Ortho-

2021 4830 2352 4888 dox.'antem
2379 4847 2500 4906 pag.
2542 4833 2679 4898 465,
2708 4832 2848 4887 citca
2879 4830 3133 4888 medium.

2087 4933 2186 4981 Τοῦ
2214 4922 2287 4998 ὄν.
2323 4927 2412 4982 Sic
2445 4925 2747 4998 Ortltodox.
2779 4926 2942 4982 Forte
2980 4933 3072 4983 τοῦ
3103 4924 3267 4990 ὄντος.
3323 4928 3428 4998 Sed
3481 4928 3614 4985 nihil

2015 5009 2184 5071 muto.
2207 4997 2472 5054 Cteternm
2497 4997 2765 5054 Mabillon.
2806 5001 2877 5053 ita
2908 5018 2920 5052 :
2962 4999 3146 5054 Verum
3173 5012 3243 5054 est
3273 5001 3430 5071 igitur
3451 5001 3616 5055 dicere

2019 5069 2405 5144 Deuntpatrem
2432 5087 2539 5125 esse
2556 5113 2571 5138 ,
2601 5079 2648 5125 et
2679 5073 2836 5144 juxta
2857 5089 3068 5127 causam
3088 5087 3195 5127 esse
3226 5082 3272 5127 et
3297 5069 3478 5128 eorum
3499 5089 3615 5144 qua:

2013 5153 2153 5196 sunt.
2184 5143 2470 5208 Voltmtate,
2503 5151 2608 5198 etc.

2089 5235 2158 5289 Et
2186 5246 2302 5289 sunt
2331 5247 2375 5290 et
2404 5238 2665 5303 dicuntur,
2690 5245 2736 5290 et
2762 5245 2880 5292 ante
2897 5253 3069 5308 gener.
3105 5237 3233 5293 Hzec
3255 5237 3451 5293 desunt
3473 5238 3613 5307 apud

2016 5308 2288 5365 Mabillon.
2332 5323 2450 5380 pag.
2484 5309 2577 5375 25,
2627 5310 2973 5379 exseriploris
3005 5308 3170 5378 vitio,
3217 5309 3292 5364 ob
3330 5311 3610 5380 repetitam

2018 5381 2429 5454 scilicetivocem
2454 5381 2996 5454 generationem.Quae
3016 5382 3144 5436 item
3172 5381 3352 5436 statim
3377 5397 3614 5454 sequun-

2017 5463 2104 5509 tur
2131 5453 2326 5508 ibidem
2348 5495 2364 5522 ,
2397 5455 2574 5508 minus
2603 5464 2747 5509 recte
2767 5463 3250 5524 reprtesentantur.

2093 5547 2182 5604 VI.
2204 5577 2275 5586 -
2305 5545 2622 5614 Generator,
2663 5556 2766 5602 etc.
2804 5547 2893 5603 Sic
2913 5546 3184 5604 Mabillnn.
3212 5548 3280 5602 At
3309 5546 3608 5604 Orthodox.

2013 5630 2284 5693 generator
2313 5629 2385 5672 est
2404 5662 2418 5684 ,
2455 5628 2511 5693 et
2525 5629 2668 5689 pater
2685 5629 2790 5693 est,
2815 5621 2966 5693 juxta
2998 5620 3050 5673 id
3076 5618 3213 5689 quod
3233 5627 3405 5693 causa.

2089 5691 2445 5758 liliectionem.
2498 5691 2648 5746 llanc
2681 5691 2887 5746 Matbill.
2915 5691 3201 5748 lectionem
3233 5690 3391 5756 alteri
3417 5692 3614 5750 Ortho-

2013 5764 2138 5832 dox.
2166 5762 2453 5835 eiectorem
2486 5762 2836 5842 praetulimus.
