4024 6306
420 184 560 243 I025

1649 183 1842 242 MARII
1889 182 2225 242 \‘ICTORINI
2278 187 2442 244 AFRI

3585 196 3732 254 1024

343 375 356 380 _
418 308 730 374 paruerunt.
772 301 1150 375 Apparuerunt
1193 310 1372 358 autem
1402 309 1455 357 et
1481 306 1550 375 pri
1588 299 1735 358 ὄντα.
1768 301 2010 372 Ipsorum
2039 305 2090 366 Α
2118 313 2266 371 sunt,
2296 320 2403 360 non
2433 320 2554 377 qua:
2582 322 2713 364 vere
2739 317 2882 363 sunt.
2911 309 3105 366 Anima
3135 310 3297 382 igitur
3315 313 3733 384 comprehendit
3809 295 3818 306 ’

419 404 598 452 autem
629 411 751 468 qua:
787 408 950 462 sunt,
998 397 1099 452 alia
1127 405 1254 452 sunt
1282 411 1407 452 vere
1431 411 1552 467 quae
1579 404 1735 461 sunt,
1769 396 1872 451 alia
1894 412 2012 468 qua:

421 498 568 552 sunt,
590 489 693 544 alia
723 505 843 560 qure
860 505 966 545 non
991 505 1116 546 vere
1144 505 1248 546 non
1277 497 1422 557 sunt,
1453 487 1556 544 alia
1584 504 1704 560 qua:
1731 504 1836 544 non
1865 498 2008 543 sunt.

425 583 494 638 At
519 580 611 637 illa
647 584 768 653 qua:
792 595 920 637 vere
951 597 1056 636 non
1087 591 1232 648 sunt,
1265 596 1368 635 non
1398 579 1588 651 recipit
1617 580 1670 635 in
1698 595 1819 636 esse
1845 580 2017 651 pleni-

424 676 556 732 tudo
587 676 700 732 Dei.
728 675 886 732 Juxta
913 676 1055 730 enim
1081 675 1131 730 id
1153 674 1294 746 quod
1327 684 1408 730 est
1437 689 1581 742 esse,
1609 683 1664 731 et
1688 675 1739 730 id
1765 675 1908 746 quod
1935 685 2018 732 est

424 769 605 840 aliquo
631 768 791 824 modo
821 782 960 833 esse,
997 767 1269 838 plenitudo
1302 768 1415 823 Dei.
1443 767 1726 823 Plenitudo
1755 769 1900 824 enim
1936 778 2018 823 est

424 875 488 943 τῇ
514 866 639 941 μόνῃ
665 867 879 940 lippirem
901 864 1165 919 existente
1196 863 1247 917 in
1278 863 1628 933 intelligentia
1661 878 1848 920 eorum
1899 877 2019 934 qua:

425 973 553 1013 vere
582 972 686 1012 non
717 965 842 1012 sunt
874 973 888 1010 :
921 972 1040 1027 qua:
1070 955 1221 1026 juxta
1249 956 1665 1028 subjectionem,
1694 956 1762 1012 ab
1795 957 1875 1012 his
1902 971 2021 1028 qua:

427 1066 536 1108 non
578 1065 702 1106 vere
748 1049 963 1121 quidem
1012 1061 1156 1105 sunt.
1190 1049 1431 1118 Quodam
1465 1059 1644 1106 tamen
1696 1051 1857 1107 modo
1904 1057 2023 1113 νοῦς

428 1153 618 1200 cuncta
674 1143 933 1215 incipiens
957 1185 972 1212 ,
1020 1143 1308 1216 imaginata
1339 1152 1420 1201 est
1455 1145 1597 1201 circa
1630 1144 1682 1200 id
1726 1143 1868 1216 quod
1897 1158 2024 1201 vere

431 1252 538 1295 IIOII
569 1247 671 1294 05L

504 1332 616 1389 VII.
647 1332 782 1388 Audi
809 1333 1259 1405 quemadmodum
1286 1332 1428 1390 dico.
1459 1335 1594 1391 Sunt
1615 1335 1858 1406 quredam
1884 1338 2026 1407 ejus-

429 1426 598 1492 modi,
625 1442 747 1496 quae
777 1436 905 1481 sunt
935 1435 1121 1481 natura
1154 1427 1457 1496 manifesta,
1486 1428 1627 1483 sicut
1661 1444 1779 1498 qua:
1809 1438 1934 1484 sunt
1973 1438 2027 1485 et

429 1519 613 1576 omnia
644 1519 1048 1590 supercuelestia
1079 1537 1092 1574 :
1122 1529 1179 1573 ut
1223 1521 1284 1576 τὸ
1334 1526 1560 1594 πνεῦμα,
1608 1525 1695 1577 καὶ
1731 1511 1774 1578 ’ὅ
1811 1529 1951 1590 νοῦς,
1996 1524 2028 1582 ri

432 1615 610 1689 ψυχή,
641 1617 698 1673 τὸ
720 1615 906 1690 νόημα,
934 1617 965 1675 ἡ
994 1614 1229 1684 παιδεία,
1257 1618 1288 1675 ἡ
1315 1619 1495 1694 ἁρετὴ,
1527 1617 1720 1691 ὁλόγος
1745 1660 1759 1685 ,
1810 1618 2025 1688 Opinio,

2119 413 2241 469 quae
2267 414 2392 455 vere
2427 409 2552 456 sunt
2581 419 2593 456 :
2625 402 2876 472 quoniam
2918 405 2960 458 si
3003 403 3310 476 ingreditur
3337 414 3454 471 νοῦς
3499 408 3554 464 in
3603 410 3729 463 ani-

2121 506 2261 546 mam
2313 491 2767 561 intellectualem,
2843 497 3252 566 comprehendit
3311 499 3436 556 item
3496 511 3552 557 et
3602 498 3733 560 ὄντα

2121 587 2310 648 ἀληθῶς
2355 587 2640 658 :intelligit
2678 589 2819 644 enim
2865 591 3040 645 anima
3073 593 3325 662 quoniam
3371 594 3549 649 anima
3591 606 3729 652 est:

2122 689 2175 734 et
2215 679 2292 734 sic
2318 680 2384 735 ab
2418 681 2480 736 iis
2508 681 2563 754 ἃς
2582 683 2770 746 ἀληθῶς
2796 681 2919 742 ὅντα
2942 689 3040 742 εἰσὶ
3059 727 3073 753 ,
3108 686 3457 759 intelligentia
3495 689 3734 746 efﬁcitur

2124 787 2309 829 eorum
2350 789 2470 844 qua:
2510 785 2655 831 sunt.
2707 777 2780 831 At
2825 793 2952 833 vero
2991 779 3092 833 alia
3134 795 3253 850 ane
3299 797 3404 836 non
3451 797 3581 838 vere
3621 799 3732 839 non

2125 875 2269 933 sunt,
2302 875 2354 920 et
2381 881 2500 936 quae
2529 881 2630 922 non
2659 879 2803 936 sunt,
2836 870 2906 923 ab
2934 869 3050 926 istis
3080 871 3485 944 intelligentiam
3507 883 3737 931 sumunt

2127 972 2222 1029 per
2271 961 2686 1016 conversionem
2737 962 3106 1034 intelligentia:
3149 972 3240 1023 τοῦ
3284 962 3449 1029 ὄντος.
3517 967 3736 1023 Etenim

2127 1070 2234 1110 non
2263 1055 2574 1127 intelligitur
2602 1058 2658 1114 τὸ
2687 1063 2758 1130 pri
2779 1054 2830 1114 ὃν
2851 1058 3146 1114 secundum
3169 1060 3310 1130 quod
3339 1075 3445 1116 non
3476 1077 3575 1117 ens
3602 1061 3737 1118 :sed

2121 1151 2273 1223 juxta
2295 1154 2354 1208 τὸ
2377 1147 2429 1208 ὃν
2453 1151 2763 1224 intelligitur
2783 1155 2926 1226 τὸμὴ
2951 1151 3022 1209 ὂν.
3047 1153 3320 1225 Accipitur
3339 1169 3468 1227 ergo
3485 1158 3545 1213 τὸ
3565 1163 3637 1228 pri
3658 1155 3735 1225 ὃν,

2128 1249 2278 1320 quasi
2308 1247 2552 1319 qumdam
2581 1248 2953 1303 exterminatio
2992 1256 3080 1306 τοῦ
3123 1247 3282 1313 ὄντος.
3333 1250 3733 1307 Exterminatio

2130 1350 2308 1397 autem
2356 1342 2698 1411 iuliguratum
2738 1340 3005 1412 quoddam
3053 1351 3158 1406 est,
3193 1352 3248 1397 et
3300 1358 3404 1398 non
3435 1352 3520 1399 est
3567 1353 3624 1399 ut
3655 1341 3735 1400 ὅν.

2131 1433 2304 1490 Omne
2324 1434 2466 1489 enim
2487 1436 2546 1490 τὸ
2569 1434 2622 1490 ὃν
2645 1434 2694 1489 in
2721 1434 3002 1490 existentia
3032 1435 3116 1490 vel
3155 1435 3412 1505 qualitate
3446 1435 3736 1508 ﬁguratum

2131 1537 2186 1584 et
2217 1529 2532 1583 .vultuatum
2585 1536 2684 1582 est.
2758 1526 3101 1598 Inliguratum
3169 1541 3386 1593 autem,
3461 1529 3737 1600 quoddam

2132 1619 2331 1690 aliquid
2360 1629 2480 1676 est:
2513 1619 2632 1676 ideo
2675 1622 2733 1678 τὸ
2771 1627 2841 1694 pri
2881 1619 2934 1677 ὃν
2976 1621 3176 1692 aliquid
3201 1621 3603 1692 quodammodo
3625 1634 3734 1681 est.

433 1709 718 1782 perfectio,
752 1710 1038 1777 sententia,
1063 1711 1188 1775 vita,
1223 1711 1571 1781 intelligentia
1603 1729 1614 1764 :
1648 1720 1702 1766 et
1729 1711 1904 1766 adhuc
1931 1727 2023 1766 su-
2057 1721 2105 1782 B
2130 1714 2266 1771 Sunt
2304 1730 2433 1784 ergo
2462 1717 2527 1770 τὰ
2550 1720 2619 1776 pri
2659 1713 2779 1771 ὄντα
2808 1732 2821 1768 :
2853 1725 2908 1770 et
2938 1714 3058 1770 ideo
3097 1713 3257 1770 etiam
3290 1725 3413 1770 sunt
3459 1731 3582 1786 quae
3608 1731 3739 1773 vere

435 1804 651 1874 pet-ius,
703 1801 1145 1879 existentialitas,
1182 1791 1443 1874 vitalitas,
1498 1802 1940 1879 intelligentitas:
1973 1812 2028 1858 et

435 1897 612 1952 adhuc
655 1912 818 1967 super
846 1898 1023 1952 omnia
1066 1899 1162 1953 ista
1185 1940 1198 1963 ,
1228 1896 1281 1954 ὂν
1305 1898 1452 1971 μόνον
1484 1914 1496 1951 :
1529 1906 1582 1952 et
1612 1897 1749 1952 istud
1777 1894 1804 1952 ὅ
1833 1899 1945 1954 ἐστι
1976 1895 2027 1952 ἓν

435 1995 584 2066 μόνον
627 1990 702 2049 ὄν.
747 1993 802 2048 In
845 1993 944 2049 ista
972 1993 1016 2048 si
1039 1995 1179 2066 ἡμῶν
1206 1999 1324 2056 νοῦς
1353 2002 1500 2048 recte
1531 1991 1850 2064 ingreditur,
1882 2007 2030 2048 com-

438 2085 719 2158 prehendit
749 2087 846 2141 ista
873 2095 927 2142 et
955 2087 1022 2141 ab
1047 2085 1130 2141 his
1159 2087 1418 2141 l'ormalur
1443 2103 1456 2140 :
1487 2095 1540 2142 et
1574 2095 1678 2141 stat
1725 2085 2030 2157 intelligen-

438 2183 530 2250 tia,
555 2181 667 2253 jam
711 2196 814 2236 non
843 2181 895 2235 in
919 2180 1234 2237 centusione
1256 2181 1613 2252 inquisitionis
1639 2181 1896 2238 existens.
1923 2180 2030 2237 Sed

437 2277 689 2348 quoniam
719 2275 1067 2347 intelligentia
1099 2275 1218 2330 talis
1247 2276 1317 2331 de
1342 2276 1513 2332 altero
1542 2283 1645 2344 est,
1677 2274 2033 2346 comprehen-

441 2373 524 2429 sio
558 2381 613 2428 et
651 2371 892 2428 deﬁnitio
920 2371 1164 2443 quaedam
1214 2371 1467 2426 efﬁcitur.
1520 2371 1640 2428 Alia
1686 2369 1809 2428 ὄντα
1855 2372 2029 2429 solum

440 2461 564 2522 ὅντα
589 2480 710 2520 esse
739 2464 1086 2535 intelligimus
1120 2484 1132 2520 :
1157 2464 1410 2535 quoniam
1431 2465 1483 2520 in
1509 2480 1576 2521 eo
1607 2464 1750 2536 quod
1777 2464 2033 2537 quidquid

443 2557 548 2613 tale
575 2567 656 2614 est
676 2597 691 2624 ,
737 2557 960 2612 alterius
987 2566 1070 2614 est
1099 2567 1153 2612 et
1181 2557 1320 2611 aliud
1340 2599 1354 2620 .
1386 2567 1444 2612 ut
1476 2557 1836 2614 intellectuale
1859 2557 1926 2614 ad
1954 2559 2038 2614 in-

443 2652 775 2710 tellectibilc.
827 2653 970 2725 Ergo
1008 2652 1392 2709 intelleCtibilia
1438 2664 1565 2709 sunt
1622 2669 1682 2710 ea
1735 2670 1854 2727 qua:
1909 2671 2035 2710 vere

443 2760 568 2806 sunt
598 2768 608 2804 :
642 2751 744 2806 alia
776 2767 895 2822 qua:
925 2758 1127 2806 tantum
1156 2759 1300 2817 sunt,
1336 2750 1734 2806 intellectualia.
1769 2750 1905 2806 Sunt
1943 2766 2038 2804 au-

447 2853 552 2899 tem
577 2845 676 2898 ista
702 2845 903 2911 omnia,
937 2843 1235 2899 animarum
1264 2843 1316 2900 in
1353 2853 1541 2899 natura
1573 2843 2034 2907 intcllectualium,

447 2939 683 2994 nondum
717 2939 1048 2995 intellectum
1091 2938 1434 3003 habentium;
1482 2954 1601 3008 qua:
1643 2947 1798 3004 sunt,
1847 2937 1944 2992 sed
1971 2937 2036 2992 ad

447 3032 853 3104 intelligentiam
892 3031 1317 3088 accommodata.
1349 3031 1626 3094 Excitatus
1651 3032 1792 3086 enim
1842 3030 1892 3085 in
1923 3029 2038 3085 ani-

2134 1824 2239 1864 non
2261 1818 2386 1864 sunt
2418 1819 2507 1864 :et
2535 1809 2741 1880 potiora
2761 1821 2884 1864 sunt
2909 1809 2974 1864 ad
2999 1809 3049 1865 id
3077 1810 3222 1881 quod
3250 1820 3333 1866 est
3359 1825 3504 1877 esse,
3527 1826 3592 1867 ea
3615 1828 3739 1883 qua:

2131 1917 2238 1957 non
2266 1917 2392 1958 vere
2419 1917 2524 1956 non
2553 1912 2714 1968 sunt,
2748 1917 2907 1973 quam
2938 1919 3057 1973 qure
3085 1909 3156 1977 pri
3182 1901 3307 1962 ὄντα
3333 1914 3479 1961 sunt.
3507 1904 3740 1977 Pr0pter

2131 1997 2274 2068 quod
2325 1996 2553 2053 edicitur
2603 2007 2702 2054 τῶν
2724 1994 2879 2056 ὄντων
2914 1998 3132 2070 quidam
3171 1999 3429 2056 naturalis
3457 2001 3595 2057 ordo
3644 2009 3736 2058 τοῦ

2134 2089 2294 2159 ὄντος,
2318 2095 2382 2149 τὰ
2407 2089 2549 2150 ὄντα.

2205 2185 2295 2242 IX.
2330 2186 2572 2242 Diximus
2623 2201 2752 2256 ergo
2801 2201 2920 2258 quae
2949 2195 3105 2252 sunt,
3135 2196 3192 2244 et
3224 2187 3385 2242 etiam
3434 2203 3555 2260 qua:
3607 2204 3739 2246 vere

2133 2286 2276 2335 sunt.
2310 2278 2560 2334 Dicamus
2592 2294 2732 2333 nunc
2759 2294 2878 2350 quae
2909 2279 3020 2334 sint
3043 2294 3163 2350 qum
3202 2294 3330 2336 vere
3354 2296 3461 2337 non
3491 2289 3648 2348 sunt,
3683 2290 3739 2339 et

2135 2388 2256 2444 qua:
2281 2372 2390 2427 sint
2412 2388 2529 2444 qum
2556 2387 2661 2427 non
2694 2381 2841 2428 sunt.

2207 2466 2560 2538 Intelligibilis
2603 2477 2658 2523 et
2698 2467 3075 2524 intellectualis
3119 2483 3242 2525 cum
3295 2468 3366 2524 sit
3405 2469 3502 2524 Dei
3544 2483 3743 2528 esscin-

2139 2562 2211 2618 tia
2269 2571 2324 2620 et
2399 2562 2670 2633 potentia,
2712 2561 2859 2630 juxta
2909 2561 3311 2634 intelligentiam
3371 2573 3746 2635 apparuerunt

2137 2666 2330 2712 cuncta
2352 2671 2472 2725 qua:
2495 2664 2639 2711 sunt.
2661 2655 2767 2712 Sed
2785 2656 3131 2727 intelligentia
3147 2657 3433 2728 dupliciter
3448 2669 3742 2729 operatur:

2139 2761 2234 2802 sua
2266 2747 2477 2818 propria
2513 2751 2746 2817 potentia
2792 2748 3136 2804 intellectuali
3162 2791 3178 2817 ,
3206 2759 3261 2806 et
3281 2749 3434 2820 juxta
3464 2750 3752 2806 limitatio-

2141 2854 2264 2895 netn
2297 2839 2648 2910 intelligendi.
2683 2841 2844 2896 etiam
2869 2855 3052 2897 sensu.
3086 2842 3292 2899 Rursus
3321 2853 3499 2898 autem
3525 2858 3746 2912 sensus,

2141 2934 2485 2990 simulacrum
2555 2949 2674 2990 cum
2739 2936 2810 2990 sit
2870 2935 3122 2992 intellecti
3204 2945 3262 2992 et
3329 2935 3750 2993 limitamentum

2143 3027 2493 3099 intelligendi,
2509 3028 2551 3082 si
2567 3027 2797 3098 perfecte
2812 3030 3037 3099 percipit
3049 3030 3416 3101 operationem
3431 3031 3745 3104 intelligen—

447 3127 577 3182 maé
603 3133 754 3193 νοῦς,
802 3127 1217 3183 intellectualem
1259 3125 1553 3200 potentiam
1585 3125 1778 3180 anima:
1808 3125 2039 3180 illustrat
2065 3135 2110 3197 ρ
2145 3122 2229 3176 tiae
2254 3137 2371 3192 quae
2398 3123 2547 3176 illum
2597 3121 2850 3177 fortiﬁcat
2877 3124 2932 3178 in
2961 3124 3171 3194 operari
3204 3135 3366 3195 atque
3407 3141 3587 3196 agere,
3622 3125 3748 3180 elli-

448 3231 503 3276 et
534 3222 834 3286 illuminat,
871 3231 926 3277 et
953 3221 1286 3277 intellectuat
1317 3235 1379 3276 ac
1407 3222 1596 3291 tignrat
1621 3239 1632 3274 :
1661 3227 1716 3275 et
1745 3219 2041 3274 innascitur

449 3318 643 3371 animze
674 3315 1024 3386 intelligentia
1054 3325 1214 3386 atque
1246 3315 1518 3386 perfectio.
1566 3311 1771 3369 Idcirco
1813 3321 1868 3368 et
1915 3313 2043 3368 sub-

451 3411 648 3466 stantia
668 3410 862 3465 dicitur
881 3411 1083 3479 anima,
1114 3411 1365 3478 quoniam
1395 3411 1571 3465 omnis
1601 3409 1898 3464 substantia
1917 3407 2044 3463 sub-

446 3503 648 3576 jectum
689 3513 792 3560 est.
834 3503 1144 3574 Subjectttm
1181 3513 1361 3560 autem
1391 3503 1545 3559 alteri
1573 3502 1732 3558 alicui
1765 3502 2042 3573 subjacet:

459 3598 696 3669 suhjacet
737 3607 917 3654 autem
967 3598 1143 3653 anima
1189 3605 1262 3673 τῷ
1307 3597 1429 3665 νόει,
1483 3605 1536 3653 et
1584 3598 1836 3669 πνεύματι
1862 3595 1990 3670 ἁγίῳ
2017 3597 2048 3655 ἡ

461 3691 680 3768 ὕπαρξις
708 3700 800 3755 τῆς
825 3691 1031 3765 ψυχῆς.
1060 3690 1366 3747 Substantia
1392 3691 1551 3762 igitur
1571 3689 1771 3744 anima.

532 3783 667 3840 VIII.
695 3783 888 3840 Omnia
931 3799 1059 3856 ergo
1088 3799 1208 3856 qure
1257 3783 1469 3854 animae.
1496 3791 1658 3853 sunt,
1709 3783 1883 3839 solum
1929 3778 2055 3838 ὄντα

2142 3217 2281 3270 citur
2319 3231 2509 3271 sensus
2555 3216 2887 3288 propinquus
2916 3226 3075 3288 atque
3103 3217 3310 3273 vicinus
3353 3234 3500 3288 purae
3549 3218 3754 3274 intelli-

2142 3309 2356 3380 gentiae.
2393 3308 2458 3364 Et
2483 3311 2581 3364 ista
2619 3321 2696 3364 est
2718 3325 2837 3380 qua:
2865 3310 3104 3367 caelestia
3143 3310 3577 3381 comprehendit,
3601 3321 3659 3367 et
3688 3326 3754 3367 ea

2149 3419 2269 3473 qua:
2304 3404 2359 3458 in
2401 3403 2624 3470 aethere,
2660 3411 2714 3458 et
2745 3418 2810 3458 ea
2844 3419 2963 3474 qua:
3010 3404 3063 3459 in
3110 3412 3298 3460 natura
3335 3414 3390 3459 et
3424 3420 3486 3460 ea
3539 3419 3663 3475 qua:
3701 3406 3758 3461 in

2151 3497 2244 3573 ὕλῃ
2271 3497 2559 3568 gignuntur
2579 3505 2633 3551 et
2659 3496 3036 3567 regignuntur,
3076 3508 3129 3551 ct
3151 3497 3257 3552 alia
3285 3496 3591 3568 hujusmodi
3615 3512 3752 3569 quo—

2155 3607 2271 3647 rum
2313 3600 2393 3647 est
2431 3591 2664 3662 potentia
2687 3591 2738 3646 in
2761 3591 2993 3646 sensuali
3014 3588 3365 3662 intelligentia
3402 3599 3497 3648 :et
3517 3600 3600 3646 est
3620 3590 3754 3646 illud

2155 3701 2277 3743 esse
2298 3684 2692 3756 quodammodo
2713 3699 2832 3740 esse
2853 3693 2908 3740 et
2929 3701 3033 3740 non
3056 3699 3195 3741 esse.
3219 3684 3428 3742 Caelum
3454 3685 3680 3753 etenim,
3701 3693 3760 3741 et

2159 3781 2341 3837 omnia
2368 3781 2421 3835 in
2452 3794 2542 3847 eo,
2567 3789 2618 3835 et
2651 3777 2930 3836 universus
2969 3778 3200 3835 mundus
3225 3794 3293 3836 ex
3323 3780 3416 3856 ὕλῃ
3451 3780 3760 3836 consistens

1796 3921 2160 3981 VARIORUM
2199 3920 2428 3978 ΝΟΤιΕ.

531 4044 648 4099 Alia
671 4059 786 4113 qua:
809 4059 910 4099 non
931 4059 1046 4098 vere
1063 4059 1165 4097 non
1191 4052 1326 4098 sunt.
1362 4041 1434 4097 Ita
1460 4041 1589 4097 edit.
1615 4039 1819 4114 Mahill.
1846 4047 1916 4114 μὴ
1933 4042 2051 4114 ἀλῃ-

458 4119 555 4178 οῶς
584 4122 655 4191 pri
685 4111 824 4182 ὄντα,
853 4126 912 4171 ut
938 4115 1080 4191 infra
1108 4115 1575 4191 ipseniet__attctor.
1609 4111 1911 4191 Ortbodo‘x‘.
1931 4112 2055 4191 alia

459 4184 691 4259 qute'non
724 4205 838 4242 vere
865 4197 1001 4243 sunt.
1038 4184 1155 4259 Mox
1189 4187 1387 4242 Mabill.
1419 4187 1596 4259 minus
1636 4193 1783 4241 recte
1813 4202 1826 4236 :
1863 4184 2056 4259 Adilla

460 4255 634 4316 I—non
661 4262 847 4331 recepit
864 4257 1234 4316 esse—Juxta
1253 4259 1386 4313 enim
1414 4258 1549 4330 quod
1573 4266 1644 4312 est
1661 4273 1787 4325 esse,
1812 4266 1858 4311 et
1882 4255 2055 4328 aliqua

461 4334 613 4388 modo
647 4351 754 4389 esse
775 4333 1061 4403 plenitudo.

534 4415 612 4486 Τῇ.
635 4408 761 4486 μόνῃ
775 4400 1006 4481 ἐμφάσει
1027 4404 1289 4459 existente.
1309 4401 1536 4469 Mabill.,
1559 4400 1670 4456 sola
1687 4401 1917 4473 emphasi
1947 4401 2057 4457 exi-

464 4481 675 4533 stentiaz.

538 4550 934 4625 Salijeclioneni.
967 4547 1288 4625 Ortho_d_o._x.,
1321 4543 1587 4625 subjectio.
1622 4542 1702 4625 {in
1720 4543 2055 4625 subiectum?

539 4615 966 4691 VIN—Quodam
987 4631 1110 4675 tam.
1137 4619 1267 4676 lleic
1285 4615 1441 4690 plane
1465 4616 1697 4672 cmcutiit
1720 4615 2057 4672 Mahillonia-

466 4710 567 4750 nus
591 4698 910 4763 cxscriptor.

543 4759 826 4824 Sententia.
861 4764 1059 4821 Mabill.
1088 4763 1371 4818 existentia.
1402 4761 1578 4832 Atque
1605 4759 1910 4830 hujusmodi
1953 4761 2060 4815 lec-

470 4842 542 4896 tio
573 4839 878 4895 cunlirmari
912 4836 1123 4890 videtur
1150 4852 1213 4890 ex
1255 4836 1319 4891 iis
1348 4850 1467 4904 quae
1497 4843 1826 4903 sequuntur,
1863 4847 2064 4902 praece-

469 4912 718 4966 dentibus
743 4910 946 4974 al‘tinia,
977 4908 1227 4963 nimirum
1274 4921 1750 4963 EXISTENTIALITAS
1771 4947 1786 4973 ,
1817 4905 2060 4971 vitalitas,

469 4983 875 5055 intelligentitas.

547 5046 692 5110 Ess'e.
726 5055 801 5108 Ex
825 5051 1025 5108 Mabill.
1063 5052 1199 5106 hanc
1219 5066 1404 5106 vocem
1423 5065 1608 5105 sumus
1639 5047 1863 5104 mutuati
1883 5067 1898 5104 :
1919 5046 2058 5119 apud

471 5143 630 5199 quem
657 5137 831 5199 tamen
859 5124 1085 5199 deesset
1102 5122 1441 5199 subsequens
1467 5122 1818 5194 intelligimus.

547 5198 700 5253 Enim
729 5197 864 5252 Male
893 5197 944 5251 in
973 5194 1271 5249 Orthodox.
1299 5204 1390 5248 est.

548 5269 897 5325 Intellectuat.
925 5266 1507 5330 Mahil!on.,invii/luat.
1537 5264 1789 5320 Fortasse
1819 5265 2059 5321 rectius:

473 5344 551 5403 sic
575 5343 718 5397 enim
752 5340 889 5396 infra
922 5341 949 5412 §
977 5339 1029 5408 8,
1071 5339 1212 5410 loqui
1243 5350 1388 5392 amat
1435 5347 1659 5393 auctor:
1691 5338 1970 5409 ﬁguratum
2018 5347 2064 5392 et

472 5416 755 5470 vultuolum
773 5422 847 5468 est
856 5453 870 5466 .

548 5486 734 5540 Alieni.
761 5484 986 5545 Mabill..
1015 5481 1204 5537 alicubi
1235 5501 1246 5534 :
1281 5479 1420 5551 quod
1446 5495 1552 5536 non
1576 5479 1770 5551 placet.
1799 5481 1920 5536 Mox
1939 5496 2068 5536 vero

475 5559 695 5632 ibidem,
725 5566 800 5632 τῷ
824 5557 926 5615 νόει
957 5565 1000 5612 et
1032 5555 1236 5627 spiritui
1266 5553 1544 5609 dumtaxat
1565 5554 1612 5624 ,ζ
1614 5553 1832 5626 reliquis
1863 5551 2068 5610 Graecis

476 5644 713 5686 OIIIISSIS.

478 5712 494 5826 ἰ
550 5700 850 5829 ιὲώῖιαᾶιιὶα
880 5701 1033 5772 igitur
1058 5699 1248 5754 anima.
1282 5697 1406 5756 llaec
1428 5696 1704 5755 Mabillon.
1732 5712 1850 5770 qua:
1875 5695 2069 5754 desunt

503 5791 532 5829 II
609 5784 653 5828 τι
679 5787 728 5829 I0
771 5786 856 5828 οκδ

503 5791 532 5829 ιι
560 5784 856 5830 υτιιιοαοκ.

2236 4040 2374 4097 VIII.
2408 4071 2480 4081 —-
2511 4039 2699 4095 Omnia
2727 4055 2848 4113 ergo
2869 4057 3070 4113 A—Anon
3101 4056 3216 4113 quae
3239 4056 3351 4096 uere
3365 4049 3503 4097 sunt.
3531 4039 3659 4097 ch
3685 4051 3770 4098 est

2161 4113 2317 4169 lectio
2348 4113 2624 4168 Mabillon.
2669 4114 2736 4186 ᾼι
2765 4099 3093 4178 Orthodox.,
3113 4099 3316 4168 'Omnia
3344 4129 3465 4186 ergo
3490 4130 3608 4184 quer
3651 4124 3770 4169 sunt

2163 4195 2210 4241 et
2233 4186 2438 4250 animae,
2469 4187 2634 4239 solum
2673 4181 2795 4241 ὄντα
2821 4193 2958 4250 sunt,
2991 4201 3104 4255 qua?
3125 4201 3226 4239 non
3255 4202 3371 4241 uere
3401 4181 3548 4242 sum.
3578 4186 3770 4242 Statim

2162 4273 2291 4313 vero
2327 4257 2529 4312 Mahill.
2560 4257 2744 4311 Anima
2771 4257 2925 4328 igitur
2954 4273 3057 4312 non
3080 4275 3237 4313 causa
3266 4258 3626 4329 apprehendit.

2237 4351 2303 4405 Ει
2351 4349 2490 4408 ὅντα.
2549 4351 2744 4406 Mabill.
2775 4361 2822 4404 et
2851 4348 3006 4416 ὄντα.
3055 4351 3150 4406 hoc
3200 4361 3296 4415 est,
3347 4352 3460 4420 ipsa
3499 4351 3768 4407 illaintelo

2164 4424 2419 4479 lectualia.
2445 4423 2612 4478 Paulo
2635 4431 2754 4493 post
2776 4423 3071 4478 Orthodox.
3099 4425 3161 4477 At
3186 4439 3298 4477 vero
3323 4424 3429 4478 alia
3456 4432 3502 4479 et
3526 4439 3644 4494 qui:
3673 4440 3773 4479 non

2085 4523 2134 4582 ι)
2163 4506 2302 4561 sunt,
2335 4495 2396 4549 ab
2417 4497 2546 4564 istis,
2573 4504 2679 4551 etc.
2702 4493 3070 4550 Mabillonium
3092 4496 3390 4566 sequimur.

2235 4589 2457 4655 Etenim,
2504 4596 2606 4644 etc.
2661 4587 2876 4642 Mutilus
2931 4598 2986 4644 et
3030 4588 3323 4643 mendosus
3352 4588 3438 4645 hic
3459 4589 3614 4644 locus
3633 4589 3770 4659 apud

2162 4661 2364 4718 Mabill.
2395 4660 2596 4734 nhigsic
2626 4676 2650 4734 ελ
2673 4659 2873 4734 Etenim
2896 4677 2996 4734 non
3017 4661 3337 4734 intelligitﬂrri
3367 4667 3436 4734 pri
3461 4659 3532 4718 ὅν.
3554 4661 3773 4734 ηΑεεὶιιὶι

2163 4750 2282 4804 ergo
2302 4736 2361 4790 τὸ
2390 4739 2459 4806 pri
2485 4731 2556 4799 ὂν,
2575 4732 2729 4786 veluti
2751 4733 3102 4787 rxterminatio
3130 4731 3221 4790 τοῦ
3253 4731 3396 4796 ὄντος
3417 4743 3513 4788 est.
3541 4731 3769 4788 Extant.

2243 4828 2303 4882 Et
2345 4844 2444 4882 non
2473 4837 2622 4882 estut
2645 4825 2960 4895 3v.lil:ibill.,
2987 4827 3076 4882 sed
3126 4837 3294 4882 tamen
3333 4837 3428 4892 est,
3463 4845 3567 4882 non
3615 4839 3772 4881 tamen

2164 4901 2298 4956 sicut
2327 4895 2380 4955 ὂν
2406 4913 2499 4956 est.
2547 4898 2670 4955 Mox
2723 4898 2922 4955 ibidem
2942 4941 2958 4968 ,
2986 4909 3034 4955 et
3075 4901 3127 4955 in
3153 4899 3426 4956 existentia
3450 4910 3498 4956 et
3526 4901 3582 4955 in
3609 4901 3772 4971 quali-

2171 4982 2273 5027 tate
2283 5014 2296 5027 .

2239 5063 2604 5136 lnﬁguratum.
2627 5065 2792 5120 Paulo
2806 5064 2965 5121 aliter
2985 5063 3185 5120 Mabill.
3207 5063 3347 5136 apud
3370 5080 3532 5137 quem
3561 5080 3708 5136 mox,
3731 5072 3772 5120 et

2167 5137 2360 5192 idcirco
2385 5148 2524 5202 sunt,
2548 5153 2662 5209 qua:
2691 5154 2791 5192 non
2811 5152 2926 5191 vere
2949 5153 3050 5191 non
3075 5148 3212 5192 sunt.

2241 5229 2462 5296 Quidam
2510 5240 2683 5285 natur.
2740 5229 2946 5284 Mabill.
3001 5231 3094 5283 iste
3125 5230 3379 5284 naturalis
3427 5231 3558 5287 ordo
3610 5229 3770 5294 ὄντος,

2172 5298 2291 5359 ὄντα
2319 5299 2473 5369 ὄντας
2501 5308 2571 5375 μὴ
2610 5299 2774 5370 ὄντος,
2805 5307 2874 5375 μὴ
2903 5299 3043 5368 ὄντα,
3073 5307 3141 5377 μή
3169 5299 3309 5358 ὄντα.

2246 5395 2336 5452 IX.
2369 5424 2441 5435 —-
2468 5393 2726 5463 Diximus,
2772 5404 2869 5451 etc.
2903 5394 2977 5449 Ita
3001 5395 3342 5452 continenter
3368 5396 3568 5452 I’Iabill.
3619 5396 3688 5452 At
3720 5395 3771 5450 in

2174 5467 2475 5525 Ortbudox.
2496 5483 2778 5538 perperam
2809 5467 3129 5536 transposita
3161 5478 3452 5524 occurrunt
3478 5469 3582 5526 sub
3614 5469 3770 5525 ﬁnem

2175 5555 2296 5614 pag.
2326 5539 2452 5606 462,
2483 5537 2540 5595 ut
2563 5537 2810 5610 superius
2834 5539 2900 5597 ad
2928 5537 2956 5611 §
2983 5539 3038 5605 5,
3065 5539 3464 5597 admonuimus.

2249 5620 2319 5676 Et
2341 5621 2585 5692 potentia.
2621 5619 2757 5692 Haec,
2776 5618 2973 5692 desunt
3004 5620 3145 5690 apud
3172 5620 3375 5678 Mabill.

2253 5693 2316 5747 In
2343 5691 2548 5758 natura,
2579 5701 2685 5748 etc.
2744 5691 3042 5758 Mabillon.,
3067 5693 3342 5758 innatum
3377 5703 3427 5752 et
3461 5694 3518 5752 in
3549 5691 3664 5757 ὕλη.
3712 5692 3775 5750 EI

2180 5779 2301 5823 mox
2341 5783 2354 5822 :
2385 5773 2429 5820 ct
2461 5756 2661 5822 cst-illis
2683 5777 2807 5821 esse.
2842 5760 3004 5822 Forte
3021 5756 3232 5823 melius.
