4024 6306
307 235 446 294 I025
667 237 737 277 ’τ’

293 363 343 406 ct
391 352 603 423 specie,
655 355 705 412 in
756 359 1137 422 commixtione
1189 377 1272 423 est
1301 388 1314 424 :
1346 385 1474 444 ergo
1507 389 1610 429 non
1659 384 1743 430 est
1771 375 1896 431 sim-

293 443 520 514 pliciter.
555 447 722 519 Hujus
749 466 878 523 ergo
916 456 1098 512 mundi
1123 475 1240 528 qua:
1279 443 1460 531 partas
1500 475 1643 534 sunt,
1677 467 1892 535 partici-

293 547 484 606 pantes
510 539 704 597 anima:
729 543 1106 605 intellectualis
1133 553 1386 620 potentiae
1416 564 1471 610 et
1496 565 1700 612 natura:
1724 599 1738 625 ,
1768 567 1890 614 sunt

289 628 342 684 in
367 640 552 687 natura
568 649 754 691 eorum
777 653 897 708 qua:
921 655 1024 696 non
1049 657 1178 699 vere
1200 655 1468 702 nonsunt.
1493 647 1727 705 Utuntur
1747 651 1891 706 enim

288 721 673 796 intelligentia,
717 730 811 786 sed
832 732 981 802 juxta
1027 750 1246 792 sensum
1291 739 1662 812 intelligentia,
1695 753 1893 800 etsunt

285 813 436 886 juxta
462 833 683 876 sensum
718 824 989 882 versibilia
1033 839 1089 883 et
1133 832 1431 901 mutabilia,
1458 834 1611 906 juxta
1651 851 1780 892 vero
1811 839 1892 894 in-

289 909 638 982 telligentiam
696 914 1027 974 inversibilia
1074 930 1130 976 et
1184 922 1558 983 immutabilia.
1607 928 1891 997 Quomodo

287 1015 468 1061 autem
496 1023 689 1064 sensus
713 1012 854 1067 istud
883 1014 1274 1084 apprehendit?
1300 1017 1406 1075 Sed
1439 1037 1544 1076 nun
1586 1024 1891 1094 apprehen-

285 1098 364 1154 dit
393 1100 495 1156 nisi
525 1101 847 1172 qualitates;
886 1107 1240 1165 substantiam
1258 1121 1460 1176 autcm,
1488 1113 1539 1169 id
1565 1124 1649 1171 est
1674 1117 1889 1188 subjec-

290 1203 426 1265 tum,
459 1212 561 1253 nec
600 1199 826 1272 percipit
856 1217 956 1258 nec
994 1206 1347 1275 apprehendit
1380 1211 1701 1267 :versibiles
1745 1213 1886 1268 enim

285 1300 412 1346 sunt
430 1292 735 1363 qualitates;
752 1296 1048 1354 substantia
1063 1301 1544 1362 veroinversibilis.
1560 1307 1691 1362 Cum
1708 1315 1888 1364 autem

283 1385 464 1442 anima
511 1387 581 1444 sit
609 1389 925 1471 substantia,
979 1404 1158 1451 tamen
1188 1407 1270 1454 est
1294 1399 1579 1456 versibilis.
1607 1402 1887 1471 Quomodo

287 1479 470 1536 istud?
511 1481 601 1541 Sic
627 1467 846 1542 habeto.

357 1573 425 1629 X.
477 1575 607 1631 Cum
650 1579 873 1650 suscipit
911 1580 1092 1637 anima
1149 1593 1204 1640 et
1251 1584 1502 1658 intelligit
1528 1603 1648 1660 qua:
1677 1599 1802 1645 sunt
1830 1589 1885 1645 in

283 1666 504 1737 mundo,
533 1669 578 1724 si
598 1669 687 1726 illa
711 1671 958 1745 intelligit
977 1691 1098 1746 qua:
1125 1686 1251 1732 sunt
1273 1680 1524 1736 animalia
1547 1691 1602 1737 et
1624 1682 1880 1749 animata;

282 1760 336 1816 in
364 1777 430 1817 eo
456 1763 598 1832 quod
629 1774 711 1820 est
756 1764 956 1823 habere
995 1769 1250 1839 animam,
1296 1781 1424 1828 sunt
1451 1790 1571 1845 qua:
1620 1791 1725 1830 non
1759 1792 1884 1832 vere
1913 1792 1961 1852 B

280 1869 392 1911 non
419 1865 561 1912 sunt.
595 1856 838 1925 Quodam
865 1862 1010 1917 enim
1041 1863 1204 1920 modo
1250 1872 1320 1937 μή
1367 1863 1492 1923 ὄντα
1514 1911 1529 1934 ,
1559 1868 1708 1940 juxta
1739 1874 1878 1942 quod

281 1950 516 2006 animam
545 1951 744 2008 habent
787 1971 800 2007 :
845 1956 1076 2026 quodam
1123 1959 1284 2014 modo
1327 1967 1399 2033 μὴ
1454 1959 1578 2020 ὄντα
1621 1964 1773 2036 juxta
1830 1965 1884 2022 id

281 2044 427 2116 quod
474 2048 888 2105 conversibilem
945 2051 1065 2112 ὕλην
1103 2052 1304 2110 habent
1348 2066 1402 2112 et
1445 2059 1729 2130 qualitates
1759 2077 1882 2117 ver-

278 2139 468 2198 sibiles
523 2160 536 2196 :
583 2151 639 2199 et
681 2154 807 2200 sunt
851 2145 968 2202 haec
1014 2163 1134 2220 quae
1191 2149 1424 2208 diximus
1475 2161 1546 2226 μή
1592 2150 1747 2217 ὅντως
1811 2161 1881 2230 μή

279 2228 422 2290 ὄντα.
460 2232 594 2291 Cum
635 2246 814 2293 autem
854 2239 1204 2312 intelligimus
1242 2244 1342 2298 sub
1383 2245 1560 2301 anima
1606 2247 1727 2308 ὕλην
1775 2228 1880 2322 (in

277 2329 458 2384 anima
505 2329 629 2386 dico
655 2331 794 2401 ὕλην,
853 2333 1110 2407 quidquid
1149 2338 1266 2393 sine
1310 2339 1654 2398 intellectuali
1704 2343 1881 2399 anima

275 2431 384 2490 est,
437 2424 753 2482 circumlato
779 2427 965 2499 sensu)
999 2431 1112 2502 ipsa
1141 2433 1549 2503 comprehendit
1576 2437 1718 2493 circa
1745 2454 1880 2508 qua-

277 2515 456 2573 litates
481 2519 636 2589 quasi
657 2525 728 2594 μὴ
759 2517 880 2578 ὅντα
905 2539 1024 2593 quae
1068 2533 1194 2580 sunt
1227 2544 1240 2582 :
1272 2539 1400 2582 sunt
1427 2528 1570 2584 enim
1601 2531 1882 2588 versihiles

276 2611 584 2682 qualitates;
604 2623 658 2669 et
667 2614 818 2686 juxta
837 2615 958 2682 hoc,
976 2624 1046 2691 μή
1064 2616 1204 2677 ὅντα.
1234 2619 1447 2677 Etenim
1474 2623 1646 2694 ipsum
1670 2626 1882 2698 subjec-

275 2713 390 2761 tum
442 2722 562 2778 quae
605 2708 699 2768 ὕλη
742 2709 958 2778 dicitur,
1016 2713 1486 2772 indetermiuatum
1531 2728 1633 2784 est;
1679 2729 1734 2776 et
1759 2721 1880 2778 ideo

273 2798 395 2855 sine
418 2800 673 2871 qualitate
701 2801 915 2859 dicitur.
938 2805 992 2861 Si
1010 2816 1187 2862 autem
1213 2807 1625 2879 determinatur,
1647 2814 1881 2884 qualitas

270 2892 494 2962 dicitur,
527 2903 582 2951 et
605 2911 709 2951 non
741 2884 916 2968 qualis
946 2899 1059 2982 ὕλῃ.
1094 2899 1198 2957 Sed
1229 2910 1354 2957 sunt
1385 2905 1572 2974 prima:
1598 2907 1881 2977 qualitates

274 2987 332 3042 in
358 2989 675 3059 corporibus
725 2991 912 3062 primis
936 3032 951 3059 ,
983 2991 1104 3064 igne
1126 3035 1140 3060 ,
1173 3008 1329 3062 aere,
1358 3011 1514 3068 aqua,
1545 3007 1684 3055 terra
1718 3019 1731 3056 :
1761 3017 1881 3072 qua:

271 3094 434 3152 sunt,
489 3085 584 3142 sed
643 3101 741 3156 per
785 3101 874 3153 se,
933 3089 1051 3144 sine
1094 3091 1478 3148 commixtione
1519 3094 1606 3149 vel
1653 3095 1881 3167 alicujus

273 3176 496 3234 unione.
523 3178 580 3236 Si
601 3182 744 3236 enim
767 3180 892 3248 ista,
923 3181 1228 3252 qualitates;
1247 3193 1296 3239 et
1319 3185 1436 3250 ista,
1460 3187 1580 3247 ὕληε
1601 3190 1886 3259 qualitates
1914 3191 1958 3255 C

272 3275 440 3347 igitur
463 3275 576 3336 ὕλη.
609 3276 726 3332 Non
773 3277 916 3334 enim
947 3289 1003 3335 ut
1031 3281 1283 3338 accidens
1320 3285 1516 3341 accidit
1539 3295 1602 3362 τῇ
1631 3285 1756 3364 ὕλῃς
1785 3289 1880 3345 sed

274 3368 394 3438 ipsa
445 3382 526 3425 εει
583 3369 810 3440 qualitas
853 3387 1004 3428 :non
1053 3383 1230 3443 potest
1266 3377 1409 3432 enim
1459 3393 1580 3435 esse
1631 3381 1881 3450 qualitas,

272 3459 394 3532 ipsa
422 3476 517 3532 per
541 3472 752 3530 semet,
785 3464 879 3519 sed
910 3480 976 3520 eo
1005 3467 1147 3537 quod
1190 3479 1304 3537 est;
1355 3471 1458 3528 hoc
1502 3473 1619 3543 ipso
1644 3475 1736 3536 ὕλη
1775 3486 1879 3533 est.

273 3556 348 3612 Et
383 3571 598 3628 semper
631 3557 844 3630 quidem
886 3561 1028 3622 ὑλική
1054 3577 1174 3618 cum
1201 3564 1308 3631 sit,
1357 3566 1489 3621 nihil
1522 3567 1663 3622 aliud
1718 3585 1878 3641 quam

272 3651 371 3711 ὕλη
394 3660 498 3707 est.
531 3653 680 3709 Sicut
708 3663 762 3710 et
785 3656 983 3722 anima,
1012 3656 1165 3727 juxta
1197 3659 1340 3730 quod
1370 3661 1746 3720 intellectualis
1776 3677 1878 3735 est,

271 3747 456 3802 anima
493 3757 609 3814 est;
663 3758 716 3804 et
752 3749 907 3821 juxta
945 3751 1089 3822 quod
1135 3768 1350 3825 semper
1387 3765 1634 3813 movetur
1672 3769 1724 3815 et
1754 3776 1784 3815 a
1821 3777 1881 3818 se

272 3848 545 3911 movetur,
575 3856 683 3898 non
713 3842 1008 3900 secundum
1035 3843 1454 3917 duplicationem
1484 3866 1659 3924 neque
1686 3867 1881 3910 secun-

1264 251 1464 310 LIBER
1498 256 1584 312 DE
1625 256 2109 321 GENERATIONE
2153 266 2358 327 VERBI
2401 271 2631 333 DIVINI.

1923 385 1977 446 Α
2001 379 2126 438 dum
2150 386 2420 456 accidens,
2439 390 2538 447 ista
2556 393 2733 450 anima
2760 405 2860 464 est,
2879 398 2973 454 sed
2992 402 3131 472 quod
3156 403 3271 461 isne
3287 409 3592 486 qualitates,

1995 475 2296 534 substantia
2339 490 2424 536 est
2464 484 2664 540 anima.
2700 487 2789 544 Sic
2827 492 2986 546 etiam
3041 494 3134 556 ὕλη
3179 497 3296 567 ipsa
3341 475 3592 574 qualitas,

1995 566 2107 638 ipsa
2125 570 2420 628 substantia
2443 575 2555 638 ὕλη.
2582 578 2767 637 ῡὶίῐθη
2787 593 2964 640 autem
2987 590 3162 644 anima
3179 566 3246 649 ab
3264 566 3375 672 ὔλῃί
3403 566 3597 657 Diemtt

1995 661 2136 715 enim
2165 663 2403 733 quidam,
2432 669 2571 738 quod
2600 673 2775 728 anima
2795 675 2886 737 ὕλη
2914 688 3018 746 est;
3048 683 3188 751 quod
3215 661 3515 757 subjectum
3539 704 3595 752 et

1993 756 2222 826 qualitas
2271 760 2456 817 eadem
2509 765 2578 820 sit
2613 767 2944 838 substantia,
3005 777 3301 852 eademque
3349 786 3416 840 sit
3463 790 3590 847 sub-

1993 849 2188 903 stantia
2233 861 2288 906 et
2326 852 2500 908 anima
2553 866 2606 912 et
2633 858 2745 920 ὗλη.
2781 861 2886 918 Sed
2933 865 3149 937 dilTert,
3183 849 3240 928 ut
3262 873 3372 932 dixi
3406 896 3418 930 :
3453 897 3590 950 quo-

1993 938 2135 992 niam
2177 942 2355 998 auima
2387 945 2766 1008 intellectualis
2814 969 2935 1012 cum
2964 961 3064 1027 sit,
3098 962 3346 1038 intelligit
3393 938 3594 1032 semet-

1991 1029 2181 1101 ipsam.
2238 1035 2309 1092 At
2358 1055 2490 1096 vero
2561 1043 2653 1106 ὕλη
2703 1049 3027 1110 omnimodis
3093 1057 3394 1135 intelligens
3467 1084 3588 1127 eum

1991 1122 2083 1189 sit,
2130 1141 2306 1198 neque
2351 1131 2752 1204 intelligentiam
2803 1157 2977 1216 neque
3044 1122 3290 1210 sensumv
3328 1158 3381 1213 in
3426 1177 3589 1220 sensu

1991 1217 2158 1275 ullum
2186 1221 2365 1279 habet.
2408 1225 2479 1282 Et
2525 1227 2726 1288 idcirco
2777 1237 2953 1294 anima
3007 1258 3070 1298 ea
3117 1257 3201 1303 est
3252 1266 3373 1322 qua:
3417 1217 3585 1313 sunt

1990 1326 2113 1368 cum
2141 1315 2253 1385 ipsa
2284 1319 2399 1376 sola
2430 1332 2483 1377 et
2499 1339 2634 1396 pura
2659 1336 2761 1396 est,
2791 1347 2856 1387 ex
2882 1334 2946 1391 iis
2972 1349 3053 1393 est
3080 1357 3200 1412 quae
3225 1357 3350 1402 sunt
3378 1366 3390 1402 :
3420 1351 3588 1409 mixta

1991 1421 2118 1463 vero
2146 1420 2209 1488 τῇ
2232 1413 2345 1489 ὕλῃ,
2405 1432 2471 1472 ex
2511 1421 2577 1476 iis
2602 1434 2684 1479 est
2713 1442 2832 1496 qua:
2857 1444 2964 1487 non
3002 1450 3128 1494 vere
3156 1455 3264 1496 non
3291 1457 3432 1501 sunt.
3463 1448 3589 1509 Sola

1988 1513 2165 1560 autem
2187 1510 2217 1566 ἡ
2238 1509 2330 1570 ὕλη
2359 1515 2597 1572 omnium
2624 1534 2744 1590 qua:
2765 1539 2872 1579 non
2895 1538 3020 1584 sunt
3051 1535 3225 1592 nutrix
3251 1551 3351 1595 est.
3395 1543 3586 1604 Anima

1987 1613 2118 1655 vero
2147 1611 2196 1657 et
2227 1606 2256 1664 ἡ
2287 1605 2400 1673 ὕλη,
2426 1612 2666 1668 omnium
2691 1619 2869 1676 nutrix
2899 1635 3002 1693 est,
3033 1627 3128 1684 sed
3151 1631 3349 1704 anima,
3372 1643 3586 1710 prapria

1989 1692 2184 1751 virtute
2211 1701 2452 1758 omnium
2498 1709 2681 1763 nutrix
2722 1722 2807 1769 est
2831 1725 2887 1772 et
2911 1719 3035 1776 vitce
3060 1692 3403 1794 generatrixiz
3437 1692 3582 1798 vitii»;

1990 1801 2117 1842 vero
2161 1789 2277 1846 sine
2307 1795 2505 1865 anima,
2538 1799 2697 1859 effcta
2724 1814 2778 1861 et
2820 1807 2985 1866 densa
3032 1814 3166 1874 facta
3192 1861 3207 1886 ,
3238 1821 3289 1876 in
3321 1834 3580 1886 mternum

1988 1890 2190 1949 manet,
2219 1884 2597 1947 animationem
2623 1895 2692 1952 ab
2721 1899 2896 1958 anima
2923 1903 3149 1966 habens.
3180 1884 3316 1972 Sunt
3345 1918 3504 1990 igitur
3529 1933 3582 1980 et

1987 1973 2236 2128 dicuni‘ur
2262 1980 2381 2051 ista,
2412 1991 2482 2058 μὴ
2516 1984 2656 2047 ὄντα.
2684 1991 2760 2049 De
2792 1994 2857 2052 iis
2885 2013 3015 2072 ergo
3043 2018 3162 2075 qua:
3199 2024 3305 2066 non
3334 1973 3477 2081 sunt,
3510 2017 3580 2075 ita

1987 2082 2046 2123 se
2077 2069 2143 2125 ha
2187 2082 2257 2128 et.

1986 2082 2046 2123 se
2077 2069 2257 2128 habet.

2058 2163 2152 2220 ΧΙ.
2204 2167 2384 2227 Habes
2430 2173 2591 2246 igitur
2634 2191 2908 2252 quatuor:
2937 2204 3057 2260 qua:
3104 2208 3231 2254 vere
3269 2209 3412 2269 sunt,
3462 2217 3583 2276 qua:
3646 2214 3650 2217 ‘

1985 2267 2132 2328 sunt,
2184 2277 2306 2333 qua:
2357 2281 2463 2322 11011
2495 2285 2624 2327 vere
2655 2290 2760 2331 non
2792 2289 2918 2336 sunt
2944 2323 2958 2347 ο
2987 2299 3107 2354 qua:
3136 2303 3241 2345 11011
3290 2267 3432 2350 sunt.
3478 2267 3587 2354 .IPCI'

1983 2836 2111 2879 vere
2140 2841 2246 2880 non
2279 2841 2423 2899 sunt,
2453 2834 2519 2889 ad
2551 2835 2603 2892 id
2634 2849 2690 2894 ut
2717 2840 2846 2913 sint,
2882 2846 3054 2906 locum
3079 2867 3184 2909 non
3217 2855 3436 2917 habent.
3475 2834 3585 2922 1)εο

1983 2916 2125 2972 enim
2157 2918 2332 2990 plenis
2359 2925 2630 2999 omnibus,
2660 2935 2807 2994 nelas
2847 2949 2900 2994 et
2925 2939 3278 3015 impossibile,
3310 2969 3431 3024 quae
3461 2973 3584 3015 rere

1984 3026 2088 3066 non
2114 3013 2240 3078 sint,
2269 3025 2323 3072 et
2349 3018 2454 3076 dici
2485 3033 2538 3078 et
2562 3039 2684 3083 esse
2717 3047 2730 3083 :
2755 3045 2874 3102 quze
2905 3033 3254 3112 intelligentia
3280 3048 3416 3114 sola,
3444 3051 3586 3109 sicut

1983 3101 2396 3180 declaravimus,
2422 3113 2698 3189 differunt,
2722 3137 2827 3180 non
2855 3127 2923 3182 ab
2943 3128 3010 3184 iis
3036 3148 3156 3203 qua:
3188 3153 3293 3195 non
3321 3151 3464 3211 sunt,
3488 3147 3584 3203 sed

1990 3199 2056 3255 ab
2111 3200 2176 3257 iis
2207 3219 2325 3274 qua:
2373 3219 2498 3265 sunt
2539 3216 2832 3272 secundum
2888 3223 3241 3291 privationem
3283 3234 3586 3295 aduascun-

1987 3299 2071 3347 tur
2099 3292 2153 3348 in
2183 3296 2385 3367 anima,
2411 3317 2586 3374 neque
2611 3304 2665 3362 in
2696 3323 2790 3365 sua
2813 3313 3132 3388 substantia,
3154 3338 3327 3397 neque
3351 3326 3405 3384 in
3435 3329 3589 3388 intel-

1983 3383 2201 3458 ligentia
2235 3393 2424 3462 pesitis
2453 3413 2572 3469 qua:
2615 3417 2745 3461 vero
2767 3423 2874 3463 non
2899 3424 3046 3468 sunt.

2057 3481 2172 3539 XII.
2207 3485 2406 3544 Eamus
2434 3490 2596 3561 igitur
2623 3498 2688 3552 ad
2720 3499 3030 3574 videndum,
3074 3509 3203 3580 quid
3235 3513 3305 3570 sit
3336 3515 3497 3586 Deus,
3531 3530 3588 3579 ct

1983 3573 2037 3630 in
2067 3577 2262 3648 quibus
2308 3592 2407 3638 est.
2441 3584 2572 3654 Qua:
2603 3605 2728 3648 vere
2759 3595 2928 3664 prima
2958 3611 3013 3656 et
3037 3601 3383 3667 honoratiora
3434 3625 3582 3686 sunt,

1985 3672 2240 3742 numquid
2267 3673 2319 3730 iu
2351 3675 2485 3746 ipsis
2511 3681 2686 3740 Deus?
2713 3688 2901 3749 Sedet
2942 3693 3023 3749 his
3053 3713 3212 3756 causa
3264 3714 3367 3772 est,
3416 3719 3470 3764 et
3501 3709 3586 3781 ip-

1982 3775 2165 3820 sorum
2223 3767 2378 3825 dator
2417 3781 2472 3828 et
2511 3786 2682 3846 pater.
2731 3780 2844 3840 Nec
2870 3794 2953 3841 est
2984 3787 3185 3860 dicere,
3241 3795 3416 3865 ipsum
3463 3767 3586 3861 esse

1983 3855 2120 3922 bace,
2169 3858 2364 3931 quibus
2395 3863 2510 3937 ipse
2540 3868 2690 3927 dedit
2733 3883 2795 3930 ut
2835 3889 3037 3937 essent.
3065 3855 3198 3942 Cum
3245 3855 3413 3948 enim,
3447 3855 3586 3955 unus

1623 4018 1987 4081 VARIORUM
2026 4023 2254 4084 NOTAE.

347 4167 677 4252 Simpliciter.
727 4167 1036 4258 ἑῌυὺίιιοη.⁸
1061 4171 1314 4258 Simplex.
1369 4173 1436 4258 Et
1468 4177 1669 4258 _statim
1703 4197 1715 4234 :
1754 4179 1869 4258 11η-

260 4243 359 4313 jus
387 4242 541 4320 igitur
574 4241 761 4320 mundi
781 4257 895 4311 qua:
922 4251 1113 4320 partes
1137 4255 1254 4299 sunt
1294 4247 1660 4320 participantes
1687 4255 1873 4309 anima:

269 4312 654 4377 intellectualis,
683 4312 985 4392 inpotentia
1023 4326 1071 4371 et
1096 4317 1151 4370 in
1179 4312 1366 4392 natura
1394 4312 1514 4375 sunt
1538 4339 1713 4378 eorum
1758 4343 1873 4392 qua:

270 4400 386 4462 uere
411 4400 512 4438 non
537 4394 675 4462 sunt.
718 4383 894 4441 Minus
921 4396 1066 4444 recte
1088 4429 1104 4454 ,
1135 4397 1193 4444 ut
1217 4388 1449 4462 videtur,
1479 4407 1602 4451 cum
1645 4383 1871 4454 distinc-

271 4455 444 4524 tione,
473 4466 582 4510 tum
617 4455 670 4511 in
697 4465 866 4512 textu.

345 4548 473 4604 Cum
509 4559 679 4621 autem
735 4551 927 4618 anima,
991 4561 1098 4609 etc.
1146 4553 1235 4611 Sic
1289 4555 1490 4615 Mabill.
1553 4561 1624 4616 At
1671 4562 1870 4621 Ortho-

271 4621 402 4676 dux.
439 4639 451 4673 :
479 4619 608 4696 Cum
652 4631 820 4696 autem
861 4624 927 4696 sit
981 4627 1286 4696 substantia,
1321 4638 1487 4685 tamen
1511 4646 1584 4687 est
1612 4619 1878 4696 uersibilis.

275 4694 544 4769 Quomodo
566 4693 703 4748 istud
727 4710 782 4769 se
799 4693 986 4750 habet?
1008 4695 1137 4753 Cum
1167 4700 1381 4769 suscipit
1406 4705 1578 4760 anima
1627 4717 1673 4761 et
1727 4693 1878 4764 intel;

272 4764 387 4837 ligit
413 4780 528 4835 qua:
552 4775 667 4820 sunt
695 4766 922 4820 animata
950 4777 999 4822 et
1026 4769 1274 4824 animalia
1290 4764 1316 4838 ,’
1333 4783 1439 4829 etc.

2011 4184 2942 4293 ςηρῗίθὶξίίῗῖίθλτξθίέ.,εὲῐὶνεὶἓὲθῑ
2991 4213 3140 4293 θυαε.
3192 4238 3350 4293 quam
3407 4225 3587 4287 Victo-

1979 4259 2148 4342 rinus.
2190 4259 2356 4318 Paulo
2402 4259 2523 4372 po's't
2569 4259 2770 4357 Μαιξωὶ
2803 4259 3583 4372 Eishifﬁmi"33.115312:

1979 4344 2110 4372 1111113
2165 4349 2250 4372 nar
2302 4352 2436 4372 Ian-nn
2511 4358 2621 4372 διηυ-
2673 4363 2921 4372 -..-----__,
2986 4358 2998 4372 ι
3219 4369 3229 4372 -

1984 4327 1995 4338 ⁸
2074 4332 2085 4342 .
2402 4327 2414 4334 _
2672 4327 2769 4357 γ’---
2803 4327 2870 4332 --
2903 4327 3020 4340 ...νη
3060 4327 3235 4360 μιιιηω
3291 4327 3583 4372 ψιαιιιαιϐδ,

2164 4349 2269 4401 1181⁸,
2301 4352 2456 4408 aqua,
2487 4350 2642 4413 terra,
2673 4363 2787 4418 ipsa
2805 4358 3084 4415 secundum
3110 4381 3164 4420 80
3184 4369 3296 4424 sine
3337 4378 3585 4433 commix-

1999 4419 2134 4458 tone.

2052 4473 2272 4574 (Almone.
2307 4479 2399 4574 Sic
2421 4497 2491 4539 ex
2526 4485 2798 4570 blabillon.
2830 4511 2930 4574 pro
2958 4505 3112 4561 unius
3137 4509 3434 4574 Orthodox.

2051 4545 3041 4656 ﬂmml’oﬁsiweuintneséequalitas:
3052 4545 3198 4637 Ἴεῖεἱ
3215 4545 3586 4656 ’ῗιυιιυὲζλὶκιιιει

1985 4616 2261 4745 Μειὶῳοιὶ.
2290 4623 2484 4684 desunt
2512 4630 2569 4687 in
2599 4616 3584 4735 οὲὶῐίοάἶᾶῗ’ὧῖίεεὲῒοιῗῗέἒῖιεῗῆἶῖῗιῖ

1983 4706 2082 4760 qua
2109 4708 2122 4743 ι
2147 4709 2224 4747 as.

2302 4769 2694 4868 εἱίὲξιρειαηιὸα
2742 4815 2813 4868 Τ-
2863 4799 2911 4844 et
2961 4792 3078 4868 ὕλη.
3134 4798 3405 4862 Mabillon.
3464 4807 3585 4868 heic

1292 4831 1302 4838 1
2149 4837 2160 4847 ⁵
2757 4858 2768 4868 ⁸
2863 4831 2911 4844 ν.
2967 4831 3078 4855 ww.
3134 4831 3405 4862 ﬂldUlllUﬂo
3464 4831 3585 4868 ηειιϐ

255 4864 260 4868 ’
311 4831 906 4914 ’Χί-ϐοηυεηὶὺὶιεηι.
931 4858 1078 4916 Hanc
1098 4876 1284 4919 vocem
1306 4867 1559 4924 omittunt
1576 4869 1875 4931 Orthodox.
1905 4831 1958 4892 Β
1985 4831 2304 4941 fici}
2327 4847 2696 4941 ..'3?“‘l_fl'_‘f’_'"
2724 4870 2803 4941 €10
2830 4877 2845 4916 ³
2873 4865 3049 4920 eadem
3075 4870 3190 4941 ipsa
3210 4876 3274 4930 δί’
3297 4880 3587 4939 summum

343 4955 421 5032 turi
447 4947 607 5036 Ξνςταξς
629 4958 696 5035 ptri
717 4949 858 5036 ὅντᾳ.
885 4951 958 5036 Ita
981 4953 1374 5036 rescripsimus,
1391 4970 1663 5020 auctorem
1685 4969 1876 5036 secuti,

269 5022 366 5095 qui
392 5021 518 5102 alibi
545 5021 681 5078 dixit
708 5030 777 5097 μὴ
805 5025 998 5087 ἀληθῶς
1017 5021 1237 5102 tandem
1255 5072 1270 5095 ,
1322 5021 1437 5102 qua:
1476 5051 1578 5090 non
1627 5021 1878 5097 uerenini;

270 5104 415 5180 sunt.
447 5097 732 5182 Perperna:
751 5108 970 5182 utraque
984 5097 1167 5182 editio.
1188 5097 1464 5182 yabillon.
1487 5111 1628 5162 enim
1640 5116 1715 5182 μὴ
1735 5109 1880 5178 ὄντος

271 5172 348 5244 μή
376 5163 498 5244 ὄντος
531 5163 1154 5244 εὈλἹΙι-οάριίνθῐόημή
1183 5169 1326 5236 ὄντος
1351 5163 1878 5239 όυιῐιιθιςιιῖέῑνέίίίί

244 5286 259 5302 ,λ
273 5237 584 5323 iitireadent
605 5237 1148 5323 Ortlntdoxographa,
1167 5257 1286 5317 pag.
1303 5246 1430 5316 465,
1447 5251 1586 5307 circa
1614 5237 1870 5323 medium,

272 5319 400 5381 post
429 5310 593 5366 verba
630 5317 699 5384 μή
725 5309 1202 5395 ὃντοῆῥυὺόιιηιῖε
1229 5309 1289 5373 ἔα
1313 5309 1428 5391 ᾳιιαέ
1453 5323 1629 5392 futura
1656 5309 1797 5395 sunt,
1817 5309 1874 5383 fel

271 5398 496 5452 quorum
530 5396 602 5437 est
629 5383 804 5466 eausa.
832 5383 919 5470 Ad
958 5383 1583 5470 generationem.autem,
1608 5407 1712 5470 etc.
1762 5383 1882 5470 qua)

273 5455 530 5530 leguntur
567 5457 814 5530 superius
837 5456 939 5530 sub
962 5455 1124 5512 linem
1181 5457 1209 5530 §
1241 5461 1297 5518 4.
1329 5463 1396 5518 At
1447 5455 1880 5527 Mabillonian'um

275 5527 554 5609 exemplar
572 5527 713 5609 quod
737 5528 1034 5596 sequimur,
1063 5527 1286 5609 post_:pnf
1315 5532 1437 5609 ait?“
1466 5538 1684 5609 subjicit
1709 5558 1730 5598 ξ
1753 5544 1881 5598 Cum

274 5606 455 5681 autem
462 5598 812 5681 intelligimus,
810 5610 936 5681 tete.
949 5598 1158 5681 ,quazin
1173 5598 1466 5681 orthodox.
1488 5598 1642 5681 leg'un
1652 5622 1735 5668 tur
1747 5612 1876 5681 464,

276 5670 375 5726 lin.
405 5669 502 5724 ult.
531 5680 586 5725 et
616 5669 767 5742 seqq.
805 5669 1009 5746 Omnia
1028 5673 1232 5730 scilicet
1262 5669 1568 5746 perturbata
1596 5682 1712 5740 sive
1742 5669 1881 5744 male

275 5749 678 5824 compactorum
718 5743 1108 5817 exemplarium
1156 5743 1323 5815 vitio,
1367 5751 1482 5809 sive
1536 5743 1876 5816 librariorum

277 5812 514 5874 inscitia.

1984 4917 2032 4961 et
2054 4908 2241 4994 animi}:
2259 4921 2304 4964 et
2323 4908 2441 4994 fit-rt,
2473 4908 2698 4994 loriasse
2724 4908 2866 4994 ὕλῖοξ.

2013 4977 2722 5083 :ngumngnqgisjntelligens.
2761 4977 2944 5083 .lllalim
2966 5014 3281 5083 omnimodis
3309 5039 3412 5081 non
3439 5028 3588 5083 inici-

2013 5049 2025 5060 .
2579 5049 2604 5064 υ
2663 5049 2720 5052 .,-
2771 5049 2944 5060 -.-ι-..ην
2978 5049 3164 5070 υυιιιιιη
3204 5049 3215 5071 Ι
3275 5049 3280 5051 ⁷

1985 5049 2459 5163 ιιρῗζιιῗιῦξῖὺὶιιοζιι.
2471 5102 2484 5126 ,
2512 5069 2826 5163 οιζιηὶηξράίδ.
2837 5081 3042 5163 omnino
3059 5049 3366 5163 interli‘ghennsf

1983 5120 2182 5264 plagam
2223 5126 2334 5198 ipsa
2368 5120 2500 5202 δοιά,
3397 5186 3584 5229 exem-

2025 5265 2637 5372 nllinl'.‘—£m‘np'l¢:aiionem
2659 5287 2843 5372 hor-uin
2868 5297 3152 5372 nominum.
3179 5305 3270 5364 Sic
3295 5323 3440 5371 recte
3468 5317 3586 5372 Ma-

1986 5333 3191 5432 magna;critica-0x135;XER'Ziiégugiéd

1983 5412 2380 5491 complexionem
2407 5412 3440 5527 haben}:istnTiaiiithEE'

1983 5479 2442 5580 habentur
2468 5492 2497 5565 §
2529 5498 2616 5556 15.
2650 5501 2767 5580 Illa
2794 5523 2978 5580 autem
3011 5517 3196 5576 horum
3241 5531 3440 5580 nomina

1981 5565 2853 5663 Ριῗῗηέῗίὲἓξῗέὲίὲνιξξξεξπέι,ίδίάοι
2883 5565 3581 5663 Pas-1&7sihmi'tl'iiilltiii

1982 5621 2172 5709 omnia
2199 5621 2404 5709 scilicet
2433 5621 2832 5707 imd'éiiiiéiéi'.

2380 5695 2924 5803 oggaiidﬁéﬁium
2955 5734 3094 5803 apud
3126 5736 3400 5801 Mabillon.

2043 5767 2730 5882 .§:€:"33.r:..rr.izc:_-§ic
2756 5767 3583 5882 ιιιηαυενέἓίὶῗὸ¹ἒῖ¹ἰι¹ιῖ²ε¹¹ἰπηιρη

1984 5838 2191 5914 aliquid
2220 5838 2412 5908 deesse
2438 5838 2730 5918 videturjw
2757 5838 2984 5872 “ww
3033 5838 3199 5870 cum“
3219 5838 3253 5888 ε’
