4024 6306
289 288 428 364 ipsa

1176 292 1384 365 LlBER
1422 307 1510 365 DE
1548 289 2043 366 GENEBATIONE
2082 294 2286 366 visust
2326 309 2555 370 DlVlNI.

3375 310 3433 384 ε’
3453 299 3592 370 1030

288 423 602 496 frequenter
640 428 697 480 et
758 423 815 480 in
875 423 1062 481 multis
1103 423 1391 482 declaravit
1452 425 1655 482 Rursus
1707 421 2210 494 .icsum'Agenitus
2246 435 2329 483 est
2395 429 2561 503 λόγος,
2621 441 2745 484 cum
2792 427 2931 484 Deus
2976 427 3091 501 ipse
3130 428 3277 504 λόγος
3332 428 3439 497 sit,
3495 429 3593 485 sed

254 558 259 561 -
288 520 565 578 Christum
589 524 649 579 τὸ
676 519 729 579 ὃν
757 522 1073 579 naturaliter
1098 523 1241 578 circa
1271 522 1438 579 Deum
1465 534 1609 590 esse,
1638 531 1691 578 ει
1723 521 1891 592 magis
1993 517 2278 588 quiescens
2319 528 2373 575 et
2420 521 2590 577 silens
2638 521 2784 595 λόγος
2827 537 2841 577 :
2884 529 2945 577 ut
2986 521 3169 577 videas
3211 522 3591 579 necessitatem

288 624 347 672 et
377 616 428 671 in
458 615 723 688 principio
741 615 910 693 λόγον,
942 623 998 672 ει
1026 616 1201 688 ipsum
1230 615 1390 673 istum
1414 617 1555 693 λόγον
1580 615 1748 671 Deum
1769 626 1892 671 esse

2034 614 2393 682 agnoscendi,
2445 630 2549 670 non
2600 616 2838 687 genitum
2878 630 3001 672 esse
3037 615 3181 691 λόγον
3210 617 3383 673 multo
3422 619 3594 690 magis

288 711 539 768 dicimus.
621 710 829 768 Deinde
883 714 993 768 tres
1054 718 1152 783 per
1219 710 1533 789 κερουχὶδια
1589 708 1889 779 Joannem,

290 807 525 867 αἰωνίους
550 816 669 875 quia
694 804 1061 861 contitemur:
1093 808 1146 860 et
1175 802 1407 860 dicimus
1447 805 1547 859 itoc
1585 802 1655 859 ita
1692 812 1754 859 3e
1793 798 1891 857 hs.

294 892 443 953 itere.
476 897 685 953 Dictum
715 904 798 954 est
825 897 969 953 enim
1011 896 1153 969 quod
1183 897 1235 951 in
1285 897 1549 968 principio
1595 897 1664 952 sit
1710 896 1891 970 λόγος,

293 1000 349 1049 ει
393 999 451 1048 ut
494 1002 549 1048 tu
592 992 729 1048 dicis
756 1034 771 1059 ,
818 1008 926 1048 non
975 999 1059 1048 est
1100 992 1421 1063 principium
1455 992 1597 1063 quod
1632 992 1897 1061 ‘prtccedit

294 1086 444 1143 aliud
474 1086 795 1159 principium
828 1102 841 1141 :
870 1086 987 1143 sine
1008 1086 1275 1158 principio
1300 1087 1445 1142 enim
1476 1084 1816 1157 principium,
1849 1084 1895 1140 si

293 1172 516 1253 quidem
541 1188 595 1237 et
621 1189 705 1237 est
732 1178 930 1237 dicitur
957 1176 1306 1253 principium.
1343 1177 1446 1249 Qui
1477 1179 1639 1250 igitur
1667 1178 1723 1234 in
1744 1179 1896 1250 prin.

298 1276 442 1347 eipio
471 1274 609 1344 fuit,
663 1290 730 1332 ex
775 1276 953 1337 αἰῶνος
977 1281 1095 1343 εει,
1149 1274 1268 1330 sive
1306 1273 1361 1329 in
1428 1272 1541 1330 Deo
1598 1272 1713 1328 sive
1753 1272 1896 1329 circa

298 1368 467 1426 Deum
497 1366 673 1444 (Joan.
705 1382 747 1437 ι,
794 1369 872 1440 i).
929 1367 1060 1426 Erat
1117 1367 1261 1425 enim
1308 1367 1449 1424 circa
1501 1367 1668 1425 Deum
1715 1367 1894 1443 λόγος,

188 1501 196 1508 ι
299 1470 355 1522 ει
396 1454 453 1520 in
497 1464 778 1536 principio.
824 1462 972 1537 Ergo
1011 1476 1229 1534 semper
1270 1461 1384 1519 fuit.
1428 1461 1487 1520 Si
1524 1476 1740 1534 semper
1767 1460 1896 1530 fuit,

300 1568 526 1615 necesse
551 1572 673 1614 eum
701 1564 786 1615 est
814 1572 940 1615 esse
964 1599 980 1627 ,
1032 1569 1139 1614 non
1181 1564 1306 1614 cum
1348 1557 1412 1625 iis
1451 1571 1571 1628 qua:
1602 1570 1708 1612 non
1739 1564 1898 1623 sunt,

301 1664 477 1725 neque
502 1651 698 1710 factum
727 1662 873 1709 esse.
908 1651 1046 1707 Dicit
1067 1651 1302 1708 Joannes
1335 1649 1502 1725 (Ibid.
1551 1646 1645 1723 i8)
1687 1666 1701 1704 :
1732 1636 1902 1705 Deum

304 1760 449 1802 nemo
490 1746 619 1801 sidit
655 1758 920 1816 umquam.
970 1744 1179 1801 Rursus
1208 1742 1441 1818 (Ibid.):
1475 1740 1780 1815 Unigenitus
1804 1739 1903 1797 Dei

2000 719 2160 775 quam
2196 706 2369 777 ipsum
2394 707 2511 764 iieri
2537 724 2603 765 ex
2638 710 2702 764 iis
2734 724 2852 781 qua:
2887 723 2992 765 non
3015 716 3161 766 sunt.

2068 798 2255 856 XVIII.
2296 801 2437 872 Quid
2467 803 2663 859 deinde
2711 805 3092 876 cognoscentia
3132 802 3352 862 nostra?
3395 818 3587 877 quem-

1996 894 2285 951 admodum
2353 895 2564 953 fertur?
2621 899 2891 969 quomodo
2934 908 3178 955 moVetur
3218 900 3360 956 circa
3405 900 3589 973 λόγονῗ

1996 989 2113 1047 Non
2146 991 2224 1047 sic
2247 992 2389 1060 λόγον
2416 991 2594 1075 videt,
2622 993 2773 1064 quasi
2800 1004 2892 1048 aut
2919 1003 3140 1064 propter
3176 992 3321 1049 aliud
3350 1003 3431 1049 est
3455 1034 3471 1061 ,
3504 1000 3598 1048 aut

1997 1083 2220 1140 alterius
2250 1092 2335 1141 est
2353 1087 2505 1157 juxta
2537 1085 2677 1156 quod
2705 1093 2807 1141 est.
2832 1086 2911 1143 Ad
2941 1086 3047 1142 hoc
3073 1089 3155 1144 esi
3174 1130 3189 1156 ,
3214 1096 3273 1143 ut
3306 1085 3451 1143 aliud
3478 1098 3601 1143 esse

1993 1170 2310 1244 constituat,
2344 1186 2397 1234 et
2425 1178 2648 1235 omnino
2673 1186 2777 1235 non
2806 1179 2983 1235 aliter.
3032 1174 3195 1237 Pater
3235 1195 3366 1252 ergo
3409 1187 3465 1236 et
3508 1194 3604 1252 ge-

2000 1276 2219 1328 nerator
2242 1271 2484 1329 omnium
2510 1274 2678 1347 λόγος,
2711 1286 2997 1346 ρενηυεω
3023 1275 3201 1330 omnia
3229 1274 3421 1332 eti‘ecta
3452 1284 3599 1345 sunt,

1999 1368 2052 1422 ει
2073 1367 2191 1423 sine
2213 1376 2322 1438 quo
2349 1366 2545 1425 facit“)!
2577 1376 2665 1426 est
2692 1368 2845 1424 nihil.
2873 1369 2981 1427 38d
3006 1372 3170 1427 αὐτοῦ
3197 1376 3292 1427 τοῦ
3318 1370 3472 1446 λόγου
3501 1382 3603 1440 ρε-

2003 1461 2226 1518 tcntiam
2250 1509 2263 1532 ,
2323 1463 2472 1530 aliud
2512 1464 2878 1522 constituendi
2918 1474 2973 1521 et
3012 1464 3240 1521 faciendi
3271 1465 3602 1536 potentiam,

2001 1554 2083 1610 sic
2111 1568 2215 1611 non
2241 1564 2457 1626 Oportet
2488 1555 2790 1629 intelligere
2827 1565 2881 1613 et
2920 1555 3109 1613 audire
3135 1599 3150 1625 ,
3203 1557 3344 1613 sicut
3387 1557 3440 1613 in
3483 1570 3603 1613 om-

2005 1648 2150 1705 nium
2206 1662 2389 1705 causa.
2445 1648 2565 1720 ipse
2616 1651 2759 1705 enim
2812 1651 3136 1706 constitutus
3191 1658 3277 1706 est
3325 1650 3485 1706 etiam
3554 1655 3610 1705 et

2005 1744 2162 1802 αὐτοῦ
2200 1749 2291 1799 τοῦ
2334 1743 2506 1819 λόγου.
2534 1742 2592 1800 Si
2616 1744 2760 1799 enim
2811 1744 2983 1815 prima
3013 1757 3172 1801 causa
3199 1784 3214 1811 ,
3266 1758 3372 1799 non
3425 1743 3602 1800 solum

305 1839 446 1911 ﬁlius
485 1841 574 1913 qui
613 1847 684 1895 est
720 1841 774 1894 in
817 1838 1013 1912 gremio
1056 1838 1251 1911 patris,
1280 1838 1393 1906 ipse
1420 1835 1695 1892 enarravit.
1729 1834 1902 1892 ﬂabe-
1933 1827 1983 1887 B
2008 1838 2234 1893 aliorum
2283 1840 2521 1894 omnium
2550 1846 2711 1896 causa
2736 1880 2751 1909 ,
2794 1838 2890 1896 Sed
2938 1842 3018 1895 sui
3069 1839 3238 1911 ipsius
3291 1847 3379 1897 est
3423 1852 3607 1896 causa.

307 1942 429 1989 mus
470 1935 631 2006 igitur
688 1932 788 1990 ista
848 1932 1076 1998 eadem,
1131 1931 1383 2004 quoniam
1454 1930 1614 1988 Jesus
1657 1928 1905 1988 Christus

308 2024 364 2082 ὃν
398 2034 502 2091 est,
537 2028 791 2097 quoniam
810 2024 958 2100 λόγος
979 2026 1083 2093 est,
1112 2025 1367 2096 quoniam
1398 2025 1453 2079 it‘i
1481 2024 1743 2095 principio
1767 2022 1902 2090 fuit,

308 2120 565 2191 quoniam
594 2119 734 2174 circa
770 2118 939 2174 Deum
972 2117 1104 2183 fuit,
1131 2117 1385 2188 quoniam
1412 2117 1467 2172 in
1498 2117 1706 2189 gremio
1733 2115 1833 2173 fuit
1854 2125 1909 2173 et

311 2223 415 2269 est.
446 2210 567 2282 Ipsa
595 2211 775 2268 omnia
799 2222 980 2268 nonne
1023 2209 1312 2266 manifeste
1345 2220 1400 2266 et
1430 2208 1661 2271 dilucide
1700 2208 1907 2283 signiti-

312 2314 459 2373 caut,
492 2304 664 2361 ﬁlium
697 2305 791 2362 Dei
819 2319 943 2362 esse
970 2304 1056 2360 cui
1079 2304 1448 2361 attribuuntur
1469 2303 1590 2373 ista,
1624 2298 1681 2361 ὃν
1706 2314 1758 2360 ει
1787 2314 1911 2361 ante

313 2399 497 2457 omnia
526 2396 616 2465 3v;
646 2399 690 2455 si
725 2408 874 2471 pater
898 2398 1039 2455 Deus
1062 2439 1078 2465 ,
1105 2407 1391 2469 antequam
1432 2406 1514 2453 est
1553 2394 1633 2466 ὃν,
1664 2410 1787 2454 esse
1812 2410 1910 2467 po-

317 2495 481 2550 tentia
510 2491 772 2563 accipitur
793 2493 963 2565 ipsius
987 2491 1130 2564 quod
1158 2488 1213 2547 ὃν
1229 2491 1353 2548 εειῖ
1377 2490 1531 2558 Quod
1561 2488 1776 2562 quidem
1805 2486 1858 2546 ὃν
1881 2505 1911 2546 a

316 2604 411 2643 sua
445 2586 681 2659 potentia
714 2587 768 2642 in
791 2601 891 2642 suo
923 2593 1075 2657 patre
1101 2584 1375 2651 essilivit;
1407 2585 1581 2654 ipsum
1617 2586 1678 2641 τὸ
1717 2579 1771 2639 ὃν
1801 2596 1913 2640 ma-

319 2681 718 2739 niiestationem
762 2680 1074 2752 accipiens,
1118 2678 1259 2751 quod
1302 2677 1493 2735 fuisset
1519 2678 1789 2734 occtdtum
1820 2696 1832 2732 :
1861 2687 1916 2735 et

320 2778 420 2835 ista
442 2814 458 2847 ,
487 2777 668 2834 divina
697 2784 754 2833 et
774 2773 1065 2834 ineil‘abilis
1091 2773 1371 2847 generatio
1393 2780 1495 2830 est.
1531 2772 1919 2829 Extermiuan-

318 2870 450 2927 dum
471 2870 635 2942 igitur
659 2869 851 2942 dogma
877 2878 1091 2935 est,ex
1136 2868 1200 2925 iis
1247 2876 1371 2940 quae
1425 2881 1533 2924 non
1582 2872 1741 2935 sunt,
1797 2880 1919 2924 esse

320 2966 437 3021 sive
467 2963 734 3035 prodiisse
754 2962 964 3020 Jesum.

394 3052 556 3119 XVII.
599 3060 893 3118 Videamus
944 3072 1134 3116 rursus
1173 3055 1340 3113 aliud.
1391 3056 1555 3132 Λόγος
1607 3054 1692 3112 est
1740 3051 1918 3113 Jesus.

321 3155 461 3224 Quid
502 3156 668 3227 igitur
707 3160 792 3210 est
830 3152 1023 3229 λόγοςῖ
1068 3151 1228 3219 Dleo;
1281 3151 1537 3224 quoniam
1584 3156 1667 3206 est
1718 3149 1920 3221 patrica

321 3225 569 3320 qua-dant
612 3245 785 3303 activa
843 3225 1114 3317 potestas,
1171 3253 1227 3302 et
1276 3258 1399 3316 quae
1475 3244 1696 3299 immota
1733 3243 1832 3300 sit.
1865 3225 1992 3299 etC

322 3348 444 3413 quae
471 3356 533 3397 se
561 3341 735 3413 ipsum
764 3339 1133 3405 constituunt,
1168 3342 1225 3392 ut
1250 3337 1321 3391 sit
1348 3337 1402 3391 in
1425 3340 1569 3403 actu,
1600 3348 1705 3391 non
1731 3334 1784 3390 in
1819 3348 1917 3407 po-

324 3435 513 3492 tentia.
556 3418 617 3491 ~8i
663 3446 794 3506 ergo
839 3433 979 3489 istud
1027 3434 1106 3489 sic
1151 3439 1275 3499 est,
1324 3438 1493 3502 quare
1534 3426 1560 3487 ὁ
1602 3430 1748 3503 λόγος
1776 3427 1919 3485 circa

325 3527 495 3584 Deum
536 3528 693 3584 erat?
726 3526 1048 3585 Necessario
1073 3526 1214 3582 circa
1247 3523 1299 3580 id
1326 3523 1499 3596 ipsum
1521 3565 1536 3593 ,
1569 3532 1625 3579 ut
1649 3536 1743 3593 per
1767 3522 1922 3580 αὐτὸν

321 3622 470 3696 λόγον
492 3621 670 3677 omnia
698 3622 1075 3693 gignerentur,
1107 3624 1161 3676 et
1188 3618 1305 3675 sine
1336 3619 1452 3689 ipso
1474 3616 1629 3673 nillil.
1655 3616 1923 3688 Operatur

325 3732 456 3788 ergo
480 3716 622 3772 Deus
656 3730 751 3786 per
782 3714 929 3789 λόγον
950 3754 966 3783 ,
993 3723 1049 3771 ει
1077 3720 1295 3785 semper
1336 3720 1591 3782 speratur
1621 3708 1785 3786 λὸγος.
1830 3706 1927 3767 Ess

324 3822 455 3884 ergo
485 3811 658 3866 activa
689 3811 926 3881 potentia
959 3809 1178 3864 immota
1200 3848 1216 3876 ,
1261 3813 1317 3863 et
1341 3821 1461 3878 qua:
1490 3818 1707 3877 semper
1731 3816 1924 3876 operc-

327 3908 456 3973 lut',
484 3911 539 3961 et
580 3896 715 3976 qua!
744 3902 1073 3970 eonsutuat,
1133 3908 1193 3958 ut
1247 3901 1320 3957 sit
1365 3900 1577 3956 actione
1621 3896 1764 3970 quod
1822 3897 1925 3955 fuit

328 3998 588 4071 potentia.
618 3996 785 4055 Istum
808 4012 942 4070 ergo
963 3996 1190 4054 dicimus
1206 4036 1221 4065 ,
1263 3994 1405 4069 quod
1434 3995 1488 4052 in
1514 3993 1779 4067 principio
1805 3992 1921 4051 fuit.

327 4088 388 4149 lu
422 4090 682 4165 principio
709 4100 892 4149 autem
921 4105 1065 4159 esse,
1096 4106 1202 4147 non
1232 4096 1549 4163 generatum
1571 4105 1694 4146 esse
1722 4087 1928 4162 signifi-

328 4197 436 4243 cat.
481 4185 549 4242 Et
603 4197 733 4245 vere
787 4194 1073 4260 propterea
1118 4184 1258 4243 Deus
1304 4195 1388 4243 εει
1436 4182 1622 4260 λόγος,
1670 4184 1925 4256 quoniam

328 4280 386 4337 in
419 4280 683 4354 principio
709 4274 810 4337 fuit
837 4280 978 4338 sicut
1006 4276 1170 4350 Deus,
1204 4287 1261 4337 et
1285 4274 1427 4337 circa
1459 4274 1633 4336 Deum
1656 4275 1777 4335 fuit.
1808 4274 1927 4335 Non

2013 1932 2154 1988 Deus
2181 1946 2311 2004 ergo
2338 1941 2368 1988 a
2398 1935 2728 2005 semetipso,
2780 1941 2837 1990 et
2892 1934 3033 1990 Deus
3088 1940 3192 1989 est.

2080 2020 2225 2082 XIX.
2269 2022 2378 2083 Sed
2407 2027 2662 2099 quoniam
2685 2038 2809 2084 esse
2834 2025 2940 2082 hoc
2969 2028 3144 2098 ipsum
3169 2067 3183 2093 ,
3218 2023 3360 2097 quod
3390 2032 3475 2081 est
3499 2032 3615 2080 tuo-

2014 2121 2130 2175 veri
2170 2128 2224 2174 et
2271 2119 2608 2193 inteiligere,
2653 2119 2762 2177 hoc
2793 2129 2878 2178 est
2903 2134 3094 2192 agere;
3129 2120 3360 2191 primum
3400 2126 3483 2175 cst
3521 2131 3617 2188 po-

2016 2212 2219 2280 tentia;
2250 2221 2304 2269 et
2324 2215 2669 2279 constitutiva
2685 2215 2943 2287 potentia,
2969 2215 3222 2288 primum,
3240 2213 3478 2286 inquam,
3504 2220 3605 2269 est.

2012 2302 2333 2361 Necessario
2372 2308 2533 2378 igitur
2575 2310 2748 2382 ipsum
2793 2318 2916 2365 esse
2956 2309 3233 2379 praecedit.
3284 2309 3430 2381 Ergo
3458 2316 3514 2364 et
3540 2308 3622 2365 in-

2015 2396 2259 2469 ielligere
2286 2407 2341 2455 et
2367 2399 2577 2456 moveri
2606 2409 2661 2457 et
2687 2412 2848 2474 agere
2877 2400 2946 2458 ab
2964 2414 3032 2457 eo
3058 2410 3162 2479 est,
3187 2400 3331 2473 quod
3355 2410 3440 2457 est
3469 2414 3611 2457 esse.

2016 2490 2115 2549 Est
2161 2480 2339 2550 autent
2389 2494 2686 2551 secundum
2730 2496 2875 2567 quod
2916 2502 3000 2551 est
3027 2537 3043 2563 ,
3092 2496 3144 2551 in
3174 2503 3298 2551 actu
3324 2506 3485 2552 esse:
3517 2494 3622 2550 hoc
3705 2530 3709 2535 ρ

2017 2594 2101 2645 est
2141 2631 2156 2656 ,
2192 2589 2357 2645 illium
2375 2600 2532 2658 eSSe;
2564 2583 2618 2647 et
2643 2590 3010 2664 magisistud,
3083 2600 3244 2662 quam
3271 2589 3404 2646 illud
3448 2589 3622 2660 ipsum

2021 2694 2141 2739 esse
2210 2684 2351 2754 quod
2412 2692 2498 2741 est
2552 2694 2707 2757 pater
2762 2700 2779 2752 ξ
2833 2684 2975 2757 quod
3030 2694 3114 2742 est
3165 2693 3322 2751 esse,
3377 2682 3483 2739 huc
3540 2690 3624 2739 est

2018 2786 2181 2850 agere
2204 2786 2258 2835 et
2285 2778 2520 2850 operari.
2547 2778 2661 2835 Non
2685 2779 2831 2836 enim
2850 2778 2994 2835 aliud
3018 2777 3093 2836 ibi
3117 2791 3240 2835 esse
3260 2818 3275 2845 ,
3312 2775 3460 2834 aliud
3494 2789 3629 2848 ope-

2020 2868 2150 2926 rari.
2183 2868 2425 2942 Simplex
2456 2871 2599 2927 enim
2640 2870 2773 2927 illud
2816 2884 3017 2938 unum,
3047 2879 3102 2926 et
3131 2882 3294 2925 unum
3342 2876 3401 2926 et
3447 2866 3627 2925 solum

2024 2973 2262 3035 semper.
2296 2964 2354 3021 In
2384 2972 2535 3037 patre
2563 2964 2726 3037 igitur
2754 2964 2894 3021 ﬁlius
2915 3002 2931 3034 ,
2964 2974 3020 3021 et
3051 2965 3104 3021 in
3133 2964 3247 3020 lilio
3280 2973 3455 3037 pater.

2095 3054 2215 3114 XX.
2258 3056 2543 3125 Quomodo
2570 3059 2734 3131 igitur
2760 3057 3008 3114 eil‘cctum
3032 3066 3115 3116 est
3135 3058 3159 3113 ?
3183 3056 3460 3130 quomodo
3482 3055 3628 3113 illius

2024 3156 2079 3209 et
2127 3162 2316 3224 pater,
2370 3152 2416 3208 si
2456 3152 2661 3208 simul?
2688 3151 2872 3225 Neque
2913 3152 3092 3209 solum
3124 3152 3283 3208 simul
3312 3151 3506 3219 ambo,
3534 3152 3632 3208 sed

2027 3262 2189 3303 unum
2245 3250 2301 3303 et
2354 3247 2529 3304 sutum
2580 3255 2635 3304 et
2684 3232 2938 3319 simplex.
2992 3246 3101 3305 Sed
3172 3249 3275 3304 hoc
3316 3258 3422 3303 non
3463 3260 3631 3318 opor-

2030 3348 2395 3412 tetqumrere,
2455 3338 2655 3397 sui‘ilcit
2697 3342 2838 3397 enim
2880 3340 3123 3397 credere.
3159 3340 3408 3397 Dicamus
3433 3340 3633 3413 igitur,

2029 3446 2151 3489 cum
2198 3432 2278 3489 fas
2326 3441 2429 3494 cat.
2483 3433 2725 3490 Primum
2782 3433 3125 3490 manii‘eStum
3193 3443 3310 3503 est;
3378 3436 3635 3507 quoniam

2027 3527 2176 3604 λόγος
2214 3542 2392 3600 neque
2431 3528 2577 3584 aliud
2598 3572 2613 3596 ,
2647 3540 2821 3601 neque
2870 3529 2937 3586 ab
2969 3530 3076 3586 alio
3101 3572 3116 3597 ,
3146 3529 3241 3586 sed
3268 3529 3415 3586 circa
3443 3530 3631 3587 Deum.

2033 3620 2173 3677 Dicit
2228 3624 2370 3678 enim
2420 3620 2766 3694 Evangelittm
2808 3634 2824 3676 ε
2866 3621 2932 3678 1η
2985 3623 3241 3695 principio
3302 3630 3411 3678 erat
3451 3623 3633 3698 λόγος,

2032 3723 2081 3769 et
2118 3713 2263 3789 λόγος
2301 3720 2411 3770 erat
2453 3715 2592 3769 circa
2621 3714 2787 3770 Deum
2816 3714 2994 3787 (Joan.
3031 3731 3068 3781 ι,
3102 3714 3179 3788 1).
3215 3715 3421 3771 Rursus
3456 3715 3587 3772 dicit
3620 3732 3635 3770 :

2034 3806 2340 3878 Unigrnitus
2375 3806 2516 3877 ﬁlius
2555 3809 2641 3879 qui
2677 3812 2751 3862 esi
2779 3808 2834 3862 in
2882 3808 3073 3879 gremio
3110 3809 3271 3879 putris
3300 3806 3476 3881 (Ibid.
3508 3806 3635 3879 l8).

2032 3898 2315 3971 Quomodo
2395 3894 2697 3956 ista'dlcta
2764 3908 2858 3955 aut
2929 3901 3130 3973 accipis
3191 3910 3283 3957 aut
3347 3899 3641 3972 intelligis?

2033 3992 2263 4052 Romani
2289 3994 2420 4074 πρὸς
2448 3996 2534 4054 τὸν
2562 3996 2684 4053 Θεὸν
2706 4037 2721 4064 ,
2753 3995 2894 4070 apud
2924 3993 3093 4080 Dauni
3129 3996 3349 4063 dicunt,
3392 3995 3544 4067 quasi
3573 3993 3642 4051 ad

2034 4088 2200 4156 intus,
2230 4090 2316 4148 vel
2345 4090 2558 4163 penitus
2583 4090 2750 4160 intus,
2814 4089 2867 4148 id
2910 4102 2994 4148 est
3045 4092 3098 4148 in
3153 4091 3250 4149 Dei
3303 4092 3639 4149 existentia:

2036 4198 2091 4243 et
2134 4186 2238 4243 hoc
2279 4200 2491 4243 verum.
2525 4184 2584 4242 In
2633 4201 2700 4244 eo
2740 4187 2887 4243 enim
2928 4187 3071 4260 quod
3122 4192 3209 4243 est
3248 4196 3371 4245 esse
3394 4188 3538 4244 inest
3588 4194 3646 4244 et

2036 4280 2279 4353 operari.
2336 4272 2395 4354 in
2419 4278 2532 4337 Deo
2561 4278 2709 4338 enim
2739 4280 2889 4358 λόγος
2919 4299 2933 4336 :
2963 4290 3019 4339 et
3046 4281 3125 4338 sic
3165 4279 3219 4338 in
3278 4287 3431 4355 patre
3479 4268 3641 4338 tilias.

1552 4474 1553 4477 η
1660 4417 2031 4477 νΑιιιυιιυΜ
2064 4416 2295 4477 ΝΟΤᾸ).

406 4540 621 4600 XVI.—
652 4538 869 4604 Rursus,
898 4547 1003 4595 etc.
1026 4536 1299 4594 Mabillon.
1322 4535 1545 4593 Rursum
1580 4551 1696 4592 vero
1723 4534 1936 4605 Iesum,
1964 4535 2020 4597 D
2120 4522 2382 4607 fatalia.
2411 4498 2613 4607 Mabill.
2638 4534 2959 4607 inpotentia.

333 4631 449 4689 non
462 4616 608 4689 λργον
641 4613 777 4668 circa
802 4610 970 4689 Deum
999 4627 1106 4666 esse
1116 4610 1373 4689 uiximus“.

410 4670 622 4751 Deiride,
666 4694 769 4740 etc.
803 4682 928 4738 Hmc
980 4690 1062 4739 est
1116 4681 1275 4738 lectio
1332 4676 1630 4751 Ort‘hodox.
1686 4670 1929 4751 Athbia-

336 4758 556 4815 billon.:
573 4743 773 4812 Clamat
796 4771 876 4810 res
886 4756 1000 4827 ipsa
1018 4755 1117 4827 per
1142 4752 1389 4827 certgiceni
1408 4746 1664 4827 Joannem
1686 4767 1706 4805 :
1728 4743 1930 4809 £01m

334 4830 492 4888 etiam
547 4830 851 4900 conﬁtentur
889 4820 1039 4882 i'stud'
1055 4827 1128 4882 sic
1156 4838 1210 4881 se
1232 4823 1435 4879 habere.
1470 4820 1769 4896 Utrobique
1798 4836 1929 4882 sane

332 4903 615 4959 mendase.

406 4975 493 5029 Ex
510 4977 709 5037 αἰῶνος.
743 4964 941 5029 Mabill.
974 4985 1037 5027 ea:
1063 4980 1274 5027 acterna.

407 5030 541 5102 Erat
587 5030 722 5103 enim
774 5046 911 5101 circa
972 5042 1137 5098 Deum
1194 5042 1361 5107 λόγος.
1406 5030 1537 5099 Helc
1578 5034 1744 5097 dubio
1803 5050 1928 5107 pro-

329 5118 425 5176 cui
463 5120 529 5175 ad
571 5116 709 5173 Joan
754 5133 794 5185 ι,
838 5112 891 5173 i.
940 5114 1178 5186 respexit
1233 5110 1582 5186 Victorinus:
1616 5110 1711 5168 sed
1750 5110 1929 5186 minus

330 5199 484 5248 recte
526 5200 634 5246 tum
680 5183 801 5246 heic
828 5200 937 5245 tum
966 5183 1164 5258 saepius
1190 5184 1326 5241 infra
1348 5226 1364 5253 ,
1395 5183 1534 5258 sacri
1561 5192 1737 5258 textus
1765 5183 1931 5258 verita

330 5264 470 5341 πρὸς
495 5266 589 5341 τὸν.
607 5262 725 5320 Θεὸν
743 5261 929 5341 ,__circa
958 5254 1133 5341 ιὶεεὶηιΔ
1144 5258 1374 5341 vertisse
1414 5256 1644 5341 videtur.
1675 5254 1932 5341 Agnoscit

336 5325 519 5406 tamen
579 5337 692 5405 ipse
745 5325 1006 5406 Vulgata;
1036 5329 1335 5406 lectionem
1372 5330 1523 5406 apud
1562 5325 1749 5384 Deum‘
1792 5325 1931 5383 inira

335 5404 368 5482 ε
400 5407 493 5482 29,
524 5398 779 5482 illamque
800 5398 941 5482 circa
964 5399 1131 5482 Deum
1160 5401 1364 5482 respuit
1394 5398 1422 5474 ς
1450 5398 1544 5457 26.

413 5465 669 5547 Quoniam
691 5465 853 5532 'Jesus
878 5473 1130 5547 Christus.
1173 5465 1668 5546 Mabill.,'quoniam
1703 5465 1840 5528 Deus
1878 5467 1933 5527 ὃν

335 5542 453 5608 est;
483 5550 551 5608 Et
587 5565 711 5606 mox
739 5552 790 5605 in
812 5548 1003 5622 gremia
1023 5542 1123 5601 Dei
1144 5550 1237 5601 est.

412 5632 540 5689 Esse
574 5636 676 5687 sive
707 5616 957 5699 prodiisse
983 5624 1186 5684 Iesum.
1218 5620 1416 5682 Mabill.
1446 5638 1553 5680 esse
1572 5616 1762 5680 Deum.

412 5725 555 5783 XVII
564 5724 679 5783 .—I
691 5704 1525 5795 mmota.PerperamMabilltiteio
1541 5728 1595 5775 et
1606 5718 1767 5795 paulo
1789 5726 1937 5795 post,

335 5802 558 5863 inmota
598 5815 617 5854 :
656 5797 797 5870 apud
840 5791 1026 5870 quem
1052 5794 1214 5866 paulo
1243 5801 1381 5870 ante
1407 5800 1562 5870 recte
1594 5791 1799 5870 patriae
1818 5792 1935 5850 sive

339 5853 552 5947 patria,
571 5853 668 5943 pro
692 5853 803 5943 quo
828 5853 1088 5927 mendose
1115 5866 1341 5940 patriam
1366 5864 1426 5924 in
1446 5853 1752 5924 Orthosia.

2115 4580 2390 4683 suis;
2411 4580 2613 4683 "154;:
2639 4580 3106 4664 "simsum...
3156 4604 3293 4662 Male
3342 4580 3669 4664 Orthodox.’

2043 4674 2274 4755 υςιιξέι.
2284 4679 2455 4755 167s:-

2107 4748 2644 4823 XVIlL—lQuontodo
2660 4749 3076 4823 imov.Mal)illon.
3102 4748 3175 4823 ita
3195 4748 3476 4823 dimlngult
3490 4767 3505 4805 :
3520 4764 3647 4821 quo-

2035 4823 2188 4907 modo
2205 4818 2471 4877 moretur!
2483 4818 2639 4892 juxta
2658 4821 2841 4899 λόγων
2866 4821 2933 4878 Ει
2958 4836 3084 4878 mox
3112 4818 3240 4895 legit
3268 4818 3541 4897 quoniam
3550 4838 3649 4897 pro

2035 4908 2288 5039 qualum.
2321 4982 2548 5053 Mabill.,
2579 4981 2842 5038 causando
2872 4998 2892 5037 :
2920 4980 3063 5056 quod
3089 4994 3195 5040 non
3211 4977 3406 5056 placet.
3432 4976 3500 5039 Et
3521 4996 3649 5056 mox

2031 5055 2380 5182 cassiitutivus
2403 5097 2419 5124 ,
2450 5066 2548 5128 pro
2588 5056 2912 5111 constitutus.
2944 5053 3159 5127 Optime
3183 5053 3225 5125 ,'
3257 5064 3379 5114 meo
3431 5055 3650 5128 quidem

2032 5143 2088 5183 tu
2129 5143 2252 5183 ιειο.

2053 5143 2252 5183 uutcto.

2028 5144 2047 5198 ⁵
2108 5220 2205 5277 Sui
2243 5221 2423 5291 ipsius.
2482 5219 2754 5276 Mabillon.
2807 5219 2906 5277 sibi
2957 5208 3058 5292 ipsi
3088 5251 3158 5262 —
3201 5239 3235 5277 a
3285 5220 3554 5291 semetipso
3598 5228 3649 5278 et

2032 5293 2206 5369 λόγος,
2236 5302 2286 5349 et
2317 5292 2456 5349 Deus
2485 5302 2580 5350 est.
3448 5292 3453 5299 “

2114 5383 2526 5458 XlX.—Quam.
2559 5384 2635 5441 Ita
2662 5399 2785 5442 cum
2816 5385 3021 5443 Mabill.
3051 5385 3232 5458 legere
3254 5385 3465 5457 malim,
3487 5398 3652 5458 quam

2047 5472 2171 5514 cum
2200 5457 2500 5515 Orthodox.
2526 5459 2787 5530 quoniam.

2115 5549 2239 5609 XX.
2260 5551 2454 5625 --,Sred
2474 5553 2593 5625 iter,
2613 5546 2867 5625 etc.liaio
2882 5550 3023 5619 apud
3041 5550 3245 5607 Mabill.
3267 5551 3313 5607 si
3329 5551 3426 5606 Ito:
3450 5560 3653 5625 oportet

2044 5624 2314 5696 φαίητενοῖ
2334 5624 2455 5680 Mox
2473 5624 2606 5681 ibid.
2639 5624 2887 5680 Dicamus
2916 5624 2973 5679 in
2993 5632 3246 5696 quantum
3277 5625 3357 5696 fas
3386 5635 3483 5680 est.

2114 5719 2355 5783 Romani.
2388 5727 2494 5775 etc.
2525 5716 2617 5789 Sic
2641 5716 2841 5789 Mabill.
2870 5715 3013 5789 apud
3039 5726 3204 5788 quens
3228 5720 3411 5772 tamen
3454 5714 3651 5789 desunt

2037 5797 2187 5860 quasi
2231 5791 2300 5846 ad
2363 5790 2525 5865 initis;
2571 5787 2868 5846 Orthodos.
2906 5786 3141 5845 Romani
3201 5790 3337 5865 πρὸς
3384 5789 3474 5849 τὸν
3522 5786 3651 5849 ὄντα

2037 5865 2213 5921 dicunt
2230 5863 2380 5937 quasi
2401 5862 2472 5917 ad
2495 5862 2655 5932 intus,
2680 5870 2788 5920 etc.
