4024 6306
418 3606 493 3735 74

571 314 705 371 test
1827 297 2015 357 manu
2036 376 2043 383 _
2063 295 2133 353 vr

2238 290 2403 351 )RlNl
2441 294 2603 352 ΛΡΜ
3687 292 3789 350 105Ξ

565 431 738 490 Causa
793 428 935 487 enim
978 434 1090 494 est,
1139 425 1312 497 ipsum
1342 437 1463 480 esse
1491 420 1557 477 ad
1616 419 1924 476 actionem:
1958 425 2133 489 0p0t‘l(

2238 454 2252 476 ι
2281 421 2363 468 ter
2389 412 2486 467 ista
2530 412 2637 468 duo
2677 415 2737 470 τὸ
2782 408 3089 488 ὁμοούσιον’;
3120 409 3244 482 quia
3270 409 3408 468 idem
3437 417 3533 478 est,
3558 414 3678 484 quod
3698 416 3792 469 ειιιιο

569 527 713 585 enim
746 540 866 582 csse
919 523 1178 595 primum,
1217 521 1301 575 cui
1332 519 1471 574 inest
1508 516 1718 588 operari
1779 531 1793 570 :
1843 523 1898 569 et
1945 515 2046 568 hoc
2086 522 2169 568 est
2277 508 2493 562 stantia:
2542 508 2698 563 unius
2744 508 2985 578 ejusdem
3035 517 3137 563 est.
3191 506 3363 563 Unum
3408 507 3579 578 utique
3619 518 3689 562 est
3715 522 3794 563 una

570 621 731 678 Deus.
760 620 864 676 Ista
898 633 1028 689 ergo
1058 615 1196 679 duo,
1224 613 1333 669 duo
1362 611 1484 667 dico
1536 607 1834 665 secundum
1868 606 2118 661 virtutem
2149 622 2163 659 :
2274 600 2419 655 actio
2454 617 2467 655 :
2501 602 2698 670 quippe
2742 616 2863 656 cum
2898 602 3072 672 ipsum
3097 615 3261 671 agere
3285 607 3340 655 et
3368 613 3488 655 esse
3511 600 3594 655 sit.
3622 600 3702 656 llic
3735 610 3796 656 est

566 713 863 772 secundum
914 718 1092 766 autem
1144 704 1550 777 intelligentiam
1596 701 1955 773 simplicitatis
1978 740 1993 766 ,
2044 698 2166 753 dico
2269 692 2434 760 ﬁlius,
2470 693 2554 748 hic
2577 708 2607 747 a
2636 703 2810 764 patre,
2843 692 2933 749 hic
2957 693 3103 749 circa
3132 693 3321 760 Deum,
3348 692 3433 747 hic
3459 693 3544 763 qui
3570 694 3616 746 in
3637 694 3794 763 gremio

566 824 733 866 unum
810 805 1002 862 solum.
1079 802 1135 859 Si
1215 801 1374 873 igitur
1466 794 1781 868 principium
1855 808 2017 850 causa
2083 798 2167 847 est
2268 785 2458 857 patris,
2495 785 2584 842 hic
2614 795 2697 842 est
2727 788 2892 853 intus,
2922 786 3009 841 hic
3037 794 3121 841 est
3143 785 3292 841 foris.
3318 783 3491 855 Opere
3515 786 3644 841 enim
3672 785 3796 850 loris,

566 903 741 975 ipsum
768 916 889 958 esse
934 899 1000 955 ad
1025 895 1393 970 operationem
1443 900 1499 948 et
1537 890 1843 956 actionem,
1876 892 2166 959 generatur
2269 882 2324 935 in
2352 879 2586 952 e0‘quod
2614 890 2699 936 est
2727 895 2848 937 esse
2875 880 3057 936 intus:
3088 890 3144 935 et
3188 882 3240 935 in
3292 880 3453 937 Patre
3497 880 3602 952 ipse
3626 880 3740 937 Deus
3758 882 3795 936 in

565 974 727 1068 agere
750 997 817 1052 ab
845 1009 911 1051 eo
936 992 1079 1064 quod
1125 1000 1210 1047 est
1249 1004 1395 1046 esse.
1440 987 1577 1043 Esse
1625 994 1804 1040 autem
1846 991 1998 1055 pater
2036 988 2158 1036 est:
2266 974 2412 1041 Deo,
2463 978 2554 1046 qui
2598 975 2737 1031 idem
2777 977 2996 1031 omnino
3039 986 3122 1032 est
3158 975 3252 1030 ei:
3304 974 3512 1032 actione
3559 983 3709 1031 autem
3732 975 3798 1047 qui

568 1088 787 1161 cperari
815 1101 945 1157 ergo
970 1083 1132 1140 ﬁlius.
2263 1069 2334 1125 sit
2362 1069 2523 1125 ﬁlius.
2550 1071 2615 1126 Et
2645 1071 2965 1141 ubicumque
2992 1078 3105 1135 est,
3134 1078 3189 1126 ct
3210 1084 3332 1126 esse
3360 1080 3445 1126 est
3472 1078 3524 1126 et
3545 1074 3668 1125 actio
3715 1086 3725 1123 :
3759 1078 3799 1125 et

630 1181 773 1237 XXI.
834 1182 967 1248 Quae
1015 1176 1176 1250 igitur
1213 1173 1489 1248 generatio
1540 1180 1663 1239 est,
1711 1175 1804 1225 aut
1850 1163 2163 1238 apparentia
2263 1160 2562 1227 istomodo,
2582 1171 2638 1217 et
2660 1171 2811 1233 pater
2829 1171 2977 1218 estet
2998 1162 3138 1237 Deus
3158 1171 3264 1230 est,
3284 1160 3487 1218 etﬁlius
3514 1169 3592 1217 est
3615 1162 3798 1234 eum.

2334 1253 2526 1311 XXIV.
2571 1253 2673 1312 Ubi
2716 1256 2873 1326 igitur
2913 1264 2997 1311 est
3040 1256 3130 1311 ille
3179 1254 3416 1310 nefarius
3461 1254 3731 1310 intellectus
3758 1264 3798 1308 ct

2258 1345 2609 1418 blasphemus
2627 1348 2651 1403 ?
2672 1347 2772 1404 Ubi
2805 1347 2965 1404 habet
2995 1349 3168 1404 Ineunt
3201 1347 3346 1403 aliud
3380 1348 3505 1418 quid
3531 1362 3658 1417 esse,
3685 1356 3729 1405 ct
3748 1347 3800 1404 ab

2257 1440 2366 1495 alio
2439 1440 2605 1497 habet
2669 1441 2890 1496 locum?
2940 1439 3043 1497 Ubi
3107 1450 3189 1497 est
3247 1440 3392 1513 quod
3420 1440 3633 1511 amplius
3669 1439 3797 1505 dicit,

2258 1549 2322 1590 ex
2350 1534 2521 1589 nihilo
2548 1549 2671 1590 esse
2700 1533 2884 1589 Jesnm
2913 1533 3186 1590 Christum
3207 1575 3224 1601 ,
3271 1535 3439 1589 ﬁlium
3482 1533 3608 1588 Dei?
3633 1531 3715 1591 Ubi
3738 1540 3799 1588 est

559 1270 965 1348 generationis?
994 1270 1232 1328 Primum
1259 1278 1439 1324 autem
1468 1267 1515 1321 si
1545 1274 1759 1337 oportet
1785 1261 1926 1319 istud
1953 1259 2156 1325 dicere,

559 1387 628 1429 ne
653 1371 773 1442 quis
800 1368 1018 1445 ἔμφασιν
1049 1364 1308 1436 temporis
1349 1361 1597 1433 accipiat.
1630 1358 1867 1414 Primum
1892 1396 1907 1421 ,
1963 1368 2157 1411 secun-

555 1465 683 1523 dum
739 1461 1148 1535 intelligentiam
1214 1458 1352 1514 dico.
1421 1455 1662 1511 Primum
1717 1452 1878 1523 igitur
1925 1448 2155 1505 dicimus

555 1558 610 1616 in
636 1558 989 1629 semetipsum
1046 1566 1406 1617 conversum,
1440 1557 1496 1605 et
1520 1546 1722 1603 moveri
1759 1556 1814 1601 et
1850 1542 2153 1613 intelligere

556 1653 703 1709 intus
741 1651 793 1706 in
838 1628 1024 1721 requie
1080 1647 1308 1719 positam
1354 1640 1738 1699 beatitudinem
1765 1680 1780 1706 ,
1825 1633 2151 1692 omnimodis
2257 1631 2408 1698 illud,
2434 1631 2575 1702 quod
2607 1630 2831 1686 nihilum
2868 1633 2988 1686 est?
3010 1629 3294 1699 Quomodo
3321 1630 3462 1701 quod
3491 1628 3692 1684 nihilum
3715 1637 3797 1695 est,

556 1747 848 1821 perfectam
880 1743 1224 1803 custoditam.
1257 1740 1357 1796 Est
1380 1745 1559 1794 autem
1597 1736 1770 1806 ipsum
1804 1728 2151 1788 beatitudinis
2258 1734 2429 1795 potest
2474 1725 2713 1799 incidere
2745 1727 2796 1781 in
2832 1726 2996 1782 Deum
3047 1735 3140 1782 aut
3180 1725 3236 1781 in
3285 1725 3654 1797 cogitationem
3696 1723 3801 1779 Deil

551 1818 608 1900 et
646 1837 1031 1915 magnitudinis
1066 1837 1195 1903 Dei,
1225 1843 1279 1892 et
1298 1833 1442 1889 intus
1470 1841 1526 1887 et
1555 1829 1686 1885 foris
1705 1871 1722 1897 ,
1754 1834 1809 1882 et
1839 1822 2043 1880 moveri
2094 1830 2148 1877 et
2180 1822 2227 1883 B
2256 1818 2395 1875 Vera
2423 1821 2564 1875 enim
2591 1820 2936 1893 excogitatio,
2966 1837 3030 1877 ex
3058 1821 3201 1877 veris
3227 1830 3332 1876 est.
3369 1820 3537 1876 Porro
3557 1820 3682 1892 quod
3705 1832 3800 1874 vero

553 1912 792 2008 operari.
819 1931 993 1990 Omne
1026 1930 1172 1988 enim
1193 1926 1334 2000 quod
1364 1935 1447 1982 est
1472 1938 1653 1990 omne,
1684 1930 1739 1978 et
1762 1921 1906 1976 intus
1936 1928 1988 1975 et
2020 1916 2150 1999 foris
2255 1930 2362 1970 non
2392 1924 2496 1983 est,
2526 1916 2719 1972 falsum
2747 1926 2847 1972 est.
2880 1915 2999 1972 Non
3028 1915 3191 1987 igitur
3216 1916 3494 1987 excogitat
3516 1916 3663 1981 Deus,
3688 1912 3798 1986 quod

554 2007 658 2084 est.
699 2023 982 2095 Quomodo
1012 2020 1153 2078 istud
1176 2064 1191 2089 ,
1216 2028 1270 2075 et
1296 2018 1439 2074 intus
1465 2024 1520 2073 et
1544 2014 1674 2069 foris
1702 2055 1716 2080 ,
1752 2012 1862 2068 Deo
1883 2007 2150 2066 existente
2255 2023 2382 2064 vere
2409 2023 2516 2064 non
2538 2018 2644 2066 est.
2672 2009 2776 2065 Sed
2823 2024 2922 2064 nos
2954 2008 3112 2075 fallit,
3168 2010 3422 2081 quoniam
3475 2008 3567 2064 Dei
3610 2007 3799 2079 potentia

549 2133 603 2180 et
647 2123 700 2178 in
748 2121 897 2176 omni
924 2128 979 2175 et
1010 2118 1063 2173 in
1092 2126 1240 2182 toto,
1266 2122 1455 2186 postea
1479 2108 1789 2167 dicendum.
2252 2100 2306 2155 in
2339 2100 2441 2156 isto
2464 2103 2633 2173 magis
2663 2102 2967 2169 credimus,
2998 2102 3044 2157 si
3075 2103 3143 2159 ab
3170 2103 3235 2158 iis
3260 2118 3381 2175 qua:
3414 2116 3541 2158 vere
3569 2116 3664 2158 non
3686 2111 3799 2170 sunt,

621 2213 790 2271 XXll.
844 2211 996 2268 Nunc
1060 2216 1239 2264 autem
1297 2205 1482 2276 accipe
1530 2216 1720 2259 causas
1776 2196 2143 2270 intelligendi,
2250 2192 2451 2249 efﬁciat
2482 2209 2544 2249 ea
2593 2210 2712 2265 quae
2761 2209 2893 2250 vere
2932 2205 3076 2250 sunt.
3107 2193 3214 2250 Sed
3260 2199 3312 2249 in
3343 2202 3602 2265 quantum
3625 2194 3800 2263 Deipo.

548 2309 769 2386 ἔμφασιν
816 2305 1075 2378 temporis
1125 2301 1338 2374 penitus
1385 2298 1597 2361 abesse,
1645 2300 1690 2350 si
1714 2294 1869 2366 juxta
1909 2295 2057 2363 prius
2092 2297 2149 2346 et
2252 2287 2416 2342 tentia
2440 2288 2620 2343 omnia
2653 2296 2870 2359 potest,
2922 2288 2974 2343 in
3007 2296 3213 2343 tantum
3259 2286 3414 2359 juxta
3447 2287 3584 2359 quod
3610 2285 3800 2358 potentia

549 2380 819 2478 posterius
842 2443 859 2469 ,
905 2400 1126 2459 omnino
1169 2395 1288 2451 sine
1334 2404 1577 2465 tempore
1623 2388 1830 2447 eﬂ‘ectis
1870 2386 2140 2443 omnibus.
2248 2390 2351 2447 est,
2384 2380 2517 2435 nihil
2546 2380 2693 2436 aliud
2715 2390 2939 2453 generat
2968 2396 3127 2453 quam
3155 2396 3383 2453 quorum
3421 2382 3651 2453 potentia
3673 2388 3799 2437 estut

542 2500 626 2556 Ex
666 2508 869 2555 aeterno
899 2496 1045 2553 enim
1074 2491 1272 2549 omnia.
1301 2490 1444 2546 Deus
1473 2488 1637 2560 igitur
1665 2480 1993 2540 omnimodis
2025 2492 2145 2549 per-
2246 2473 2375 2529 sint.
2410 2474 2612 2531 Eorum
2654 2489 2834 2531 autem
2873 2492 2993 2547 qum
3026 2492 3153 2533 vero
3184 2493 3290 2533 non
3321 2488 3450 2533 sunt
3482 2475 3799 2543 omnimodis,

542 2594 737 2662 fectus,
775 2603 831 2651 et
854 2607 1019 2665 super
1045 2586 1372 2646 omnimodis
1422 2581 1660 2655 perfecta
1712 2598 1726 2636 :
1782 2578 1827 2633 is
1875 2579 1965 2647 qui
2021 2587 2141 2629 om-
2247 2568 2470 2623 omnino
2496 2568 2640 2623 nulla
2675 2569 2914 2640 potentia
2939 2581 3042 2625 est.
3494 2575 3499 2579 '

543 2690 633 2748 uia
660 2660 1009 2755 creavit,'et
1055 2685 1144 2758 qui
1184 2682 1422 2740 omnium
1468 2692 1631 2734 causa
1676 2683 1802 2732 est:
1837 2687 1944 2727 non
2010 2667 2140 2724 illud
2317 2660 2488 2717 XXV.
2548 2662 2830 2731 Quomodo
2885 2679 3014 2734 ergo
3078 2664 3223 2720 nulla
3288 2664 3559 2723 existente
3610 2661 3801 2736 potentia

539 2785 717 2857 ipsum
774 2782 947 2839 solum
974 2822 989 2848 ,
1046 2756 1189 2851 quod
1241 2791 1404 2832 unum
1451 2774 1552 2829 fuit
1606 2781 1660 2829 et
1702 2770 1915 2833 solum;
1947 2763 2043 2820 sed
2087 2768 2143 2818 et
2246 2769 2431 2811 eorum
2465 2771 2583 2825 qua:
2627 2772 2753 2811 vere
2799 2770 2906 2812 n0n
2936 2764 3097 2826 sunt,
3129 2756 3315 2813 effecta
3360 2770 3451 2814 est
3494 2758 3628 2815 actio
3653 2770 3801 2813 eorum

539 2848 709 2935 multa
737 2883 792 2933 et
818 2873 999 2931 omnia
1037 2848 1161 2945 qua:
1217 2869 1454 2941 potentia
1524 2872 1650 2921 sunt
1710 2877 1865 2929 esse,
1928 2857 2024 2913 l'uit
2086 2864 2142 2910 et
2244 2864 2366 2945 qua:
2395 2849 2563 2905 sunt?
2614 2848 2826 2921 Quippe
2876 2850 2922 2905 si
2969 2859 3054 2907 est
3098 2851 3190 2907 Dei
3237 2852 3523 2922 potentia,
3551 2860 3607 2907 ut
3628 2849 3802 2906 adesse

538 2970 709 3028 voluit
732 2984 857 3026 esse
882 2943 1083 3022 omnia.
1114 2963 1233 3021 Alia
1261 2976 1426 3027 vero,
1460 2959 1578 3015 sine
1607 2956 1837 3021 actione,
1865 2947 2139 3023 quomodo
2243 2943 2508 2997 ducantur
2535 2957 2598 2998 ea
2643 2958 2762 3013 quae
2802 2957 2923 3000 esse
2955 2960 3063 3000 non
3095 2953 3340 3014 possunt,
3387 2945 3506 3017 jam
3553 2943 3800 3002 secundum

539 3061 798 3136 possibile
854 3058 953 3115 fuit
998 3057 1162 3115 esse?
1214 3051 1466 3110 Exsilivit
1516 3052 1674 3121 igitur
1721 3046 1816 3102 Dei
1859 3042 2137 3100 voluntate
2240 3036 2537 3105 potentiam
2594 3036 2794 3092 habent
2845 3051 3001 3104 esse,
3059 3039 3147 3095 vel
3198 3049 3325 3095 sunt
3377 3036 3545 3106 ὄντα,
3593 3039 3672 3095 illa
3712 3037 3802 3107 ipsa

541 3155 726 3213 actio:
758 3154 877 3225 ipsa
905 3159 1083 3206 autem
1112 3148 1281 3213 actio,
1316 3146 1407 3201 Dei
1437 3143 1683 3200 voluntas
1736 3138 1871 3195 fuit:
1900 3133 2130 3205 simplex
2240 3144 2360 3198 qua:
2389 3129 2611 3184 onmiuo
2663 3132 2764 3186 εἰσὶ
2804 3135 2874 3203 μή
2925 3128 3069 3188 ὄντα.
3102 3132 3166 3187 Ει
3194 3132 3398 3189 idcirco
3440 3148 3548 3188 non
3590 3146 3698 3188 esse
3731 3128 3800 3184 illa

536 3248 681 3304 enim
712 3220 873 3301 omne
894 3244 987 3299 ibi.
1019 3242 1178 3318 Λόγγος
1203 3254 1333 3312 ergo
1355 3237 1443 3309 qui
1476 3246 1558 3292 est
1579 3235 1633 3290 in
1669 3235 1779 3289 Deo
1799 3274 1813 3299 ,
1847 3230 1961 3301 ipse
1992 3228 2136 3283 Deus
2161 3227 2207 3292 C
2238 3220 2472 3277 diximus
2495 3265 2511 3291 ,
2560 3239 2680 3293 qua:
2727 3224 2779 3280 in
2829 3225 3147 3282 abscondito
3185 3227 3361 3298 posita
3390 3237 3446 3284 et
3475 3228 3530 3284 in
3564 3225 3795 3299 potentia,

536 3348 660 3408 est,
693 3340 807 3412 ipse
834 3338 1084 3394 voluntas
1104 3376 1121 3402 ,
1174 3334 1290 3406 ipse
1332 3328 1683 3400 intelligentia
1704 3367 1720 3393 ,
1769 3325 1886 3395 ipse
1909 3332 1965 3378 et
1988 3321 2094 3377 vita
2115 3360 2131 3388 ,

538 3437 655 3508 ipse
682 3433 824 3491 actio
856 3450 871 3488 :
906 3447 971 3488 ex
999 3445 1059 3487 se
1084 3428 1266 3501 genito
1296 3432 1443 3482 motu
1468 3465 1484 3492 ,
1517 3423 1584 3478 ab
1610 3436 1676 3478 eo
1705 3418 1846 3491 quod
1873 3426 2129 3481 estesse,

537 3525 804 3602 processit
832 3526 883 3581 in
912 3539 1034 3582 esse
1062 3537 1216 3580 suum
1248 3519 1522 3591 proprium
1555 3534 1568 3569 :
1597 3514 1650 3571 id
1681 3521 1763 3569 est
1782 3556 1797 3581 ,
1840 3512 1891 3567 in
1917 3524 2025 3581 quo
2050 3515 2135 3563 est

536 3600 731 3697 agere;
778 3619 1026 3692 apparuit
1076 3618 1249 3688 ipsum
1304 3626 1496 3683 agere,
1526 3606 1668 3681 quod
1696 3605 1914 3678 quidem
1953 3600 2133 3658 eﬁ‘ecit

531 3715 735 3775 omnia.
757 3714 937 3785 ipsum
958 3725 1091 3768 vero
1117 3716 1300 3764 natum
1319 3713 1403 3761 est
1430 3703 1499 3760 ab
1543 3718 1609 3759 eo
1658 3697 1801 3772 quod
1850 3705 1934 3752 est
1987 3709 2129 3763 esse,

2237 3315 2476 3371 nondum
2501 3324 2681 3372 tamen
2706 3329 3076 3389 apparuerunt
3096 3320 3147 3374 in
3174 3320 3412 3376 actione.
3440 3320 3670 3377 Fuerunt
3686 3317 3797 3374 enim

2237 3410 2420 3463 omnia
2469 3409 2522 3463 in
2582 3408 2715 3465 Deo.
2766 3410 2966 3466 Eorum
3017 3410 3162 3467 enim
3211 3414 3457 3469 omnium
3511 3429 3626 3486 quae
3667 3418 3797 3476 sunt,

2235 3503 2381 3580 λόγος
2423 3519 2610 3561 semen
2652 3514 2755 3561 est.
2786 3507 2950 3580 Λόγος
2978 3507 3120 3563 enim
3152 3507 3204 3562 in
3235 3508 3347 3563 Deo
3379 3525 3394 3563 :
3423 3510 3477 3563 in
3501 3506 3797 3579 operatione,

2235 3595 2288 3651 id
2318 3606 2403 3652 est
2434 3597 2486 3652 in
2519 3597 2718 3654 virtute
2742 3598 2872 3666 Dei,
2908 3600 2995 3669 qui
3019 3607 3106 3655 est
3146 3599 3288 3656 ﬁlius
3318 3600 3454 3669 Dei,
3483 3604 3800 3674 apparuerunt

2243 3689 2425 3744 omnia
2451 3705 2574 3760 quze
2606 3689 2747 3747 facta
2775 3700 2921 3746 sunt.

2307 3779 2501 3837 XXVI.
2544 3780 2649 3838 Sed
2703 3781 2890 3838 dicunt
2957 3782 3175 3855 quidam
3224 3785 3477 3858 sacrilegi
3528 3804 3543 3844 :
3590 3784 3644 3842 Si
3686 3781 3800 3840 circa

2236 3872 2403 3930 Deum
2454 3875 2553 3929 l’uit
2599 3876 2748 3951 λόγος
2772 3917 2786 3943 ,
2846 3884 2902 3931 ει
2949 3891 3112 3946 supra
3139 3878 3410 3949 gremium
3443 3876 3538 3933 Dei
3575 3877 3799 3934 exsistans

2233 3969 2395 4039 ﬁlius,
2446 3986 2554 4028 non
2600 3972 2747 4029 intus
2793 3971 2846 4026 in
2896 3971 3125 4043 gremio,
3165 3971 3261 4027 sed
3310 3972 3445 4028 foris
3500 3970 3798 4042 intelligitur.

2233 4065 2371 4133 Quid
2402 4066 2571 4122 vero?
2598 4064 2792 4122 Anima
2822 4064 3026 4119 homini
3049 4064 3336 4134 inspiravit
3376 4066 3526 4122 Deus
3552 4080 3615 4121 ex
3645 4078 3726 4130 se,
3746 4073 3798 4115 ex

2231 4159 2373 4215 intus
2413 4177 2427 4214 :
2467 4160 2712 4215 omnium
2762 4168 2945 4215 autem
2998 4168 3299 4215 creatorem
3325 4201 3343 4229 ,
3387 4160 3718 4218 liberatorem
3750 4166 3800 4209 ac

2231 4252 2684 4309 sanctiﬁcatorem
2741 4250 2889 4308 illius
2911 4252 3078 4323 ipsius
3109 4253 3306 4309 anima:
3328 4295 3344 4321 ,
3376 4263 3436 4310 et
3464 4254 3622 4310 totius
3640 4262 3797 4320 corpo-

2229 4347 2304 4403 ris
2365 4347 2763 4418 redemptorem
2829 4355 2886 4403 et
2932 4354 3266 4415 erectorem,
3335 4363 3450 4404 non
3518 4364 3583 4405 ex
3648 4338 3798 4402 intus?

532 3812 588 3869 in
619 3811 674 3868 id
701 3809 845 3882 quod
875 3818 959 3864 est
984 3820 1179 3878 agere;
1213 3802 1418 3858 habens
1450 3800 1500 3854 iu
1531 3813 1597 3855 eo
1623 3793 1767 3867 quod
1813 3802 1897 3849 est
1939 3806 2129 3863 agere,

528 3916 585 3965 et
610 3920 753 3964 esse.
773 3903 927 3961 Sicut
945 3899 1076 3958 illud
1105 3913 1254 3963 esse,
1300 3903 1354 3951 et
1408 3906 1568 3965 agere
1611 3889 1774 3945 habet
1821 3895 1877 3943 et
1931 3898 2053 3941 esse
2111 3899 2125 3937 :

526 4001 618 4060 Sic
644 4000 768 4066 hoc,
799 4012 961 4069 agere
991 3993 1154 4050 habet
1193 3999 1246 4047 et
1290 4002 1429 4045 esse.
1477 3985 1656 4056 Ipsum
1705 3990 1885 4037 autem
1926 3991 2118 4049 agere,

526 4094 632 4152 hoc
652 4102 738 4151 est
756 4105 910 4158 esse;
941 4099 997 4145 ιιι
1018 4084 1147 4143 illud
1166 4098 1309 4149 esse,
1337 4080 1440 4137 hoc
1460 4089 1544 4135 est
1559 4073 1705 4148 quod
1734 4088 1917 4146 agere.
1944 4070 2124 4127 Unum

525 4205 656 4262 ergo
680 4196 736 4244 et
762 4184 989 4256 simplex
1010 4222 1026 4249 ,
1057 4181 1162 4237 ista
1189 4176 1315 4234 duo.

523 4316 527 4321 ι
586 4253 788 4337 XXIII.
830 4253 888 4333 Id
909 4275 956 4333 si
984 4274 1059 4330 ita
1088 4280 1191 4339 est,
1222 4282 1397 4341 neque
1426 4281 1492 4323 ex
1521 4262 1691 4320 nihilo
1714 4260 1893 4325 Jesus,
1935 4255 2028 4329 qui
2055 4253 2124 4312 ab

526 4389 594 4433 eo
628 4372 772 4447 quod
793 4378 877 4428 est
910 4382 1056 4434 esse,
1099 4364 1350 4436 apparuit
1388 4360 1526 4416 actio
1573 4374 1589 4424 ;
1631 4371 1752 4411 cum
1791 4354 1906 4425 ipsa
1949 4349 2111 4414 actio,

526 4479 583 4526 et
609 4470 712 4526 hoc
738 4465 838 4523 fuit
861 4460 1005 4536 quod
1041 4464 1127 4516 est
1187 4470 1309 4513 esse
1360 4471 1374 4509 :
1432 4465 1608 4523 neque
1660 4463 1770 4504 non
1826 4454 1911 4503 est
1962 4457 2123 4516 prop-

1844 4558 2210 4618 VARIORUM
2249 4558 2473 4616 NOTE.

600 4674 783 4732 Ethoc
802 4683 877 4731 est
906 4670 1066 4730 Deus.
1093 4669 1220 4726 ilice
1239 4666 1436 4724 desunt
1463 4659 1602 4736 apud
1629 4657 1854 4726 Mabill.,
1879 4657 2121 4715 fortassis
2148 4662 2244 4736 1).
2298 4652 2363 4707 In
2402 4654 2458 4736 id
2500 4653 2636 4736 quod
2685 4662 2760 4709 est
2805 4669 2974 4726 agere.
3031 4652 3121 4710 Sic
3170 4651 3375 4709 Mahill.
3418 4653 3491 4709 At
3532 4649 3791 4710 Orthodor.

526 4749 730 4807 incuria
759 4724 1212 4817 exscriptorisav:
1350 4810 1363 4817 _
1498 4724 1513 4736 ’
1750 4805 1765 4817 .
2055 4802 2115 4817 η
2225 4725 2280 4779 in
2304 4724 2454 4817 quod
2477 4733 2551 4780 est
2578 4742 2749 4797 agere.

1350 4810 1466 4866 haec
1493 4805 1767 4893 vox‘apud
1791 4802 1998 4893 ειυείιι.
2054 4802 2122 4893 Et
2225 4868 2259 4893 η
2428 4799 2523 4852 hoc
2571 4794 2720 4870 agere
2771 4796 2917 4880 habet
2967 4807 3014 4851 et
3061 4795 3348 4893 esselll'Ecc
3396 4796 3597 4855 desunt
3632 4798 3678 4852 in
3713 4794 3793 4850 0r-

524 4868 1165 4957 moi'ibidiﬂlegitur'ad
1215 4868 1465 4957 actionem
1492 4868 1741 4957 tantum.
1791 4875 1960 4933 Paulo
2002 4884 2122 4946 post
2224 4868 2470 4957 ιιιιζγιιεξκ
2501 4868 3082 4957 ᾳυςιξηειιςιιρειηξυε-ςξ
3109 4869 3315 4957 biabill:

522 4940 1141 5034 ίῦἷάῆεῗᾱέᾶένέίῶἧάὲθηὲ
1168 4953 1563 5034 9ῗἾ⁸¹Ῑ⁴ῗτ.Μ³¹(ἒ·
1612 5023 1623 5034 ,
1698 5022 1742 5034 __
2002 4940 2016 4946 ’
2295 4940 2482 5034 ξιὶιιιι.
2507 4970 2578 5034 -ς-
2705 4942 2803 5034 (ιυσ
2821 4941 3186 5034 .fuithMal‘ﬁll.
3215 4950 3263 4996 et
3290 4942 3343 4994 in
3372 4957 3436 4996 eo
3465 4943 3584 5016 [ηἱι.

594 5013 1194 5091 ῖώῦζέϐεηεναιὶοηὶδῗ
1213 5026 1413 5081 Mabill.
1435 5023 1670 5080 actionis.
1696 5022 1813 5079 Mox
1837 5034 1994 5088 neque
2020 5034 2119 5073 em-
2295 5013 2474 5091 lVeque
2516 5029 2620 5068 non
2639 5018 2759 5091 _est,_
2785 5021 2891 5068 etc.
2917 5013 3167 5091 _blabill.,
3200 5029 3361 5084 neque
3387 5013 3509 5091 non
3545 5016 3785 5086 ὁμούσων.

522 5084 744 5182 pugili}.
777 5084 896 5182 Non
919 5111 1083 5155 recte.
1103 5170 1153 5182 η
1554 5168 1567 5181 ,
1808 5165 1820 5177 _
1912 5084 1921 5088 ’
2049 5160 2112 5182 m
2221 5085 2345 5153 quia
2373 5102 2481 5182 esse
2511 5084 2649 5167 quod
2679 5084 3011 5140 subslantiale
3049 5095 3157 5154 est,
3201 5101 3363 5139 unum
3398 5084 3606 5159 utrique
3640 5094 3730 5151 est,
3751 5087 3789 5135 et

594 5157 1051 5243 lii-"semetipsum.
1103 5166 1344 5243 Mabill.,
1390 5185 1498 5224 esse
1536 5168 1603 5223 in
1648 5165 1991 5237 semetipsum.
2049 5160 2116 5217 Et
2221 5157 2721 5243 utlg‘aglioﬂuipl’ev
2765 5166 2873 5239 ἵης’
2916 5216 2919 5219 ν

521 5226 898 5308 ιηᾶίοᾶξιεᾶἰί
923 5258 1020 5316 pro
1041 5226 1484 5316 custoditan't._u_
1575 5309 1586 5316 _
1682 5306 1714 5316 Α
1775 5307 1789 5316 _
1823 5226 1834 5237 ’
1865 5306 1879 5316 “
2031 5305 2043 5316 ¹
2220 5228 2395 5316 “Qui
2449 5226 2610 5283 idem
2638 5229 2846 5285 omnino
2888 5236 2963 5284 est
3010 5229 3075 5283 ei.
3126 5228 3253 5285 Haec
3305 5227 3507 5286 desunt
3532 5228 3663 5302 apud
3699 5226 3785 5282 Ma.

595 5296 887 5377 Tifata}?
917 5296 1011 5372 Sic
1052 5314 1256 5385 Optime
1306 5310 1508 5367 Mabill.
1559 5309 1631 5365 At
1675 5306 1973 5364 Ortbodox.
2020 5305 2112 5361 Ιιοο
2218 5296 2334 5385 bili;

522 5367 671 5449 min-iv.
702 5367 1005 5447 ᾗὲἑξῖὶηὲῗ
1061 5367 1112 5385 τ’
2510 5401 2581 5457 —_-
2611 5371 2776 5457 Habet
2795 5373 2986 5457 locum:
3013 5372 3117 5457 Ista
3144 5371 3452 5457 redundare
3467 5375 3721 5457 videntur,
3744 5367 3782 5457 si

594 5441 1104 5544 :J-Hlsenilus
1144 5477 1335 5533 abesse.
1366 5474 1493 5531 Haec
1517 5473 1715 5529 omittit
1743 5472 1943 5527 Mabill.
1972 5470 2111 5543 apud

2238 5441 2529 5526 tdmittatur
2550 5444 2916 5515 interrogatio.
2936 5445 3105 5514 Magis
3131 5446 3309 5516 placet
3329 5441 3782 5518 hujnsmodilecﬁo

2238 5514 2395 5544 tlnl..ll
2455 5533 2468 5544 .
2506 5515 2602 5544 ΠΜ
2628 5516 2770 5544 1...].-.
2802 5517 2964 5544 1..-...“
2993 5517 3134 5544 ..l.'...l
3170 5517 3288 5544 -..ελ
3312 5534 3417 5544 ιη-..
3441 5532 3487 5544 -.
3524 5518 3581 5544 ..1.
3605 5516 3694 5544 ,Ιὲιι
3747 5520 3782 5544 ΑΙ

596 5513 774 5611 AA“;
793 5513 866 5611 ’ὖ
891 5513 925 5537 ι
942 5513 2111 5608 ἴέιωξι
2216 5513 2420 5596 Mabill.
2455 5533 2468 5571 :
2504 5515 2602 5571 Ubi
2623 5513 2777 5571 habet
2798 5517 2965 5572 locum
2987 5513 3148 5572 aliud'
3164 5517 3288 5588 quid
3306 5513 3418 5572 esse
3434 5532 3487 5574 et
3519 5518 3581 5572 ab
3601 5516 3722 5580 alio,
3745 5520 3783 5565 ιι

520 5574 677 5633 quem
707 5574 740 5630 Ρ
778 5574 808 5612 u
914 5570 949 5626 Ρ
1039 5593 1056 5620 ν
1592 5560 1626 5615 q
2216 5604 2379 5633 mam:
2409 5603 2472 5633 pm
2502 5588 2662 5633 nihilo
2686 5586 2876 5633 Iesum
2903 5587 3161 5633 Clu-istim:
3190 5597 3236 5633 et
3269 5590 3431 5633 lilium
3450 5589 3476 5633 .9

520 5586 677 5633 quem
707 5586 865 5630 μᾶιυιυ
915 5586 1056 5626 pum,
1088 5586 1133 5606 σι
1154 5586 1264 5605 ww.
1279 5586 1366 5604 ην.
1401 5586 1696 5615 unua-“nu
1723 5586 1829 5599 ην..
1858 5586 2012 5599 ..μη-ν.

590 5649 848 5722 Perfecta.
928 5643 1118 5700 Melior
1156 5642 1368 5697 videtur
1410 5637 1528 5693 haec
1550 5694 1553 5697 λ
1578 5635 1740 5692 lectio
1807 5632 2102 5689 Orthodox.

515 5735 676 5793 quam
700 5722 869 5775 altera
893 5715 1096 5773 Mabill.
1121 5715 1394 5787 perfectus.

2238 5590 2379 5713 neiis
2409 5603 2472 5643 ea:
2501 5588 2662 5643 nihilo
2686 5586 2876 5643 Jesum
2903 5587 3161 5645 Christum
3178 5586 3236 5643 et
3264 5590 3431 5672 ﬁliuni
3449 5589 3476 5642 ?

2335 5657 2683 5716 XV.—0vra.
2725 5660 2874 5715 Hanc
2920 5676 3107 5716 vocem
3153 5660 3555 5731 desntnpstmus
3593 5676 3654 5717 cx
3689 5656 3778 5712 Ma-

2238 5729 2320 5784 lill.
2359 5746 2480 5793 qum
2522 5732 2861 5788 desideratur
2888 5733 2941 5787 in
2968 5732 3267 5789 Orthodox.

1629 5802 1641 5814 ο
1977 5808 1989 5815 _
2054 5800 2066 5812 _
2204 5727 3267 5815 billzlquze‘desideratqu.Qrthodox.

586 5809 911 5890 Sunt._iiaee
934 5822 1051 5890 vox
1079 5807 1259 5890 “abest
1300 5820 1333 5859 a
1384 5802 1584 5889 Mabill.
1627 5800 1895 5890 immerito
1935 5808 1996 5857 ut
2019 5800 2099 5857 vi-
2202 5800 2343 5890 AE;
2371 5800 2664 5890 erectorent,
2694 5813 2800 5860 etc.
2828 5804 3008 5890 stang
3053 5814 3098 5860 ει
3125 5806 3500 5863 "enormi"
3527 5800 3774 5878 augeam:

513 5883 694 5942 detur.
725 5881 851 5938 Mox
877 5878 1007 5937 ibid.
1039 5876 1145 5933 alia
1166 5894 1285 5936 vero
1309 5879 1484 5932 omnia
1509 5877 1618 5933 sine
1641 5876 1859 5931 actione.

2198 5872 2445 5944 virginem
2467 5890 2570 5931 non
2602 5872 2741 5932 intus
2777 5877 2941 5933 emisit
2957 5877 2984 5932 ?
2983 5900 3013 5952 λ
3048 5934 3055 5937 ,

2228 4440 2419 4499 Nonne
2461 4441 2759 4514 angelicam
2809 4450 3057 4498 naturam
3085 4456 3154 4498 ex
3185 4440 3332 4497 intus
3362 4441 3584 4498 emisit?
3610 4435 3796 4509 Quando
3887 4446 3890 4447 '
