4024 6306
255 254 393 310 1055

1329 249 1534 306 LIBER
1577 249 1663 306 DE
1703 247 2189 308 GENEBATIONE
2230 248 2482 305 DIVINA.

3413 252 3554 309 1054

251 374 432 421 autem
463 362 738 419 hominem
783 361 852 418 de
897 369 1034 418 terra
1068 361 1349 430 formavit,
1381 372 1437 419 et
1465 364 1635 421 altera
1663 381 1854 436 pecora
1885 369 1934 427 Α
1966 364 2228 420 habentes
2259 366 2309 420 in
2342 365 2610 421 intellectu
2633 409 2647 433 ,
2682 365 2932 434 quoniam
2977 382 3081 422 non
3115 369 3330 439 proprie
3379 373 3556 428 nomi-

249 470 306 516 et
342 457 763 532 quadrupedia,
827 467 880 512 et
949 473 1136 513 rursus
1205 475 1271 514 ex
1345 475 1484 530 aqua
1557 462 1852 516 animantia

252 567 465 621 cuncta,
495 564 546 610 et
577 565 897 609 ca-terornm
927 553 978 607 in
1010 568 1138 609 aere
1164 568 1228 608 ca
1273 568 1336 609 ex
1384 553 1492 608 alio
1517 555 1568 608 in
1586 555 1735 618 aliud
1758 597 1771 619 ,
1797 565 1852 610 et

252 648 386 706 illud
433 665 500 705 ex
548 664 655 718 quo
699 647 930 719 primum
968 663 1036 702 ex
1067 648 1132 702 iis
1156 663 1276 718 qua:
1323 664 1428 703 non
1473 660 1638 705 sunt:
1666 648 1851 705 Jesum

252 758 383 800 vero
430 741 571 798 unde
622 740 802 797 dicis?
850 742 991 797 Ante
1035 742 1216 796 omnia
1245 755 1477 812 namque
1525 741 1852 798 tilius.Num

254 853 382 909 ergo
427 837 496 893 ab
544 834 732 902 inani,
766 845 821 892 et
850 835 1071 891 omnino
1113 833 1182 890 dc
1213 834 1395 890 nullo?
1427 835 1627 890 Deinde
1657 851 1852 907 corpus

254 931 371 1002 ejus
399 929 932 986 formavitmnimam
959 943 1089 984 vero
1110 937 1202 982 aut
1232 930 1479 999 spiritum
1519 944 1716 998 corpus
1739 946 1847 984 non

255 1023 464 1090 habuit,
484 1035 769 1094 antequam
819 1023 872 1078 in
903 1021 1157 1077 mundum
1187 1021 1602 1093 ingrederetur?
1634 1023 1854 1078 llabuit-

255 1135 326 1175 ne
355 1117 630 1173 animam?
660 1117 788 1171 Eam
814 1117 973 1187 igitur
1001 1113 1298 1171 iusulﬁavit
1321 1156 1335 1173 .
1370 1116 1484 1170 sive
1513 1115 1805 1171 iusibilavit
1837 1135 1849 1171 :

256 1228 432 1282 ηειιυε
455 1213 599 1267 enim
628 1210 680 1265 in
707 1225 850 1266 eum.
886 1211 1172 1278 Quomodo
1202 1207 1344 1264 enim
1394 1207 1446 1263 in
1491 1207 1701 1280 ipsum,
1730 1225 1852 1266 eum

257 1307 494 1364 nandum
524 1304 750 1360 haberet
772 1303 1006 1374 corpus?
1037 1302 1144 1358 Sed
1166 1303 1210 1358 si
1241 1301 1382 1374 quod
1419 1303 1734 1365 insibilavit,
1762 1304 1856 1358 t'uit

256 1399 309 1456 id
333 1400 506 1470 ipsum
539 1398 702 1454 ﬁlius.
729 1397 784 1454 Si
817 1395 960 1451 istud
987 1396 1060 1451 ita
1082 1405 1186 1461 est,
1219 1407 1301 1451 est
1329 1410 1458 1467 ergo
1482 1410 1514 1450 a
1541 1397 1649 1452 Deo
1679 1395 1853 1452 ﬁlius:

257 1494 337 1550 sic
380 1502 437 1550 et
484 1491 726 1562 spiritus.
756 1490 872 1546 Non
917 1491 1058 1546 enim
1106 1505 1170 1545 ex
1219 1490 1388 1545 nihilo
1433 1490 1674 1562 spiritus.
1717 1490 1853 1546 Dicit

265 1589 409 1645 enim
482 1585 797 1657 Deus(lsa.
858 1601 992 1651 xut,
1030 1585 1154 1656 5):
1206 1582 1421 1639 Omnem
1472 1586 1712 1655 spiritum
1763 1602 1856 1656 ego

256 1681 420 1738 emisi.
452 1679 781 1736 Insul‘llandu
807 1695 936 1750 ergo
957 1723 970 1746 ,
998 1693 1162 1747 super
1183 1693 1241 1734 se
1273 1678 1565 1735 insul’ﬁavit
1593 1679 1733 1735 Deus
1755 1721 1768 1742 ,
1803 1688 1859 1734 et

1956 475 2144 514 minus
2204 474 2303 514 nec
2347 460 2677 528 appellamus
2724 477 2736 512 :
2785 461 3233 529 quemadmodum
3284 463 3553 533 dicimus,

1958 550 2101 608 Vivit
2145 552 2316 616 Deus,
2363 553 2612 620 intelligit
2647 552 2808 607 Deus.
2850 552 3086 610 Proinde
3109 573 3136 606 ει
3167 558 3364 609 nostris
3391 558 3558 611 aetio-

1956 645 2114 699 nibus
2140 645 2482 700 nominamus
2508 645 2748 701 aetioncs
2791 646 2916 714 Dei,
2961 648 3228 705 existente
3260 660 3435 706 tamen
3463 650 3560 706 illo

1956 754 2119 808 super
2162 739 2376 803 omnia;
2435 754 2606 810 neque
2661 749 2864 794 tantum
2919 740 3202 808 existente,
3264 743 3356 797 sed
3409 744 3561 814 quasi

1955 834 2244 900 existente,
2293 832 2404 890 οὖδέ
2470 830 2628 894 ὅντως·
2658 835 3016 911 ὑπάρχοντος,
3050 836 3176 891 ἀλλὰ
3202 832 3346 898 ὄντος
3372 841 3559 912 μικροῦ

1958 926 2326 1004 ὑπάρχοντος,
2363 925 2472 982 Isto
2495 929 2658 982 etiam
2689 927 2850 982 modo
2889 928 3276 994 substantiam,
3319 934 3563 986 existen-

1960 1019 2110 1085 tiam,
2160 1030 2210 1074 et
2244 1029 2439 1075 caetera
2488 1021 2793 1090 hujusniodi
2851 1023 3171 1091 appnninius
3217 1023 3343 1087 Deo,
3370 1033 3425 1077 et
3448 1023 3564 1093 ejus

1959 1116 2207 1171 esseiitim
2231 1118 2413 1172 οὐσίαν
2444 1115 2599 1170 aliter
2631 1116 2878 1182 dicimus,
2907 1117 3065 1172 aliter
3087 1132 3146 1172 se
3174 1117 3404 1173 habente
3435 1119 3562 1172 sub-

1959 1211 2159 1265 stantia
2192 1223 2373 1266 creata
2404 1209 2470 1265 ad
2501 1209 2644 1281 quod
2687 1211 2826 1268 inest
2853 1209 2986 1280 sibi,
3019 1223 3074 1268 et
3113 1211 3180 1267 ad
3211 1229 3368 1268 suum
3399 1212 3559 1268 etiam

1962 1319 2106 1360 esse.

2031 1395 2226 1453 XXIX.
2267 1397 2528 1454 Similiter
2565 1407 2620 1452 et
2663 1412 2783 1453 cum
2814 1395 3076 1465 dicimus,
3125 1386 3266 1468 quod
3311 1398 3450 1453 Deus
3480 1396 3563 1453 fa-

1957 1498 2077 1547 ctus
2125 1501 2208 1546 est
2261 1489 2508 1546 Christus
2538 1491 2620 1548 vel
2665 1491 2827 1546 homo
2858 1508 2870 1546 :
2905 1507 3012 1547 non
3057 1493 3200 1564 quod
3231 1507 3353 1548 vere
3385 1493 3556 1548 lactus

1959 1585 2058 1655 sit,
2087 1584 2181 1640 sed
2204 1584 2459 1656 quoniam
2489 1601 2628 1640 unus
2651 1586 2751 1650 sit,
2784 1597 2837 1642 et
2865 1585 2916 1640 in
2949 1586 3202 1642 onmibus
3227 1586 3327 1653 sit,
3357 1595 3412 1642 et
3442 1600 3564 1642 om-

1961 1693 2058 1732 nes
2099 1678 2151 1732 in
2185 1677 2304 1748 ipso
2334 1695 2346 1730 :
2379 1677 2685 1747 idcircoque
2735 1678 2944 1733 dicatur
2970 1679 3222 1734 omnibus
3249 1681 3426 1734 omnia
3460 1681 3567 1735 lac-

255 1775 336 1832 sic
377 1786 534 1830 natus
579 1785 658 1830 est
705 1772 846 1829 ﬁlius
875 1791 887 1827 :
921 1786 1026 1828 non
1050 1788 1179 1843 ergo
1208 1771 1335 1827 fecit
1366 1773 1514 1827 illum
1547 1773 1708 1828 Deus.
1731 1772 1847 1829 Non
1881 1776 1930 1838 B
1958 1780 2065 1837 tus,
2094 1780 2150 1825 ut
2172 1780 2354 1826 eSsent
2379 1789 2393 1825 :
2421 1786 2528 1825 non
2557 1771 2698 1841 quod
2729 1770 2897 1826 factus
2919 1771 2988 1826 sit
3020 1781 3078 1826 ut
3103 1782 3247 1827 esset
3266 1813 3280 1841 ,
3308 1771 3401 1827 sed
3425 1771 3569 1843 quod

255 1886 388 1942 ergo
425 1871 570 1926 circa
617 1868 781 1924 Deum
816 1869 895 1924 vel
928 1882 1090 1938 Supra
1139 1867 1401 1938 gremium
1433 1866 1565 1923 furis
1591 1877 1715 1934 est,
1759 1867 1854 1923 Sed

256 1964 420 2020 intus.
478 1961 774 2033 Utrumque
831 1960 1143 2017 testiﬁcatur
1194 1961 1364 2016 David
1433 1961 1618 2018 dicens
1672 1961 1853 2037 (Zach.

254 2073 348 2123 xu,
386 2060 482 2129 I):
527 2055 790 2112 Eructavit
826 2073 914 2111 τοι·
960 2073 1127 2110 nteant
1191 2055 1410 2111 Verbum
1467 2057 1679 2112 bonum.
1739 2058 1856 2115 Non

257 2166 408 2223 ergo,
432 2151 578 2222 quod
609 2163 690 2207 est
719 2151 884 2214 ﬁlius,
914 2151 1109 2205 factum
1139 2159 1222 2206 est
1242 2193 1256 2217 ,
1286 2150 1427 2207 sicut
1459 2153 1641 2207 omnia
1677 2169 1691 2207 :
1721 2169 1856 2208 con-

254 2253 338 2300 tra
363 2244 414 2298 id
437 2243 578 2316 quod
606 2243 735 2299 dicit
768 2243 927 2299 Deus.
956 2242 1088 2299 Nam
1117 2245 1160 2300 si
1192 2243 1367 2301 factus
1415 2254 1498 2302 est
1516 2266 1533 2313 ;
1568 2259 1857 2319 antequam

255 2335 432 2399 ﬁeret.
467 2351 574 2391 non
602 2347 716 2392 erat
747 2335 986 2392 Verbum
1019 2336 1132 2392 Dei.

325 2432 540 2489 XXVII.
583 2432 720 2503 Quid
761 2434 922 2503 igitur
951 2433 1221 2489 dicimus?
1249 2433 1436 2490 Nonne
1475 2444 1559 2491 est
1598 2451 1861 2494 necessa-

252 2527 393 2582 rium
464 2524 746 2592 conﬁteri,
786 2526 831 2580 si
890 2525 1122 2581 Verbum
1173 2524 1296 2582 fecit
1345 2528 1524 2585 omnia
1559 2571 1574 2596 ,
1625 2529 1858 2600 primum

253 2619 494 2676 omnium
557 2635 678 2676 esse
720 2619 992 2685 Verbum,
1043 2619 1189 2676 velut
1232 2619 1464 2676 Verbum
1534 2623 1860 2680 omnimodis

256 2714 531 2782 Verbum,
565 2712 800 2769 Verbum
833 2712 976 2784 quod
1021 2729 1119 2769 nos
1149 2722 1201 2770 et
1233 2715 1509 2786 proinbetre
1539 2728 1590 2772 et
1629 2734 1862 2790 evange-

259 2807 396 2862 lista:
443 2807 784 2863 nominamus
826 2808 971 2884 λόγον
1013 2815 1068 2861 ει
1114 2807 1322 2863 ﬁlium?
1377 2809 1553 2867 Moses
1601 2812 1681 2868 sic
1731 2813 1861 2868 dicit

261 2897 428 2972 (Gen.
459 2914 508 2963 ι,
538 2898 593 2970 I)
622 2916 634 2952 :
666 2897 729 2952 ln
752 2900 1006 2971 principio
1030 2900 1149 2971 fecit
1176 2898 1316 2956 Deus
1359 2904 1540 2957 cretum
1569 2915 1617 2958 et
1646 2913 1854 2961 terram.

251 2991 563 3049 Secundum
602 2991 851 3063 Aquilam
901 2992 1002 3048 huc
1051 2993 1190 3049 idem
1238 2992 1698 3064 siczlncapitulo
1741 3000 1858 3071 fecit

254 3082 396 3139 Deus
439 3099 458 3138 :
499 3094 558 3139 ut
605 3082 814 3140 llebraei
858 3084 1020 3141 Musis
1071 3085 1274 3142 dictum
1326 3091 1859 3157 pronuntiantzsive

1960 1865 2187 1923 ellectus
2227 1864 2299 1920 sit
2335 1864 2402 1920 ad
2433 1865 2503 1919 ita
2526 1880 2667 1921 esse.
2697 1865 2977 1936 Siquidem
3026 1882 3131 1921 non
3160 1868 3377 1933 dicitur,
3405 1865 3571 1921 Filius

1963 1965 2058 2020 Dei
2095 1966 2265 2019 laetus
2295 1972 2396 2025 est,
2427 1962 2521 2018 sed
2557 1961 2703 2034 (Act.
2733 1979 2802 2030 ιι,
2833 1962 2935 2035 56)
2967 1963 3108 2034 quod
3139 1973 3221 2019 est
3258 1966 3430 2018 factus
3463 1977 3560 2018 no-

1959 2057 2043 2114 bis
2073 2056 2364 2122 Dominus;
2414 2056 2552 2110 sicut
2581 2055 2834 2110 Salutuuu
2866 2054 2992 2110 dicit
3021 2055 3210 2129 (Prov.
3260 2071 3381 2118 vut,
3414 2054 3518 2125 22)
3545 2073 3559 2109 :

1962 2151 2028 2206 Et
2063 2151 2244 2223 fecisse
2272 2167 2351 2205 nte
2378 2166 2537 2220 supra
2566 2151 2673 2204 uias
2701 2159 2837 2204 tuas.
2864 2149 2994 2205 Nam
3027 2150 3097 2205 de
3121 2160 3318 2205 mterua
3347 2149 3561 2204 divina-

1960 2261 2065 2317 quc
2089 2247 2438 2316 generatione
2469 2245 2720 2314 supponit
2750 2244 2928 2298 statim
2958 2241 3135 2312 (Ibid.
3169 2244 3204 2309 ii
3230 2281 3243 2297 .
3269 2243 3373 2316 ‘25)
3401 2262 3413 2298 :
3438 2243 3570 2298 Ante

1961 2356 2133 2395 omnes
2173 2355 2252 2392 me
2290 2339 2461 2409 genuit
2489 2336 2763 2392 Dominus.
2794 2339 3036 2406 Dicitque
3088 2337 3325 2393 Joannes
3366 2336 3566 2409 (Joan.

1961 2449 2012 2499 ι,
2041 2432 2096 2498 5,
2137 2432 2232 2500 4);
2272 2429 2420 2496 Quod
2461 2431 2654 2498 factum
2702 2438 2804 2496 est,
2858 2430 2910 2484 in
2958 2432 3070 2502 ipso
3101 2431 3204 2485 vita
3247 2440 3378 2486 erat.
3427 2431 3566 2501 Quid

1962 2527 2198 2583 deinde?
2229 2525 2420 2583 Nonne
2451 2527 2592 2583 Deus
2618 2535 2920 2582 creaturam
2955 2525 3110 2593 fecit,
3145 2537 3198 2582 et
3236 2528 3286 2582 in
3317 2537 3566 2583 creatura

1962 2621 2194 2692 primum
2224 2621 2422 2676 cmlum
2455 2630 2510 2675 et
2539 2619 2774 2675 terram?
2799 2618 2914 2674 Non
2944 2634 3074 2689 ergo
3121 2619 3243 2674 fecit
3275 2618 3569 2674 Christum.

1960 2713 2131 2769 Natus
2178 2725 2261 2771 est
2310 2729 2438 2784 ergo
2501 2711 2779 2776 Christus,
2831 2729 2936 2766 non
2991 2714 3181 2766 tactus.
3233 2702 3571 2785 Ubicumque

1963 2808 2108 2862 enim
2147 2806 2344 2862 dicitur
2372 2807 2563 2873 lactus,
2610 2815 2728 2876 post
2756 2805 2983 2876 primum
3025 2814 3079 2860 et
3117 2817 3376 2861 :cternum
3403 2822 3572 2877 gene-

1963 2901 2107 2965 rari,
2144 2901 2337 2956 dicitur
2361 2909 2485 2973 pust
2510 2899 2732 2955 effectus
2758 2915 2899 2957 esse.
2935 2899 3084 2956 Sicut
3113 2897 3267 2969 (Gal.
3296 2916 3372 2966 ιν,
3400 2901 3470 2973 4)
3503 2901 3570 2957 de

1963 2994 2192 3051 muliere
2229 2995 2424 3049 dicitur
2463 2995 2669 3059 factus;
2722 3005 2774 3049 et
2823 2996 2874 3049 iu
2925 2994 3148 3051 Actibus
3186 2993 3571 3064 Aposmlorum

1964 3087 2111 3158 (Act.
2131 3105 2186 3154 ll,
2204 3088 2306 3161 36)
2331 3106 2344 3143 :
2374 3086 2667 3143 Certissime
2690 3089 2846 3161 igitur
2875 3101 3148 3162 cognoscat
3167 3091 3350 3146 domus
3373 3089 3562 3157 Israel,

253 3177 308 3232 in
356 3177 632 3249 principio,
651 3177 764 3232 sive
809 3178 863 3232 in
906 3177 1154 3248 capitulo,
1198 3178 1250 3234 in
1300 3180 1516 3236 Christo
1560 3199 1682 3237 eum
1734 3179 1929 3244 lecitC
1959 3185 2202 3254 quoniam
2275 3184 2428 3238 istum
2464 3182 2723 3239 Christum
2783 3182 2922 3240 Deus
2976 3185 3123 3256 fecit,
3173 3203 3321 3258 quem
3383 3186 3571 3242 tulistis

257 3272 423 3330 Deus.
452 3272 778 3344 Principium
803 3288 932 3345 ergo
961 3283 1014 3329 et
1039 3284 1217 3344 caput,
1247 3272 1515 3331 Christus.
1541 3277 1607 3332 Et
1629 3277 1730 3333 hoc
1756 3278 1862 3334 fre-

254 3374 486 3435 quenter
506 3365 702 3422 dicitur
730 3365 964 3421 :Creurit
993 3369 1165 3422 omnia
1196 3368 1248 3420 in
1278 3367 1502 3424 Christo.
1529 3371 1686 3444 Λόγος
1719 3372 1863 3426 enim

256 3457 504 3515 Christus
527 3470 583 3516 ut
607 3475 792 3516 semen
819 3471 900 3516 est
923 3463 1184 3517 omnium.
1211 3461 1421 3518 Primus
1441 3480 1569 3535 ergo
1589 3464 1860 3520 Christus:

257 3563 387 3610 ante
444 3554 587 3610 enim
664 3571 879 3612 omnem
933 3569 1234 3613 creaturam
1299 3557 1414 3613 fuit.
1475 3558 1630 3616 Unde
1692 3561 1861 3632 igitur

258 3649 546 3706 Christus?
568 3647 624 3706 Si
660 3649 889 3706 Verbum
912 3660 1017 3717 est,
1049 3667 1076 3704 a
1112 3651 1220 3706 Deo
1246 3671 1260 3706 :
1284 3652 1329 3707 si
1355 3651 1617 3719 voluntas,
1648 3669 1677 3706 a
1703 3653 1813 3708 Deo
1846 3672 1860 3708 :

261 3744 308 3800 si
336 3755 513 3801 autem
542 3753 721 3800 motus
749 3755 841 3799 aut
876 3745 1042 3810 actio,
1073 3759 1105 3799 a
1145 3745 1254 3800 Deo
1287 3762 1299 3799 :
1331 3754 1386 3800 et
1426 3745 1470 3800 si
1501 3749 1676 3820 ipsum
1705 3762 1867 3818 agerc

262 3847 318 3896 ct
349 3852 470 3894 esse
488 3845 614 3905 cst,
645 3840 799 3909 juxta
837 3837 1010 3908 ipsum
1041 3852 1162 3893 esse
1192 3846 1343 3908 pater
1369 3846 1483 3906 est,
1516 3838 1655 3894 lilins
1686 3853 1864 3896 autem

262 3933 406 3988 actio
432 3939 512 3988 est
544 3949 556 3987 :
581 3940 636 3987 et
655 3931 910 4003 quoniam
949 3931 1121 4001 ipsum
1143 3926 1284 3987 ’esse
1303 3931 1444 3986 actio
1474 3941 1588 3997 est,
1623 3943 1678 3988 ct
1705 3948 1866 4004 agere

262 4034 348 4081 εει
376 4040 531 4092 esse;
561 4025 762 4082 idcirco
791 4024 1062 4100 ὁμοούσιον
1082 4033 1139 4080 ει
1165 4037 1319 4096 pater
1344 4027 1494 4089 αὐτὸς
1519 4027 1682 4102 λόγος.

334 4116 574 4174 XXVIII.
617 4116 724 4175 Sed
753 4117 1024 4189 quomodo
1064 4117 1354 4192 ὁμοούσισν,
1406 4119 1644 4175 nondum
1692 4121 1864 4176 exsis-

263 4219 415 4268 tente
441 4210 785 4267 substantia?
833 4210 1060 4267 Numina
1091 4227 1220 4268 vero
1249 4213 1316 4268 ab
1348 4213 1414 4268 iis
1443 4230 1562 4284 quae
1595 4216 1865 4285 posterius

265 4315 424 4374 sunt,
466 4315 520 4362 et
567 4305 636 4363 ab
681 4307 746 4361 iis
791 4322 910 4378 qua:
960 4317 1082 4378 post
1111 4306 1307 4374 Deum,
1342 4314 1398 4363 et
1444 4307 1657 4364 iuventa
1686 4317 1740 4365 et
1777 4324 1865 4364 as-

265 4409 479 4471 sumpta
506 4408 650 4454 sunt.
671 4398 738 4455 Et
769 4400 1020 4471 quoniam
1049 4416 1153 4456 non
1181 4409 1266 4457 est
1295 4401 1537 4458 invenire
1565 4418 1760 4460 nomen
1785 4403 1867 4459 di-

266 4508 430 4566 gnum
459 4492 588 4561 Deo,
617 4493 686 4550 ab
737 4493 806 4550 iis
844 4508 962 4565 qua:
1008 4491 1210 4549 scimus
1270 4494 1610 4552 nominamus
1659 4496 1864 4565 Deum;

1969 3280 2024 3331 in
2069 3278 2208 3349 ligno
2231 3279 2416 3334 crucis.
2449 3279 2553 3334 Ista
2585 3279 2766 3334 omnia
2817 3291 2935 3348 post
2963 3282 3414 3351 generationem,
3451 3297 3573 3352 quas

1972 3387 2078 3427 una
2120 3380 2282 3428 estet
2322 3381 2504 3429 sancta
2551 3381 2604 3428 et
2649 3371 2962 3436 ineil'abilis,
3005 3373 3118 3428 bazc
3146 3373 3362 3444 inquam
3394 3374 3574 3430 omnia

1973 3465 2242 3522 dicuntur.
2269 3465 2386 3522 Non
2418 3467 2516 3521 ista
2547 3465 2801 3521 dicuntur
2832 3467 2882 3519 in
2919 3465 3038 3535 ejus
3075 3466 3444 3534 cxiSIentiam,
3477 3466 3575 3522 sed

1973 3561 2028 3616 in
2057 3570 2210 3616 actus
2240 3568 2294 3614 et
2313 3559 2830 3615 administrationem
2856 3558 3109 3628 putentia:
3126 3572 3177 3615 et
3199 3560 3410 3616 virtutis
3433 3562 3572 3631 ejus.

1974 3653 2048 3708 De
2079 3653 2424 3723 generatione
2457 3651 2617 3720 igitur
2655 3667 2775 3720 qua:
2800 3659 2885 3706 est
2914 3650 3055 3705 ﬁlius
3082 3649 3194 3718 Dei,
3229 3651 3574 3707 manifestum

1969 3759 2048 3804 est
2079 3757 2135 3803 et
2173 3747 2316 3819 quod
2347 3747 2622 3821 ὁμοούσιον
2652 3745 2947 3802 ευὺειτιιιιίι
2980 3745 3127 3816 ejus,
3162 3746 3214 3799 in
3252 3746 3571 3815 majestate,

1970 3842 2024 3898 in
2077 3842 2292 3912 pronria
2338 3839 2693 3911 signiﬁcantia
2761 3837 3250 3910 intelligentiaque,
3300 3837 3571 3894 intellecta

1970 3934 2266 3992 secundum
2319 3948 2440 3988 esse
2494 3929 2802 3988 existentiaa
2848 3929 3179 3985 substantiae.
3224 3928 3295 3984 Et
3337 3928 3418 3985 sic
3476 3930 3572 3986 de-

1974 4035 2331 4083 monstratum
2354 4065 2369 4090 ,
2396 4023 2666 4094 quomodo
2688 4023 2975 4096 ὁμοούσιον.

2044 4117 2214 4174 XXX.
2279 4117 2488 4183 Habes,
2519 4115 2590 4171 mi
2644 4115 2918 4181 Candide,
2968 4113 3111 4186 quod
3165 4113 3430 4185 reliquum
3486 4125 3572 4172 est

1971 4213 2172 4268 dicere.
2206 4209 2263 4266 Si
2310 4209 2450 4264 ﬁlius
2502 4207 2593 4263 Dei
2641 4205 2828 4272 Jesus,
2879 4206 3228 4277 generatione
3280 4207 3438 4262 ﬁlius.
3477 4207 3570 4262 Di-

1970 4306 2048 4361 cis
2073 4305 2213 4361 enim
2248 4321 2259 4356 :
2291 4321 2310 4355 ι
2350 4301 2404 4358 Si
2432 4300 2708 4373 generatio
2757 4308 3041 4366 motus,et
3085 4310 3260 4354 motus
3315 4300 3569 4369 mutatio;

1974 4397 2329 4456 mutationem
2375 4404 2554 4450 autem
2586 4393 2637 4448 in
2671 4392 2782 4448 Deo
2811 4407 2932 4449 esse
2953 4434 2967 4457 ,
3002 4392 3334 4465 impossibile
3364 4403 3448 4449 est
3487 4395 3568 4449 in-

1972 4495 2216 4566 telligere
2250 4510 2262 4544 :
2303 4505 2432 4561 ergo
2473 4487 2624 4546 net‘as
2677 4486 2861 4545 dicere
2900 4502 3122 4544 necesse
3172 4496 3284 4557 est,
3327 4486 3570 4545 nonnihil

1581 4634 1945 4693 VARIORUM
1981 4630 2213 4690 NOTAE.

344 4749 414 4805 Et
451 4765 650 4815 rursus,
667 4758 778 4823 etc.
820 4747 1023 4823 Mabill.
1072 4757 1119 4804 et
1145 4764 1322 4823 rursus
1367 4766 1433 4804 ea:
1463 4766 1595 4820 aqua
1634 4751 1861 4805 animam
1887 4761 1942 4823 D

271 4822 519 4879 viventem
596 4821 797 4886 avium,
846 4831 893 4875 et
967 4819 1193 4875 aliorum
1250 4822 1303 4874 in
1365 4819 1534 4890 aqua;
1574 4825 1756 4876 ethoc
1797 4828 1860 4876 ab

271 4895 379 4950 alio
407 4899 461 4948 in
483 4894 665 4962 aliud;
697 4903 742 4948 et
782 4893 878 4948 hoc
904 4902 974 4947 est
1003 4893 1066 4946 ab
1092 4894 1170 4947 his
1199 4909 1313 4963 qua:
1338 4909 1436 4947 non
1479 4904 1594 4948 sunt
1620 4909 1637 4948 :
1681 4892 1861 4948 Jesum

271 4982 412 5030 vero,
445 4979 549 5022 CIC.

351 5039 564 5093 Omnem
589 5038 716 5102 spir.
748 5036 947 5093 Mabill.
995 5036 1180 5090 Omnes
1229 5037 1438 5109 spiritus
1480 5053 1570 5109 ego
1615 5037 1756 5092 emisi
1783 5054 1867 5092 tn-

280 5111 551 5182 suﬁlondo.
587 5109 648 5163 Si
689 5111 800 5178 ipse
846 5109 1128 5182 insufﬂauit
1160 5125 1232 5162 :a
1272 5108 1378 5164 Deo
1420 5109 1562 5172 ﬁlius
1618 5120 1664 5164 et
1718 5120 1867 5164 natus

274 5180 353 5237 est
375 5182 518 5251 ﬁlius
544 5198 563 5236 :
593 5198 694 5235 non
725 5183 842 5250 fecit
868 5181 1016 5234 illum
1047 5180 1202 5251 Deus.

353 5250 586 5307 Primum
626 5269 765 5307 omn.
821 5253 1019 5306 Mabill.
1083 5250 1316 5306 Primum
1377 5269 1485 5307 esse
1538 5252 1791 5318 Verbum,
1823 5261 1870 5306 et

276 5324 376 5381 Dei
414 5325 737 5398 generatione
774 5323 1128 5398 esse__Verbum
1168 5327 1470 5398 universale,
1515 5323 1732 5380 Verbum
1759 5340 1871 5379 om-

276 5393 536 5469 nimodis,
568 5393 1133 5469 perfectumVerbunt_,_
1153 5397 1310 5468 quod,
1335 5406 1440 5469 etc.
1756 5468 1762 5469 γ
1805 5407 1808 5409 “

355 5468 424 5524 Ut
485 5466 906 5540 Ilrbr.'Mabil|._
969 5477 1017 5522 et
1085 5466 1483 5526 Hebraaizswe
1548 5470 1602 5524 in
1651 5467 1875 5540 capitulo

278 5541 462 5613 sivegin
494 5541 776 5613 principio,
795 5540 848 5594 in
871 5538 1075 5613 Christo
1092 5545 1223 5613 fecit
1248 5539 1410 5596 Deus.

356 5611 508 5669 Unde
550 5613 707 5684 igitur
749 5611 872 5668 Chr.
925 5611 1127 5667 lllabill‘.
1178 5613 1464 5669 lectionem
1495 5621 1550 5669 et
1594 5612 1876 5684 interpun-

281 5684 516 5742 ctionem
545 5685 632 5740 hac
662 5688 956 5753 sequimur.

355 5757 582 5815 Scimus.
634 5756 835 5812 Mabill.
890 5773 1086 5811 sumus.
1134 5755 1341 5816 Caztera
1368 5772 1517 5827 vero,
1565 5757 1678 5815 sive
1731 5773 1882 5814 men-

279 5828 450 5897 dosa,
486 5827 601 5886 sive
631 5828 774 5886 male
807 5829 1164 5900 interpuncta.

725 5922 999 5985 Panos.
1049 5921 1214 5987 VIII.

2039 4744 2343 4819 Seduquast'
2391 4743 2538 4798 exist.
2597 4740 2874 4819 Mabilloa.
2933 4743 3027 4798 sed
3102 4744 3248 4814 quasi
3303 4747 3565 4819 existente,

1967 4835 2124 4888 neque
2150 4814 2204 4872 ὃν
2230 4813 2690 4888 existente,sed_u_t
2715 4811 2789 4868 ὃν.
2825 4813 2934 4888 Isto
2963 4824 3068 4870 etc.

2045 4885 2108 4944 Et
2135 4892 2246 4960 ejus
2267 4896 2460 4962 (essent.
2495 4885 2694 4962 illabill.
2741 4895 2788 4962 et
2817 4887 3076 4962 ejus_esse
3120 4889 3569 4962 odor-iaudicimus,

1969 4964 2117 5018 αιέιετ
2155 4957 2218 5014 se
2255 4958 2458 5013 habenti
2509 4957 2576 5011 ad
2624 4960 2761 5026 quod
2789 4957 2858 5012 est
2906 4959 2951 5012 ei
2996 4976 3118 5014 esse.
3163 4961 3432 5027 Similiter,
3461 4957 3567 5020 etc;

2047 5034 2265 5102 Quod...
2302 5031 2380 5085 vel
2409 5031 2582 5098 homo,
2613 5029 2812 5084 Mabill.
2839 5028 3080 5100 quoniam
3107 5033 3272 5104 factus
3297 5047 3369 5090 est
3423 5037 3575 5092 Chri-

1969 5117 2230 5232 sz‘stum.
2287 5174 2422 5231 Cum
2469 5171 2672 5230 Mabill.
2730 5172 2806 5227 ita
2850 5173 3095 5245 legimus.
3142 5174 3436 5236 Ortbodox.
3480 5180 3573 5237 Je-

1979 5267 2355 5405 δῗυῖἰίτξειεηιὶω
2407 5317 2725 5373 substantias.
2779 5315 2978 5373 Mabill.
3031 5319 3273 5376 existente
3330 5323 3572 5380 substan-

1982 5405 2601 5538 ⁸¹⁴²³εομιοούττιον,-Μςὼἰιιἶ
2627 5460 2913 5538 ὁμορύσιος.
2950 5461 3017 5538 Et
3043 5463 3306 5538 sicpaulo
3330 5476 3455 5524 ante
3484 5486 3572 5527 re-

1984 5533 2324 5594 scribendum
2353 5535 2560 5590 videtur
2581 5533 2870 5606 ὁμὸούσιος,
2886 5535 3199 5606 substantia.

2061 5610 2121 5666 Si
2167 5609 2306 5678 ﬁlius
2345 5620 2448 5663 etc.
2487 5605 2617 5661 lla-c7
2646 5619 2821 5678 (0de
2853 5605 3051 5660 Mabill.
3076 5616 3202 5678 sunt
3239 5610 3396 5664 verba
3427 5612 3572 5668 Cau-

1989 5682 2097 5738 didi
2125 5676 2329 5738 Ariani.
2365 5679 2454 5736 Sic
2473 5680 2613 5732 enim
2643 5677 2712 5752 ibi
2740 5695 2752 5728 :
2786 5677 2844 5732 Si
2886 5678 3024 5746 ﬁlius
3056 5676 3576 5752 Jesus,generatione

1991 5754 2217 5834 ﬁlius_:si
2242 5762 2422 5834 autem.
2448 5751 2747 5834 _generatio_,
2783 5759 2970 5834 motus:
3022 5759 3129 5806 etc.
3162 5751 3293 5810 Vide
3329 5758 3576 5828 superius

1993 5819 2233 5897 ejusdem
2259 5819 2485 5880 Candidi
2511 5821 2824 5894 opusculum
2855 5819 2906 5893 §.
2939 5821 2990 5875 7.

2989 5915 3067 5980 33
