  <div class='ocr_page' id='page_1' title='image "/cluster/home/n/w/nwhite01/storage/ocr_20150623/8/hvd.32044015471253/525.png"; bbox 0 0 4024 6306; ppageno 0'>
   <div class='ocr_carea' id='block_1_1' title="bbox 480 221 621 281">
    <p class='ocr_par' dir='ltr' id='par_1_1' title="bbox 480 221 621 281">
     <span class='ocr_line' id='line_1_1' title="bbox 480 221 621 281; baseline 0.014 -2"><span class='ocrx_word' id='word_1_1' title='bbox 480 223 502 279; x_wconf 82' lang='lat' dir='ltr'><strong>l</strong></span> <span class='ocrx_word' id='word_1_2' title='bbox 516 221 621 281; x_wconf 79' lang='lat'><strong>035</strong></span> 
     </span>
    </p>
   </div>
   <div class='ocr_carea' id='block_1_2' title="bbox 1708 219 2492 284">
    <p class='ocr_par' dir='ltr' id='par_1_2' title="bbox 1708 219 2492 284">
     <span class='ocr_line' id='line_1_2' title="bbox 1708 219 2492 284; baseline 0.004 -7"><span class='ocrx_word' id='word_1_3' title='bbox 1708 219 1903 283; x_wconf 73' lang='lat' dir='ltr'><strong>MAR&quot;</strong></span> <span class='ocrx_word' id='word_1_4' title='bbox 1944 220 2293 284; x_wconf 80' lang='lat' dir='ltr'><strong>VICTORINI</strong></span> <span class='ocrx_word' id='word_1_5' title='bbox 2332 223 2492 282; x_wconf 80' lang='lat' dir='ltr'><strong>AFRI</strong></span> 
     </span>
    </p>
   </div>
   <div class='ocr_carea' id='block_1_3' title="bbox 3641 227 3777 290">
    <p class='ocr_par' dir='ltr' id='par_1_3' title="bbox 3641 227 3777 290">
     <span class='ocr_line' id='line_1_3' title="bbox 3641 227 3777 290; baseline 0 0"><span class='ocrx_word' id='word_1_6' title='bbox 3641 227 3777 290; x_wconf 66' lang='lat'><strong>{036</strong></span> 
     </span>
    </p>
   </div>
   <div class='ocr_carea' id='block_1_4' title="bbox 481 334 3780 418">
    <p class='ocr_par' dir='ltr' id='par_1_4' title="bbox 481 334 3780 418">
     <span class='ocr_line' id='line_1_4' title="bbox 481 334 3780 418; baseline 0.002 -22"><span class='ocrx_word' id='word_1_7' title='bbox 481 359 509 396; x_wconf 91' lang='lat' dir='ltr'><strong>a</strong></span> <span class='ocrx_word' id='word_1_8' title='bbox 567 342 676 396; x_wconf 90' lang='lat' dir='ltr'><strong>Deo</strong></span> <span class='ocrx_word' id='word_1_9' title='bbox 727 336 982 412; x_wconf 89' lang='lat' dir='ltr'><strong>gignibile</strong></span> <span class='ocrx_word' id='word_1_10' title='bbox 1016 353 1029 393; x_wconf 89' lang='lat'><strong>:</strong></span> <span class='ocrx_word' id='word_1_11' title='bbox 1063 350 1170 393; x_wconf 91' lang='lat' dir='ltr'><strong>non</strong></span> <span class='ocrx_word' id='word_1_12' title='bbox 1209 335 1368 408; x_wconf 89' lang='lat' dir='ltr'><strong>igitur</strong></span> <span class='ocrx_word' id='word_1_13' title='bbox 1397 334 1554 392; x_wconf 80' lang='lat' dir='ltr'><strong>Iesus</strong></span> <span class='ocrx_word' id='word_1_14' title='bbox 1582 335 1673 392; x_wconf 92' lang='lat' dir='ltr'><strong>Dei</strong></span> <span class='ocrx_word' id='word_1_15' title='bbox 1719 339 2068 410; x_wconf 74' lang='lat' dir='ltr'><strong>generatione</strong></span> <span class='ocrx_word' id='word_1_16' title='bbox 2096 341 2149 404; x_wconf 81' lang='grc' dir='ltr'><strong>Α</strong></span> <span class='ocrx_word' id='word_1_17' title='bbox 2174 341 2425 398; x_wconf 86' lang='lat' dir='ltr'><strong>omnibus</strong></span> <span class='ocrx_word' id='word_1_18' title='bbox 2453 340 2705 400; x_wconf 83' lang='lat' dir='ltr'><strong>divinior.</strong></span> <span class='ocrx_word' id='word_1_19' title='bbox 2734 341 2864 411; x_wconf 83' lang='lat' dir='ltr'><strong>Quis</strong></span> <span class='ocrx_word' id='word_1_20' title='bbox 2895 351 3072 399; x_wconf 88' lang='lat' dir='ltr'><strong>autem</strong></span> <span class='ocrx_word' id='word_1_21' title='bbox 3099 343 3295 401; x_wconf 84' lang='lat' dir='ltr'><strong>modus</strong></span> <span class='ocrx_word' id='word_1_22' title='bbox 3320 343 3390 401; x_wconf 85' lang='lat' dir='ltr'><strong>sit</strong></span> <span class='ocrx_word' id='word_1_23' title='bbox 3413 347 3780 418; x_wconf 73' lang='lat' dir='ltr'><strong>generationis</strong></span> 
     </span>
    </p>
   </div>
   <div class='ocr_carea' id='block_1_5' title="bbox 476 431 2071 506">
    <p class='ocr_par' dir='ltr' id='par_1_5' title="bbox 476 431 2071 506">
     <span class='ocr_line' id='line_1_5' title="bbox 476 431 2071 506; baseline -0.002 -15"><span class='ocrx_word' id='word_1_24' title='bbox 476 436 634 492; x_wconf 88' lang='lat' dir='ltr'><strong>ﬁlius.</strong></span> <span class='ocrx_word' id='word_1_25' title='bbox 667 454 686 488; x_wconf 70' lang='grc' dir='ltr'><strong><em>ι</em></strong></span> <span class='ocrx_word' id='word_1_26' title='bbox 743 434 893 490; x_wconf 90' lang='lat' dir='ltr'><strong>Bono</strong></span> <span class='ocrx_word' id='word_1_27' title='bbox 921 432 1136 506; x_wconf 81' lang='lat' dir='ltr'><strong>quidem</strong></span> <span class='ocrx_word' id='word_1_28' title='bbox 1189 432 1378 487; x_wconf 84' lang='lat' dir='ltr'><strong>ordine</strong></span> <span class='ocrx_word' id='word_1_29' title='bbox 1429 431 1694 486; x_wconf 84' lang='lat' dir='ltr'><strong>deduxisti</strong></span> <span class='ocrx_word' id='word_1_30' title='bbox 1729 432 1860 488; x_wconf 87' lang='lat' dir='ltr'><strong>:sed</strong></span> <span class='ocrx_word' id='word_1_31' title='bbox 1913 450 2071 504; x_wconf 88' lang='lat' dir='ltr'><strong>quem</strong></span> 
     </span>
    </p>
   </div>
   <div class='ocr_carea' id='block_1_6' title="bbox 474 525 2074 598">
    <p class='ocr_par' dir='ltr' id='par_1_6' title="bbox 474 525 2074 598">
     <span class='ocr_line' id='line_1_6' title="bbox 474 525 2074 598; baseline -0.003 -10"><span class='ocrx_word' id='word_1_32' title='bbox 474 529 918 588; x_wconf 83' lang='lat' dir='ltr'><strong>circumduxisti?</strong></span> <span class='ocrx_word' id='word_1_33' title='bbox 969 528 1127 583; x_wconf 89' lang='lat' dir='ltr'><strong>Forte</strong></span> <span class='ocrx_word' id='word_1_34' title='bbox 1193 529 1319 583; x_wconf 88' lang='lat' dir='ltr'><strong>me?</strong></span> <span class='ocrx_word' id='word_1_35' title='bbox 1365 525 1462 583; x_wconf 91' lang='lat' dir='ltr'><strong>sed</strong></span> <span class='ocrx_word' id='word_1_36' title='bbox 1517 527 1685 598; x_wconf 86' lang='lat' dir='ltr'><strong>magis</strong></span> <span class='ocrx_word' id='word_1_37' title='bbox 1742 537 1814 584; x_wconf 88' lang='lat' dir='ltr'><strong>te.</strong></span> <span class='ocrx_word' id='word_1_38' title='bbox 1888 528 2074 584; x_wconf 82' lang='lat' dir='ltr'><strong>Dixisti</strong></span> 
     </span>
    </p>
   </div>
   <div class='ocr_carea' id='block_1_7' title="bbox 476 619 2075 695">
    <p class='ocr_par' dir='ltr' id='par_1_7' title="bbox 476 619 2075 695">
     <span class='ocr_line' id='line_1_7' title="bbox 476 619 2075 695; baseline -0.001 -15"><span class='ocrx_word' id='word_1_39' title='bbox 476 623 650 690; x_wconf 90' lang='lat' dir='ltr'><strong>enim,</strong></span> <span class='ocrx_word' id='word_1_40' title='bbox 683 623 824 695; x_wconf 93' lang='lat' dir='ltr'><strong>quod</strong></span> <span class='ocrx_word' id='word_1_41' title='bbox 863 621 988 678; x_wconf 87' lang='lat' dir='ltr'><strong>fecit</strong></span> <span class='ocrx_word' id='word_1_42' title='bbox 1027 620 1184 677; x_wconf 85' lang='lat' dir='ltr'><strong>Jesus</strong></span> <span class='ocrx_word' id='word_1_43' title='bbox 1216 620 1406 676; x_wconf 90' lang='lat' dir='ltr'><strong>Deum.</strong></span> <span class='ocrx_word' id='word_1_44' title='bbox 1433 619 1570 688; x_wconf 86' lang='lat' dir='ltr'><strong>Quid</strong></span> <span class='ocrx_word' id='word_1_45' title='bbox 1603 619 1836 678; x_wconf 87' lang='lat' dir='ltr'><strong>deinde?</strong></span> <span class='ocrx_word' id='word_1_46' title='bbox 1874 621 2075 678; x_wconf 85' lang='lat' dir='ltr'><strong>Facere</strong></span> 
     </span>
    </p>
   </div>
   <div class='ocr_carea' id='block_1_8' title="bbox 477 711 2078 786">
    <p class='ocr_par' dir='ltr' id='par_1_8' title="bbox 477 711 2078 786">
     <span class='ocr_line' id='line_1_8' title="bbox 477 711 2078 786; baseline -0.002 -13"><span class='ocrx_word' id='word_1_47' title='bbox 477 732 657 773; x_wconf 84' lang='lat' dir='ltr'><strong>nonne</strong></span> <span class='ocrx_word' id='word_1_48' title='bbox 688 725 864 771; x_wconf 89' lang='lat' dir='ltr'><strong>motus</strong></span> <span class='ocrx_word' id='word_1_49' title='bbox 905 714 1026 769; x_wconf 90' lang='lat' dir='ltr'><strong>est?</strong></span> <span class='ocrx_word' id='word_1_50' title='bbox 1061 711 1227 768; x_wconf 88' lang='lat' dir='ltr'><strong>nihilo</strong></span> <span class='ocrx_word' id='word_1_51' title='bbox 1272 713 1450 768; x_wconf 90' lang='lat' dir='ltr'><strong>minus</strong></span> <span class='ocrx_word' id='word_1_52' title='bbox 1481 728 1640 784; x_wconf 89' lang='lat' dir='ltr'><strong>quam</strong></span> <span class='ocrx_word' id='word_1_53' title='bbox 1673 728 1852 784; x_wconf 87' lang='lat' dir='ltr'><strong>agere.</strong></span> <span class='ocrx_word' id='word_1_54' title='bbox 1902 716 2078 786; x_wconf 83' lang='lat' dir='ltr'><strong>Agere</strong></span> 
     </span>
    </p>
   </div>
   <div class='ocr_carea' id='block_1_9' title="bbox 479 807 2076 880">
    <p class='ocr_par' dir='ltr' id='par_1_9' title="bbox 479 807 2076 880">
     <span class='ocr_line' id='line_1_9' title="bbox 479 807 2076 880; baseline -0.003 -11"><span class='ocrx_word' id='word_1_55' title='bbox 479 813 622 869; x_wconf 89' lang='lat' dir='ltr'><strong>enim</strong></span> <span class='ocrx_word' id='word_1_56' title='bbox 644 855 659 880; x_wconf 87' lang='lat'><strong>,</strong></span> <span class='ocrx_word' id='word_1_57' title='bbox 700 811 875 866; x_wconf 77' lang='lat' dir='ltr'><strong>facere</strong></span> <span class='ocrx_word' id='word_1_58' title='bbox 903 820 985 866; x_wconf 92' lang='lat' dir='ltr'><strong>est</strong></span> <span class='ocrx_word' id='word_1_59' title='bbox 1017 829 1030 864; x_wconf 89' lang='lat'><strong>:</strong></span> <span class='ocrx_word' id='word_1_60' title='bbox 1063 810 1196 864; x_wconf 89' lang='lat' dir='ltr'><strong>sicut</strong></span> <span class='ocrx_word' id='word_1_61' title='bbox 1239 818 1292 862; x_wconf 82' lang='lat' dir='ltr'><strong>et</strong></span> <span class='ocrx_word' id='word_1_62' title='bbox 1333 807 1544 875; x_wconf 88' lang='lat' dir='ltr'><strong>facere,</strong></span> <span class='ocrx_word' id='word_1_63' title='bbox 1587 823 1767 880; x_wconf 90' lang='lat' dir='ltr'><strong>agere.</strong></span> <span class='ocrx_word' id='word_1_64' title='bbox 1801 809 2076 864; x_wconf 81' lang='lat' dir='ltr'><strong>Ambobus</strong></span> 
     </span>
    </p>
   </div>
   <div class='ocr_carea' id='block_1_10' title="bbox 479 901 2077 979">
    <p class='ocr_par' dir='ltr' id='par_1_10' title="bbox 479 901 2077 979">
     <span class='ocr_line' id='line_1_10' title="bbox 479 901 2077 979; baseline -0.003 -17"><span class='ocrx_word' id='word_1_65' title='bbox 479 922 608 979; x_wconf 89' lang='lat' dir='ltr'><strong>ergo</strong></span> <span class='ocrx_word' id='word_1_66' title='bbox 636 907 686 960; x_wconf 94' lang='lat' dir='ltr'><strong>in</strong></span> <span class='ocrx_word' id='word_1_67' title='bbox 728 913 872 959; x_wconf 90' lang='lat' dir='ltr'><strong>motu</strong></span> <span class='ocrx_word' id='word_1_68' title='bbox 903 901 1289 966; x_wconf 81' lang='lat' dir='ltr'><strong>existentibus,</strong></span> <span class='ocrx_word' id='word_1_69' title='bbox 1349 917 1570 956; x_wconf 84' lang='lat' dir='ltr'><strong>necesse</strong></span> <span class='ocrx_word' id='word_1_70' title='bbox 1611 910 1694 956; x_wconf 79' lang='lat' dir='ltr'><strong>est</strong></span> <span class='ocrx_word' id='word_1_71' title='bbox 1725 901 1875 974; x_wconf 84' lang='lat' dir='ltr'><strong>sequi</strong></span> <span class='ocrx_word' id='word_1_72' title='bbox 1905 910 2077 958; x_wconf 85' lang='lat' dir='ltr'><strong>muta-</strong></span> 
     </span>
    </p>
   </div>
   <div class='ocr_carea' id='block_1_11' title="bbox 480 995 2078 1072">
    <p class='ocr_par' dir='ltr' id='par_1_11' title="bbox 480 995 2078 1072">
     <span class='ocr_line' id='line_1_11' title="bbox 480 995 2078 1072; baseline -0.005 -14"><span class='ocrx_word' id='word_1_73' title='bbox 480 1002 680 1058; x_wconf 92' lang='lat' dir='ltr'><strong>tionem</strong></span> <span class='ocrx_word' id='word_1_74' title='bbox 717 1018 728 1054; x_wconf 91' lang='lat'><strong>:</strong></span> <span class='ocrx_word' id='word_1_75' title='bbox 762 1015 920 1072; x_wconf 88' lang='lat' dir='ltr'><strong>quam</strong></span> <span class='ocrx_word' id='word_1_76' title='bbox 963 999 1016 1054; x_wconf 91' lang='lat' dir='ltr'><strong>in</strong></span> <span class='ocrx_word' id='word_1_77' title='bbox 1059 997 1167 1052; x_wconf 90' lang='lat' dir='ltr'><strong>Deo</strong></span> <span class='ocrx_word' id='word_1_78' title='bbox 1209 998 1568 1063; x_wconf 89' lang='lat' dir='ltr'><strong>constituere,</strong></span> <span class='ocrx_word' id='word_1_79' title='bbox 1619 997 1758 1052; x_wconf 89' lang='lat' dir='ltr'><strong>sicut</strong></span> <span class='ocrx_word' id='word_1_80' title='bbox 1787 1005 1871 1052; x_wconf 92' lang='lat' dir='ltr'><strong>est</strong></span> <span class='ocrx_word' id='word_1_81' title='bbox 1900 995 2078 1052; x_wconf 88' lang='lat' dir='ltr'><strong>decla-</strong></span> 
     </span>
    </p>
   </div>
   <div class='ocr_carea' id='block_1_12' title="bbox 480 1088 2079 1164">
    <p class='ocr_par' dir='ltr' id='par_1_12' title="bbox 480 1088 2079 1164">
     <span class='ocr_line' id='line_1_12' title="bbox 480 1088 2079 1164; baseline -0.003 -15"><span class='ocrx_word' id='word_1_82' title='bbox 480 1102 690 1159; x_wconf 90' lang='lat' dir='ltr'><strong>ratum,</strong></span> <span class='ocrx_word' id='word_1_83' title='bbox 725 1093 1076 1164; x_wconf 89' lang='lat' dir='ltr'><strong>incongruum</strong></span> <span class='ocrx_word' id='word_1_84' title='bbox 1106 1099 1209 1147; x_wconf 91' lang='lat' dir='ltr'><strong>est.</strong></span> <span class='ocrx_word' id='word_1_85' title='bbox 1251 1089 1626 1146; x_wconf 87' lang='lat' dir='ltr'><strong>Conﬁtendum</strong></span> <span class='ocrx_word' id='word_1_86' title='bbox 1669 1090 1830 1162; x_wconf 78' lang='lat' dir='ltr'><strong>igitur</strong></span> <span class='ocrx_word' id='word_1_87' title='bbox 1871 1099 1963 1145; x_wconf 91' lang='lat' dir='ltr'><strong>aut</strong></span> <span class='ocrx_word' id='word_1_88' title='bbox 2001 1088 2079 1145; x_wconf 89' lang='lat' dir='ltr'><strong>fa-</strong></span> 
     </span>
    </p>
   </div>
   <div class='ocr_carea' id='block_1_13' title="bbox 479 1193 2079 1250">
    <p class='ocr_par' dir='ltr' id='par_1_13' title="bbox 479 1193 2079 1250">
     <span class='ocr_line' id='line_1_13' title="bbox 479 1193 2079 1250; baseline -0.001 -8"><span class='ocrx_word' id='word_1_89' title='bbox 479 1201 602 1242; x_wconf 90' lang='lat' dir='ltr'><strong>cere</strong></span> <span class='ocrx_word' id='word_1_90' title='bbox 631 1202 736 1241; x_wconf 91' lang='lat' dir='ltr'><strong>non</strong></span> <span class='ocrx_word' id='word_1_91' title='bbox 777 1201 898 1241; x_wconf 90' lang='lat' dir='ltr'><strong>esse</strong></span> <span class='ocrx_word' id='word_1_92' title='bbox 929 1194 1130 1240; x_wconf 90' lang='lat' dir='ltr'><strong>motum</strong></span> <span class='ocrx_word' id='word_1_93' title='bbox 1153 1225 1166 1250; x_wconf 89' lang='lat'><strong>,</strong></span> <span class='ocrx_word' id='word_1_94' title='bbox 1206 1195 1295 1239; x_wconf 92' lang='lat' dir='ltr'><strong>aut</strong></span> <span class='ocrx_word' id='word_1_95' title='bbox 1326 1199 1432 1239; x_wconf 89' lang='lat' dir='ltr'><strong>non</strong></span> <span class='ocrx_word' id='word_1_96' title='bbox 1465 1199 1680 1240; x_wconf 86' lang='lat' dir='ltr'><strong>onmem</strong></span> <span class='ocrx_word' id='word_1_97' title='bbox 1723 1193 1926 1240; x_wconf 91' lang='lat' dir='ltr'><strong>motum</strong></span> <span class='ocrx_word' id='word_1_98' title='bbox 1956 1199 2079 1241; x_wconf 85' lang='lat' dir='ltr'><strong>esse</strong></span> 
     </span>
    </p>
   </div>
   <div class='ocr_carea' id='block_1_14' title="bbox 480 1277 2080 1344">
    <p class='ocr_par' dir='ltr' id='par_1_14' title="bbox 480 1277 2080 1344">
     <span class='ocr_line' id='line_1_14' title="bbox 480 1277 2080 1344; baseline -0.004 -6"><span class='ocrx_word' id='word_1_99' title='bbox 480 1282 848 1338; x_wconf 84' lang='lat' dir='ltr'><strong>mutationem.</strong></span> <span class='ocrx_word' id='word_1_100' title='bbox 898 1279 1005 1336; x_wconf 88' lang='lat' dir='ltr'><strong>Sed</strong></span> <span class='ocrx_word' id='word_1_101' title='bbox 1052 1279 1195 1335; x_wconf 92' lang='lat' dir='ltr'><strong>enim</strong></span> <span class='ocrx_word' id='word_1_102' title='bbox 1243 1281 1452 1344; x_wconf 82' lang='lat' dir='ltr'><strong>facere,</strong></span> <span class='ocrx_word' id='word_1_103' title='bbox 1483 1287 1659 1332; x_wconf 86' lang='lat' dir='ltr'><strong>motus</strong></span> <span class='ocrx_word' id='word_1_104' title='bbox 1698 1287 1780 1333; x_wconf 90' lang='lat' dir='ltr'><strong>est</strong></span> <span class='ocrx_word' id='word_1_105' title='bbox 1813 1298 1824 1332; x_wconf 92' lang='lat'>:</span> <span class='ocrx_word' id='word_1_106' title='bbox 1854 1287 1908 1332; x_wconf 91' lang='lat' dir='ltr'><strong>et</strong></span> <span class='ocrx_word' id='word_1_107' title='bbox 1938 1277 2080 1333; x_wconf 89' lang='lat' dir='ltr'><strong>Deus</strong></span> 
     </span>
    </p>
   </div>
   <div class='ocr_carea' id='block_1_15' title="bbox 475 1373 2077 1448">
    <p class='ocr_par' dir='ltr' id='par_1_15' title="bbox 475 1373 2077 1448">
     <span class='ocr_line' id='line_1_15' title="bbox 475 1373 2077 1448; baseline -0.003 -16"><span class='ocrx_word' id='word_1_108' title='bbox 475 1377 628 1448; x_wconf 82' lang='lat' dir='ltr'><strong>juxta</strong></span> <span class='ocrx_word' id='word_1_109' title='bbox 659 1383 864 1431; x_wconf 92' lang='lat' dir='ltr'><strong>motum</strong></span> <span class='ocrx_word' id='word_1_110' title='bbox 896 1373 1054 1439; x_wconf 89' lang='lat' dir='ltr'><strong>fecit;</strong></span> <span class='ocrx_word' id='word_1_111' title='bbox 1082 1375 1164 1429; x_wconf 92' lang='lat' dir='ltr'><strong>cui</strong></span> <span class='ocrx_word' id='word_1_112' title='bbox 1199 1373 1348 1429; x_wconf 92' lang='lat' dir='ltr'><strong>nullo</strong></span> <span class='ocrx_word' id='word_1_113' title='bbox 1376 1373 1536 1428; x_wconf 90' lang='lat' dir='ltr'><strong>modo</strong></span> <span class='ocrx_word' id='word_1_114' title='bbox 1568 1373 1763 1430; x_wconf 88' lang='lat' dir='ltr'><strong>mutari</strong></span> <span class='ocrx_word' id='word_1_115' title='bbox 1795 1373 2077 1443; x_wconf 80' lang='lat' dir='ltr'><strong>contingit,</strong></span> 
     </span>
    </p>
   </div>
   <div class='ocr_carea' id='block_1_16' title="bbox 477 1466 2076 1540">
    <p class='ocr_par' dir='ltr' id='par_1_16' title="bbox 477 1466 2076 1540">
     <span class='ocr_line' id='line_1_16' title="bbox 477 1466 2076 1540; baseline -0.003 -14"><span class='ocrx_word' id='word_1_116' title='bbox 477 1481 530 1526; x_wconf 86' lang='lat' dir='ltr'><strong>et</strong></span> <span class='ocrx_word' id='word_1_117' title='bbox 562 1471 781 1525; x_wconf 92' lang='lat' dir='ltr'><strong>omnino</strong></span> <span class='ocrx_word' id='word_1_118' title='bbox 808 1485 913 1523; x_wconf 89' lang='lat' dir='ltr'><strong>non</strong></span> <span class='ocrx_word' id='word_1_119' title='bbox 947 1468 1194 1539; x_wconf 82' lang='lat' dir='ltr'><strong>congruit</strong></span> <span class='ocrx_word' id='word_1_120' title='bbox 1225 1467 1627 1540; x_wconf 86' lang='lat' dir='ltr'><strong>quomodolibet</strong></span> <span class='ocrx_word' id='word_1_121' title='bbox 1654 1466 1904 1524; x_wconf 88' lang='lat' dir='ltr'><strong>accidens</strong></span> <span class='ocrx_word' id='word_1_122' title='bbox 1937 1468 2076 1523; x_wconf 89' lang='lat' dir='ltr'><strong>reci-</strong></span> 
     </span>
    </p>
   </div>
   <div class='ocr_carea' id='block_1_17' title="bbox 479 1564 2082 1640">
    <p class='ocr_par' dir='ltr' id='par_1_17' title="bbox 479 1564 2082 1640">
     <span class='ocr_line' id='line_1_17' title="bbox 479 1564 2082 1640; baseline -0.002 -18"><span class='ocrx_word' id='word_1_123' title='bbox 479 1583 627 1640; x_wconf 83' lang='lat' dir='ltr'><strong>pere.</strong></span> <span class='ocrx_word' id='word_1_124' title='bbox 669 1564 1012 1636; x_wconf 81' lang='lat' dir='ltr'><strong>Relinquitur</strong></span> <span class='ocrx_word' id='word_1_125' title='bbox 1057 1577 1216 1634; x_wconf 90' lang='lat' dir='ltr'><strong>ergo,</strong></span> <span class='ocrx_word' id='word_1_126' title='bbox 1259 1578 1364 1616; x_wconf 90' lang='lat' dir='ltr'><strong>non</strong></span> <span class='ocrx_word' id='word_1_127' title='bbox 1409 1577 1622 1618; x_wconf 92' lang='lat' dir='ltr'><strong>omnem</strong></span> <span class='ocrx_word' id='word_1_128' title='bbox 1655 1571 1860 1618; x_wconf 89' lang='lat' dir='ltr'><strong>motum</strong></span> <span class='ocrx_word' id='word_1_129' title='bbox 1907 1570 2082 1618; x_wconf 81' lang='lat' dir='ltr'><strong>muta-</strong></span> 
     </span>
    </p>
   </div>
   <div class='ocr_carea' id='block_1_18' title="bbox 480 1653 2078 1726">
    <p class='ocr_par' dir='ltr' id='par_1_18' title="bbox 480 1653 2078 1726">
     <span class='ocr_line' id='line_1_18' title="bbox 480 1653 2078 1726; baseline -0.003 -12"><span class='ocrx_word' id='word_1_130' title='bbox 480 1660 679 1714; x_wconf 89' lang='lat' dir='ltr'><strong>tionem</strong></span> <span class='ocrx_word' id='word_1_131' title='bbox 717 1673 859 1715; x_wconf 90' lang='lat' dir='ltr'><strong>esse.</strong></span> <span class='ocrx_word' id='word_1_132' title='bbox 893 1655 949 1712; x_wconf 91' lang='lat' dir='ltr'><strong>Si</strong></span> <span class='ocrx_word' id='word_1_133' title='bbox 980 1671 1087 1713; x_wconf 92' lang='lat' dir='ltr'><strong>non</strong></span> <span class='ocrx_word' id='word_1_134' title='bbox 1115 1655 1290 1710; x_wconf 89' lang='lat' dir='ltr'><strong>omnis</strong></span> <span class='ocrx_word' id='word_1_135' title='bbox 1333 1663 1512 1710; x_wconf 91' lang='lat' dir='ltr'><strong>motus</strong></span> <span class='ocrx_word' id='word_1_136' title='bbox 1540 1655 1766 1710; x_wconf 85' lang='lat' dir='ltr'><strong>mutatio</strong></span> <span class='ocrx_word' id='word_1_137' title='bbox 1795 1663 1912 1722; x_wconf 87' lang='lat' dir='ltr'><strong>est,</strong></span> <span class='ocrx_word' id='word_1_138' title='bbox 1951 1653 2078 1726; x_wconf 91' lang='lat' dir='ltr'><strong>quid</strong></span> 
     </span>
    </p>
   </div>
   <div class='ocr_carea' id='block_1_19' title="bbox 2178 437 3779 512">
    <p class='ocr_par' dir='ltr' id='par_1_19' title="bbox 2178 437 3779 512">
     <span class='ocr_line' id='line_1_19' title="bbox 2178 437 3779 512; baseline 0.001 -16"><span class='ocrx_word' id='word_1_139' title='bbox 2178 441 2291 496; x_wconf 85' lang='lat' dir='ltr'><strong>sive</strong></span> <span class='ocrx_word' id='word_1_140' title='bbox 2341 437 2575 494; x_wconf 86' lang='lat' dir='ltr'><strong>tilietatis</strong></span> <span class='ocrx_word' id='word_1_141' title='bbox 2605 438 2750 509; x_wconf 90' lang='lat' dir='ltr'><strong>ejus,</strong></span> <span class='ocrx_word' id='word_1_142' title='bbox 2786 438 2900 494; x_wconf 85' lang='lat' dir='ltr'><strong>sive</strong></span> <span class='ocrx_word' id='word_1_143' title='bbox 2935 439 3085 510; x_wconf 76' lang='lat' dir='ltr'><strong>juxta</strong></span> <span class='ocrx_word' id='word_1_144' title='bbox 3115 439 3469 512; x_wconf 85' lang='lat' dir='ltr'><strong>significatos,</strong></span> <span class='ocrx_word' id='word_1_145' title='bbox 3500 441 3614 498; x_wconf 80' lang='lat' dir='ltr'><strong>sive</strong></span> <span class='ocrx_word' id='word_1_146' title='bbox 3643 442 3779 498; x_wconf 82' lang='lat' dir='ltr'><strong>alios</strong></span> 
     </span>
    </p>
   </div>
   <div class='ocr_carea' id='block_1_20' title="bbox 2180 530 3782 606">
    <p class='ocr_par' dir='ltr' id='par_1_20' title="bbox 2180 530 3782 606">
     <span class='ocr_line' id='line_1_20' title="bbox 2180 530 3782 606; baseline 0.003 -19"><span class='ocrx_word' id='word_1_147' title='bbox 2180 531 2370 587; x_wconf 88' lang='lat' dir='ltr'><strong>modos</strong></span> <span class='ocrx_word' id='word_1_148' title='bbox 2404 550 2418 589; x_wconf 89' lang='lat'><strong>:</strong></span> <span class='ocrx_word' id='word_1_149' title='bbox 2449 530 2711 590; x_wconf 87' lang='lat' dir='ltr'><strong>conﬁteor</strong></span> <span class='ocrx_word' id='word_1_150' title='bbox 2755 547 2858 604; x_wconf 88' lang='lat' dir='ltr'><strong>ego</strong></span> <span class='ocrx_word' id='word_1_151' title='bbox 2904 532 3042 600; x_wconf 90' lang='lat' dir='ltr'><strong>Deo,</strong></span> <span class='ocrx_word' id='word_1_152' title='bbox 3071 534 3228 605; x_wconf 80' lang='lat' dir='ltr'><strong>cujus</strong></span> <span class='ocrx_word' id='word_1_153' title='bbox 3267 534 3370 592; x_wconf 88' lang='lat' dir='ltr'><strong>hoc</strong></span> <span class='ocrx_word' id='word_1_154' title='bbox 3397 537 3637 606; x_wconf 79' lang='lat' dir='ltr'><strong>potentia</strong></span> <span class='ocrx_word' id='word_1_155' title='bbox 3666 536 3782 592; x_wconf 81' lang='lat' dir='ltr'><strong>fac-</strong></span> 
     </span>
    </p>
   </div>
   <div class='ocr_carea' id='block_1_21' title="bbox 2180 633 2419 682">
    <p class='ocr_par' dir='ltr' id='par_1_21' title="bbox 2180 633 2419 682">
     <span class='ocr_line' id='line_1_21' title="bbox 2180 633 2419 682; baseline -0.017 -1"><span class='ocrx_word' id='word_1_156' title='bbox 2180 634 2289 682; x_wconf 87' lang='lat' dir='ltr'><strong>tum</strong></span> <span class='ocrx_word' id='word_1_157' title='bbox 2319 633 2419 680; x_wconf 80' lang='lat' dir='ltr'><strong>est.</strong></span> 
     </span>
    </p>
   </div>
   <div class='ocr_carea' id='block_1_22' title="bbox 2251 716 3783 793">
    <p class='ocr_par' dir='ltr' id='par_1_22' title="bbox 2251 716 3783 793">
     <span class='ocr_line' id='line_1_22' title="bbox 2251 716 3783 793; baseline 0.005 -21"><span class='ocrx_word' id='word_1_158' title='bbox 2251 716 2444 773; x_wconf 81' lang='lat' dir='ltr'><strong>XXXI.</strong></span> <span class='ocrx_word' id='word_1_159' title='bbox 2489 717 2699 774; x_wconf 92' lang='lat' dir='ltr'><strong>Dictum</strong></span> <span class='ocrx_word' id='word_1_160' title='bbox 2738 727 2823 778; x_wconf 84' lang='lat' dir='ltr'><strong>est</strong></span> <span class='ocrx_word' id='word_1_161' title='bbox 2866 735 2896 778; x_wconf 89' lang='lat' dir='ltr'><strong>a</strong></span> <span class='ocrx_word' id='word_1_162' title='bbox 2937 720 3093 778; x_wconf 85' lang='lat' dir='ltr'><strong>nobis</strong></span> <span class='ocrx_word' id='word_1_163' title='bbox 3132 721 3487 793; x_wconf 84' lang='lat' dir='ltr'><strong>sufﬁcienter,</strong></span> <span class='ocrx_word' id='word_1_164' title='bbox 3511 731 3572 780; x_wconf 90' lang='lat' dir='ltr'><strong>ut</strong></span> <span class='ocrx_word' id='word_1_165' title='bbox 3593 724 3783 792; x_wconf 84' lang='lat' dir='ltr'><strong>credo,</strong></span> 
     </span>
    </p>
   </div>
   <div class='ocr_carea' id='block_1_23' title="bbox 2180 809 3786 885">
    <p class='ocr_par' dir='ltr' id='par_1_23' title="bbox 2180 809 3786 885">
     <span class='ocr_line' id='line_1_23' title="bbox 2180 809 3786 885; baseline 0.006 -21"><span class='ocrx_word' id='word_1_166' title='bbox 2180 809 2233 866; x_wconf 92' lang='lat' dir='ltr'><strong>in</strong></span> <span class='ocrx_word' id='word_1_167' title='bbox 2264 811 2382 866; x_wconf 90' lang='lat' dir='ltr'><strong>aliis</strong></span> <span class='ocrx_word' id='word_1_168' title='bbox 2410 810 2583 876; x_wconf 90' lang='lat' dir='ltr'><strong>libris,</strong></span> <span class='ocrx_word' id='word_1_169' title='bbox 2621 827 2650 867; x_wconf 91' lang='lat' dir='ltr'><strong>a</strong></span> <span class='ocrx_word' id='word_1_170' title='bbox 2679 827 2785 883; x_wconf 90' lang='lat' dir='ltr'><strong>quo</strong></span> <span class='ocrx_word' id='word_1_171' title='bbox 2829 813 2900 869; x_wconf 89' lang='lat' dir='ltr'><strong>sit</strong></span> <span class='ocrx_word' id='word_1_172' title='bbox 2931 816 3236 885; x_wconf 76' lang='lat' dir='ltr'><strong>progressio</strong></span> <span class='ocrx_word' id='word_1_173' title='bbox 3264 825 3316 871; x_wconf 92' lang='lat' dir='ltr'><strong>et</strong></span> <span class='ocrx_word' id='word_1_174' title='bbox 3347 816 3666 885; x_wconf 76' lang='lat' dir='ltr'><strong>descensio;</strong></span> <span class='ocrx_word' id='word_1_175' title='bbox 3698 834 3786 874; x_wconf 85' lang='lat' dir='ltr'><strong>re-</strong></span> 
     </span>
    </p>
   </div>
   <div class='ocr_carea' id='block_1_24' title="bbox 2177 902 3792 978">
    <p class='ocr_par' dir='ltr' id='par_1_24' title="bbox 2177 902 3792 978">
     <span class='ocr_line' id='line_1_24' title="bbox 2177 902 3792 978; baseline 0.008 -23"><span class='ocrx_word' id='word_1_176' title='bbox 2177 902 2491 976; x_wconf 81' lang='lat' dir='ltr'><strong>gressioque</strong></span> <span class='ocrx_word' id='word_1_177' title='bbox 2529 905 2777 974; x_wconf 82' lang='lat' dir='ltr'><strong>promissi</strong></span> <span class='ocrx_word' id='word_1_178' title='bbox 2813 908 2981 961; x_wconf 86' lang='lat' dir='ltr'><strong>sancti</strong></span> <span class='ocrx_word' id='word_1_179' title='bbox 3005 907 3238 978; x_wconf 84' lang='lat' dir='ltr'><strong>Spiritus</strong></span> <span class='ocrx_word' id='word_1_180' title='bbox 3265 909 3535 968; x_wconf 75' lang='lat' dir='ltr'><strong>declarata</strong></span> <span class='ocrx_word' id='word_1_181' title='bbox 3563 920 3648 968; x_wconf 82' lang='lat' dir='ltr'><strong>est</strong></span> <span class='ocrx_word' id='word_1_182' title='bbox 3684 927 3700 968; x_wconf 92' lang='lat'><strong>:</strong></span> <span class='ocrx_word' id='word_1_183' title='bbox 3735 919 3792 968; x_wconf 88' lang='lat' dir='ltr'><strong>et</strong></span> 
     </span>
    </p>
   </div>
   <div class='ocr_carea' id='block_1_25' title="bbox 2179 995 3790 1070">
    <p class='ocr_par' dir='ltr' id='par_1_25' title="bbox 2179 995 3790 1070">
     <span class='ocr_line' id='line_1_25' title="bbox 2179 995 3790 1070; baseline 0.006 -20"><span class='ocrx_word' id='word_1_184' title='bbox 2179 995 2247 1051; x_wconf 91' lang='lat' dir='ltr'><strong>de</strong></span> <span class='ocrx_word' id='word_1_185' title='bbox 2280 996 2477 1070; x_wconf 84' lang='lat' dir='ltr'><strong>triplici</strong></span> <span class='ocrx_word' id='word_1_186' title='bbox 2511 998 2713 1054; x_wconf 87' lang='lat' dir='ltr'><strong>unitate</strong></span> <span class='ocrx_word' id='word_1_187' title='bbox 2738 1007 2792 1053; x_wconf 83' lang='lat' dir='ltr'><strong>et</strong></span> <span class='ocrx_word' id='word_1_188' title='bbox 2824 999 2968 1056; x_wconf 92' lang='lat' dir='ltr'><strong>unali</strong></span> <span class='ocrx_word' id='word_1_189' title='bbox 3014 1001 3272 1058; x_wconf 89' lang='lat' dir='ltr'><strong>trinitate.</strong></span> <span class='ocrx_word' id='word_1_190' title='bbox 3306 1002 3420 1059; x_wconf 88' lang='lat' dir='ltr'><strong>Nec</strong></span> <span class='ocrx_word' id='word_1_191' title='bbox 3459 1003 3661 1060; x_wconf 77' lang='lat' dir='ltr'><strong>suﬂ‘ero</strong></span> <span class='ocrx_word' id='word_1_192' title='bbox 3693 1019 3790 1060; x_wconf 80' lang='lat' dir='ltr'><strong>au-</strong></span> 
     </span>
    </p>
   </div>
   <div class='ocr_carea' id='block_1_26' title="bbox 2179 1089 3791 1169">
    <p class='ocr_par' dir='ltr' id='par_1_26' title="bbox 2179 1089 3791 1169">
     <span class='ocr_line' id='line_1_26' title="bbox 2179 1089 3791 1169; baseline 0.007 -25"><span class='ocrx_word' id='word_1_193' title='bbox 2179 1089 2336 1147; x_wconf 85' lang='lat' dir='ltr'><strong>diens</strong></span> <span class='ocrx_word' id='word_1_194' title='bbox 2374 1090 2566 1162; x_wconf 84' lang='lat' dir='ltr'><strong>dogma</strong></span> <span class='ocrx_word' id='word_1_195' title='bbox 2599 1101 2835 1148; x_wconf 90' lang='lat' dir='ltr'><strong>vestrum</strong></span> <span class='ocrx_word' id='word_1_196' title='bbox 2865 1093 2932 1148; x_wconf 90' lang='lat' dir='ltr'><strong>de</strong></span> <span class='ocrx_word' id='word_1_197' title='bbox 2961 1093 3161 1165; x_wconf 90' lang='lat' dir='ltr'><strong>Spiritu</strong></span> <span class='ocrx_word' id='word_1_198' title='bbox 3208 1105 3416 1162; x_wconf 84' lang='lat' dir='ltr'><strong>sancto,</strong></span> <span class='ocrx_word' id='word_1_199' title='bbox 3447 1097 3791 1169; x_wconf 80' lang='lat' dir='ltr'><strong>blasphemia</strong></span> 
     </span>
    </p>
   </div>
   <div class='ocr_carea' id='block_1_27' title="bbox 2181 1184 3788 1260">
    <p class='ocr_par' dir='ltr' id='par_1_27' title="bbox 2181 1184 3788 1260">
     <span class='ocr_line' id='line_1_27' title="bbox 2181 1184 3788 1260; baseline 0.006 -21"><span class='ocrx_word' id='word_1_200' title='bbox 2181 1184 2446 1256; x_wconf 87' lang='lat' dir='ltr'><strong>plenum:</strong></span> <span class='ocrx_word' id='word_1_201' title='bbox 2485 1204 2504 1239; x_wconf 84' lang='grc'><strong>‹</strong></span> <span class='ocrx_word' id='word_1_202' title='bbox 2553 1185 2706 1254; x_wconf 87' lang='lat' dir='ltr'><strong>Quod</strong></span> <span class='ocrx_word' id='word_1_203' title='bbox 2758 1187 2860 1244; x_wconf 82' lang='lat' dir='ltr'><strong>iste</strong></span> <span class='ocrx_word' id='word_1_204' title='bbox 2908 1187 3141 1260; x_wconf 88' lang='lat' dir='ltr'><strong>Spiritus</strong></span> <span class='ocrx_word' id='word_1_205' title='bbox 3191 1191 3243 1245; x_wconf 92' lang='lat' dir='ltr'><strong>in</strong></span> <span class='ocrx_word' id='word_1_206' title='bbox 3295 1191 3788 1249; x_wconf 84' lang='lat' dir='ltr'><strong>sanetiﬁcationem</strong></span> 
     </span>
    </p>
   </div>
   <div class='ocr_carea' id='block_1_28' title="bbox 2181 1280 3796 1352">
    <p class='ocr_par' dir='ltr' id='par_1_28' title="bbox 2181 1280 3796 1352">
     <span class='ocr_line' id='line_1_28' title="bbox 2181 1280 3796 1352; baseline 0.005 -18"><span class='ocrx_word' id='word_1_207' title='bbox 2181 1289 2294 1346; x_wconf 90' lang='lat' dir='ltr'><strong>est,</strong></span> <span class='ocrx_word' id='word_1_208' title='bbox 2331 1289 2386 1336; x_wconf 93' lang='lat' dir='ltr'><strong>et</strong></span> <span class='ocrx_word' id='word_1_209' title='bbox 2423 1280 2514 1352; x_wconf 87' lang='lat' dir='ltr'><strong>qui</strong></span> <span class='ocrx_word' id='word_1_210' title='bbox 2557 1281 2928 1336; x_wconf 87' lang='lat' dir='ltr'><strong>tantummodo</strong></span> <span class='ocrx_word' id='word_1_211' title='bbox 2976 1282 3278 1340; x_wconf 86' lang='lat' dir='ltr'><strong>sanctiﬁcet</strong></span> <span class='ocrx_word' id='word_1_212' title='bbox 3323 1293 3382 1340; x_wconf 91' lang='lat' dir='ltr'><strong>et</strong></span> <span class='ocrx_word' id='word_1_213' title='bbox 3427 1283 3619 1341; x_wconf 81' lang='lat' dir='ltr'><strong>doceat</strong></span> <span class='ocrx_word' id='word_1_214' title='bbox 3667 1304 3682 1340; x_wconf 91' lang='lat'><strong>:</strong></span> <span class='ocrx_word' id='word_1_215' title='bbox 3737 1293 3796 1342; x_wconf 87' lang='lat' dir='ltr'><strong>et</strong></span> 
     </span>
    </p>
   </div>
   <div class='ocr_carea' id='block_1_29' title="bbox 2180 1374 3795 1446">
    <p class='ocr_par' dir='ltr' id='par_1_29' title="bbox 2180 1374 3795 1446">
     <span class='ocr_line' id='line_1_29' title="bbox 2180 1374 3795 1446; baseline 0.004 -16"><span class='ocrx_word' id='word_1_216' title='bbox 2180 1374 2323 1446; x_wconf 93' lang='lat' dir='ltr'><strong>quod</strong></span> <span class='ocrx_word' id='word_1_217' title='bbox 2365 1375 2480 1446; x_wconf 88' lang='lat' dir='ltr'><strong>ipse</strong></span> <span class='ocrx_word' id='word_1_218' title='bbox 2533 1376 2706 1432; x_wconf 88' lang='lat' dir='ltr'><strong>factus</strong></span> <span class='ocrx_word' id='word_1_219' title='bbox 2753 1376 2856 1442; x_wconf 87' lang='lat' dir='ltr'><strong>sit,</strong></span> <span class='ocrx_word' id='word_1_220' title='bbox 2884 1377 3023 1434; x_wconf 90' lang='lat' dir='ltr'><strong>sicut</strong></span> <span class='ocrx_word' id='word_1_221' title='bbox 3065 1378 3240 1434; x_wconf 90' lang='lat' dir='ltr'><strong>omnis</strong></span> <span class='ocrx_word' id='word_1_222' title='bbox 3291 1388 3557 1438; x_wconf 88' lang='lat' dir='ltr'><strong>creatura.</strong></span> <span class='ocrx_word' id='word_1_223' title='bbox 3587 1399 3609 1434; x_wconf 68' lang='grc' dir='ltr'><strong><em>ι</em></strong></span> <span class='ocrx_word' id='word_1_224' title='bbox 3649 1378 3795 1437; x_wconf 86' lang='lat' dir='ltr'><strong>Cum</strong></span> 
     </span>
    </p>
   </div>
   <div class='ocr_carea' id='block_1_30' title="bbox 2182 1469 3798 1544">
    <p class='ocr_par' dir='ltr' id='par_1_30' title="bbox 2182 1469 3798 1544">
     <span class='ocr_line' id='line_1_30' title="bbox 2182 1469 3798 1544; baseline 0.005 -20"><span class='ocrx_word' id='word_1_225' title='bbox 2182 1477 2361 1526; x_wconf 90' lang='lat' dir='ltr'><strong>tamen</strong></span> <span class='ocrx_word' id='word_1_226' title='bbox 2414 1471 2531 1542; x_wconf 88' lang='lat' dir='ltr'><strong>ipse</strong></span> <span class='ocrx_word' id='word_1_227' title='bbox 2578 1469 2812 1540; x_wconf 85' lang='lat' dir='ltr'><strong>Spiritus</strong></span> <span class='ocrx_word' id='word_1_228' title='bbox 2857 1470 3067 1528; x_wconf 80' lang='lat' dir='ltr'><strong>diﬁ&#39;erat</strong></span> <span class='ocrx_word' id='word_1_229' title='bbox 3117 1474 3333 1544; x_wconf 88' lang='lat' dir='ltr'><strong>propria</strong></span> <span class='ocrx_word' id='word_1_230' title='bbox 3382 1489 3481 1532; x_wconf 84' lang='lat' dir='ltr'><strong>sua</strong></span> <span class='ocrx_word' id='word_1_231' title='bbox 3510 1476 3731 1532; x_wconf 80' lang='lat' dir='ltr'><strong>actione</strong></span> <span class='ocrx_word' id='word_1_232' title='bbox 3765 1491 3798 1532; x_wconf 83' lang='lat' dir='ltr'><strong>a</strong></span> 
     </span>
    </p>
   </div>
   <div class='ocr_carea' id='block_1_31' title="bbox 2180 1563 3798 1639">
    <p class='ocr_par' dir='ltr' id='par_1_31' title="bbox 2180 1563 3798 1639">
     <span class='ocr_line' id='line_1_31' title="bbox 2180 1563 3798 1639; baseline 0.003 -21"><span class='ocrx_word' id='word_1_233' title='bbox 2180 1563 2324 1629; x_wconf 87' lang='lat' dir='ltr'><strong>ﬁlio,</strong></span> <span class='ocrx_word' id='word_1_234' title='bbox 2363 1564 2450 1622; x_wconf 89' lang='lat' dir='ltr'><strong>cui</strong></span> <span class='ocrx_word' id='word_1_235' title='bbox 2498 1573 2677 1620; x_wconf 90' lang='lat' dir='ltr'><strong>tamen</strong></span> <span class='ocrx_word' id='word_1_236' title='bbox 2729 1579 2944 1636; x_wconf 88' lang='lat' dir='ltr'><strong>semper</strong></span> <span class='ocrx_word' id='word_1_237' title='bbox 2978 1580 3216 1636; x_wconf 85' lang='lat' dir='ltr'><strong>praesens</strong></span> <span class='ocrx_word' id='word_1_238' title='bbox 3243 1575 3362 1624; x_wconf 87' lang='lat' dir='ltr'><strong>est:</strong></span> <span class='ocrx_word' id='word_1_239' title='bbox 3397 1567 3538 1623; x_wconf 86' lang='lat' dir='ltr'><strong>sicut</strong></span> <span class='ocrx_word' id='word_1_240' title='bbox 3585 1577 3640 1625; x_wconf 92' lang='lat' dir='ltr'><strong>et</strong></span> <span class='ocrx_word' id='word_1_241' title='bbox 3673 1568 3798 1639; x_wconf 86' lang='lat' dir='ltr'><strong>ipse</strong></span> 
     </span>
    </p>
   </div>
   <div class='ocr_carea' id='block_1_32' title="bbox 2181 1657 3799 1734">
    <p class='ocr_par' dir='ltr' id='par_1_32' title="bbox 2181 1657 3799 1734">
     <span class='ocr_line' id='line_1_32' title="bbox 2181 1657 3799 1734; baseline 0.004 -22"><span class='ocrx_word' id='word_1_242' title='bbox 2181 1657 2322 1713; x_wconf 84' lang='lat' dir='ltr'><strong>ﬁlius</strong></span> <span class='ocrx_word' id='word_1_243' title='bbox 2351 1659 2565 1716; x_wconf 87' lang='lat' dir='ltr'><strong>actione</strong></span> <span class='ocrx_word' id='word_1_244' title='bbox 2609 1657 2790 1716; x_wconf 76' lang='lat' dir='ltr'><strong>diﬁcrt</strong></span> <span class='ocrx_word' id='word_1_245' title='bbox 2816 1673 2849 1714; x_wconf 87' lang='lat' dir='ltr'><strong>a</strong></span> <span class='ocrx_word' id='word_1_246' title='bbox 2879 1667 3028 1729; x_wconf 87' lang='lat' dir='ltr'><strong>patre</strong></span> <span class='ocrx_word' id='word_1_247' title='bbox 3053 1674 3172 1725; x_wconf 89' lang='lat' dir='ltr'><strong>suo,</strong></span> <span class='ocrx_word' id='word_1_248' title='bbox 3206 1660 3292 1732; x_wconf 89' lang='lat' dir='ltr'><strong>qui</strong></span> <span class='ocrx_word' id='word_1_249' title='bbox 3322 1669 3500 1718; x_wconf 87' lang='lat' dir='ltr'><strong>tamen</strong></span> <span class='ocrx_word' id='word_1_250' title='bbox 3531 1662 3603 1718; x_wconf 81' lang='lat' dir='ltr'><strong>sit</strong></span> <span class='ocrx_word' id='word_1_251' title='bbox 3635 1671 3799 1734; x_wconf 74' lang='lat' dir='ltr'><strong>pater</strong></span> 
     </span>
    </p>
   </div>
   <div class='ocr_carea' id='block_1_33' title="bbox 475 1743 3796 1826">
    <p class='ocr_par' dir='ltr' id='par_1_33' title="bbox 475 1743 3796 1826">
     <span class='ocr_line' id='line_1_33' title="bbox 475 1743 3796 1826; baseline 0.001 -17"><span class='ocrx_word' id='word_1_252' title='bbox 475 1754 644 1826; x_wconf 88' lang='lat' dir='ltr'><strong>magis</strong></span> <span class='ocrx_word' id='word_1_253' title='bbox 670 1751 976 1823; x_wconf 89' lang='lat' dir='ltr'><strong>eligendum</strong></span> <span class='ocrx_word' id='word_1_254' title='bbox 1017 1750 1159 1806; x_wconf 90' lang='lat' dir='ltr'><strong>circa</strong></span> <span class='ocrx_word' id='word_1_255' title='bbox 1193 1750 1416 1806; x_wconf 80' lang='lat' dir='ltr'><strong>Jesum?</strong></span> <span class='ocrx_word' id='word_1_256' title='bbox 1445 1749 1741 1806; x_wconf 89' lang='lat' dir='ltr'><strong>secundum</strong></span> <span class='ocrx_word' id='word_1_257' title='bbox 1770 1750 2076 1822; x_wconf 86' lang='lat' dir='ltr'><strong>generatio—</strong></span> <span class='ocrx_word' id='word_1_258' title='bbox 2106 1743 2155 1806; x_wconf 91' lang='lat' dir='ltr'><strong>B</strong></span> <span class='ocrx_word' id='word_1_259' title='bbox 2176 1750 2324 1823; x_wconf 84' lang='lat' dir='ltr'><strong>juxta</strong></span> <span class='ocrx_word' id='word_1_260' title='bbox 2357 1751 2408 1807; x_wconf 90' lang='lat' dir='ltr'><strong>id</strong></span> <span class='ocrx_word' id='word_1_261' title='bbox 2445 1751 2587 1823; x_wconf 93' lang='lat' dir='ltr'><strong>quod</strong></span> <span class='ocrx_word' id='word_1_262' title='bbox 2637 1759 2721 1807; x_wconf 92' lang='lat' dir='ltr'><strong>est</strong></span> <span class='ocrx_word' id='word_1_263' title='bbox 2755 1766 2896 1808; x_wconf 85' lang='lat' dir='ltr'><strong>esse.</strong></span> <span class='ocrx_word' id='word_1_264' title='bbox 2940 1752 3134 1823; x_wconf 81' lang='lat' dir='ltr'><strong>Sicque</strong></span> <span class='ocrx_word' id='word_1_265' title='bbox 3170 1753 3395 1810; x_wconf 89' lang='lat' dir='ltr'><strong>istorum</strong></span> <span class='ocrx_word' id='word_1_266' title='bbox 3426 1755 3588 1811; x_wconf 87' lang='lat' dir='ltr'><strong>trium</strong></span> <span class='ocrx_word' id='word_1_267' title='bbox 3619 1771 3796 1812; x_wconf 87' lang='lat' dir='ltr'><strong>unum</strong></span> 
     </span>
    </p>
   </div>
   <div class='ocr_carea' id='block_1_34' title="bbox 477 1845 2075 1917">
    <p class='ocr_par' dir='ltr' id='par_1_34' title="bbox 477 1845 2075 1917">
     <span class='ocr_line' id='line_1_34' title="bbox 477 1845 2075 1917; baseline -0.001 -13"><span class='ocrx_word' id='word_1_268' title='bbox 477 1864 599 1905; x_wconf 82' lang='lat' dir='ltr'><strong>nent</strong></span> <span class='ocrx_word' id='word_1_269' title='bbox 630 1847 778 1904; x_wconf 91' lang='lat' dir='ltr'><strong>illum</strong></span> <span class='ocrx_word' id='word_1_270' title='bbox 807 1863 956 1917; x_wconf 73' lang='lat' dir='ltr'><strong>esse,</strong></span> <span class='ocrx_word' id='word_1_271' title='bbox 1002 1855 1094 1902; x_wconf 87' lang='lat' dir='ltr'><strong>aut</strong></span> <span class='ocrx_word' id='word_1_272' title='bbox 1143 1846 1438 1904; x_wconf 89' lang='lat' dir='ltr'><strong>secundum</strong></span> <span class='ocrx_word' id='word_1_273' title='bbox 1489 1845 1873 1904; x_wconf 72' lang='lat' dir='ltr'><strong>eil‘ectioncm?</strong></span> <span class='ocrx_word' id='word_1_274' title='bbox 1915 1845 2075 1902; x_wconf 78' lang='lat' dir='ltr'><strong>Juxta</strong></span> 
     </span>
    </p>
   </div>
   <div class='ocr_carea' id='block_1_35' title="bbox 477 1937 2072 2010">
    <p class='ocr_par' dir='ltr' id='par_1_35' title="bbox 477 1937 2072 2010">
     <span class='ocr_line' id='line_1_35' title="bbox 477 1937 2072 2010; baseline -0.001 -16"><span class='ocrx_word' id='word_1_275' title='bbox 477 1939 716 1995; x_wconf 86' lang='lat' dir='ltr'><strong>divinam</strong></span> <span class='ocrx_word' id='word_1_276' title='bbox 790 1939 1233 2010; x_wconf 90' lang='lat' dir='ltr'><strong>intelligentiam,</strong></span> <span class='ocrx_word' id='word_1_277' title='bbox 1289 1937 1584 1994; x_wconf 89' lang='lat' dir='ltr'><strong>secundum</strong></span> <span class='ocrx_word' id='word_1_278' title='bbox 1648 1939 2072 2008; x_wconf 75' lang='lat' dir='ltr'><strong>generationem.</strong></span> 
     </span>
    </p>
   </div>
   <div class='ocr_carea' id='block_1_36' title="bbox 478 2031 2076 2103">
    <p class='ocr_par' dir='ltr' id='par_1_36' title="bbox 478 2031 2076 2103">
     <span class='ocr_line' id='line_1_36' title="bbox 478 2031 2076 2103; baseline 0.001 -17"><span class='ocrx_word' id='word_1_279' title='bbox 478 2033 593 2088; x_wconf 84' lang='lat' dir='ltr'><strong>Etsi</strong></span> <span class='ocrx_word' id='word_1_280' title='bbox 630 2031 773 2087; x_wconf 90' lang='lat' dir='ltr'><strong>enim</strong></span> <span class='ocrx_word' id='word_1_281' title='bbox 805 2031 944 2087; x_wconf 92' lang='lat' dir='ltr'><strong>Deus</strong></span> <span class='ocrx_word' id='word_1_282' title='bbox 973 2031 1130 2087; x_wconf 89' lang='lat' dir='ltr'><strong>simul</strong></span> <span class='ocrx_word' id='word_1_283' title='bbox 1162 2047 1225 2087; x_wconf 87' lang='lat' dir='ltr'><strong>ac</strong></span> <span class='ocrx_word' id='word_1_284' title='bbox 1252 2031 1417 2100; x_wconf 91' lang='lat' dir='ltr'><strong>dicit,</strong></span> <span class='ocrx_word' id='word_1_285' title='bbox 1461 2031 1587 2088; x_wconf 81' lang='lat' dir='ltr'><strong>facit</strong></span> <span class='ocrx_word' id='word_1_286' title='bbox 1616 2047 1733 2103; x_wconf 83' lang='lat' dir='ltr'><strong>quae</strong></span> <span class='ocrx_word' id='word_1_287' title='bbox 1758 2031 1883 2087; x_wconf 81' lang='lat' dir='ltr'><strong>facit</strong></span> <span class='ocrx_word' id='word_1_288' title='bbox 1919 2049 1931 2087; x_wconf 91' lang='lat'>:</span> <span class='ocrx_word' id='word_1_289' title='bbox 1966 2032 2076 2089; x_wconf 91' lang='lat' dir='ltr'><strong>Sed</strong></span> 
     </span>
    </p>
   </div>
   <div class='ocr_carea' id='block_1_37' title="bbox 477 2123 2079 2195">
    <p class='ocr_par' dir='ltr' id='par_1_37' title="bbox 477 2123 2079 2195">
     <span class='ocr_line' id='line_1_37' title="bbox 477 2123 2079 2195; baseline 0.001 -14"><span class='ocrx_word' id='word_1_290' title='bbox 477 2123 690 2195; x_wconf 88' lang='lat' dir='ltr'><strong>dicere,</strong></span> <span class='ocrx_word' id='word_1_291' title='bbox 745 2134 920 2180; x_wconf 80' lang='lat' dir='ltr'><strong>motus</strong></span> <span class='ocrx_word' id='word_1_292' title='bbox 964 2135 1078 2190; x_wconf 89' lang='lat' dir='ltr'><strong>est,</strong></span> <span class='ocrx_word' id='word_1_293' title='bbox 1121 2125 1500 2194; x_wconf 69' lang='lat' dir='ltr'><strong>prmexistente</strong></span> <span class='ocrx_word' id='word_1_294' title='bbox 1547 2124 1807 2182; x_wconf 87' lang='lat' dir='ltr'><strong>silentio:</strong></span> <span class='ocrx_word' id='word_1_295' title='bbox 1853 2127 2079 2183; x_wconf 90' lang='lat' dir='ltr'><strong>mutatio</strong></span> 
     </span>
    </p>
   </div>
   <div class='ocr_carea' id='block_1_38' title="bbox 477 2219 2080 2292">
    <p class='ocr_par' dir='ltr' id='par_1_38' title="bbox 477 2219 2080 2292">
     <span class='ocr_line' id='line_1_38' title="bbox 477 2219 2080 2292; baseline 0.001 -15"><span class='ocrx_word' id='word_1_296' title='bbox 477 2231 560 2277; x_wconf 92' lang='lat' dir='ltr'><strong>est</strong></span> <span class='ocrx_word' id='word_1_297' title='bbox 589 2222 769 2292; x_wconf 87' lang='lat' dir='ltr'><strong>igitur,</strong></span> <span class='ocrx_word' id='word_1_298' title='bbox 809 2220 985 2276; x_wconf 89' lang='lat' dir='ltr'><strong>silenti</strong></span> <span class='ocrx_word' id='word_1_299' title='bbox 1016 2219 1214 2277; x_wconf 87' lang='lat' dir='ltr'><strong>dicere.</strong></span> <span class='ocrx_word' id='word_1_300' title='bbox 1254 2219 1307 2275; x_wconf 91' lang='lat' dir='ltr'><strong>Si</strong></span> <span class='ocrx_word' id='word_1_301' title='bbox 1349 2229 1529 2274; x_wconf 89' lang='lat' dir='ltr'><strong>autem</strong></span> <span class='ocrx_word' id='word_1_302' title='bbox 1563 2235 1658 2290; x_wconf 91' lang='lat' dir='ltr'><strong>per</strong></span> <span class='ocrx_word' id='word_1_303' title='bbox 1687 2219 1922 2276; x_wconf 84' lang='lat' dir='ltr'><strong>Verbum</strong></span> <span class='ocrx_word' id='word_1_304' title='bbox 1956 2220 2080 2280; x_wconf 89' lang='lat' dir='ltr'><strong>fecit</strong></span> 
     </span>
    </p>
   </div>
   <div class='ocr_carea' id='block_1_39' title="bbox 476 2313 2082 2385">
    <p class='ocr_par' dir='ltr' id='par_1_39' title="bbox 476 2313 2082 2385">
     <span class='ocr_line' id='line_1_39' title="bbox 476 2313 2082 2385; baseline 0.001 -13"><span class='ocrx_word' id='word_1_305' title='bbox 476 2316 649 2384; x_wconf 89' lang='lat' dir='ltr'><strong>Deus,</strong></span> <span class='ocrx_word' id='word_1_306' title='bbox 679 2324 804 2370; x_wconf 91' lang='lat' dir='ltr'><strong>ante</strong></span> <span class='ocrx_word' id='word_1_307' title='bbox 850 2314 950 2370; x_wconf 89' lang='lat' dir='ltr'><strong>fuit</strong></span> <span class='ocrx_word' id='word_1_308' title='bbox 992 2314 1227 2371; x_wconf 83' lang='lat' dir='ltr'><strong>Verbum</strong></span> <span class='ocrx_word' id='word_1_309' title='bbox 1288 2329 1448 2385; x_wconf 88' lang='lat' dir='ltr'><strong>quam</strong></span> <span class='ocrx_word' id='word_1_310' title='bbox 1503 2313 1701 2370; x_wconf 86' lang='lat' dir='ltr'><strong>facere.</strong></span> <span class='ocrx_word' id='word_1_311' title='bbox 1733 2314 1786 2372; x_wconf 88' lang='lat' dir='ltr'><strong>Si</strong></span> <span class='ocrx_word' id='word_1_312' title='bbox 1821 2325 1946 2372; x_wconf 90' lang='lat' dir='ltr'><strong>ante</strong></span> <span class='ocrx_word' id='word_1_313' title='bbox 1983 2314 2082 2374; x_wconf 81' lang='lat' dir='ltr'><strong>fuit</strong></span> 
     </span>
    </p>
   </div>
   <div class='ocr_carea' id='block_1_40' title="bbox 479 2409 2076 2483">
    <p class='ocr_par' dir='ltr' id='par_1_40' title="bbox 479 2409 2076 2483">
     <span class='ocr_line' id='line_1_40' title="bbox 479 2409 2076 2483; baseline -0.001 -18"><span class='ocrx_word' id='word_1_314' title='bbox 479 2411 712 2468; x_wconf 79' lang='lat' dir='ltr'><strong>Verbum</strong></span> <span class='ocrx_word' id='word_1_315' title='bbox 740 2427 899 2483; x_wconf 91' lang='lat' dir='ltr'><strong>quam</strong></span> <span class='ocrx_word' id='word_1_316' title='bbox 937 2410 1147 2476; x_wconf 90' lang='lat' dir='ltr'><strong>facere,</strong></span> <span class='ocrx_word' id='word_1_317' title='bbox 1173 2409 1329 2480; x_wconf 80' lang='lat' dir='ltr'><strong>juxta</strong></span> <span class='ocrx_word' id='word_1_318' title='bbox 1371 2410 1776 2480; x_wconf 87' lang='lat' dir='ltr'><strong>generationem</strong></span> <span class='ocrx_word' id='word_1_319' title='bbox 1809 2420 1931 2465; x_wconf 88' lang='lat' dir='ltr'><strong>ante</strong></span> <span class='ocrx_word' id='word_1_320' title='bbox 1963 2409 2076 2464; x_wconf 89' lang='lat' dir='ltr'><strong>fuit.</strong></span> 
     </span>
    </p>
   </div>
   <div class='ocr_carea' id='block_1_41' title="bbox 484 2500 2078 2574">
    <p class='ocr_par' dir='ltr' id='par_1_41' title="bbox 484 2500 2078 2574">
     <span class='ocr_line' id='line_1_41' title="bbox 484 2500 2078 2574; baseline -0.003 -11"><span class='ocrx_word' id='word_1_321' title='bbox 484 2504 722 2563; x_wconf 78' lang='lat' dir='ltr'><strong>General</strong></span> <span class='ocrx_word' id='word_1_322' title='bbox 768 2504 911 2561; x_wconf 88' lang='lat' dir='ltr'><strong>enim</strong></span> <span class='ocrx_word' id='word_1_323' title='bbox 935 2502 961 2559; x_wconf 88' lang='grc' dir='ltr'>ὁ</span> <span class='ocrx_word' id='word_1_324' title='bbox 986 2510 1102 2566; x_wconf 81' lang='grc' dir='ltr'>νοῦς</span> <span class='ocrx_word' id='word_1_325' title='bbox 1136 2500 1397 2558; x_wconf 83' lang='lat' dir='ltr'><strong>Verbum.</strong></span> <span class='ocrx_word' id='word_1_326' title='bbox 1426 2501 1712 2558; x_wconf 88' lang='lat' dir='ltr'><strong>Generatio</strong></span> <span class='ocrx_word' id='word_1_327' title='bbox 1737 2503 1895 2574; x_wconf 84' lang='lat' dir='ltr'><strong>igitur</strong></span> <span class='ocrx_word' id='word_1_328' title='bbox 1921 2501 2047 2558; x_wconf 81' lang='lat' dir='ltr'><strong>Jesu</strong></span> <span class='ocrx_word' id='word_1_329' title='bbox 2065 2544 2078 2568; x_wconf 94' lang='lat'><strong>,</strong></span> 
     </span>
    </p>
   </div>
   <div class='ocr_carea' id='block_1_42' title="bbox 476 2597 2082 2672">
    <p class='ocr_par' dir='ltr' id='par_1_42' title="bbox 476 2597 2082 2672">
     <span class='ocr_line' id='line_1_42' title="bbox 476 2597 2082 2672; baseline 0.001 -20"><span class='ocrx_word' id='word_1_330' title='bbox 476 2600 566 2672; x_wconf 90' lang='lat' dir='ltr'><strong>qui</strong></span> <span class='ocrx_word' id='word_1_331' title='bbox 622 2601 770 2671; x_wconf 70' lang='grc' dir='ltr'>λόγος</span> <span class='ocrx_word' id='word_1_332' title='bbox 819 2608 922 2654; x_wconf 92' lang='lat' dir='ltr'><strong>est.</strong></span> <span class='ocrx_word' id='word_1_333' title='bbox 976 2598 1146 2668; x_wconf 87' lang='lat' dir='ltr'><strong>Quem</strong></span> <span class='ocrx_word' id='word_1_334' title='bbox 1214 2597 1396 2654; x_wconf 85' lang='lat' dir='ltr'><strong>Jesum</strong></span> <span class='ocrx_word' id='word_1_335' title='bbox 1448 2597 1596 2670; x_wconf 89' lang='lat' dir='ltr'><strong>gnari</strong></span> <span class='ocrx_word' id='word_1_336' title='bbox 1661 2614 1841 2656; x_wconf 90' lang='lat' dir='ltr'><strong>rerum</strong></span> <span class='ocrx_word' id='word_1_337' title='bbox 1895 2598 2082 2655; x_wconf 83' lang='lat' dir='ltr'><strong>dicunt</strong></span> 
     </span>
    </p>
   </div>
   <div class='ocr_carea' id='block_1_43' title="bbox 475 2690 2078 2762">
    <p class='ocr_par' dir='ltr' id='par_1_43' title="bbox 475 2690 2078 2762">
     <span class='ocr_line' id='line_1_43' title="bbox 475 2690 2078 2762; baseline -0.001 -12"><span class='ocrx_word' id='word_1_338' title='bbox 475 2694 773 2752; x_wconf 87' lang='lat' dir='ltr'><strong>secundum</strong></span> <span class='ocrx_word' id='word_1_339' title='bbox 814 2703 923 2750; x_wconf 91' lang='lat' dir='ltr'><strong>tres</strong></span> <span class='ocrx_word' id='word_1_340' title='bbox 960 2693 1152 2749; x_wconf 88' lang='lat' dir='ltr'><strong>modos</strong></span> <span class='ocrx_word' id='word_1_341' title='bbox 1183 2691 1351 2747; x_wconf 89' lang='lat' dir='ltr'><strong>ﬁlium</strong></span> <span class='ocrx_word' id='word_1_342' title='bbox 1395 2707 1548 2756; x_wconf 90' lang='lat' dir='ltr'><strong>esse,</strong></span> <span class='ocrx_word' id='word_1_343' title='bbox 1574 2690 1833 2761; x_wconf 83' lang='lat' dir='ltr'><strong>veritate,</strong></span> <span class='ocrx_word' id='word_1_344' title='bbox 1858 2699 2078 2762; x_wconf 84' lang='lat' dir='ltr'><strong>natura,</strong></span> 
     </span>
    </p>
   </div>
   <div class='ocr_carea' id='block_1_44' title="bbox 476 2784 2083 2860">
    <p class='ocr_par' dir='ltr' id='par_1_44' title="bbox 476 2784 2083 2860">
     <span class='ocr_line' id='line_1_44' title="bbox 476 2784 2083 2860; baseline 0 -16"><span class='ocrx_word' id='word_1_345' title='bbox 476 2790 762 2860; x_wconf 84' lang='lat' dir='ltr'><strong>positione.</strong></span> <span class='ocrx_word' id='word_1_346' title='bbox 792 2787 1098 2845; x_wconf 92' lang='lat' dir='ltr'><strong>Secundum</strong></span> <span class='ocrx_word' id='word_1_347' title='bbox 1127 2787 1406 2843; x_wconf 83' lang='lat' dir='ltr'><strong>veritatem</strong></span> <span class='ocrx_word' id='word_1_348' title='bbox 1453 2800 1573 2841; x_wconf 87' lang='lat' dir='ltr'><strong>esse</strong></span> <span class='ocrx_word' id='word_1_349' title='bbox 1605 2784 1808 2856; x_wconf 87' lang='lat' dir='ltr'><strong>ﬁlium,</strong></span> <span class='ocrx_word' id='word_1_350' title='bbox 1837 2786 1938 2842; x_wconf 91' lang='lat' dir='ltr'><strong>hoc</strong></span> <span class='ocrx_word' id='word_1_351' title='bbox 1966 2786 2083 2858; x_wconf 86' lang='lat' dir='ltr'><strong>ipso</strong></span> 
     </span>
    </p>
   </div>
   <div class='ocr_carea' id='block_1_45' title="bbox 475 2879 2085 2959">
    <p class='ocr_par' dir='ltr' id='par_1_45' title="bbox 475 2879 2085 2959">
     <span class='ocr_line' id='line_1_45' title="bbox 475 2879 2085 2959; baseline -0.003 -20"><span class='ocrx_word' id='word_1_352' title='bbox 475 2886 617 2959; x_wconf 90' lang='lat' dir='ltr'><strong>quod</strong></span> <span class='ocrx_word' id='word_1_353' title='bbox 659 2884 958 2942; x_wconf 87' lang='lat' dir='ltr'><strong>substantia</strong></span> <span class='ocrx_word' id='word_1_354' title='bbox 999 2891 1123 2938; x_wconf 90' lang='lat' dir='ltr'><strong>est:</strong></span> <span class='ocrx_word' id='word_1_355' title='bbox 1155 2891 1208 2936; x_wconf 90' lang='lat' dir='ltr'><strong>et</strong></span> <span class='ocrx_word' id='word_1_356' title='bbox 1266 2882 1438 2952; x_wconf 88' lang='lat' dir='ltr'><strong>ipsum</strong></span> <span class='ocrx_word' id='word_1_357' title='bbox 1491 2879 1690 2935; x_wconf 89' lang='lat' dir='ltr'><strong>idcirco</strong></span> <span class='ocrx_word' id='word_1_358' title='bbox 1740 2887 1795 2934; x_wconf 88' lang='lat' dir='ltr'><strong>et</strong></span> <span class='ocrx_word' id='word_1_359' title='bbox 1837 2879 1993 2934; x_wconf 92' lang='lat' dir='ltr'><strong>simul</strong></span> <span class='ocrx_word' id='word_1_360' title='bbox 2030 2888 2085 2936; x_wconf 88' lang='lat' dir='ltr'><strong>et</strong></span> 
     </span>
    </p>
   </div>
   <div class='ocr_carea' id='block_1_46' title="bbox 475 2972 2083 3050">
    <p class='ocr_par' dir='ltr' id='par_1_46' title="bbox 475 2972 2083 3050">
     <span class='ocr_line' id='line_1_46' title="bbox 475 2972 2083 3050; baseline -0.004 -14"><span class='ocrx_word' id='word_1_361' title='bbox 475 2978 717 3050; x_wconf 87' lang='lat' dir='ltr'><strong>ejusdem</strong></span> <span class='ocrx_word' id='word_1_362' title='bbox 757 2976 1072 3032; x_wconf 68' lang='lat' dir='ltr'><strong>subslantiaa</strong></span> <span class='ocrx_word' id='word_1_363' title='bbox 1096 2989 1240 3041; x_wconf 90' lang='lat' dir='ltr'><strong>esse,</strong></span> <span class='ocrx_word' id='word_1_364' title='bbox 1269 2972 1538 3045; x_wconf 93' lang='lat' dir='ltr'><strong>quomodo</strong></span> <span class='ocrx_word' id='word_1_365' title='bbox 1579 2983 1632 3028; x_wconf 92' lang='lat' dir='ltr'><strong>et</strong></span> <span class='ocrx_word' id='word_1_366' title='bbox 1656 2980 1805 3045; x_wconf 87' lang='lat' dir='ltr'><strong>pater</strong></span> <span class='ocrx_word' id='word_1_367' title='bbox 1841 2982 1896 3029; x_wconf 90' lang='lat' dir='ltr'><strong>et</strong></span> <span class='ocrx_word' id='word_1_368' title='bbox 1937 2973 2083 3049; x_wconf 71' lang='grc' dir='ltr'>λόγος</span> 
     </span>
    </p>
   </div>
   <div class='ocr_carea' id='block_1_47' title="bbox 473 3066 2078 3138">
    <p class='ocr_par' dir='ltr' id='par_1_47' title="bbox 473 3066 2078 3138">
     <span class='ocr_line' id='line_1_47' title="bbox 473 3066 2078 3138; baseline -0.007 -8"><span class='ocrx_word' id='word_1_369' title='bbox 473 3082 526 3130; x_wconf 91' lang='lat' dir='ltr'><strong>et</strong></span> <span class='ocrx_word' id='word_1_370' title='bbox 556 3073 695 3129; x_wconf 90' lang='lat' dir='ltr'><strong>ﬁlius</strong></span> <span class='ocrx_word' id='word_1_371' title='bbox 723 3081 777 3128; x_wconf 92' lang='lat' dir='ltr'><strong>et</strong></span> <span class='ocrx_word' id='word_1_372' title='bbox 815 3071 975 3126; x_wconf 87' lang='lat' dir='ltr'><strong>Deus.</strong></span> <span class='ocrx_word' id='word_1_373' title='bbox 1010 3067 1208 3123; x_wconf 84' lang='lat' dir='ltr'><strong>Natura</strong></span> <span class='ocrx_word' id='word_1_374' title='bbox 1239 3077 1417 3122; x_wconf 91' lang='lat' dir='ltr'><strong>autem</strong></span> <span class='ocrx_word' id='word_1_375' title='bbox 1460 3066 1603 3123; x_wconf 88' lang='lat' dir='ltr'><strong>ﬁlius</strong></span> <span class='ocrx_word' id='word_1_376' title='bbox 1647 3066 1697 3120; x_wconf 94' lang='lat' dir='ltr'><strong>in</strong></span> <span class='ocrx_word' id='word_1_377' title='bbox 1727 3066 1946 3122; x_wconf 86' lang='lat' dir='ltr'><strong>animali</strong></span> <span class='ocrx_word' id='word_1_378' title='bbox 1982 3082 2078 3138; x_wconf 84' lang='lat' dir='ltr'><strong>ge-</strong></span> 
     </span>
    </p>
   </div>
   <div class='ocr_carea' id='block_1_48' title="bbox 2178 1843 3797 1908">
    <p class='ocr_par' dir='ltr' id='par_1_48' title="bbox 2178 1843 3797 1908">
     <span class='ocr_line' id='line_1_48' title="bbox 2178 1843 3797 1908; baseline 0.002 -8"><span class='ocrx_word' id='word_1_379' title='bbox 2178 1853 2234 1900; x_wconf 89' lang='lat' dir='ltr'><strong>et</strong></span> <span class='ocrx_word' id='word_1_380' title='bbox 2285 1843 2426 1900; x_wconf 90' lang='lat' dir='ltr'><strong>idem</strong></span> <span class='ocrx_word' id='word_1_381' title='bbox 2477 1845 2854 1908; x_wconf 78' lang='lat' dir='ltr'><strong>existentium,</strong></span> <span class='ocrx_word' id='word_1_382' title='bbox 2898 1861 3001 1900; x_wconf 89' lang='lat' dir='ltr'><strong>una</strong></span> <span class='ocrx_word' id='word_1_383' title='bbox 3046 1844 3302 1901; x_wconf 89' lang='lat' dir='ltr'><strong>divinitas</strong></span> <span class='ocrx_word' id='word_1_384' title='bbox 3342 1856 3400 1902; x_wconf 87' lang='lat' dir='ltr'><strong>et</strong></span> <span class='ocrx_word' id='word_1_385' title='bbox 3437 1861 3544 1906; x_wconf 87' lang='lat' dir='ltr'><strong>non</strong></span> <span class='ocrx_word' id='word_1_386' title='bbox 3600 1848 3797 1906; x_wconf 88' lang='lat' dir='ltr'><strong>multi-</strong></span> 
     </span>
    </p>
   </div>
   <div class='ocr_carea' id='block_1_49' title="bbox 2181 1937 3799 2012">
    <p class='ocr_par' dir='ltr' id='par_1_49' title="bbox 2181 1937 3799 2012">
     <span class='ocr_line' id='line_1_49' title="bbox 2181 1937 3799 2012; baseline 0.004 -21"><span class='ocrx_word' id='word_1_387' title='bbox 2181 1937 2288 1994; x_wconf 86' lang='lat' dir='ltr'><strong>ﬁda</strong></span> <span class='ocrx_word' id='word_1_388' title='bbox 2319 1937 2606 2008; x_wconf 85' lang='lat' dir='ltr'><strong>majestas;</strong></span> <span class='ocrx_word' id='word_1_389' title='bbox 2635 1938 2730 1995; x_wconf 91' lang='lat' dir='ltr'><strong>sed</strong></span> <span class='ocrx_word' id='word_1_390' title='bbox 2771 1937 2886 1996; x_wconf 79' lang='grc' dir='ltr'>οὐδὲ</span> <span class='ocrx_word' id='word_1_391' title='bbox 2915 1940 3134 1998; x_wconf 56' lang='lat' dir='ltr'><strong>avrum:</strong></span> <span class='ocrx_word' id='word_1_392' title='bbox 3173 1944 3302 2012; x_wconf 75' lang='grc' dir='ltr'><strong>μήτε</strong></span> <span class='ocrx_word' id='word_1_393' title='bbox 3330 1937 3475 2002; x_wconf 60' lang='lat' dir='ltr'><strong>aen.</strong></span> <span class='ocrx_word' id='word_1_394' title='bbox 3504 1958 3518 1996; x_wconf 88' lang='lat'><strong>:</strong></span> <span class='ocrx_word' id='word_1_395' title='bbox 3546 1940 3645 2000; x_wconf 79' lang='lat' dir='ltr'><strong>sed</strong></span> <span class='ocrx_word' id='word_1_396' title='bbox 3691 1943 3799 2000; x_wconf 84' lang='lat' dir='ltr'><strong>tria</strong></span> 
     </span>
    </p>
   </div>
   <div class='ocr_carea' id='block_1_50' title="bbox 2180 2031 3800 2107">
    <p class='ocr_par' dir='ltr' id='par_1_50' title="bbox 2180 2031 3800 2107">
     <span class='ocr_line' id='line_1_50' title="bbox 2180 2031 3800 2107; baseline 0.005 -22"><span class='ocrx_word' id='word_1_397' title='bbox 2180 2045 2374 2098; x_wconf 87' lang='lat' dir='ltr'><strong>unmn,</strong></span> <span class='ocrx_word' id='word_1_398' title='bbox 2409 2041 2463 2088; x_wconf 92' lang='lat' dir='ltr'><strong>et</strong></span> <span class='ocrx_word' id='word_1_399' title='bbox 2498 2047 2662 2086; x_wconf 90' lang='lat' dir='ltr'><strong>unum</strong></span> <span class='ocrx_word' id='word_1_400' title='bbox 2711 2031 2811 2087; x_wconf 91' lang='lat' dir='ltr'><strong>tria</strong></span> <span class='ocrx_word' id='word_1_401' title='bbox 2837 2048 2851 2086; x_wconf 90' lang='lat'><strong>:</strong></span> <span class='ocrx_word' id='word_1_402' title='bbox 2873 2041 2930 2088; x_wconf 93' lang='lat' dir='ltr'><strong>et</strong></span> <span class='ocrx_word' id='word_1_403' title='bbox 2973 2041 3057 2089; x_wconf 87' lang='lat' dir='ltr'><strong>ter</strong></span> <span class='ocrx_word' id='word_1_404' title='bbox 3085 2034 3294 2103; x_wconf 85' lang='lat' dir='ltr'><strong>posita,</strong></span> <span class='ocrx_word' id='word_1_405' title='bbox 3326 2049 3490 2090; x_wconf 90' lang='lat' dir='ltr'><strong>unum</strong></span> <span class='ocrx_word' id='word_1_406' title='bbox 3537 2035 3800 2107; x_wconf 81' lang='lat' dir='ltr'><strong>idemque</strong></span> 
     </span>
    </p>
   </div>
   <div class='ocr_carea' id='block_1_51' title="bbox 2185 2124 3645 2196">
    <p class='ocr_par' dir='ltr' id='par_1_51' title="bbox 2185 2124 3645 2196">
     <span class='ocr_line' id='line_1_51' title="bbox 2185 2124 3645 2196; baseline 0.001 -16"><span class='ocrx_word' id='word_1_407' title='bbox 2185 2134 2344 2196; x_wconf 87' lang='lat' dir='ltr'><strong>atque</strong></span> <span class='ocrx_word' id='word_1_408' title='bbox 2375 2124 2571 2180; x_wconf 90' lang='lat' dir='ltr'><strong>solum.</strong></span> <span class='ocrx_word' id='word_1_409' title='bbox 2603 2124 2709 2182; x_wconf 88' lang='lat' dir='ltr'><strong>Sed</strong></span> <span class='ocrx_word' id='word_1_410' title='bbox 2735 2125 2802 2182; x_wconf 92' lang='lat' dir='ltr'><strong>de</strong></span> <span class='ocrx_word' id='word_1_411' title='bbox 2835 2125 2900 2182; x_wconf 91' lang='lat' dir='ltr'><strong>iis</strong></span> <span class='ocrx_word' id='word_1_412' title='bbox 2930 2126 3102 2184; x_wconf 91' lang='lat' dir='ltr'><strong>tribus</strong></span> <span class='ocrx_word' id='word_1_413' title='bbox 3132 2127 3234 2182; x_wconf 79' lang='lat' dir='ltr'><strong>alia</strong></span> <span class='ocrx_word' id='word_1_414' title='bbox 3265 2127 3421 2186; x_wconf 82' lang='lat' dir='ltr'><strong>nobis</strong></span> <span class='ocrx_word' id='word_1_415' title='bbox 3443 2130 3645 2188; x_wconf 84' lang='lat' dir='ltr'><strong>oratio.</strong></span> 
     </span>
    </p>
   </div>
   <div class='ocr_carea' id='block_1_52' title="bbox 2255 2219 3804 2295">
    <p class='ocr_par' dir='ltr' id='par_1_52' title="bbox 2255 2219 3804 2295">
     <span class='ocr_line' id='line_1_52' title="bbox 2255 2219 3804 2295; baseline 0.001 -19"><span class='ocrx_word' id='word_1_416' title='bbox 2255 2219 2474 2278; x_wconf 75' lang='lat' dir='ltr'><strong>XXXII.</strong></span> <span class='ocrx_word' id='word_1_417' title='bbox 2517 2220 2681 2276; x_wconf 86' lang='lat' dir='ltr'><strong>Salva</strong></span> <span class='ocrx_word' id='word_1_418' title='bbox 2703 2235 2846 2280; x_wconf 86' lang='lat' dir='ltr'><strong>nunc</strong></span> <span class='ocrx_word' id='word_1_419' title='bbox 2873 2236 2990 2289; x_wconf 87' lang='lat' dir='ltr'><strong>nos,</strong></span> <span class='ocrx_word' id='word_1_420' title='bbox 3016 2231 3190 2292; x_wconf 84' lang='lat' dir='ltr'><strong>pater,</strong></span> <span class='ocrx_word' id='word_1_421' title='bbox 3215 2222 3451 2280; x_wconf 81' lang='lat' dir='ltr'><strong>concede</strong></span> <span class='ocrx_word' id='word_1_422' title='bbox 3477 2224 3640 2280; x_wconf 88' lang='lat' dir='ltr'><strong>nobis</strong></span> <span class='ocrx_word' id='word_1_423' title='bbox 3669 2239 3804 2295; x_wconf 84' lang='lat' dir='ltr'><strong>pec-</strong></span> 
     </span>
    </p>
   </div>
   <div class='ocr_carea' id='block_1_53' title="bbox 2183 2313 3797 2387">
    <p class='ocr_par' dir='ltr' id='par_1_53' title="bbox 2183 2313 3797 2387">
     <span class='ocr_line' id='line_1_53' title="bbox 2183 2313 3797 2387; baseline 0.001 -16"><span class='ocrx_word' id='word_1_424' title='bbox 2183 2324 2302 2371; x_wconf 90' lang='lat' dir='ltr'><strong>cata</strong></span> <span class='ocrx_word' id='word_1_425' title='bbox 2330 2325 2532 2369; x_wconf 88' lang='lat' dir='ltr'><strong>nostra.</strong></span> <span class='ocrx_word' id='word_1_426' title='bbox 2571 2313 2635 2369; x_wconf 88' lang='lat' dir='ltr'><strong>Et</strong></span> <span class='ocrx_word' id='word_1_427' title='bbox 2661 2315 2763 2369; x_wconf 93' lang='lat' dir='ltr'><strong>hoc</strong></span> <span class='ocrx_word' id='word_1_428' title='bbox 2790 2315 3006 2386; x_wconf 89' lang='lat' dir='ltr'><strong>quidem</strong></span> <span class='ocrx_word' id='word_1_429' title='bbox 3041 2315 3109 2370; x_wconf 88' lang='lat' dir='ltr'><strong>de</strong></span> <span class='ocrx_word' id='word_1_430' title='bbox 3153 2315 3263 2371; x_wconf 91' lang='lat' dir='ltr'><strong>Deo</strong></span> <span class='ocrx_word' id='word_1_431' title='bbox 3285 2317 3496 2385; x_wconf 85' lang='lat' dir='ltr'><strong>dicere,</strong></span> <span class='ocrx_word' id='word_1_432' title='bbox 3529 2317 3663 2387; x_wconf 90' lang='lat' dir='ltr'><strong>quid</strong></span> <span class='ocrx_word' id='word_1_433' title='bbox 3686 2318 3797 2383; x_wconf 86' lang='lat' dir='ltr'><strong>sit,</strong></span> 
     </span>
    </p>
   </div>
   <div class='ocr_carea' id='block_1_54' title="bbox 2184 2406 3797 2480">
    <p class='ocr_par' dir='ltr' id='par_1_54' title="bbox 2184 2406 3797 2480">
     <span class='ocr_line' id='line_1_54' title="bbox 2184 2406 3797 2480; baseline 0 -17"><span class='ocrx_word' id='word_1_434' title='bbox 2184 2417 2462 2478; x_wconf 89' lang='lat' dir='ltr'><strong>peccatum</strong></span> <span class='ocrx_word' id='word_1_435' title='bbox 2495 2416 2578 2466; x_wconf 86' lang='lat' dir='ltr'><strong>est</strong></span> <span class='ocrx_word' id='word_1_436' title='bbox 2603 2425 2614 2460; x_wconf 93' lang='lat'>:</span> <span class='ocrx_word' id='word_1_437' title='bbox 2644 2416 2698 2463; x_wconf 90' lang='lat' dir='ltr'><strong>et</strong></span> <span class='ocrx_word' id='word_1_438' title='bbox 2727 2407 2997 2480; x_wconf 89' lang='lat' dir='ltr'><strong>quomodo</strong></span> <span class='ocrx_word' id='word_1_439' title='bbox 3024 2406 3097 2468; x_wconf 88' lang='lat' dir='ltr'><strong>sit</strong></span> <span class='ocrx_word' id='word_1_440' title='bbox 3120 2408 3329 2474; x_wconf 89' lang='lat' dir='ltr'><strong>dicere,</strong></span> <span class='ocrx_word' id='word_1_441' title='bbox 3362 2420 3644 2480; x_wconf 83' lang='lat' dir='ltr'><strong>peccatum</strong></span> <span class='ocrx_word' id='word_1_442' title='bbox 3670 2419 3797 2466; x_wconf 83' lang='lat' dir='ltr'><strong>est:</strong></span> 
     </span>
    </p>
   </div>
   <div class='ocr_carea' id='block_1_55' title="bbox 2185 2501 3802 2572">
    <p class='ocr_par' dir='ltr' id='par_1_55' title="bbox 2185 2501 3802 2572">
     <span class='ocr_line' id='line_1_55' title="bbox 2185 2501 3802 2572; baseline 0.003 -16"><span class='ocrx_word' id='word_1_443' title='bbox 2185 2508 2239 2558; x_wconf 90' lang='lat' dir='ltr'><strong>et</strong></span> <span class='ocrx_word' id='word_1_444' title='bbox 2304 2515 2407 2556; x_wconf 91' lang='lat' dir='ltr'><strong>nou</strong></span> <span class='ocrx_word' id='word_1_445' title='bbox 2475 2515 2581 2556; x_wconf 92' lang='lat' dir='ltr'><strong>una</strong></span> <span class='ocrx_word' id='word_1_446' title='bbox 2627 2515 2759 2558; x_wconf 88' lang='lat' dir='ltr'><strong>voce</strong></span> <span class='ocrx_word' id='word_1_447' title='bbox 2799 2501 3084 2567; x_wconf 84' lang='lat' dir='ltr'><strong>venerari,</strong></span> <span class='ocrx_word' id='word_1_448' title='bbox 3138 2511 3394 2572; x_wconf 88' lang='lat' dir='ltr'><strong>quantum</strong></span> <span class='ocrx_word' id='word_1_449' title='bbox 3441 2501 3557 2564; x_wconf 80' lang='lat' dir='ltr'><strong>ﬁeri</strong></span> <span class='ocrx_word' id='word_1_450' title='bbox 3616 2512 3802 2572; x_wconf 81' lang='lat' dir='ltr'><strong>potest</strong></span> 
     </span>
    </p>
   </div>
   <div class='ocr_carea' id='block_1_56' title="bbox 2185 2595 3802 2668">
    <p class='ocr_par' dir='ltr' id='par_1_56' title="bbox 2185 2595 3802 2668">
     <span class='ocr_line' id='line_1_56' title="bbox 2185 2595 3802 2668; baseline 0.001 -16"><span class='ocrx_word' id='word_1_451' title='bbox 2185 2595 2365 2652; x_wconf 87' lang='lat' dir='ltr'><strong>sobria</strong></span> <span class='ocrx_word' id='word_1_452' title='bbox 2385 2639 2400 2662; x_wconf 91' lang='lat'><strong>,</strong></span> <span class='ocrx_word' id='word_1_453' title='bbox 2424 2595 2517 2652; x_wconf 91' lang='lat' dir='ltr'><strong>sed</strong></span> <span class='ocrx_word' id='word_1_454' title='bbox 2547 2597 2831 2654; x_wconf 85' lang='lat' dir='ltr'><strong>enuntiare</strong></span> <span class='ocrx_word' id='word_1_455' title='bbox 2849 2596 3008 2654; x_wconf 90' lang='lat' dir='ltr'><strong>velle.</strong></span> <span class='ocrx_word' id='word_1_456' title='bbox 3039 2595 3145 2652; x_wconf 85' lang='lat' dir='ltr'><strong>Sed</strong></span> <span class='ocrx_word' id='word_1_457' title='bbox 3185 2597 3440 2668; x_wconf 88' lang='lat' dir='ltr'><strong>quoniam</strong></span> <span class='ocrx_word' id='word_1_458' title='bbox 3462 2597 3662 2654; x_wconf 87' lang='lat' dir='ltr'><strong>dedisti</strong></span> <span class='ocrx_word' id='word_1_459' title='bbox 3695 2616 3802 2654; x_wconf 87' lang='lat' dir='ltr'><strong>no-</strong></span> 
     </span>
    </p>
   </div>
   <div class='ocr_carea' id='block_1_57' title="bbox 2187 2688 3798 2764">
    <p class='ocr_par' dir='ltr' id='par_1_57' title="bbox 2187 2688 3798 2764">
     <span class='ocr_line' id='line_1_57' title="bbox 2187 2688 3798 2764; baseline 0.002 -20"><span class='ocrx_word' id='word_1_460' title='bbox 2187 2690 2290 2754; x_wconf 86' lang='lat' dir='ltr'><strong>bis,</strong></span> <span class='ocrx_word' id='word_1_461' title='bbox 2326 2690 2549 2746; x_wconf 85' lang='lat' dir='ltr'><strong>Demine</strong></span> <span class='ocrx_word' id='word_1_462' title='bbox 2579 2699 2763 2746; x_wconf 88' lang='lat' dir='ltr'><strong>sancte</strong></span> <span class='ocrx_word' id='word_1_463' title='bbox 2788 2698 2958 2761; x_wconf 90' lang='lat' dir='ltr'><strong>pater,</strong></span> <span class='ocrx_word' id='word_1_464' title='bbox 2993 2689 3250 2760; x_wconf 89' lang='lat' dir='ltr'><strong>Spiritum</strong></span> <span class='ocrx_word' id='word_1_465' title='bbox 3281 2689 3338 2759; x_wconf 93' lang='lat' dir='ltr'><strong>(I</strong></span> <span class='ocrx_word' id='word_1_466' title='bbox 3363 2688 3484 2750; x_wconf 82' lang='lat' dir='ltr'><strong>Cor.</strong></span> <span class='ocrx_word' id='word_1_467' title='bbox 3537 2707 3652 2757; x_wconf 78' lang='grc' dir='ltr'>ιιι,</span> <span class='ocrx_word' id='word_1_468' title='bbox 3689 2692 3798 2764; x_wconf 75' lang='grc' dir='ltr'><strong>Η)</strong></span> 
     </span>
    </p>
   </div>
   <div class='ocr_carea' id='block_1_58' title="bbox 2185 2783 3799 2856">
    <p class='ocr_par' dir='ltr' id='par_1_58' title="bbox 2185 2783 3799 2856">
     <span class='ocr_line' id='line_1_58' title="bbox 2185 2783 3799 2856; baseline 0.001 -16"><span class='ocrx_word' id='word_1_469' title='bbox 2185 2784 2519 2840; x_wconf 76' lang='lat' dir='ltr'><strong>dividentem</strong></span> <span class='ocrx_word' id='word_1_470' title='bbox 2564 2783 2719 2840; x_wconf 89' lang='lat' dir='ltr'><strong>nobis</strong></span> <span class='ocrx_word' id='word_1_471' title='bbox 2769 2792 2927 2854; x_wconf 84' lang='lat' dir='ltr'><strong>prout</strong></span> <span class='ocrx_word' id='word_1_472' title='bbox 2953 2784 3097 2847; x_wconf 84' lang='lat' dir='ltr'><strong>vult,</strong></span> <span class='ocrx_word' id='word_1_473' title='bbox 3129 2783 3226 2842; x_wconf 85' lang='lat' dir='ltr'><strong>des</strong></span> <span class='ocrx_word' id='word_1_474' title='bbox 3257 2784 3413 2841; x_wconf 86' lang='lat' dir='ltr'><strong>nobis</strong></span> <span class='ocrx_word' id='word_1_475' title='bbox 3459 2792 3517 2841; x_wconf 90' lang='lat' dir='ltr'><strong>et</strong></span> <span class='ocrx_word' id='word_1_476' title='bbox 3555 2799 3799 2856; x_wconf 83' lang='lat' dir='ltr'><strong>cognos-</strong></span> 
     </span>
    </p>
   </div>
   <div class='ocr_carea' id='block_1_59' title="bbox 2186 2875 3799 2942">
    <p class='ocr_par' dir='ltr' id='par_1_59' title="bbox 2186 2875 3799 2942">
     <span class='ocr_line' id='line_1_59' title="bbox 2186 2875 3799 2942; baseline 0.001 -8"><span class='ocrx_word' id='word_1_477' title='bbox 2186 2879 2439 2934; x_wconf 75' lang='lat' dir='ltr'><strong>centium.</strong></span> <span class='ocrx_word' id='word_1_478' title='bbox 2487 2875 2669 2934; x_wconf 87' lang='lat' dir='ltr'><strong>Fidem</strong></span> <span class='ocrx_word' id='word_1_479' title='bbox 2718 2877 2863 2934; x_wconf 89' lang='lat' dir='ltr'><strong>enim</strong></span> <span class='ocrx_word' id='word_1_480' title='bbox 2913 2876 3206 2942; x_wconf 85' lang='lat' dir='ltr'><strong>habemus,</strong></span> <span class='ocrx_word' id='word_1_481' title='bbox 3234 2888 3290 2934; x_wconf 89' lang='lat' dir='ltr'><strong>et</strong></span> <span class='ocrx_word' id='word_1_482' title='bbox 3317 2877 3584 2934; x_wconf 87' lang='lat' dir='ltr'><strong>dicimus:</strong></span> <span class='ocrx_word' id='word_1_483' title='bbox 3616 2879 3799 2935; x_wconf 87' lang='lat' dir='ltr'><strong>omnl—</strong></span> 
     </span>
    </p>
   </div>
   <div class='ocr_carea' id='block_1_60' title="bbox 2187 2971 3796 3044">
    <p class='ocr_par' dir='ltr' id='par_1_60' title="bbox 2187 2971 3796 3044">
     <span class='ocr_line' id='line_1_60' title="bbox 2187 2971 3796 3044; baseline 0.002 -16"><span class='ocrx_word' id='word_1_484' title='bbox 2187 2988 2380 3044; x_wconf 80' lang='lat' dir='ltr'><strong>genam</strong></span> <span class='ocrx_word' id='word_1_485' title='bbox 2414 2981 2592 3029; x_wconf 88' lang='lat' dir='ltr'><strong>tamen</strong></span> <span class='ocrx_word' id='word_1_486' title='bbox 2620 2971 2686 3028; x_wconf 91' lang='lat' dir='ltr'><strong>dc</strong></span> <span class='ocrx_word' id='word_1_487' title='bbox 2723 2982 2775 3029; x_wconf 91' lang='lat' dir='ltr'><strong>te</strong></span> <span class='ocrx_word' id='word_1_488' title='bbox 2802 2971 3189 3044; x_wconf 70' lang='lat' dir='ltr'><strong>ignorationem</strong></span> <span class='ocrx_word' id='word_1_489' title='bbox 3221 2973 3501 3032; x_wconf 84' lang='lat' dir='ltr'><strong>habentes.</strong></span> <span class='ocrx_word' id='word_1_490' title='bbox 3532 2973 3796 3032; x_wconf 75' lang='lat' dir='ltr'><strong>Attamen</strong></span> 
     </span>
    </p>
   </div>
   <div class='ocr_carea' id='block_1_61' title="bbox 2191 3066 3793 3139">
    <p class='ocr_par' dir='ltr' id='par_1_61' title="bbox 2191 3066 3793 3139">
     <span class='ocr_line' id='line_1_61' title="bbox 2191 3066 3793 3139; baseline 0 -15"><span class='ocrx_word' id='word_1_491' title='bbox 2191 3077 2240 3124; x_wconf 90' lang='lat' dir='ltr'><strong>te</strong></span> <span class='ocrx_word' id='word_1_492' title='bbox 2263 3080 2466 3139; x_wconf 89' lang='lat' dir='ltr'><strong>patrem</strong></span> <span class='ocrx_word' id='word_1_493' title='bbox 2494 3068 2679 3130; x_wconf 86' lang='lat' dir='ltr'><strong>Deum.</strong></span> <span class='ocrx_word' id='word_1_494' title='bbox 2711 3078 2764 3128; x_wconf 81' lang='lat' dir='ltr'><strong>et</strong></span> <span class='ocrx_word' id='word_1_495' title='bbox 2793 3067 2958 3126; x_wconf 77' lang='lat' dir='ltr'><strong>[ilium</strong></span> <span class='ocrx_word' id='word_1_496' title='bbox 2983 3066 3169 3126; x_wconf 74' lang='lat' dir='ltr'><strong>Iesum</strong></span> <span class='ocrx_word' id='word_1_497' title='bbox 3189 3066 3465 3124; x_wconf 79' lang='lat' dir='ltr'><strong>Christum</strong></span> <span class='ocrx_word' id='word_1_498' title='bbox 3499 3067 3793 3126; x_wconf 79' lang='lat' dir='ltr'><strong>Dominum</strong></span> 
     </span>
    </p>
   </div>
   <div class='ocr_carea' id='block_1_62' title="bbox 475 3147 3792 3235">
    <p class='ocr_par' dir='ltr' id='par_1_62' title="bbox 475 3147 3792 3235">
     <span class='ocr_line' id='line_1_62' title="bbox 475 3147 3792 3235; baseline -0.001 -12"><span class='ocrx_word' id='word_1_499' title='bbox 475 3167 774 3223; x_wconf 88' lang='lat' dir='ltr'><strong>neratione.</strong></span> <span class='ocrx_word' id='word_1_500' title='bbox 820 3163 1094 3218; x_wconf 87' lang='lat' dir='ltr'><strong>Positione</strong></span> <span class='ocrx_word' id='word_1_501' title='bbox 1134 3175 1266 3216; x_wconf 89' lang='lat' dir='ltr'><strong>vero</strong></span> <span class='ocrx_word' id='word_1_502' title='bbox 1309 3160 1360 3216; x_wconf 93' lang='lat' dir='ltr'><strong>in</strong></span> <span class='ocrx_word' id='word_1_503' title='bbox 1402 3159 1709 3227; x_wconf 85' lang='lat' dir='ltr'><strong>adoptione.</strong></span> <span class='ocrx_word' id='word_1_504' title='bbox 1750 3157 1885 3214; x_wconf 93' lang='lat' dir='ltr'><strong>Sunt</strong></span> <span class='ocrx_word' id='word_1_505' title='bbox 1911 3169 1965 3216; x_wconf 90' lang='lat' dir='ltr'><strong>et</strong></span> <span class='ocrx_word' id='word_1_506' title='bbox 1992 3160 2081 3216; x_wconf 90' lang='lat' dir='ltr'><strong>alii</strong></span> <span class='ocrx_word' id='word_1_507' title='bbox 2109 3147 2154 3211; x_wconf 87' lang='lat' dir='ltr'>C</span> <span class='ocrx_word' id='word_1_508' title='bbox 2190 3174 2465 3228; x_wconf 90' lang='lat' dir='ltr'><strong>nostrum,</strong></span> <span class='ocrx_word' id='word_1_509' title='bbox 2512 3171 2568 3222; x_wconf 89' lang='lat' dir='ltr'><strong>et</strong></span> <span class='ocrx_word' id='word_1_510' title='bbox 2610 3161 2868 3233; x_wconf 88' lang='lat' dir='ltr'><strong>Spiritum</strong></span> <span class='ocrx_word' id='word_1_511' title='bbox 2910 3163 2963 3220; x_wconf 88' lang='lat' dir='ltr'><strong>in</strong></span> <span class='ocrx_word' id='word_1_512' title='bbox 2996 3163 3143 3220; x_wconf 87' lang='lat' dir='ltr'><strong>omni</strong></span> <span class='ocrx_word' id='word_1_513' title='bbox 3173 3162 3341 3220; x_wconf 85' lang='lat' dir='ltr'><strong>verbo</strong></span> <span class='ocrx_word' id='word_1_514' title='bbox 3366 3177 3584 3235; x_wconf 83' lang='lat' dir='ltr'><strong>semper</strong></span> <span class='ocrx_word' id='word_1_515' title='bbox 3614 3164 3792 3220; x_wconf 81' lang='lat' dir='ltr'><strong>confi-</strong></span> 
     </span>
    </p>
   </div>
   <div class='ocr_carea' id='block_1_63' title="bbox 476 3250 2079 3322">
    <p class='ocr_par' dir='ltr' id='par_1_63' title="bbox 476 3250 2079 3322">
     <span class='ocr_line' id='line_1_63' title="bbox 476 3250 2079 3322; baseline -0.003 -7"><span class='ocrx_word' id='word_1_516' title='bbox 476 3258 622 3316; x_wconf 90' lang='lat' dir='ltr'><strong>modi</strong></span> <span class='ocrx_word' id='word_1_517' title='bbox 650 3273 666 3312; x_wconf 93' lang='lat'><strong><em>:</em></strong></span> <span class='ocrx_word' id='word_1_518' title='bbox 693 3265 749 3312; x_wconf 95' lang='lat' dir='ltr'><strong>ut</strong></span> <span class='ocrx_word' id='word_1_519' title='bbox 777 3254 1050 3321; x_wconf 88' lang='lat' dir='ltr'><strong>moribus,</strong></span> <span class='ocrx_word' id='word_1_520' title='bbox 1092 3261 1270 3318; x_wconf 78' lang='lat' dir='ltr'><strong>aetate,</strong></span> <span class='ocrx_word' id='word_1_521' title='bbox 1320 3251 1602 3320; x_wconf 87' lang='lat' dir='ltr'><strong>disciplina</strong></span> <span class='ocrx_word' id='word_1_522' title='bbox 1636 3271 1648 3306; x_wconf 88' lang='lat'><strong>:</strong></span> <span class='ocrx_word' id='word_1_523' title='bbox 1692 3261 1749 3307; x_wconf 93' lang='lat' dir='ltr'><strong>ut</strong></span> <span class='ocrx_word' id='word_1_524' title='bbox 1786 3250 2079 3322; x_wconf 82' lang='lat' dir='ltr'><strong>Apostolus</strong></span> 
     </span>
    </p>
   </div>
   <div class='ocr_carea' id='block_1_64' title="bbox 478 3344 2078 3420">
    <p class='ocr_par' dir='ltr' id='par_1_64' title="bbox 478 3344 2078 3420">
     <span class='ocr_line' id='line_1_64' title="bbox 478 3344 2078 3420; baseline -0.003 -11"><span class='ocrx_word' id='word_1_525' title='bbox 478 3352 677 3409; x_wconf 86' lang='lat' dir='ltr'><strong>Paulus</strong></span> <span class='ocrx_word' id='word_1_526' title='bbox 717 3351 847 3406; x_wconf 89' lang='lat' dir='ltr'><strong>dicit</strong></span> <span class='ocrx_word' id='word_1_527' title='bbox 873 3347 944 3420; x_wconf 92' lang='grc' dir='ltr'><strong>(ι.</strong></span> <span class='ocrx_word' id='word_1_528' title='bbox 979 3347 1099 3404; x_wconf 90' lang='lat' dir='ltr'><strong>Cor.</strong></span> <span class='ocrx_word' id='word_1_529' title='bbox 1146 3363 1220 3412; x_wconf 82' lang='lat' dir='ltr'><strong>tv,</strong></span> <span class='ocrx_word' id='word_1_530' title='bbox 1257 3344 1355 3418; x_wconf 73' lang='lat'><strong>15)</strong></span> <span class='ocrx_word' id='word_1_531' title='bbox 1389 3364 1401 3398; x_wconf 88' lang='lat'>:</span> <span class='ocrx_word' id='word_1_532' title='bbox 1434 3345 1545 3417; x_wconf 85' lang='lat' dir='ltr'><strong>Ego</strong></span> <span class='ocrx_word' id='word_1_533' title='bbox 1575 3361 1660 3401; x_wconf 81' lang='lat' dir='ltr'><strong>vos</strong></span> <span class='ocrx_word' id='word_1_534' title='bbox 1691 3347 1860 3418; x_wconf 88' lang='lat' dir='ltr'><strong>genui.</strong></span> <span class='ocrx_word' id='word_1_535' title='bbox 1890 3345 2078 3406; x_wconf 87' lang='lat' dir='ltr'><strong>Modus</strong></span> 
     </span>
    </p>
   </div>
   <div class='ocr_carea' id='block_1_65' title="bbox 475 3437 2080 3522">
    <p class='ocr_par' dir='ltr' id='par_1_65' title="bbox 475 3437 2080 3522">
     <span class='ocr_line' id='line_1_65' title="bbox 475 3437 2080 3522; baseline -0.004 -20"><span class='ocrx_word' id='word_1_536' title='bbox 475 3445 638 3522; x_wconf 87' lang='lat' dir='ltr'><strong>igitur</strong></span> <span class='ocrx_word' id='word_1_537' title='bbox 678 3441 972 3502; x_wconf 89' lang='lat' dir='ltr'><strong>secundum</strong></span> <span class='ocrx_word' id='word_1_538' title='bbox 1013 3439 1297 3497; x_wconf 88' lang='lat' dir='ltr'><strong>veritatem</strong></span> <span class='ocrx_word' id='word_1_539' title='bbox 1340 3447 1394 3495; x_wconf 91' lang='lat' dir='ltr'><strong>et</strong></span> <span class='ocrx_word' id='word_1_540' title='bbox 1429 3437 1590 3494; x_wconf 87' lang='lat' dir='ltr'><strong>altior</strong></span> <span class='ocrx_word' id='word_1_541' title='bbox 1636 3438 1829 3496; x_wconf 89' lang='lat' dir='ltr'><strong>modus</strong></span> <span class='ocrx_word' id='word_1_542' title='bbox 1868 3449 1988 3510; x_wconf 89' lang='lat' dir='ltr'><strong>est,</strong></span> <span class='ocrx_word' id='word_1_543' title='bbox 2024 3448 2080 3496; x_wconf 93' lang='lat' dir='ltr'><strong>et</strong></span> 
     </span>
    </p>
   </div>
   <div class='ocr_carea' id='block_1_66' title="bbox 2189 3255 3792 3328">
    <p class='ocr_par' dir='ltr' id='par_1_66' title="bbox 2189 3255 3792 3328">
     <span class='ocr_line' id='line_1_66' title="bbox 2189 3255 3792 3328; baseline -0.001 -12"><span class='ocrx_word' id='word_1_544' title='bbox 2189 3267 2394 3323; x_wconf 86' lang='lat' dir='ltr'><strong>tentes,</strong></span> <span class='ocrx_word' id='word_1_545' title='bbox 2448 3256 2534 3328; x_wconf 90' lang='lat' dir='ltr'><strong>qui</strong></span> <span class='ocrx_word' id='word_1_546' title='bbox 2605 3270 2728 3314; x_wconf 89' lang='lat' dir='ltr'><strong>cum</strong></span> <span class='ocrx_word' id='word_1_547' title='bbox 2783 3265 2958 3316; x_wconf 87' lang='lat' dir='ltr'><strong>tecum</strong></span> <span class='ocrx_word' id='word_1_548' title='bbox 3025 3266 3078 3312; x_wconf 87' lang='lat' dir='ltr'><strong>et</strong></span> <span class='ocrx_word' id='word_1_549' title='bbox 3125 3255 3237 3314; x_wconf 88' lang='lat' dir='ltr'><strong>ﬁlio</strong></span> <span class='ocrx_word' id='word_1_550' title='bbox 3309 3255 3501 3316; x_wconf 79' lang='lat' dir='ltr'><strong>eodem</strong></span> <span class='ocrx_word' id='word_1_551' title='bbox 3555 3256 3688 3314; x_wconf 76' lang='lat' dir='ltr'><strong>vivit</strong></span> <span class='ocrx_word' id='word_1_552' title='bbox 3736 3257 3792 3315; x_wconf 84' lang='lat' dir='ltr'><strong>in</strong></span> 
     </span>
    </p>
   </div>
   <div class='ocr_carea' id='block_1_67' title="bbox 2187 3350 2689 3409">
    <p class='ocr_par' dir='ltr' id='par_1_67' title="bbox 2187 3350 2689 3409">
     <span class='ocr_line' id='line_1_67' title="bbox 2187 3350 2689 3409; baseline -0.004 -1"><span class='ocrx_word' id='word_1_553' title='bbox 2187 3363 2470 3409; x_wconf 63' lang='lat' dir='ltr'><strong>aeternum.</strong></span> <span class='ocrx_word' id='word_1_554' title='bbox 2495 3350 2689 3407; x_wconf 80' lang='lat' dir='ltr'><strong>Amen.</strong></span> 
     </span>
    </p>
   </div>
   <div class='ocr_carea' id='block_1_68' title="bbox 1821 3551 2447 3614">
    <p class='ocr_par' dir='ltr' id='par_1_68' title="bbox 1821 3551 2447 3614">
     <span class='ocr_line' id='line_1_68' title="bbox 1821 3551 2447 3614; baseline -0.003 -3"><span class='ocrx_word' id='word_1_555' title='bbox 1821 3555 2182 3614; x_wconf 79' lang='lat' dir='ltr'><strong>VARIORUM</strong></span> <span class='ocrx_word' id='word_1_556' title='bbox 2222 3551 2447 3612; x_wconf 71' lang='grc' dir='ltr'><strong>ΝΟΤᾹΞ.</strong></span> 
     </span>
    </p>
   </div>
   <div class='ocr_carea' id='block_1_69' title="bbox 549 3649 2071 3726">
    <p class='ocr_par' dir='ltr' id='par_1_69' title="bbox 549 3649 2071 3726">
     <span class='ocr_line' id='line_1_69' title="bbox 549 3649 2071 3726; baseline -0.005 -12"><span class='ocrx_word' id='word_1_557' title='bbox 549 3656 654 3714; x_wconf 78' lang='lat' dir='ltr'><strong>Sed</strong></span> <span class='ocrx_word' id='word_1_558' title='bbox 681 3654 1000 3726; x_wconf 10' lang='lat' dir='ltr'><strong>quemrcirc.</strong></span> <span class='ocrx_word' id='word_1_559' title='bbox 1052 3651 1522 3726; x_wconf 56' lang='lat' dir='ltr'><strong>Itacutnhlabill.</strong></span> <span class='ocrx_word' id='word_1_560' title='bbox 1567 3649 1816 3724; x_wconf 82' lang='lat' dir='ltr'><strong>legimus.</strong></span> <span class='ocrx_word' id='word_1_561' title='bbox 1871 3650 2071 3726; x_wconf 80' lang='lat' dir='ltr'><strong>Ortho-</strong></span> 
     </span>
    </p>
   </div>
   <div class='ocr_carea' id='block_1_70' title="bbox 474 3723 2074 3798">
    <p class='ocr_par' dir='ltr' id='par_1_70' title="bbox 474 3723 2074 3798">
     <span class='ocr_line' id='line_1_70' title="bbox 474 3723 2074 3798; baseline -0.006 -12"><span class='ocrx_word' id='word_1_562' title='bbox 474 3730 601 3787; x_wconf 84' lang='lat' dir='ltr'><strong>dox.</strong></span> <span class='ocrx_word' id='word_1_563' title='bbox 635 3723 741 3784; x_wconf 58' lang='lat' dir='ltr'><strong>seu</strong></span> <span class='ocrx_word' id='word_1_564' title='bbox 771 3725 894 3798; x_wconf 85' lang='lat' dir='ltr'><strong>quid</strong></span> <span class='ocrx_word' id='word_1_565' title='bbox 932 3723 1364 3782; x_wconf 80' lang='lat' dir='ltr'><strong>circumduxisti?</strong></span> <span class='ocrx_word' id='word_1_566' title='bbox 1392 3727 1524 3798; x_wconf 74' lang='lat' dir='ltr'><strong>forte</strong></span> <span class='ocrx_word' id='word_1_567' title='bbox 1554 3734 1600 3780; x_wconf 75' lang='lat' dir='ltr'><strong>te</strong></span> <span class='ocrx_word' id='word_1_568' title='bbox 1621 3767 1635 3794; x_wconf 92' lang='lat'><strong>,</strong></span> <span class='ocrx_word' id='word_1_569' title='bbox 1668 3726 1757 3780; x_wconf 82' lang='lat' dir='ltr'><strong>sed</strong></span> <span class='ocrx_word' id='word_1_570' title='bbox 1802 3724 1964 3795; x_wconf 83' lang='lat' dir='ltr'><strong>magis</strong></span> <span class='ocrx_word' id='word_1_571' title='bbox 1993 3723 2074 3777; x_wconf 83' lang='lat' dir='ltr'><strong>in-</strong></span> 
     </span>
    </p>
   </div>
   <div class='ocr_carea' id='block_1_71' title="bbox 474 3810 717 3876">
    <p class='ocr_par' dir='ltr' id='par_1_71' title="bbox 474 3810 717 3876">
     <span class='ocr_line' id='line_1_71' title="bbox 474 3810 717 3876; baseline 0 -24"><span class='ocrx_word' id='word_1_572' title='bbox 474 3817 625 3876; x_wconf 67' lang='lat' dir='ltr'><strong>qqut</strong></span> <span class='ocrx_word' id='word_1_573' title='bbox 653 3810 717 3854; x_wconf 86' lang='lat' dir='ltr'><strong>te.</strong></span> 
     </span>
    </p>
   </div>
   <div class='ocr_carea' id='block_1_72' title="bbox 548 3865 2075 3938">
    <p class='ocr_par' dir='ltr' id='par_1_72' title="bbox 548 3865 2075 3938">
     <span class='ocr_line' id='line_1_72' title="bbox 548 3865 2075 3938; baseline -0.005 -10"><span class='ocrx_word' id='word_1_574' title='bbox 548 3873 786 3928; x_wconf 71' lang='lat' dir='ltr'><strong>General.</strong></span> <span class='ocrx_word' id='word_1_575' title='bbox 835 3867 1036 3922; x_wconf 73' lang='lat' dir='ltr'><strong>Mahill.</strong></span> <span class='ocrx_word' id='word_1_576' title='bbox 1094 3867 1431 3924; x_wconf 82' lang='lat' dir='ltr'><strong>Generatione</strong></span> <span class='ocrx_word' id='word_1_577' title='bbox 1493 3868 1651 3938; x_wconf 78' lang='lat' dir='ltr'><strong>igitur</strong></span> <span class='ocrx_word' id='word_1_578' title='bbox 1701 3865 1886 3932; x_wconf 77' lang='lat' dir='ltr'><strong>Iesus,</strong></span> <span class='ocrx_word' id='word_1_579' title='bbox 1947 3882 2075 3934; x_wconf 86' lang='lat' dir='ltr'><strong>quo-</strong></span> 
     </span>
    </p>
   </div>
   <div class='ocr_carea' id='block_1_73' title="bbox 475 3939 983 4015">
    <p class='ocr_par' dir='ltr' id='par_1_73' title="bbox 475 3939 983 4015">
     <span class='ocr_line' id='line_1_73' title="bbox 475 3939 983 4015; baseline -0.016 -14"><span class='ocrx_word' id='word_1_580' title='bbox 475 3946 612 4001; x_wconf 85' lang='lat' dir='ltr'><strong>niam</strong></span> <span class='ocrx_word' id='word_1_581' title='bbox 635 3945 781 4015; x_wconf 71' lang='grc' dir='ltr'>λόνος</span> <span class='ocrx_word' id='word_1_582' title='bbox 808 3939 841 3996; x_wconf 79' lang='grc'><em>1</em></span> <span class='ocrx_word' id='word_1_583' title='bbox 850 3957 983 3995; x_wconf 74' lang='lat' dir='ltr'><strong>esus.</strong></span> 
     </span>
    </p>
   </div>
   <div class='ocr_carea' id='block_1_74' title="bbox 551 4010 2069 4084">
    <p class='ocr_par' dir='ltr' id='par_1_74' title="bbox 551 4010 2069 4084">
     <span class='ocr_line' id='line_1_74' title="bbox 551 4010 2069 4084; baseline -0.002 -16"><span class='ocrx_word' id='word_1_584' title='bbox 551 4010 834 4083; x_wconf 76' lang='lat' dir='ltr'><strong>Quouiodo,</strong></span> <span class='ocrx_word' id='word_1_585' title='bbox 866 4023 970 4068; x_wconf 87' lang='lat' dir='ltr'><strong>etc.</strong></span> <span class='ocrx_word' id='word_1_586' title='bbox 1001 4011 1276 4069; x_wconf 83' lang='lat' dir='ltr'><strong>Mabillon.</strong></span> <span class='ocrx_word' id='word_1_587' title='bbox 1301 4013 1558 4084; x_wconf 80' lang='lat' dir='ltr'><strong>quomodo</strong></span> <span class='ocrx_word' id='word_1_588' title='bbox 1584 4021 1632 4068; x_wconf 87' lang='lat' dir='ltr'><strong>et</strong></span> <span class='ocrx_word' id='word_1_589' title='bbox 1662 4010 1799 4068; x_wconf 74' lang='lat' dir='ltr'><strong>Deus</strong></span> <span class='ocrx_word' id='word_1_590' title='bbox 1843 4020 1889 4064; x_wconf 85' lang='lat' dir='ltr'><strong>et</strong></span> <span class='ocrx_word' id='word_1_591' title='bbox 1928 4011 2069 4084; x_wconf 62' lang='grc' dir='ltr'>λόγος</span> 
     </span>
    </p>
   </div>
   <div class='ocr_carea' id='block_1_75' title="bbox 2184 3645 3782 3719">
    <p class='ocr_par' dir='ltr' id='par_1_75' title="bbox 2184 3645 3782 3719">
     <span class='ocr_line' id='line_1_75' title="bbox 2184 3645 3782 3719; baseline -0.001 -14"><span class='ocrx_word' id='word_1_592' title='bbox 2184 3660 2256 3705; x_wconf 79' lang='lat' dir='ltr'><strong>est</strong></span> <span class='ocrx_word' id='word_1_593' title='bbox 2307 3658 2451 3719; x_wconf 80' lang='lat' dir='ltr'><strong>pater</strong></span> <span class='ocrx_word' id='word_1_594' title='bbox 2499 3656 2544 3701; x_wconf 86' lang='lat' dir='ltr'><strong>et</strong></span> <span class='ocrx_word' id='word_1_595' title='bbox 2589 3645 2747 3715; x_wconf 76' lang='lat' dir='ltr'><strong>ﬁlius.</strong></span> <span class='ocrx_word' id='word_1_596' title='bbox 2776 3645 2863 3719; x_wconf 72' lang='lat' dir='ltr'><strong>Et</strong></span> <span class='ocrx_word' id='word_1_597' title='bbox 2915 3661 3038 3700; x_wconf 80' lang='lat' dir='ltr'><strong>mox</strong></span> <span class='ocrx_word' id='word_1_598' title='bbox 3075 3647 3376 3701; x_wconf 68' lang='lat' dir='ltr'><strong>animalium</strong></span> <span class='ocrx_word' id='word_1_599' title='bbox 3423 3663 3519 3718; x_wconf 88' lang='lat' dir='ltr'><strong>pro</strong></span> <span class='ocrx_word' id='word_1_600' title='bbox 3545 3648 3782 3703; x_wconf 56' lang='lat' dir='ltr'><strong>nuncii.</strong></span> 
     </span>
    </p>
   </div>
   <div class='ocr_carea' id='block_1_76' title="bbox 2257 3717 3788 3795">
    <p class='ocr_par' dir='ltr' id='par_1_76' title="bbox 2257 3717 3788 3795">
     <span class='ocr_line' id='line_1_76' title="bbox 2257 3717 3788 3795; baseline 0.001 -18"><span class='ocrx_word' id='word_1_601' title='bbox 2257 3717 3042 3795; x_wconf 57' lang='lat' dir='ltr'><strong>sanctiﬁcationem.Mabillon.</strong></span> <span class='ocrx_word' id='word_1_602' title='bbox 3067 3717 3512 3790; x_wconf 64' lang='lat' dir='ltr'><strong>signiﬁcationem.</strong></span> <span class='ocrx_word' id='word_1_603' title='bbox 3538 3721 3605 3781; x_wconf 73' lang='lat' dir='ltr'><strong>Et</strong></span> <span class='ocrx_word' id='word_1_604' title='bbox 3629 3723 3788 3795; x_wconf 71' lang='lat' dir='ltr'><strong>paulo</strong></span> 
     </span>
    </p>
   </div>
   <div class='ocr_carea' id='block_1_77' title="bbox 2184 3789 3025 3865">
    <p class='ocr_par' dir='ltr' id='par_1_77' title="bbox 2184 3789 3025 3865">
     <span class='ocr_line' id='line_1_77' title="bbox 2184 3789 3025 3865; baseline -0.004 -18"><span class='ocrx_word' id='word_1_605' title='bbox 2184 3804 2302 3865; x_wconf 83' lang='lat' dir='ltr'><strong>post</strong></span> <span class='ocrx_word' id='word_1_606' title='bbox 2338 3791 2475 3859; x_wconf 69' lang='grc' dir='ltr'><strong>τρυε</strong></span> <span class='ocrx_word' id='word_1_607' title='bbox 2510 3790 2714 3861; x_wconf 78' lang='lat' dir='ltr'><strong>quidem</strong></span> <span class='ocrx_word' id='word_1_608' title='bbox 2743 3791 2851 3861; x_wconf 77' lang='lat' dir='ltr'><strong>ipse</strong></span> <span class='ocrx_word' id='word_1_609' title='bbox 2879 3789 3025 3860; x_wconf 86' lang='lat' dir='ltr'><strong>Spir.</strong></span> 
     </span>
    </p>
   </div>
   <div class='ocr_carea' id='block_1_78' title="bbox 2263 3860 3784 3923">
    <p class='ocr_par' dir='ltr' id='par_1_78' title="bbox 2263 3860 3784 3923">
     <span class='ocr_line' id='line_1_78' title="bbox 2263 3860 3784 3923; baseline 0.003 -5"><span class='ocrx_word' id='word_1_610' title='bbox 2263 3865 2326 3918; x_wconf 80' lang='lat' dir='ltr'><strong>Et</strong></span> <span class='ocrx_word' id='word_1_611' title='bbox 2384 3881 2484 3917; x_wconf 88' lang='lat' dir='ltr'><strong>non</strong></span> <span class='ocrx_word' id='word_1_612' title='bbox 2523 3860 2528 3861; x_wconf 49' lang='grc'><strong><em>⁷</em></strong></span> <span class='ocrx_word' id='word_1_613' title='bbox 2560 3879 2664 3916; x_wconf 87' lang='lat' dir='ltr'><strong>una</strong></span> <span class='ocrx_word' id='word_1_614' title='bbox 2714 3860 2830 3916; x_wconf 75' lang='lat' dir='ltr'><strong>voce</strong></span> <span class='ocrx_word' id='word_1_615' title='bbox 2872 3877 3039 3917; x_wconf 82' lang='lat' dir='ltr'><strong>vener.</strong></span> <span class='ocrx_word' id='word_1_616' title='bbox 3076 3860 3274 3918; x_wconf 76' lang='lat' dir='ltr'><strong>Mabill.</strong></span> <span class='ocrx_word' id='word_1_617' title='bbox 3306 3873 3354 3917; x_wconf 81' lang='lat' dir='ltr'><strong>et</strong></span> <span class='ocrx_word' id='word_1_618' title='bbox 3393 3863 3624 3919; x_wconf 81' lang='lat' dir='ltr'><strong>humana</strong></span> <span class='ocrx_word' id='word_1_619' title='bbox 3664 3882 3784 3923; x_wconf 70' lang='lat' dir='ltr'><strong>voce</strong></span> 
     </span>
    </p>
   </div>
   <div class='ocr_carea' id='block_1_79' title="bbox 2182 3933 3638 4002">
    <p class='ocr_par' dir='ltr' id='par_1_79' title="bbox 2182 3933 3638 4002">
     <span class='ocr_line' id='line_1_79' title="bbox 2182 3933 3638 4002; baseline 0.002 -12"><span class='ocrx_word' id='word_1_620' title='bbox 2182 3937 2355 3991; x_wconf 66' lang='lat' dir='ltr'><strong>diuina</strong></span> <span class='ocrx_word' id='word_1_621' title='bbox 2386 3952 2486 3988; x_wconf 92' lang='lat' dir='ltr'><strong>non</strong></span> <span class='ocrx_word' id='word_1_622' title='bbox 2517 3933 2766 3997; x_wconf 82' lang='lat' dir='ltr'><strong>venerari,</strong></span> <span class='ocrx_word' id='word_1_623' title='bbox 2794 3934 2883 3987; x_wconf 76' lang='lat' dir='ltr'><strong>sed</strong></span> <span class='ocrx_word' id='word_1_624' title='bbox 2908 3935 3175 3988; x_wconf 78' lang='lat' dir='ltr'><strong>enuntiare</strong></span> <span class='ocrx_word' id='word_1_625' title='bbox 3200 3934 3346 3990; x_wconf 72' lang='lat' dir='ltr'><strong>velle.</strong></span> <span class='ocrx_word' id='word_1_626' title='bbox 3375 3935 3504 4002; x_wconf 75' lang='lat' dir='ltr'><strong>Sed,</strong></span> <span class='ocrx_word' id='word_1_627' title='bbox 3528 3947 3638 3994; x_wconf 85' lang='lat' dir='ltr'><strong>etc.</strong></span> 
     </span>
    </p>
   </div>
   <div class='ocr_carea' id='block_1_80' title="bbox 2257 4006 3350 4077">
    <p class='ocr_par' dir='ltr' id='par_1_80' title="bbox 2257 4006 3350 4077">
     <span class='ocr_line' id='line_1_80' title="bbox 2257 4006 3350 4077; baseline 0 -17"><span class='ocrx_word' id='word_1_628' title='bbox 2257 4008 2380 4076; x_wconf 82' lang='lat' dir='ltr'><strong>Qui,</strong></span> <span class='ocrx_word' id='word_1_629' title='bbox 2402 4016 2509 4064; x_wconf 90' lang='lat' dir='ltr'><strong>etc.</strong></span> <span class='ocrx_word' id='word_1_630' title='bbox 2541 4007 2666 4061; x_wconf 74' lang='lat' dir='ltr'><strong>l-lzec</strong></span> <span class='ocrx_word' id='word_1_631' title='bbox 2683 4006 2876 4063; x_wconf 89' lang='lat' dir='ltr'><strong>desunt</strong></span> <span class='ocrx_word' id='word_1_632' title='bbox 2901 4007 3042 4077; x_wconf 87' lang='lat' dir='ltr'><strong>apud</strong></span> <span class='ocrx_word' id='word_1_633' title='bbox 3075 4006 3350 4068; x_wconf 67' lang='lat' dir='ltr'><strong>Mabillon.</strong></span> 
     </span>
    </p>
   </div>
   <div class='ocr_carea' id='block_1_81' title="bbox 1269 4363 2954 4426">
    <p class='ocr_par' dir='ltr' id='par_1_81' title="bbox 1269 4363 2954 4426">
     <span class='ocr_line' id='line_1_81' title="bbox 1269 4363 2954 4426; baseline -0.002 -2"><span class='ocrx_word' id='word_1_634' title='bbox 1269 4367 1605 4424; x_wconf 66' lang='lat' dir='ltr'><strong>EPISTOLA</strong></span> <span class='ocrx_word' id='word_1_635' title='bbox 1649 4369 1738 4424; x_wconf 88' lang='lat' dir='ltr'><strong>AD</strong></span> <span class='ocrx_word' id='word_1_636' title='bbox 1779 4365 2047 4423; x_wconf 77' lang='lat' dir='ltr'><strong>MARIUM</strong></span> <span class='ocrx_word' id='word_1_637' title='bbox 2087 4363 2510 4422; x_wconf 69' lang='lat' dir='ltr'><strong>VICTORINUM</strong></span> <span class='ocrx_word' id='word_1_638' title='bbox 2550 4364 2954 4426; x_wconf 77' lang='lat' dir='ltr'><strong>RIIETOREM.</strong></span> 
     </span>
    </p>
   </div>
   <div class='ocr_carea' id='block_1_82' title="bbox 549 4478 3784 4558">
    <p class='ocr_par' dir='ltr' id='par_1_82' title="bbox 549 4478 3784 4558">
     <span class='ocr_line' id='line_1_82' title="bbox 549 4478 3784 4558; baseline -0.002 -12"><span class='ocrx_word' id='word_1_639' title='bbox 549 4491 591 4553; x_wconf 81' lang='grc' dir='ltr'><strong>ι.</strong></span> <span class='ocrx_word' id='word_1_640' title='bbox 619 4490 777 4548; x_wconf 73' lang='lat' dir='ltr'><strong>Multa</strong></span> <span class='ocrx_word' id='word_1_641' title='bbox 811 4488 935 4544; x_wconf 89' lang='lat' dir='ltr'><strong>licet</strong></span> <span class='ocrx_word' id='word_1_642' title='bbox 963 4483 1188 4554; x_wconf 87' lang='lat' dir='ltr'><strong>colligas</strong></span> <span class='ocrx_word' id='word_1_643' title='bbox 1213 4523 1227 4547; x_wconf 92' lang='lat'><strong>,</strong></span> <span class='ocrx_word' id='word_1_644' title='bbox 1276 4497 1308 4536; x_wconf 89' lang='grc' dir='ltr'><strong>ο</strong></span> <span class='ocrx_word' id='word_1_645' title='bbox 1343 4483 1514 4536; x_wconf 85' lang='lat' dir='ltr'><strong>amice</strong></span> <span class='ocrx_word' id='word_1_646' title='bbox 1558 4479 1834 4537; x_wconf 85' lang='lat' dir='ltr'><strong>Victorino</strong></span> <span class='ocrx_word' id='word_1_647' title='bbox 1862 4521 1876 4546; x_wconf 90' lang='lat'><strong>,</strong></span> <span class='ocrx_word' id='word_1_648' title='bbox 1904 4489 1958 4534; x_wconf 89' lang='lat' dir='ltr'><strong>et</strong></span> <span class='ocrx_word' id='word_1_649' title='bbox 1985 4495 2076 4534; x_wconf 86' lang='lat' dir='ltr'><strong>ar-</strong></span> <span class='ocrx_word' id='word_1_650' title='bbox 2102 4481 2154 4542; x_wconf 94' lang='lat' dir='ltr'><strong>D</strong></span> <span class='ocrx_word' id='word_1_651' title='bbox 2181 4478 2360 4534; x_wconf 89' lang='lat' dir='ltr'><strong>omnia</strong></span> <span class='ocrx_word' id='word_1_652' title='bbox 2392 4479 2697 4538; x_wconf 86' lang='lat' dir='ltr'><strong>vincentem</strong></span> <span class='ocrx_word' id='word_1_653' title='bbox 2743 4480 3025 4538; x_wconf 87' lang='lat' dir='ltr'><strong>veritatem</strong></span> <span class='ocrx_word' id='word_1_654' title='bbox 3053 4521 3069 4547; x_wconf 91' lang='lat'><strong>,</strong></span> <span class='ocrx_word' id='word_1_655' title='bbox 3127 4495 3225 4551; x_wconf 89' lang='lat' dir='ltr'><strong>pro</strong></span> <span class='ocrx_word' id='word_1_656' title='bbox 3255 4496 3358 4552; x_wconf 86' lang='lat' dir='ltr'><strong>qua</strong></span> <span class='ocrx_word' id='word_1_657' title='bbox 3383 4491 3432 4537; x_wconf 84' lang='lat' dir='ltr'><strong>et</strong></span> <span class='ocrx_word' id='word_1_658' title='bbox 3462 4490 3520 4538; x_wconf 90' lang='lat' dir='ltr'><strong>tu</strong></span> <span class='ocrx_word' id='word_1_659' title='bbox 3549 4498 3784 4558; x_wconf 60' lang='lat' dir='ltr'><strong>propago</strong></span> 
     </span>
    </p>
   </div>
   <div class='ocr_carea' id='block_1_83' title="bbox 481 4573 2069 4658">
    <p class='ocr_par' dir='ltr' id='par_1_83' title="bbox 481 4573 2069 4658">
     <span class='ocr_line' id='line_1_83' title="bbox 481 4573 2069 4658; baseline -0.008 -19"><span class='ocrx_word' id='word_1_660' title='bbox 481 4595 730 4658; x_wconf 87' lang='lat' dir='ltr'><strong>gutuenta</strong></span> <span class='ocrx_word' id='word_1_661' title='bbox 755 4626 768 4648; x_wconf 93' lang='lat'><strong>,</strong></span> <span class='ocrx_word' id='word_1_662' title='bbox 797 4591 852 4638; x_wconf 91' lang='lat' dir='ltr'><strong>et</strong></span> <span class='ocrx_word' id='word_1_663' title='bbox 878 4578 1122 4648; x_wconf 73' lang='lat' dir='ltr'><strong>exempla</strong></span> <span class='ocrx_word' id='word_1_664' title='bbox 1155 4618 1169 4642; x_wconf 91' lang='lat'><strong>,</strong></span> <span class='ocrx_word' id='word_1_665' title='bbox 1200 4574 1393 4643; x_wconf 83' lang='lat' dir='ltr'><strong>quibus</strong></span> <span class='ocrx_word' id='word_1_666' title='bbox 1420 4573 1722 4644; x_wconf 86' lang='lat' dir='ltr'><strong>approbare</strong></span> <span class='ocrx_word' id='word_1_667' title='bbox 1755 4573 1941 4627; x_wconf 91' lang='lat' dir='ltr'><strong>nitaris</strong></span> <span class='ocrx_word' id='word_1_668' title='bbox 1972 4589 2069 4626; x_wconf 80' lang='lat' dir='ltr'><strong>na-</strong></span> 
     </span>
    </p>
   </div>
   <div class='ocr_carea' id='block_1_84' title="bbox 484 4664 2076 4736">
    <p class='ocr_par' dir='ltr' id='par_1_84' title="bbox 484 4664 2076 4736">
     <span class='ocr_line' id='line_1_84' title="bbox 484 4664 2076 4736; baseline -0.009 -4"><span class='ocrx_word' id='word_1_669' title='bbox 484 4689 593 4732; x_wconf 90' lang='lat' dir='ltr'><strong>tum</strong></span> <span class='ocrx_word' id='word_1_670' title='bbox 625 4676 893 4731; x_wconf 79' lang='lat' dir='ltr'><strong>Christum</strong></span> <span class='ocrx_word' id='word_1_671' title='bbox 933 4685 1052 4725; x_wconf 87' lang='lat' dir='ltr'><strong>esse</strong></span> <span class='ocrx_word' id='word_1_672' title='bbox 1077 4711 1091 4736; x_wconf 95' lang='lat'><strong>,</strong></span> <span class='ocrx_word' id='word_1_673' title='bbox 1139 4683 1244 4723; x_wconf 85' lang='lat' dir='ltr'><strong>non</strong></span> <span class='ocrx_word' id='word_1_674' title='bbox 1271 4665 1466 4720; x_wconf 86' lang='lat' dir='ltr'><strong>factum</strong></span> <span class='ocrx_word' id='word_1_675' title='bbox 1500 4683 1512 4718; x_wconf 92' lang='lat'>:</span> <span class='ocrx_word' id='word_1_676' title='bbox 1566 4664 1727 4719; x_wconf 90' lang='lat' dir='ltr'><strong>Arius</strong></span> <span class='ocrx_word' id='word_1_677' title='bbox 1772 4674 1969 4732; x_wconf 88' lang='lat' dir='ltr'><strong>tamen,</strong></span> <span class='ocrx_word' id='word_1_678' title='bbox 1994 4665 2076 4719; x_wconf 90' lang='lat' dir='ltr'><strong>vir</strong></span> 
     </span>
    </p>
   </div>
   <div class='ocr_carea' id='block_1_85' title="bbox 478 4758 2073 4839">
    <p class='ocr_par' dir='ltr' id='par_1_85' title="bbox 478 4758 2073 4839">
     <span class='ocr_line' id='line_1_85' title="bbox 478 4758 2073 4839; baseline -0.01 -10"><span class='ocrx_word' id='word_1_679' title='bbox 478 4772 619 4829; x_wconf 83' lang='lat' dir='ltr'><strong>acris</strong></span> <span class='ocrx_word' id='word_1_680' title='bbox 647 4768 842 4839; x_wconf 86' lang='lat' dir='ltr'><strong>ingenii</strong></span> <span class='ocrx_word' id='word_1_681' title='bbox 875 4808 889 4832; x_wconf 93' lang='lat'><strong>,</strong></span> <span class='ocrx_word' id='word_1_682' title='bbox 943 4765 1168 4835; x_wconf 88' lang='lat' dir='ltr'><strong>ejusque</strong></span> <span class='ocrx_word' id='word_1_683' title='bbox 1198 4759 1443 4830; x_wconf 85' lang='lat' dir='ltr'><strong>discipuli</strong></span> <span class='ocrx_word' id='word_1_684' title='bbox 1496 4800 1510 4825; x_wconf 96' lang='lat'><strong>,</strong></span> <span class='ocrx_word' id='word_1_685' title='bbox 1568 4768 1622 4815; x_wconf 84' lang='lat' dir='ltr'><strong>et</strong></span> <span class='ocrx_word' id='word_1_686' title='bbox 1652 4759 1792 4816; x_wconf 84' lang='lat' dir='ltr'><strong>inter</strong></span> <span class='ocrx_word' id='word_1_687' title='bbox 1847 4758 2073 4814; x_wconf 78' lang='lat' dir='ltr'><strong>eximios</strong></span> 
     </span>
    </p>
   </div>
   <div class='ocr_carea' id='block_1_86' title="bbox 488 4853 2070 4925">
    <p class='ocr_par' dir='ltr' id='par_1_86' title="bbox 488 4853 2070 4925">
     <span class='ocr_line' id='line_1_86' title="bbox 488 4853 2070 4925; baseline -0.009 -3"><span class='ocrx_word' id='word_1_688' title='bbox 488 4863 768 4922; x_wconf 75' lang='lat' dir='ltr'><strong>excellens</strong></span> <span class='ocrx_word' id='word_1_689' title='bbox 793 4858 1056 4915; x_wconf 86' lang='lat' dir='ltr'><strong>Eusebius</strong></span> <span class='ocrx_word' id='word_1_690' title='bbox 1089 4898 1102 4920; x_wconf 95' lang='lat'><strong>,</strong></span> <span class='ocrx_word' id='word_1_691' title='bbox 1155 4857 1266 4910; x_wconf 91' lang='lat' dir='ltr'><strong>suis</strong></span> <span class='ocrx_word' id='word_1_692' title='bbox 1310 4853 1551 4925; x_wconf 88' lang='lat' dir='ltr'><strong>epistolis</strong></span> <span class='ocrx_word' id='word_1_693' title='bbox 1597 4853 1663 4909; x_wconf 90' lang='lat' dir='ltr'><strong>de</strong></span> <span class='ocrx_word' id='word_1_694' title='bbox 1707 4853 1810 4907; x_wconf 88' lang='lat' dir='ltr'><strong>isto</strong></span> <span class='ocrx_word' id='word_1_695' title='bbox 1851 4865 2070 4908; x_wconf 87' lang='lat' dir='ltr'><strong>senten-</strong></span> 
     </span>
    </p>
   </div>
   <div class='ocr_carea' id='block_1_87' title="bbox 483 4947 1959 5030">
    <p class='ocr_par' dir='ltr' id='par_1_87' title="bbox 483 4947 1959 5030">
     <span class='ocr_line' id='line_1_87' title="bbox 483 4947 1959 5030; baseline -0.01 -14"><span class='ocrx_word' id='word_1_696' title='bbox 483 4962 582 5016; x_wconf 87' lang='lat' dir='ltr'><strong>tias</strong></span> <span class='ocrx_word' id='word_1_697' title='bbox 606 4955 939 5030; x_wconf 86' lang='lat' dir='ltr'><strong>protulerunt</strong></span> <span class='ocrx_word' id='word_1_698' title='bbox 969 4968 983 5018; x_wconf 90' lang='lat'><strong>;</strong></span> <span class='ocrx_word' id='word_1_699' title='bbox 1011 4965 1147 5021; x_wconf 85' lang='lat' dir='ltr'><strong>quas</strong></span> <span class='ocrx_word' id='word_1_700' title='bbox 1177 4949 1431 5020; x_wconf 89' lang='lat' dir='ltr'><strong>epistolas</strong></span> <span class='ocrx_word' id='word_1_701' title='bbox 1460 4963 1602 5004; x_wconf 89' lang='lat' dir='ltr'><strong>nunc</strong></span> <span class='ocrx_word' id='word_1_702' title='bbox 1623 4947 1959 5017; x_wconf 87' lang='lat' dir='ltr'><strong>subjicimus.</strong></span> 
     </span>
    </p>
   </div>
   <div class='ocr_carea' id='block_1_88' title="bbox 550 5040 2073 5108">
    <p class='ocr_par' dir='ltr' id='par_1_88' title="bbox 550 5040 2073 5108">
     <span class='ocr_line' id='line_1_88' title="bbox 550 5040 2073 5108; baseline -0.009 -1"><span class='ocrx_word' id='word_1_703' title='bbox 550 5048 665 5108; x_wconf 76' lang='lat' dir='ltr'><strong>Arii</strong></span> <span class='ocrx_word' id='word_1_704' title='bbox 695 5046 760 5102; x_wconf 86' lang='lat' dir='ltr'><strong>ad</strong></span> <span class='ocrx_word' id='word_1_705' title='bbox 790 5043 1081 5099; x_wconf 86' lang='lat' dir='ltr'><strong>Eusebium</strong></span> <span class='ocrx_word' id='word_1_706' title='bbox 1111 5058 1125 5099; x_wconf 72' lang='grc' dir='ltr'><strong>ι</strong></span> <span class='ocrx_word' id='word_1_707' title='bbox 1155 5059 1174 5093; x_wconf 79' lang='grc' dir='ltr'>ι</span> <span class='ocrx_word' id='word_1_708' title='bbox 1207 5041 1434 5096; x_wconf 88' lang='lat' dir='ltr'><strong>Domino</strong></span> <span class='ocrx_word' id='word_1_709' title='bbox 1462 5041 1941 5106; x_wconf 77' lang='lat' dir='ltr'><strong>desideratissimo,</strong></span> <span class='ocrx_word' id='word_1_710' title='bbox 1975 5040 2073 5095; x_wconf 87' lang='lat' dir='ltr'><strong>ho-</strong></span> 
     </span>
    </p>
   </div>
   <div class='ocr_carea' id='block_1_89' title="bbox 480 5137 2070 5208">
    <p class='ocr_par' dir='ltr' id='par_1_89' title="bbox 480 5137 2070 5208">
     <span class='ocr_line' id='line_1_89' title="bbox 480 5137 2070 5208; baseline -0.009 -4"><span class='ocrx_word' id='word_1_711' title='bbox 480 5148 609 5206; x_wconf 85' lang='lat' dir='ltr'><strong>mini</strong></span> <span class='ocrx_word' id='word_1_712' title='bbox 642 5145 732 5198; x_wconf 91' lang='lat' dir='ltr'><strong>Dei</strong></span> <span class='ocrx_word' id='word_1_713' title='bbox 760 5140 899 5196; x_wconf 88' lang='lat' dir='ltr'><strong>ﬁdeli</strong></span> <span class='ocrx_word' id='word_1_714' title='bbox 933 5181 946 5207; x_wconf 88' lang='lat'><strong>,</strong></span> <span class='ocrx_word' id='word_1_715' title='bbox 991 5148 1139 5194; x_wconf 88' lang='lat' dir='ltr'><strong>recta</strong></span> <span class='ocrx_word' id='word_1_716' title='bbox 1167 5138 1403 5208; x_wconf 89' lang='lat' dir='ltr'><strong>opinanti</strong></span> <span class='ocrx_word' id='word_1_717' title='bbox 1438 5179 1453 5200; x_wconf 85' lang='lat'><strong>.</strong></span> <span class='ocrx_word' id='word_1_718' title='bbox 1503 5139 1662 5193; x_wconf 81' lang='lat' dir='ltr'><strong>Arius</strong></span> <span class='ocrx_word' id='word_1_719' title='bbox 1690 5137 1778 5208; x_wconf 90' lang='lat' dir='ltr'><strong>qui</strong></span> <span class='ocrx_word' id='word_1_720' title='bbox 1816 5151 2070 5206; x_wconf 65' lang='lat' dir='ltr'><strong>persecu-</strong></span> 
     </span>
    </p>
   </div>
   <div class='ocr_carea' id='block_1_90' title="bbox 481 5230 2068 5308">
    <p class='ocr_par' dir='ltr' id='par_1_90' title="bbox 481 5230 2068 5308">
     <span class='ocr_line' id='line_1_90' title="bbox 481 5230 2068 5308; baseline -0.009 -9"><span class='ocrx_word' id='word_1_721' title='bbox 481 5245 679 5299; x_wconf 89' lang='lat' dir='ltr'><strong>tionem</strong></span> <span class='ocrx_word' id='word_1_722' title='bbox 727 5235 924 5308; x_wconf 90' lang='lat' dir='ltr'><strong>patitur</strong></span> <span class='ocrx_word' id='word_1_723' title='bbox 977 5232 1043 5287; x_wconf 89' lang='lat' dir='ltr'><strong>ab</strong></span> <span class='ocrx_word' id='word_1_724' title='bbox 1082 5230 1388 5286; x_wconf 78' lang='lat' dir='ltr'><strong>Alexandro</strong></span> <span class='ocrx_word' id='word_1_725' title='bbox 1418 5247 1548 5303; x_wconf 90' lang='lat' dir='ltr'><strong>papa</strong></span> <span class='ocrx_word' id='word_1_726' title='bbox 1579 5232 1776 5303; x_wconf 90' lang='lat' dir='ltr'><strong>injuste</strong></span> <span class='ocrx_word' id='word_1_727' title='bbox 1806 5273 1818 5295; x_wconf 92' lang='lat'><strong>,</strong></span> <span class='ocrx_word' id='word_1_728' title='bbox 1846 5239 2068 5302; x_wconf 89' lang='lat' dir='ltr'><strong>propter</strong></span> 
     </span>
    </p>
   </div>
   <div class='ocr_carea' id='block_1_91' title="bbox 2177 4572 3781 4640">
    <p class='ocr_par' dir='ltr' id='par_1_91' title="bbox 2177 4572 3781 4640">
     <span class='ocr_line' id='line_1_91' title="bbox 2177 4572 3781 4640; baseline 0.004 -13"><span class='ocrx_word' id='word_1_729' title='bbox 2177 4588 2275 4627; x_wconf 91' lang='lat' dir='ltr'><strong>nas</strong></span> <span class='ocrx_word' id='word_1_730' title='bbox 2296 4614 2310 4640; x_wconf 92' lang='lat'><strong>,</strong></span> <span class='ocrx_word' id='word_1_731' title='bbox 2365 4572 2418 4626; x_wconf 92' lang='lat' dir='ltr'><strong>iu</strong></span> <span class='ocrx_word' id='word_1_732' title='bbox 2448 4572 2676 4627; x_wconf 87' lang='lat' dir='ltr'><strong>Domino</strong></span> <span class='ocrx_word' id='word_1_733' title='bbox 2725 4573 2933 4627; x_wconf 81' lang='lat' dir='ltr'><strong>salvum</strong></span> <span class='ocrx_word' id='word_1_734' title='bbox 2963 4587 3104 4628; x_wconf 78' lang='lat' dir='ltr'><strong>esse.</strong></span> <span class='ocrx_word' id='word_1_735' title='bbox 3141 4573 3316 4630; x_wconf 75' lang='lat' dir='ltr'><strong>&#39;Patre</strong></span> <span class='ocrx_word' id='word_1_736' title='bbox 3347 4590 3468 4629; x_wconf 93' lang='lat' dir='ltr'><strong>meo</strong></span> <span class='ocrx_word' id='word_1_737' title='bbox 3497 4578 3781 4633; x_wconf 81' lang='lat' dir='ltr'><strong>Ammanio</strong></span> 
     </span>
    </p>
   </div>
   <div class='ocr_carea' id='block_1_92' title="bbox 2176 4667 3779 4748">
    <p class='ocr_par' dir='ltr' id='par_1_92' title="bbox 2176 4667 3779 4748">
     <span class='ocr_line' id='line_1_92' title="bbox 2176 4667 3779 4748; baseline 0.007 -26"><span class='ocrx_word' id='word_1_738' title='bbox 2176 4668 2426 4722; x_wconf 88' lang='lat' dir='ltr'><strong>veniente</strong></span> <span class='ocrx_word' id='word_1_739' title='bbox 2457 4667 2522 4722; x_wconf 88' lang='lat' dir='ltr'><strong>ad</strong></span> <span class='ocrx_word' id='word_1_740' title='bbox 2569 4667 2981 4735; x_wconf 84' lang='lat' dir='ltr'><strong>Nicomediam,</strong></span> <span class='ocrx_word' id='word_1_741' title='bbox 3032 4669 3225 4723; x_wconf 87' lang='lat' dir='ltr'><strong>rationi</strong></span> <span class='ocrx_word' id='word_1_742' title='bbox 3247 4670 3486 4727; x_wconf 91' lang='lat' dir='ltr'><strong>debitum</strong></span> <span class='ocrx_word' id='word_1_743' title='bbox 3535 4678 3779 4748; x_wconf 84' lang='lat' dir='ltr'><strong>apparuit</strong></span> 
     </span>
    </p>
   </div>
   <div class='ocr_carea' id='block_1_93' title="bbox 2177 4761 3776 4834">
    <p class='ocr_par' dir='ltr' id='par_1_93' title="bbox 2177 4761 3776 4834">
     <span class='ocr_line' id='line_1_93' title="bbox 2177 4761 3776 4834; baseline 0.007 -20"><span class='ocrx_word' id='word_1_744' title='bbox 2177 4763 2413 4820; x_wconf 83' lang='lat' dir='ltr'><strong>salutare</strong></span> <span class='ocrx_word' id='word_1_745' title='bbox 2458 4772 2510 4817; x_wconf 91' lang='lat' dir='ltr'><strong>te</strong></span> <span class='ocrx_word' id='word_1_746' title='bbox 2542 4777 2635 4832; x_wconf 88' lang='lat' dir='ltr'><strong>per</strong></span> <span class='ocrx_word' id='word_1_747' title='bbox 2661 4761 2836 4832; x_wconf 86' lang='lat' dir='ltr'><strong>Ipsum</strong></span> <span class='ocrx_word' id='word_1_748' title='bbox 2869 4803 2882 4829; x_wconf 90' lang='lat'><strong>,</strong></span> <span class='ocrx_word' id='word_1_749' title='bbox 2941 4761 3206 4834; x_wconf 90' lang='lat' dir='ltr'><strong>simulque</strong></span> <span class='ocrx_word' id='word_1_750' title='bbox 3233 4775 3285 4820; x_wconf 94' lang='lat' dir='ltr'><strong>et</strong></span> <span class='ocrx_word' id='word_1_751' title='bbox 3332 4782 3678 4832; x_wconf 87' lang='lat' dir='ltr'><strong>communem</strong></span> <span class='ocrx_word' id='word_1_752' title='bbox 3702 4772 3776 4826; x_wconf 85' lang='lat' dir='ltr'><strong>fa-</strong></span> 
     </span>
    </p>
   </div>
   <div class='ocr_carea' id='block_1_94' title="bbox 2180 4857 3777 4934">
    <p class='ocr_par' dir='ltr' id='par_1_94' title="bbox 2180 4857 3777 4934">
     <span class='ocr_line' id='line_1_94' title="bbox 2180 4857 3777 4934; baseline 0.006 -22"><span class='ocrx_word' id='word_1_753' title='bbox 2180 4871 2304 4914; x_wconf 86' lang='lat' dir='ltr'><strong>cere</strong></span> <span class='ocrx_word' id='word_1_754' title='bbox 2331 4857 2646 4912; x_wconf 87' lang='lat' dir='ltr'><strong>charitatem</strong></span> <span class='ocrx_word' id='word_1_755' title='bbox 2672 4857 2765 4914; x_wconf 84' lang='lat' dir='ltr'><strong>tibi</strong></span> <span class='ocrx_word' id='word_1_756' title='bbox 2788 4859 3044 4926; x_wconf 86' lang='lat' dir='ltr'><strong>innatam,</strong></span> <span class='ocrx_word' id='word_1_757' title='bbox 3064 4868 3116 4915; x_wconf 93' lang='lat' dir='ltr'><strong>et</strong></span> <span class='ocrx_word' id='word_1_758' title='bbox 3136 4859 3480 4920; x_wconf 81' lang='lat' dir='ltr'><strong>atl‘ectionem</strong></span> <span class='ocrx_word' id='word_1_759' title='bbox 3506 4882 3666 4934; x_wconf 82' lang='lat' dir='ltr'><strong>quam</strong></span> <span class='ocrx_word' id='word_1_760' title='bbox 3690 4867 3777 4922; x_wconf 86' lang='lat' dir='ltr'><strong>ba-</strong></span> 
     </span>
    </p>
   </div>
   <div class='ocr_carea' id='block_1_95' title="bbox 2180 4950 3771 5031">
    <p class='ocr_par' dir='ltr' id='par_1_95' title="bbox 2180 4950 3771 5031">
     <span class='ocr_line' id='line_1_95' title="bbox 2180 4950 3771 5031; baseline 0.011 -31"><span class='ocrx_word' id='word_1_761' title='bbox 2180 4950 2274 5008; x_wconf 72' lang='lat' dir='ltr'><strong>bes</strong></span> <span class='ocrx_word' id='word_1_762' title='bbox 2303 4951 2368 5005; x_wconf 91' lang='lat' dir='ltr'><strong>ad</strong></span> <span class='ocrx_word' id='word_1_763' title='bbox 2403 4950 2596 5007; x_wconf 82' lang='lat' dir='ltr'><strong>fratres</strong></span> <span class='ocrx_word' id='word_1_764' title='bbox 2632 4995 2644 5014; x_wconf 86' lang='lat'><strong>,</strong></span> <span class='ocrx_word' id='word_1_765' title='bbox 2674 4960 2892 5022; x_wconf 89' lang='lat' dir='ltr'><strong>propter</strong></span> <span class='ocrx_word' id='word_1_766' title='bbox 2924 4953 3208 5008; x_wconf 88' lang='lat' dir='ltr'><strong>Dominum</strong></span> <span class='ocrx_word' id='word_1_767' title='bbox 3235 4965 3289 5010; x_wconf 92' lang='lat' dir='ltr'><strong>et</strong></span> <span class='ocrx_word' id='word_1_768' title='bbox 3316 4953 3595 5015; x_wconf 87' lang='lat' dir='ltr'><strong>Christum</strong></span> <span class='ocrx_word' id='word_1_769' title='bbox 3617 4961 3731 5031; x_wconf 83' lang='lat' dir='ltr'><strong>ejus</strong></span> <span class='ocrx_word' id='word_1_770' title='bbox 3756 4981 3771 5016; x_wconf 87' lang='lat'><strong><em>:</em></strong></span> 
     </span>
    </p>
   </div>
   <div class='ocr_carea' id='block_1_96' title="bbox 2178 5042 3763 5124">
    <p class='ocr_par' dir='ltr' id='par_1_96' title="bbox 2178 5042 3763 5124">
     <span class='ocr_line' id='line_1_96' title="bbox 2178 5042 3763 5124; baseline 0.013 -34"><span class='ocrx_word' id='word_1_771' title='bbox 2178 5044 2430 5114; x_wconf 81' lang='lat' dir='ltr'><strong>quoniam</strong></span> <span class='ocrx_word' id='word_1_772' title='bbox 2465 5042 2748 5114; x_wconf 86' lang='lat' dir='ltr'><strong>magniﬁce</strong></span> <span class='ocrx_word' id='word_1_773' title='bbox 2783 5061 2881 5099; x_wconf 87' lang='lat' dir='ltr'><strong>nos</strong></span> <span class='ocrx_word' id='word_1_774' title='bbox 2928 5057 3174 5116; x_wconf 78' lang='lat' dir='ltr'><strong>exportat</strong></span> <span class='ocrx_word' id='word_1_775' title='bbox 3205 5056 3260 5104; x_wconf 85' lang='lat' dir='ltr'><strong>et</strong></span> <span class='ocrx_word' id='word_1_776' title='bbox 3291 5053 3633 5124; x_wconf 88' lang='lat' dir='ltr'><strong>persequitur</strong></span> <span class='ocrx_word' id='word_1_777' title='bbox 3661 5097 3676 5124; x_wconf 82' lang='lat'><strong>,</strong></span> <span class='ocrx_word' id='word_1_778' title='bbox 3716 5063 3763 5111; x_wconf 87' lang='lat' dir='ltr'><strong>et</strong></span> 
     </span>
    </p>
   </div>
   <div class='ocr_carea' id='block_1_97' title="bbox 2178 5137 3770 5215">
    <p class='ocr_par' dir='ltr' id='par_1_97' title="bbox 2178 5137 3770 5215">
     <span class='ocr_line' id='line_1_97' title="bbox 2178 5137 3770 5215; baseline 0.008 -26"><span class='ocrx_word' id='word_1_779' title='bbox 2178 5151 2337 5193; x_wconf 90' lang='lat' dir='ltr'><strong>omne</strong></span> <span class='ocrx_word' id='word_1_780' title='bbox 2369 5137 2566 5192; x_wconf 89' lang='lat' dir='ltr'><strong>malum</strong></span> <span class='ocrx_word' id='word_1_781' title='bbox 2595 5145 2773 5192; x_wconf 83' lang='lat' dir='ltr'><strong>movet</strong></span> <span class='ocrx_word' id='word_1_782' title='bbox 2798 5137 3082 5196; x_wconf 89' lang='lat' dir='ltr'><strong>adversum</strong></span> <span class='ocrx_word' id='word_1_783' title='bbox 3118 5154 3216 5196; x_wconf 90' lang='lat' dir='ltr'><strong>nos</strong></span> <span class='ocrx_word' id='word_1_784' title='bbox 3240 5141 3530 5215; x_wconf 87' lang='lat' dir='ltr'><strong>episcopus</strong></span> <span class='ocrx_word' id='word_1_785' title='bbox 3559 5186 3578 5212; x_wconf 83' lang='lat'><strong>,</strong></span> <span class='ocrx_word' id='word_1_786' title='bbox 3617 5156 3673 5206; x_wconf 91' lang='lat' dir='ltr'><strong>ut</strong></span> <span class='ocrx_word' id='word_1_787' title='bbox 3698 5147 3770 5202; x_wconf 51' lang='lat' dir='ltr'><strong>fu.</strong></span> 
     </span>
    </p>
   </div>
   <div class='ocr_carea' id='block_1_98' title="bbox 2177 5230 3764 5310">
    <p class='ocr_par' dir='ltr' id='par_1_98' title="bbox 2177 5230 3764 5310">
     <span class='ocr_line' id='line_1_98' title="bbox 2177 5230 3764 5310; baseline 0.006 -26"><span class='ocrx_word' id='word_1_788' title='bbox 2177 5240 2265 5298; x_wconf 83' lang='lat' dir='ltr'><strong>get</strong></span> <span class='ocrx_word' id='word_1_789' title='bbox 2294 5245 2392 5286; x_wconf 92' lang='lat' dir='ltr'><strong>nos</strong></span> <span class='ocrx_word' id='word_1_790' title='bbox 2418 5231 2484 5286; x_wconf 89' lang='lat' dir='ltr'><strong>de</strong></span> <span class='ocrx_word' id='word_1_791' title='bbox 2511 5230 2727 5288; x_wconf 86' lang='lat' dir='ltr'><strong>civitate</strong></span> <span class='ocrx_word' id='word_1_792' title='bbox 2747 5233 2898 5303; x_wconf 89' lang='lat' dir='ltr'><strong>quasi</strong></span> <span class='ocrx_word' id='word_1_793' title='bbox 2927 5231 3172 5294; x_wconf 88' lang='lat' dir='ltr'><strong>homines</strong></span> <span class='ocrx_word' id='word_1_794' title='bbox 3194 5233 3312 5294; x_wconf 79' lang='lat' dir='ltr'><strong>sine</strong></span> <span class='ocrx_word' id='word_1_795' title='bbox 3341 5233 3458 5292; x_wconf 79' lang='lat' dir='ltr'><strong>Deo</strong></span> <span class='ocrx_word' id='word_1_796' title='bbox 3479 5279 3495 5307; x_wconf 95' lang='lat'><strong>,</strong></span> <span class='ocrx_word' id='word_1_797' title='bbox 3525 5238 3764 5310; x_wconf 73' lang='lat' dir='ltr'><strong>quoniam</strong></span> 
     </span>
    </p>
   </div>
   <div class='ocr_carea' id='block_1_99' title="bbox 1792 5322 2410 5380">
    <p class='ocr_par' dir='ltr' id='par_1_99' title="bbox 1792 5322 2410 5380">
     <span class='ocr_line' id='line_1_99' title="bbox 1792 5322 2410 5380; baseline -0.003 -2"><span class='ocrx_word' id='word_1_798' title='bbox 1792 5322 2149 5380; x_wconf 69' lang='lat' dir='ltr'><strong>VARllMlUM</strong></span> <span class='ocrx_word' id='word_1_799' title='bbox 2179 5322 2410 5379; x_wconf 70' lang='lat' dir='ltr'><strong>NOTAE.</strong></span> 
     </span>
    </p>
   </div>
   <div class='ocr_carea' id='block_1_100' title="bbox 551 5417 2063 5502">
    <p class='ocr_par' dir='ltr' id='par_1_100' title="bbox 551 5417 2063 5502">
     <span class='ocr_line' id='line_1_100' title="bbox 551 5417 2063 5502; baseline -0.009 -17"><span class='ocrx_word' id='word_1_800' title='bbox 551 5427 927 5502; x_wconf 39' lang='lat' dir='ltr'><strong>Epistolasil—</strong></span> <span class='ocrx_word' id='word_1_801' title='bbox 948 5419 1329 5502; x_wconf 31' lang='lat' dir='ltr'><strong>AriiLScripsit</strong></span> <span class='ocrx_word' id='word_1_802' title='bbox 1351 5419 1489 5473; x_wconf 85' lang='lat' dir='ltr'><strong>hanc</strong></span> <span class='ocrx_word' id='word_1_803' title='bbox 1513 5419 1792 5502; x_wconf 50' lang='lat' dir='ltr'><strong>epistolam</strong></span> <span class='ocrx_word' id='word_1_804' title='bbox 1821 5421 1855 5471; x_wconf 84' lang='lat'><strong>.-\</strong></span> <span class='ocrx_word' id='word_1_805' title='bbox 1869 5420 1980 5502; x_wconf 70' lang='lat' dir='ltr'><strong>rius</strong></span> <span class='ocrx_word' id='word_1_806' title='bbox 1999 5417 2063 5501; x_wconf 78' lang='lat' dir='ltr'><strong>ad</strong></span> 
     </span>
    </p>
   </div>
   <div class='ocr_carea' id='block_1_101' title="bbox 478 5491 2062 5561">
    <p class='ocr_par' dir='ltr' id='par_1_101' title="bbox 478 5491 2062 5561">
     <span class='ocr_line' id='line_1_101' title="bbox 478 5491 2062 5561; baseline -0.012 0"><span class='ocrx_word' id='word_1_807' title='bbox 478 5491 772 5561; x_wconf 80' lang='lat' dir='ltr'><strong>Eusebium</strong></span> <span class='ocrx_word' id='word_1_808' title='bbox 827 5495 1341 5551; x_wconf 78' lang='lat' dir='ltr'><strong>Nieomedieusem:</strong></span> <span class='ocrx_word' id='word_1_809' title='bbox 1395 5506 1622 5558; x_wconf 88' lang='lat' dir='ltr'><strong>eamque</strong></span> <span class='ocrx_word' id='word_1_810' title='bbox 1651 5492 1887 5561; x_wconf 82' lang='lat' dir='ltr'><strong>recitant</strong></span> <span class='ocrx_word' id='word_1_811' title='bbox 1933 5491 2062 5559; x_wconf 82' lang='lat' dir='ltr'><strong>Epi-</strong></span> 
     </span>
    </p>
   </div>
   <div class='ocr_carea' id='block_1_102' title="bbox 479 5560 2064 5644">
    <p class='ocr_par' dir='ltr' id='par_1_102' title="bbox 479 5560 2064 5644">
     <span class='ocr_line' id='line_1_102' title="bbox 479 5560 2064 5644; baseline -0.008 -18"><span class='ocrx_word' id='word_1_812' title='bbox 479 5560 727 5644; x_wconf 77' lang='lat' dir='ltr'><strong>phanius,</strong></span> <span class='ocrx_word' id='word_1_813' title='bbox 763 5568 953 5644; x_wconf 69' lang='lat' dir='ltr'><strong>Hieret.</strong></span> <span class='ocrx_word' id='word_1_814' title='bbox 978 5581 1155 5644; x_wconf 57' lang='grc' dir='ltr'><strong>⁸μω(2</strong></span> <span class='ocrx_word' id='word_1_815' title='bbox 1190 5563 1217 5637; x_wconf 85' lang='lat'>§</span> <span class='ocrx_word' id='word_1_816' title='bbox 1252 5563 1307 5629; x_wconf 86' lang='lat'><strong>6,</strong></span> <span class='ocrx_word' id='word_1_817' title='bbox 1355 5561 1735 5644; x_wconf 40' lang='grc' dir='ltr'><strong>’ξ’-εξεξοάθῆλυ-εξ2</strong></span> <span class='ocrx_word' id='word_1_818' title='bbox 1775 5560 1910 5615; x_wconf 77' lang='lat' dir='ltr'><strong>Hist.</strong></span> <span class='ocrx_word' id='word_1_819' title='bbox 1942 5563 2064 5616; x_wconf 71' lang='lat' dir='ltr'><strong>ccci.</strong></span> 
     </span>
    </p>
   </div>
   <div class='ocr_carea' id='block_1_103' title="bbox 477 5632 2064 5712">
    <p class='ocr_par' dir='ltr' id='par_1_103' title="bbox 477 5632 2064 5712">
     <span class='ocr_line' id='line_1_103' title="bbox 477 5632 2064 5712; baseline -0.011 -11"><span class='ocrx_word' id='word_1_820' title='bbox 477 5632 568 5702; x_wconf 77' lang='lat' dir='ltr'><strong>lib.</strong></span> <span class='ocrx_word' id='word_1_821' title='bbox 605 5663 644 5712; x_wconf 86' lang='lat' dir='ltr'><strong>l,</strong></span> <span class='ocrx_word' id='word_1_822' title='bbox 667 5632 784 5712; x_wconf 83' lang='lat' dir='ltr'><strong>cap.</strong></span> <span class='ocrx_word' id='word_1_823' title='bbox 817 5643 870 5696; x_wconf 83' lang='lat'><strong>5.</strong></span> <span class='ocrx_word' id='word_1_824' title='bbox 894 5649 948 5694; x_wconf 91' lang='lat' dir='ltr'><strong>et</strong></span> <span class='ocrx_word' id='word_1_825' title='bbox 976 5632 1332 5712; x_wconf 64' lang='lat' dir='ltr'><strong>t‘iicephorus,</strong></span> <span class='ocrx_word' id='word_1_826' title='bbox 1361 5633 1499 5712; x_wconf 65' lang='lat' dir='ltr'><strong>Hist.</strong></span> <span class='ocrx_word' id='word_1_827' title='bbox 1527 5632 1651 5712; x_wconf 61' lang='lat' dir='ltr'><strong>ccci.</strong></span> <span class='ocrx_word' id='word_1_828' title='bbox 1677 5633 1769 5688; x_wconf 85' lang='lat' dir='ltr'><strong>lib.</strong></span> <span class='ocrx_word' id='word_1_829' title='bbox 1801 5647 2064 5712; x_wconf 62' lang='lat' dir='ltr'><strong>vtn,_£ap.</strong></span> 
     </span>
    </p>
   </div>
   <div class='ocr_carea' id='block_1_104' title="bbox 479 5704 1993 5787">
    <p class='ocr_par' dir='ltr' id='par_1_104' title="bbox 479 5704 1993 5787">
     <span class='ocr_line' id='line_1_104' title="bbox 479 5704 1993 5787; baseline -0.014 -12"><span class='ocrx_word' id='word_1_830' title='bbox 479 5721 532 5775; x_wconf 80' lang='lat'><strong>9.</strong></span> <span class='ocrx_word' id='word_1_831' title='bbox 569 5704 938 5787; x_wconf 44' lang='lat' dir='ltr'><strong>[ﬂuitat-eadem</strong></span> <span class='ocrx_word' id='word_1_832' title='bbox 973 5704 1132 5787; x_wconf 72' lang='lat' dir='ltr'><strong>latine</strong></span> <span class='ocrx_word' id='word_1_833' title='bbox 1157 5709 1212 5763; x_wconf 90' lang='lat' dir='ltr'><strong>in</strong></span> <span class='ocrx_word' id='word_1_834' title='bbox 1244 5706 1546 5787; x_wconf 54' lang='grc' dir='ltr'><strong>Ίςιξίρανιίία,</strong></span> <span class='ocrx_word' id='word_1_835' title='bbox 1576 5704 1669 5759; x_wconf 90' lang='lat' dir='ltr'><strong>lib.</strong></span> <span class='ocrx_word' id='word_1_836' title='bbox 1691 5704 1993 5787; x_wconf 42' lang='lat' dir='ltr'><strong>t.._cap;‘i‘$.</strong></span> 
     </span>
    </p>
   </div>
   <div class='ocr_carea' id='block_1_105' title="bbox 551 5774 2067 5852">
    <p class='ocr_par' dir='ltr' id='par_1_105' title="bbox 551 5774 2067 5852">
     <span class='ocr_line' id='line_1_105' title="bbox 551 5774 2067 5852; baseline -0.009 -10"><span class='ocrx_word' id='word_1_837' title='bbox 551 5789 899 5843; x_wconf 80' lang='lat' dir='ltr'><strong>Communem.</strong></span> <span class='ocrx_word' id='word_1_838' title='bbox 916 5781 1220 5852; x_wconf 78' lang='lat' dir='ltr'><strong>Legendunt</strong></span> <span class='ocrx_word' id='word_1_839' title='bbox 1234 5774 1444 5838; x_wconf 84' lang='lat' dir='ltr'><strong>videtur</strong></span> <span class='ocrx_word' id='word_1_840' title='bbox 1456 5775 1845 5835; x_wconf 82' lang='lat' dir='ltr'><strong>Commonitam.</strong></span> <span class='ocrx_word' id='word_1_841' title='bbox 1863 5774 2067 5843; x_wconf 71' lang='lat' dir='ltr'><strong>Grzece,</strong></span> 
     </span>
    </p>
   </div>
   <div class='ocr_carea' id='block_1_106' title="bbox 2168 5417 3442 5498">
    <p class='ocr_par' dir='ltr' id='par_1_106' title="bbox 2168 5417 3442 5498">
     <span class='ocr_line' id='line_1_106' title="bbox 2168 5417 3442 5498; baseline 0.003 -24"><span class='ocrx_word' id='word_1_842' title='bbox 2168 5417 2290 5498; x_wconf 49' lang='grc' dir='ltr'><strong>ὁμςίῖξ</strong></span> <span class='ocrx_word' id='word_1_843' title='bbox 2319 5440 2372 5474; x_wconf 85' lang='grc' dir='ltr'><strong>τε</strong></span> <span class='ocrx_word' id='word_1_844' title='bbox 2401 5419 2697 5498; x_wconf 59' lang='grc' dir='ltr'><strong>ὑπομνῆσαι</strong></span> <span class='ocrx_word' id='word_1_845' title='bbox 2726 5423 2815 5480; x_wconf 78' lang='grc' dir='ltr'>τήν</span> <span class='ocrx_word' id='word_1_846' title='bbox 2846 5417 3062 5498; x_wconf 46' lang='lat' dir='ltr'><strong>Euganea</strong></span> <span class='ocrx_word' id='word_1_847' title='bbox 3090 5442 3185 5482; x_wconf 80' lang='grc' dir='ltr'><strong>σου</strong></span> <span class='ocrx_word' id='word_1_848' title='bbox 3216 5421 3442 5498; x_wconf 68' lang='grc' dir='ltr'><strong>ἀγάπην.</strong></span> 
     </span>
    </p>
   </div>
   <div class='ocr_carea' id='block_1_107' title="bbox 2245 5490 3757 5560">
    <p class='ocr_par' dir='ltr' id='par_1_107' title="bbox 2245 5490 3757 5560">
     <span class='ocr_line' id='line_1_107' title="bbox 2245 5490 3757 5560; baseline 0.01 -23"><span class='ocrx_word' id='word_1_849' title='bbox 2245 5490 2310 5543; x_wconf 64' lang='grc' dir='ltr'><strong>ΕΙ</strong></span> <span class='ocrx_word' id='word_1_850' title='bbox 2335 5507 2482 5545; x_wconf 84' lang='lat' dir='ltr'><strong>omne</strong></span> <span class='ocrx_word' id='word_1_851' title='bbox 2498 5490 2688 5544; x_wconf 70' lang='lat' dir='ltr'><strong>hiatum</strong></span> <span class='ocrx_word' id='word_1_852' title='bbox 2709 5490 3110 5556; x_wconf 36' lang='lat' dir='ltr'><strong>movet’.Graece.</strong></span> <span class='ocrx_word' id='word_1_853' title='bbox 3135 5497 3220 5550; x_wconf 77' lang='grc' dir='ltr'><strong>καὶ</strong></span> <span class='ocrx_word' id='word_1_854' title='bbox 3242 5490 3411 5556; x_wconf 54' lang='lat' dir='ltr'><strong>natura</strong></span> <span class='ocrx_word' id='word_1_855' title='bbox 3439 5497 3604 5556; x_wconf 76' lang='grc' dir='ltr'>κάλων</span> <span class='ocrx_word' id='word_1_856' title='bbox 3623 5505 3757 5560; x_wconf 69' lang='lat' dir='ltr'><strong>armi;</strong></span> 
     </span>
    </p>
   </div>
   <div class='ocr_carea' id='block_1_108' title="bbox 2169 5563 3754 5633">
    <p class='ocr_par' dir='ltr' id='par_1_108' title="bbox 2169 5563 3754 5633">
     <span class='ocr_line' id='line_1_108' title="bbox 2169 5563 3754 5633; baseline 0.003 -17"><span class='ocrx_word' id='word_1_857' title='bbox 2169 5563 2412 5633; x_wconf 90' lang='lat' dir='ltr'><strong>adeoque</strong></span> <span class='ocrx_word' id='word_1_858' title='bbox 2444 5563 2759 5617; x_wconf 89' lang='lat' dir='ltr'><strong>vertendum</strong></span> <span class='ocrx_word' id='word_1_859' title='bbox 2783 5603 2795 5625; x_wconf 90' lang='lat'><strong>,</strong></span> <span class='ocrx_word' id='word_1_860' title='bbox 2822 5573 2867 5616; x_wconf 77' lang='lat' dir='ltr'><strong>et</strong></span> <span class='ocrx_word' id='word_1_861' title='bbox 2895 5581 3093 5618; x_wconf 84' lang='lat' dir='ltr'><strong>onmem</strong></span> <span class='ocrx_word' id='word_1_862' title='bbox 3126 5567 3413 5622; x_wconf 79' lang='lat' dir='ltr'><strong>machinam</strong></span> <span class='ocrx_word' id='word_1_863' title='bbox 3437 5581 3621 5632; x_wconf 68' lang='lat' dir='ltr'><strong>movet.</strong></span> <span class='ocrx_word' id='word_1_864' title='bbox 3656 5568 3754 5626; x_wconf 83' lang='lat' dir='ltr'><strong>Pro</strong></span> 
     </span>
    </p>
   </div>
   <div class='ocr_carea' id='block_1_109' title="bbox 2171 5635 3050 5705">
    <p class='ocr_par' dir='ltr' id='par_1_109' title="bbox 2171 5635 3050 5705">
     <span class='ocr_line' id='line_1_109' title="bbox 2171 5635 3050 5705; baseline -0.001 -16"><span class='ocrx_word' id='word_1_865' title='bbox 2171 5636 2332 5689; x_wconf 78' lang='grc' dir='ltr'>κάλων</span> <span class='ocrx_word' id='word_1_866' title='bbox 2355 5635 2564 5704; x_wconf 83' lang='lat' dir='ltr'><strong>legebat</strong></span> <span class='ocrx_word' id='word_1_867' title='bbox 2586 5635 2852 5705; x_wconf 89' lang='lat' dir='ltr'><strong>interpres</strong></span> <span class='ocrx_word' id='word_1_868' title='bbox 2880 5637 3050 5691; x_wconf 76' lang='grc' dir='ltr'><strong>κακόν.</strong></span> 
     </span>
    </p>
   </div>
   <div class='ocr_carea' id='block_1_110' title="bbox 2245 5705 3691 5780">
    <p class='ocr_par' dir='ltr' id='par_1_110' title="bbox 2245 5705 3691 5780">
     <span class='ocr_line' id='line_1_110' title="bbox 2245 5705 3691 5780; baseline 0.005 -21"><span class='ocrx_word' id='word_1_869' title='bbox 2245 5707 2370 5762; x_wconf 83' lang='lat' dir='ltr'><strong>Siue</strong></span> <span class='ocrx_word' id='word_1_870' title='bbox 2404 5705 2528 5762; x_wconf 85' lang='lat' dir='ltr'><strong>Deo.</strong></span> <span class='ocrx_word' id='word_1_871' title='bbox 2560 5705 2772 5776; x_wconf 72' lang='lat' dir='ltr'><strong>Grtece,</strong></span> <span class='ocrx_word' id='word_1_872' title='bbox 2799 5709 2996 5774; x_wconf 76' lang='grc' dir='ltr'>ἀθέους,</span> <span class='ocrx_word' id='word_1_873' title='bbox 3021 5708 3205 5780; x_wconf 83' lang='lat' dir='ltr'><strong>impios</strong></span> <span class='ocrx_word' id='word_1_874' title='bbox 3231 5710 3396 5774; x_wconf 73' lang='lat' dir='ltr'><strong>vortit</strong></span> <span class='ocrx_word' id='word_1_875' title='bbox 3416 5710 3691 5772; x_wconf 86' lang='lat' dir='ltr'><strong>Valesius.</strong></span> 
     </span>
    </p>
   </div>
  </div>
