4024 6306
545 209 688 266 1059

1792 207 1983 263 MARII
2030 205 2369 262 VICTORINI
2411 207 2575 263 Milli

3682 210 3789 268 toto

542 327 683 382 Vere
725 326 772 381 id
802 326 944 382 enim
993 326 1133 397 quod
1161 325 1228 379 ab
1257 325 1492 397 ingenito
1514 325 1752 380 existens
1782 334 1863 379 est
1895 367 1910 391 ,
1956 325 2116 379 condi

2255 324 2607 395 uuieujusqne
2637 337 2823 378 eormn
2851 339 2969 394 quze
2999 332 3250 392 generata
3283 331 3405 378 sunt
3429 366 3441 388 ,
3493 341 3552 381 ex
3583 326 3682 397 ejus
3715 347 3786 382 t'o-

543 430 656 475 tum
700 420 930 489 amplius
981 421 1048 474 ab
1071 420 1277 486 altern,
1307 419 1444 474 vela
1479 419 1679 487 seipSn,
1733 429 1822 472 aut
1868 418 2142 472 liiiidaium

541 511 651 570 non
680 513 881 582 fuisse,
935 515 1250 586 apriucipio
1297 513 1589 584 ingenitum
1631 512 1773 582 quod
1826 511 2037 566 fuiSset.
2089 513 2144 568 Si

540 617 723 665 autem
775 617 958 662 natum
1009 607 1137 662 illttd
1161 608 1343 663 dicere
1377 649 1391 674 ,
1445 606 1800 662 substantiam
1856 615 2140 675 quamdam

540 711 801 773 przestare
860 713 936 759 est
970 743 986 769 ,
1039 703 1293 756 velutiex
1338 701 1636 757 substantia
1696 711 1916 770 paterna
1969 701 2142 770 ipsum

540 795 754 861 fuisset,
778 806 832 852 et
860 795 1059 852 habere
1075 812 1136 852 ex
1159 796 1274 868 ipso
1305 796 1634 851 identitatetu
1662 806 1889 859 naturae,
1912 809 2143 864 cognos-

540 887 715 944 cimus
743 889 883 960 quod
909 907 1014 943 non
1034 889 1102 944 de
1133 890 1247 960 ipsi»
1269 889 1387 944 solo
1406 900 1586 943 natum
1617 903 1736 944 esse
1757 888 1950 942 dixerit
1968 887 2140 955 srrip-

537 991 689 1049 tura,
722 982 848 1047 sed,
869 991 922 1038 et
949 983 1000 1038 iu
1031 982 1384 1037 dissimilibus
1408 983 1504 1049 ipsi
1535 983 1588 1035 in
1619 981 1869 1036 ntuuibus
1893 979 2142 1034 ιιςιιιιι·;ι1ἰο

534 1087 638 1135 ter.
690 1078 897 1134 Etenim
927 1090 980 1133 et
1009 1079 1058 1132 in
1085 1077 1388 1131 hominibus
1411 1077 1543 1132 dicit
1586 1076 1724 1148 (lsa.
1766 1092 1804 1143 ι,
1849 1075 1926 1137 2)
1968 1073 2135 1128 Filios

535 1173 689 1244 genui
707 1180 754 1226 et
774 1173 1016 1230 exaltavi.
1043 1173 1138 1245 ipsi
1167 1183 1335 1226 autem
1360 1189 1436 1225 me
1463 1180 1787 1240 respuerant.
1821 1169 1883 1224 Et
1910 1187 1922 1220 :
1955 1167 2134 1240 (Deut.

533 1282 706 1332 χχχιι,
742 1266 807 1322 I8
837 1266 858 1339 )
895 1285 908 1320 :
941 1265 1105 1320 Deum
1134 1267 1221 1337 qui
1253 1275 1300 1320 te
1319 1266 1490 1338 genuit
1511 1307 1526 1329 ,
1554 1265 1884 1336 dereliquisti.
1918 1263 1985 1318 Et
2011 1261 2136 1317 alibi

533 1358 677 1433 (Job.
705 1375 928 1417 mutu.
958 1359 1052 1427 28)
1081 1379 1094 1416 :
1130 1360 1256 1428 Quis
1280 1403 1294 1428 ,
1322 1360 1514 1430 inquit,
1538 1369 1612 1415 est
1637 1361 1723 1430 qui
1753 1359 1947 1430 peperit
1965 1358 2137 1428 glebas

532 1453 666 1508 roris
688 1453 713 1507 ?
737 1451 854 1509 Non
883 1461 1129 1509 naturam
1160 1469 1226 1510 ex
1260 1464 1448 1509 natura
1478 1467 1788 1524 exponens,
1815 1450 1908 1507 sed
1932 1460 2137 1504 natura:

2251 420 2456 474 Iuntate
2483 420 2889 490 generationem
2920 438 2932 472 ε
2989 420 3120 474 nilnl
3169 431 3246 474 est
3273 419 3411 474 crint
3437 420 3501 475 de
3543 423 3788 479 t-lllls'lttttliil

2248 517 2399 582 ejus:
2434 526 2624 569 cuncta
2655 523 2833 568 autem
2858 513 3135 569 voluntate
3164 516 3281 582 ejus
3313 513 3479 577 laeta,
3507 519 3790 587 UIIUIIIqllld'

2245 625 2350 678 que
2375 619 2426 662 ιιι
2456 620 2509 664 et
2531 608 2776 663 ell'eetum
2803 617 2902 663 est.
2937 609 2999 663 Et
3029 610 3116 663 ille
3139 608 3356 679 quidem
3385 609 3548 664 Deus:
3591 613 3790 679 quedam

2248 715 2425 756 autem
2467 703 2532 756 ad
2561 701 2968 757 similitudinem
2999 701 3116 772 ejus
3145 717 3240 771 per
3283 701 3456 772 ipsum
3490 703 3611 776 λόγῳ
3638 703 3792 758 similia

2245 795 2461 850 lutura:
2513 797 2759 866 quaedam
2794 805 2972 850 autem
3009 796 3164 866 juxta
3220 797 3666 866 participationem
3693 800 3794 856 sub-

2243 889 2457 944 stanti:e
2486 889 2625 944 laeta
2658 931 2672 955 ,
2727 891 2910 944 omnia
2935 899 3112 944 autem
3149 906 3242 957 per
3272 892 3441 961 ipsum
3471 906 3500 944 a
3529 891 3626 946 Dcn
3647 894 3792 960 laeta,

2246 982 2426 1036 tnntiia
2454 995 2628 1037 autem
2656 998 2718 1037 ex
2757 983 2883 1038 Deo.
2914 985 3042 1051 Qum
3074 983 3341 1054 accipiens
3367 995 3422 1040 et
3450 985 3710 1042 destruens
3733 1002 3796 1042 se-

2240 1075 2474 1129 cundum
2528 1091 2647 1145 qua:
2689 1074 2843 1129 adest
2889 1077 2981 1130 tibi
3029 1075 3288 1131 divinitus
3327 1078 3498 1146 gratia
3527 1117 3542 1143 ,
3601 1080 3795 1137 scribere

2242 1165 2463 1221 domino
2491 1181 2610 1221 meo
2632 1166 2942 1222 Alexandro
2968 1183 3121 1223 cura.
3177 1168 3392 1223 Credidi
3439 1171 3578 1225 enim
3619 1172 3725 1242 quia
3761 1171 3798 1228 si

2245 1260 2529 1331 scripseris
2558 1261 2656 1332 ipsi
2680 1303 2694 1327 ,
2729 1261 2989 1330 pudorem
3017 1261 3096 1317 illi
3118 1262 3182 1315 lat
3201 1261 3302 1318 ias.
3328 1263 3514 1318 Saluta
3538 1282 3703 1321 otunes
3723 1267 3793 1337 qui

2245 1365 2369 1409 sunt
2394 1354 2443 1408 in
2471 1354 2716 1409 Domino.
2747 1354 2966 1411 Salvum
2995 1366 3046 1411 te
3068 1398 3082 1422 ,
3109 1365 3170 1412 'et
3197 1373 3294 1428 pro
3320 1357 3476 1416 nobis
3507 1369 3724 1416 orantem
3742 1363 3798 1418 di.

2246 1448 2373 1501 vina
2395 1447 2565 1518 gratia
2595 1445 2862 1502 custodiat
2893 1490 2908 1514 ,
2931 1448 3171 1506 domine.
3205 1469 3226 1504 ι

1878 1560 2239 1620 νςιιιιυιιυιι
2279 1560 2512 1618 ΝΟΪΛΕ.

605 1665 712 1722 Sed
740 1675 786 1720 et
808 1681 858 1722 IN
886 1666 1106 1722 dissimil
1253 1665 1577 1718 naturaliter.
1628 1663 1736 1734 Leg
1790 1680 1856 1718 DE
1887 1659 2128 1716 dissimil.
2165 1666 2212 1727 Β

526 1737 618 1795 Gr.
652 1740 778 1811 ᾀλλά
807 1742 891 1795 καὶ
922 1740 1006 1794 ἐπὶ
1030 1747 1129 1795 τῶν
1151 1741 1394 1810 ἀνομοίων
1422 1739 1564 1811 αὐτῷ
1591 1739 1720 1807 κατ.ςὰ
1746 1739 1912 1792 πάντα

529 1809 842 1874 ast.ani-s.,
866 1816 952 1863 sed
983 1811 1130 1864 etiam
1159 1811 1220 1863 de
1239 1805 1358 1863 aliis
1379 1825 1494 1876 qua:
1512 1805 1695 1862 natura
1712 1826 1920 1880 prorsus
1947 1805 2008 1858 u'b
2036 1805 2128 1859 illo

525 1882 836 1956 discrepant.
886 1882 1120 1956 Siculus
1156 1882 1382 1956 Animus
1412 1881 1681 1956 interpres
1709 1882 1812 1956 _
1852 1881 2128 1956 ἀνθρώπων

526 1951 767 2009 νειιιιὶιι
797 1955 1084 2008 hominibus
1109 1970 1127 2018 ;
1159 1952 1358 2007 rectius
1384 1993 1398 2012 ,
1431 1952 1495 2005 de
1525 1951 1836 2006 hominibus.

599 2023 784 2080 Glebas
797 2025 945 2078 roris.
969 2025 1330 2079 Tlieotloritns
1350 2025 1496 2092 juxra
1521 2040 1624 2078 ιιι
1646 2022 1746 2077 Job
1778 2039 2002 2084 xxxvnt,
2020 2022 2124 2077 28:

525 2099 603 2158 τίς
628 2097 655 2180 ῥ
684 2101 902 2207 arronei»:
927 2098 1126 2170 βώλους
1151 2095 1343 2174 δρόσου
1374 2113 1389 2163 ;
1424 2095 1576 2168 Vulg.
1610 2094 1736 2161 Quis
1762 2099 1932 2166 genuit
1959 2094 2126 2149 stillas

530 2186 664 2207 nm.

530 2186 664 2224 τονιε
698 2189 710 2223 .‘

597 2241 679 2295 Ad
703 2241 1088 2297 similitudinem
1110 2241 1222 2311 eius
1244 2258 1333 2312 per
1353 2242 1540 2311 ipsum.
1562 2238 1736 2296 Verba
1769 2255 1859 2311 per
1880 2239 2045 2312 ipsum
2069 2248 2124 2294 et

1164 2438 1326 2458 ,‘3-‘47:

2245 1657 2346 1736 alia
2386 1657 2639 1736 nonnulla
2680 1657 3142 1736 bi_e_re.dunda_nt.
3182 1661 3370 1736 Locus
3419 1664 3620 1733 integer
3657 1681 3800 1736 graec

2235 1728 2314 1812 sic
2346 1745 2402 1784 se
2431 1728 2644 1812 hebeti
2687 1731 2869 1812 ccidi,
2895 1735 3025 1810 πρὸς
3055 1733 3329 1812 ὁμριότητρι
3362 1739 3516 1794 αὐτοῦ
3533 1728 3801 1812 inparium

2235 1761 2313 1784 an;
2346 1761 2402 1784 κς
2431 1761 2584 1783 ιιιιυυι
2624 1771 2636 1783 ο
2687 1761 2753 1788 τα
2779 1761 2832 1788 οι
2853 1774 2869 1800 ,
2895 1761 3025 1810 προς
3055 1761 3329 1808 ομοιοτητα
3362 1761 3516 1794 αυτου
3543 1761 3660 1812 tot?)
3683 1761 3800 1812 ομοια

2231 1802 2464 1881 {capsum
2498 1805 2564 1881 rei
2594 1800 2648 1881 ᾃέ
2670 1803 2778 1858 καθ’
2826 1806 3170 1878 ἱκουσιασμὸν
3191 1809 3457 1881 γενόμενα.
3512 1813 3574 1864 τὰ
3597 1761 3646 1867 Si
3666 1815 3800 1867 πάντα

2231 1871 2295 1950 δι’
2318 1871 2615 1950 abscidite
2639 1883 2729 1930 τοῦ
2758 1884 2889 1932 Θεοῦ
2920 1871 3180 1950 γενόμὲνα,
3198 1871 3374 1935 ’πάνλεα
3405 1880 3463 1937 δὲ
3490 1884 3540 1936 ἐκ
3567 1889 3654 1936 τοῦ
3674 1889 3795 1939 Θεοῦ.

2232 1944 2286 1998 ιρι
2312 1956 2400 2022 e~t
2427 1964 2438 1997 :
2475 1948 2600 2010 Qua:
2617 1959 2788 2022 autem
2809 1952 2875 2022 ad
2905 1944 3295 2004 similitudinem
3326 1954 3438 2022 ejus
3473 1958 3613 2007 verba
3637 1956 3794 2008 siunlia

2230 2027 2347 2070 sunt
2375 2017 2552 2084 futura
2582 2020 2762 2091 ,‘ejus
2789 2020 3049 2074 voluntate
3075 2025 3217 2091 facta
3258 2017 3399 2078 sunt.
3463 2025 3640 2079 Omnia
3662 2037 3799 2079 autem

2231 2091 2516 2165 per_ips_um
2541 2105 2571 2140 a
2602 2088 2726 2144 Deo.
2766 2091 2954 2144 Omnia
2976 2088 3193 2165 denique
3222 2111 3285 2148 ex
3319 2094 3447 2149 Deo.

2307 2159 2370 2213 Et
2400 2163 2761 2243 destruens....
2797 2165 2983 2243 gratia.
3011 2159 3119 2243 Gr:
3143 2168 3646 2243 zaijitpyacéywo;
3692 2172 3796 2225 κατὰ

2225 2238 2318 2293 τὴν
2341 2236 2641 2313 προςιιῦσὰν
2665 2256 2774 2313 ,σοι
2795 2237 2957 2313 θεόθεν
3007 2239 3188 2313 χάριν.
3224 2237 3291 2292 Et
3315 2236 3408 2310 ῥίο
3444 2236 3673 2298 diuinitus
3699 2257 3796 2296 con-

2229 2306 2392 2359 cessa'
2417 2306 2506 2359 tibi
2539 2308 2710 2377 gratia
2744 2306 3055 2378 perpolicns'.

1873 2435 3768 2465 mm

1858 2531 2483 2645 YICTORINI

1072 2699 1131 2745 ﬁ
1443 2713 1460 2779 ί
1491 2644 1904 2761 ΑυνΕιιευέ
1948 2693 2204 2757 ABIUM
2259 2694 2496 2756 LIBER
2532 2695 2849 2760 PRIMUS.

586 2846 631 2906 ι.
664 2850 719 2905 lu
748 2850 922 2922 primo
944 2863 1197 2906 sermone
1227 2847 1386 2919 hujus
1408 2847 1588 2920 operis
1621 2887 1635 2911 ,
1668 2854 1721 2901 et
1751 2845 1919 2900 multa
1939 2842 2115 2911 etiar-

516 2946 652 3002 tiora
679 2944 923 3016 qnurdam
945 2944 1106 2999 etiam
1144 2942 1334 2997 borum
1354 2985 1368 3006 ,
1411 2956 1444 2995 ο
1475 2942 1645 2994 amice
1667 2937 1903 2994 Candide
1929 2978 1943 3000 ,
1993 2951 2117 3006 pro-

2226 2857 2400 2910 neque
2430 2841 2498 2897 ab
2524 2841 2699 2912 aliqua
2731 2842 3011 2913 superiore
3037 2845 3122 2900 vel
3150 2847 3385 2914 potentia
3414 2889 3435 2915 ,
3465 2848 3549 2904 vel
3574 2848 3795 2920 excogita-

2227 2939 2373 2990 tione
2394 2978 2408 3000 ,
2431 2945 2486 2990 et
2513 2935 2673 2991 audet
2697 2945 2875 2991 tamen
2899 2937 3082 2994 dicere
3107 2980 3121 3004 ,
3153 2938 3471 3011 llgtuentum
3497 2957 3614 2999 esse
3636 2943 3788 3008 lilium,

515 3041 690 3112 posita
719 3050 878 3108 atque
909 3044 1135 3092 tractata
1168 3037 1261 3089 abs
1287 3045 1338 3089 te
1369 3045 1490 3087 sunt
1527 3049 1541 3098 ;
1572 3047 1693 3102 (tum
1723 3044 2028 3101 quanquam
2059 3036 2115 3081 ιιι
2144 3051 2188 3114 C
2227 3034 2500 3090 voluntate
2540 3048 2594 3090 et
2647 3036 2908 3091 sententia
2942 3039 3108 3107 patris
3133 3038 3435 3096 subsistere
3459 3083 3475 3107 ,
3511 3058 3611 3096 non
3641 3058 3696 3096 es
3715 3039 3793 3094 ali-

512 3133 750 3203 oportuit
779 3131 1042 3187 dissoluta
1070 3139 1196 3185 sunt
1217 3172 1231 3192 ,
1267 3137 1446 3182 tamen
1471 3125 1672 3180 ideirco
1704 3127 1803 3177 ista
1833 3138 1898 3178 ex
1928 3137 2114 3175 eorum

513 3226 757 3296 epistolis
787 3224 976 3281 audire
1005 3225 1305 3290 voluimus;
1364 3234 1419 3276 ιιι
1441 3222 1566 3275 ιΙιιιιι
1594 3222 1706 3275 luec
1735 3219 1880 3272 omni
1909 3215 2115 3272 refuta-

513 3320 661 3373 tione
682 3317 1072 3380 comincimus,
1106 3316 1197 3370 illa
1220 3329 1431 3385 quoque
1455 3329 1517 3367 es
1546 3313 1767 3366 istorum
1793 3308 2116 3364 refutatione

512 3413 811 3470 vincamus.
861 3411 927 3466 Et
955 3411 1182 3481 primum
1209 3407 1526 3462 deliuiemlm
1557 3414 1682 3460 sunt
1729 3405 1838 3458 Arii
1871 3401 2115 3457 Eusebii-

513 3524 618 3579 que
643 3505 926 3564 sententia:
958 3547 972 3570 ,
1003 3506 1180 3575 inquo
1226 3503 1378 3556 nobis
1403 3501 1738 3556 consentiant
1767 3540 1782 3564 ,
1841 3496 1894 3552 in
1919 3497 2113 3568 quibus

513 3602 846 3670 discrepent,
870 3600 921 3654 in
945 3599 1139 3669 quibus
1166 3597 1266 3666 ipsi
1285 3597 1384 3652 sibi
1403 3595 1686 3649 videantur
1699 3592 1930 3647 adversi.
1949 3591 2112 3646 Arius

507 3695 584 3748 ait
616 3734 630 3756 ,
659 3693 898 3764 quoniam
919 3692 1058 3761 ﬁlius
1086 3707 1185 3744 non
1208 3700 1278 3744 est
1301 3689 1576 3760 ingenitus.
1628 3685 1758 3740 Item
1814 3683 2108 3748 Eusebius,

506 3785 612 3842 hoc
639 3786 784 3842 idem
815 3783 952 3856 quod
996 3784 1099 3838 duo
1129 3799 1229 3838 non
1260 3783 1360 3835 sint
1397 3779 1641 3852 ingenita.
1702 3775 1867 3832 No‘bis
1898 3789 2110 3845 quoque

505 3879 608 3936 ista
638 3878 912 3936 sententia
939 3889 1038 3933 est.
1066 3877 1259 3943 Arius,
1295 3875 1433 3943 ﬁlius
1463 3915 1478 3941 ,
1511 3872 1712 3944 inquit,
1744 3888 1864 3942 pars
1897 3868 2109 3941 ingeniti

504 3992 606 4031 non
629 3985 732 4043 est,
766 3990 923 4045 neque
951 3983 1023 4028 est
1053 3989 1116 4027 ex
1140 3973 1313 4040 aliqua
1335 3971 1561 4042 subjecto
1594 3984 1611 4021 :
1642 3967 1755 4020 ltzec
1785 3966 1890 4019 duo
1917 3977 1969 4020 et
2004 3963 2109 4018 Eu-

503 4073 706 4130 sebius.
742 4072 807 4127 Et
832 4070 1013 4141 adjicit
1041 4088 1054 4124 :
1089 4086 1243 4140 neque
1272 4082 1430 4122 unum
1456 4063 1633 4119 induo
1655 4063 1870 4117 divisum
1896 4077 1914 4126 ;
1945 4059 1995 4114 id
2025 4068 2108 4114 est

502 4177 682 4222 autem
717 4206 732 4229 ,
780 4164 946 4218 libum
976 4172 1182 4234 partem
1209 4161 1427 4230 ingeniti
1477 4175 1584 4214 non
1613 4173 1754 4215 esse.
1811 4153 1916 4211 Sed
1943 4153 2108 4208 Euseo

500 4259 624 4316 hius
657 4277 670 4312 :
704 4256 885 4329 Neque
914 4273 1070 4328 pars,
1113 4271 1274 4323 neque
1304 4254 1552 4326 eﬂlueutia
1577 4295 1590 4315 .
1626 4251 1798 4323 inquit
1823 4293 1837 4312 ,
1869 4259 1958 4305 est.
1991 4247 2106 4303 Hoc

503 4366 604 4406 nos
633 4350 987 4408 consimiliter
1015 4363 1309 4420 negamus:
1349 4363 1467 4401 nam
1499 4361 1672 4416 neque
1702 4359 1825 4414 pars
1849 4345 2014 4414 patris
2037 4339 2103 4394 li-

2223 3145 2330 3199 quo
2359 3129 2636 3184 existenti.
2692 3130 2842 3186 Istud
2874 3149 2979 3187 non
3008 3145 3090 3189 est
3125 3134 3451 3204 principium
3485 3137 3576 3193 lilii
3601 3137 3789 3192 dicere:

2221 3222 2267 3276 si
2285 3223 2426 3277 enim
2455 3223 2587 3278 dicit
2615 3225 2715 3279 boc
2748 3267 2762 3290 ,
2809 3241 2878 3281 ex
2910 3243 3016 3282 non
3048 3228 3411 3285 existentibus
3440 3241 3525 3287 est
3556 3274 3570 3298 ,
3613 3249 3704 3287 non
3729 3238 3793 3285 est

2219 3316 2388 3386 patris
2463 3333 2636 3387 neque
2688 3334 2855 3388 pars,
2912 3337 3088 3391 neque
3147 3324 3450 3379 etlluentia.
3513 3325 3622 3380 Non
3649 3324 3789 3379 solum

2220 3409 2478 3480 principia
2512 3411 2659 3465 limit
2695 3453 2711 3480 ,
2744 3413 2838 3468 sed
2867 3425 2920 3468 et
2949 3422 3071 3477 τοῦς
3096 3416 3281 3491 λόγους
3321 3417 3716 3489 principiorum.
3747 3415 3790 3472 Si

2217 3514 2395 3557 autem
2421 3520 2528 3558 non
2555 3547 2570 3572 ,
2595 3522 2713 3576 qme
2739 3505 2962 3563 audacia
2994 3518 3077 3564 est
3101 3509 3283 3564 dicere
3326 3529 3340 3564 :
3375 3511 3492 3566 Hoc
3523 3513 3680 3577 Deus,
3709 3511 3789 3566 hoc

2216 3594 2466 3652 (ΣΙιιίςιιις
2487 3608 2572 3654 est
2603 3617 2615 3651 :
2651 3599 2752 3655 bne
2785 3612 2936 3668 pater
2962 3641 2978 3667 ,
3025 3601 3127 3657 hoc
3168 3603 3310 3659 lilius
3331 3605 3357 3658 ?
3413 3605 3525 3662 Nos
3549 3602 3790 3662 auteutdi-

2215 3693 2389 3747 cimus
2421 3735 2434 3756 ,
2461 3705 2666 3765 patrem
2691 3704 2745 3750 ut
2775 3705 2979 3767 patrem
3009 3739 3025 3765 ,
3056 3698 3221 3754 liliqu
3248 3712 3305 3755 ut
3340 3701 3540 3758 lilium.

2289 3785 2352 3841 II.
2407 3787 2473 3843 Et
2521 3789 2750 3860 primum
2805 3800 2862 3846 ιιι
2909 3791 2998 3847 ille
3059 3780 3627 3870 versiculissquiuque
3669 3793 3784 3869 quod

2221 3881 2518 3948 asserebat,
2548 3881 2798 3939 docuisse
2837 3899 2896 3940 se
2943 3885 3190 3953 credidit,
3223 3888 3395 3945 lilium
3431 3891 3623 3947 laetum
3648 3906 3781 3952 esse.

2214 3989 2319 4028 non
2373 3985 2592 4042 natum;
2635 3976 2715 4032 sic
2764 3993 2865 4034 nos
2913 3980 3079 4034 liliqu
3139 3991 3322 4038 natum
3381 3986 3610 4054 primum
3663 3996 3785 4039 sacra

2211 4067 2356 4120 omni
2390 4066 2626 4123 lectione
2655 4067 2994 4125 docebimus.
3029 4071 3233 4129 Deinde
3264 4073 3317 4129 id
3350 4076 3553 4146 ipsum,
3581 4077 3673 4132 boc
3693 4082 3783 4139 est,

2211 4159 2638 4216 substantialiter
2691 4161 2902 4230 lilium,
2945 4167 3298 4236 permittente
3348 4169 3443 4225 Dei
3487 4171 3694 4238 spiritu,
3739 4174 3786 4222 ut

2212 4269 2497 4323 possumus
2527 4270 2857 4311 asseremus.
2880 4257 3057 4329 Atque
3091 4275 3160 4314 es
3187 4259 3293 4316 hoc
3324 4263 3561 4331 primum
3579 4269 3784 4319 sumatur

2210 4345 2513 4401 exordium.
2565 4346 2765 4403 Paulus
2794 4349 2860 4403 ad
2894 4348 3158 4418 Ephesios
3190 4351 3412 4424 (Ephes.
3447 4373 3526 4422 ut,
3575 4351 3778 4424 II-Sl):

502 4446 609 4502 lius
638 4489 654 4514 ,
705 4461 878 4518 neque
929 4445 1209 4501 elllueutia
1257 4457 1376 4512 qua:
1429 4440 1698 4496 manando
1730 4439 1853 4494 inde
1879 4480 1892 4503 ,
1925 4439 2102 4492 minus
2128 4459 2184 4520 Β
2213 4437 2385 4514 Hujus
2425 4441 2500 4494 rei
2538 4442 2708 4511 gratia
2751 4443 2902 4512 ﬂecto
2922 4459 3087 4514 genua
3116 4461 3228 4498 mea
3253 4446 3323 4499 ad
3364 4458 3563 4518 patrem
3605 4443 3781 4501 Domini

500 4539 689 4594 fecerit
721 4540 862 4594 unde
889 4538 1137 4594 manarit.
1164 4537 1281 4590 .lam
1311 4550 1440 4590 vero
1468 4550 1534 4589 ex
1556 4550 1661 4588 non
1710 4533 1952 4602 subjecto
1979 4545 2103 4586 esse

501 4632 647 4687 ferre
700 4647 806 4687 non
835 4645 1119 4700 possmnus
1149 4646 1162 4683 :
1207 4644 1312 4684 non
1341 4628 1482 4697 quod
1541 4641 1638 4680 nos
1679 4641 1740 4680 ex
1770 4626 1947 4694 aliquo
1975 4623 2102 4678 sub-

497 4723 644 4796 jecto
696 4739 817 4780 es~e
866 4724 1108 4778 dicamus
1138 4765 1152 4787 ,
1206 4721 1299 4777 sed
1355 4719 1496 4790 quod
1535 4734 1566 4773 a
1607 4728 1754 4789 patre
1802 4727 1857 4770 ιιι
1909 4717 2094 4771 lilnuu.

501 4820 664 4874 Arius
695 4860 708 4882 ,
741 4819 996 4872 voluntate
1025 4857 1040 4882 ,
1068 4816 1241 4887 inquit
1263 4861 1276 4880 ,
1313 4814 1408 4869 Dei
1429 4813 1655 4869 subsistit
1681 4814 1817 4882 ﬁlius
1842 4823 1960 4864 ante
1982 4821 2100 4864 tent-

501 4927 629 4982 pora
659 4920 705 4966 et
729 4925 914 4964 leones.
966 4909 1112 4964 Idem
1144 4918 1198 4963 et
1225 4907 1492 4963 Eusebius
1557 4926 1570 4962 :
1603 4906 1708 4961 Nos
1739 4917 1860 4959 ante
1904 4919 2094 4959 omnes

499 5018 712 5068 mones,
768 5011 822 5056 et
851 5013 976 5056 ante
1014 5003 1191 5054 omnia
1226 5012 1506 5070 tempora;
1567 5000 1660 5054 sed
1701 4999 1934 5070 genitum
1963 4998 2096 5053 dici-

498 5110 654 5163 mus,
709 5110 814 5150 non
865 5093 1061 5148 factum
1091 5135 1104 5158 ,
1136 5109 1239 5147 non
1285 5103 1528 5148 creatum
1569 5136 1582 5159 ,
1637 5110 1739 5146 non
1794 5092 2090 5146 fundatum.

495 5188 658 5245 Arius
683 5188 808 5243 divit
845 5207 859 5242 :
893 5185 1091 5242 Filium
1141 5186 1354 5254 factum,
1407 5187 1610 5242 scilicet
1639 5187 1843 5257 plenum
1886 5186 2087 5250 Deum,

493 5282 849 5354 unigenitum,
906 5278 1272 5333 immutabilem
1305 5320 1319 5341 ,
1375 5279 1463 5349 qui
1518 5289 1784 5350 antequam
1837 5288 2093 5332 crearetur

493 5394 595 5432 non
627 5378 782 5449 fuerit
817 5418 831 5442 ,
867 5383 1131 5445 propterea
1153 5372 1290 5444 quod
1316 5389 1415 5425 non
1445 5373 1508 5425 sit
1537 5374 1811 5444 ingenitus.
1859 5375 1979 5427 lla~c
2003 5389 2092 5427 ea-

490 5469 614 5525 dem
648 5469 942 5530 Eusebius,
969 5465 1257 5534 adjieieus,
1282 5464 1419 5535 quod
1439 5463 1578 5532 ﬁlius
1606 5466 1775 5518 omnia
1796 5465 2001 5535 facienti
2025 5465 2091 5518 sit

489 5561 672 5617 similis
702 5578 721 5616 :
747 5576 845 5617 nos
878 5569 1092 5623 contra,
1123 5573 1230 5614 nou
1260 5558 1402 5612 enim
1428 5557 1681 5618 similem.
1715 5558 1807 5612 sed
1841 5557 2088 5613 emndem

492 5657 744 5724 dicimus,
766 5655 964 5726 quippe
984 5668 1049 5708 ex
1078 5651 1266 5708 eadem
1297 5648 1616 5707 substantia.
1645 5648 1914 5705 Prmterea
1943 5649 2092 5706 addit

488 5747 778 5813 Eusebius,
812 5744 1134 5817 principium
1167 5743 1262 5800 lilii
1292 5743 1418 5801 sciri
1449 5757 1548 5802 nec
1568 5741 1636 5800 ab
1654 5741 1874 5802 homine
1902 5756 2084 5814 posse,

2207 4532 2369 4587 nostri
2397 4531 2527 4586 Jesu
2555 4532 2768 4600 Christi,
2791 4551 2858 4590 ex
2886 4552 2983 4604 quo
3015 4537 3180 4591 omnis
3203 4544 3487 4607 paternilas
3519 4543 3566 4595 in
3595 4539 3718 4595 cretis
3741 4543 3778 4592 et

2205 4625 2414 4680 interra
2446 4627 2762 4692 nominatur,
2804 4637 2858 4681 ut
2885 4627 2968 4683 det
2998 4629 3136 4684 vobis
3162 4632 3443 4687 secundum
3475 4634 3667 4688 divitias
3690 4630 3778 4702 glo-

2204 4718 2297 4772 ria:
2317 4734 2444 4783 sure,
2475 4720 2658 4775 virtute
2697 4722 2981 4790 confortari
3012 4740 3102 4788 per
3140 4727 3379 4795 spiritum
3427 4745 3578 4782 suum
3604 4731 3650 4780 in
3678 4725 3778 4778 inte-

2204 4812 2340 4864 riore
2365 4811 2588 4877 homine,
2623 4811 2855 4866 habitare
2882 4813 3141 4869 Christum
3183 4834 3274 4884 per
3305 4818 3464 4887 [idem
3493 4820 3545 4873 in
3574 4817 3776 4873 cordibus

2203 4905 2398 4967 uestris,
2433 4907 2484 4957 in
2508 4905 2755 4959 charitute
2781 4906 3002 4960 radicuti
3023 4918 3070 4962 et
3101 4911 3321 4978 fundati,
3357 4922 3412 4965 ut
3439 4911 3641 4982 possitis
3664 4922 3775 4961 torn-

2205 4999 2513 5068 prehendere
2542 5016 2657 5052 cum
2701 5000 2933 5054 omnibus
2980 5003 3194 5068 sanctis,
3245 5021 3362 5076 qua:
3401 5007 3470 5060 sit
3508 5003 3708 5060 latitudo
3737 5005 3774 5053 ει

2203 5089 2492 5159 longitudo,
2541 5101 2585 5144 et
2617 5090 2834 5145 altitudo
2869 5101 2915 5145 et
2952 5095 3265 5160 profundum
3294 5112 3312 5150 :
3341 5099 3476 5152 scire
3516 5099 3657 5152 etiam
3695 5109 3768 5147 ss-

2203 5184 2588 5252 peremiuentem
2612 5183 2839 5239 scientia:
2867 5187 3166 5240 charitatem
3187 5187 3398 5255 Christi,
3415 5201 3472 5245 ut
3497 5191 3641 5259 imple
3656 5184 3769 5239 mini

2201 5279 2253 5332 in
2283 5295 2478 5332 onmem
2506 5279 2872 5350 plenitudinem
2903 5279 3020 5336 Dei.
3054 5280 3118 5335 Ei
3148 5292 3318 5337 autem
3346 5285 3431 5354 qui
3469 5293 3626 5354 potest
3642 5293 3766 5349 sapa

2200 5373 2368 5425 omnia
2405 5376 2574 5442 facere
2599 5371 2945 5428 abundantius
2992 5391 3146 5446 quam
3191 5379 3409 5444 petimus
3435 5389 3524 5432 aut
3554 5373 3762 5444 intelligi.

2195 5483 2332 5528 mus,
2383 5467 2661 5519 secundum
2711 5467 2946 5522 virtutem
2987 5486 3100 5539 qun.-
3128 5479 3372 5539 operatur
3412 5473 3467 5527 in
3499 5472 3653 5534 nobis.
3681 5464 3762 5539 ipsi

2192 5559 2360 5629 gloria
2391 5560 2441 5613 in
2469 5556 2676 5614 Christo
2702 5560 2856 5629 Iesu,
2877 5573 2924 5617 et
2945 5564 3206 5641 ἐκκλησίᾳ,
3230 5567 3284 5619 in
3313 5582 3489 5622 omnes
3508 5564 3759 5638 generatio-

2193 5667 2282 5705 nes
2321 5652 2655 5708 swculorum.
2692 5653 2829 5722 Quid
2863 5667 2929 5711 ex
2978 5655 3060 5711 bis
3103 5669 3328 5728 apparet
3381 5659 3631 5729 possibile
3660 5667 3757 5713 esse

2191 5757 2517 5815 cognoscere
2566 5745 2736 5804 Deum
2774 5755 2831 5806 et
2873 5747 2971 5807 Dei
2999 5749 3167 5807 lilium
3200 5768 3212 5806 :
3243 5763 3297 5809 et
3315 5753 3585 5824 quomodo
3609 5759 3752 5823 pater,
