4024 6306
277 291 414 348 1041

1442 293 1812 353 ADVERSUS
1852 294 2070 354 ARIUM
2111 298 2316 357 LIBER
2356 301 2396 356 Ι.

3439 306 3580 366 1042

273 404 547 477 quomodo
575 406 754 464 (ilius?
784 407 881 465 Est
906 418 1085 467 autem
1114 419 1168 467 ct
1211 410 1343 467 illud
1385 412 1436 467 iu
1472 412 1763 484 Evangelia
1789 427 1869 470 se-
1902 415 1951 476 Α
1980 413 2160 472 dinem
2191 427 2275 473 est
2301 428 2455 489 pater
2484 429 2539 476 et
2569 420 3581 497 idcircoipsumrequiescere.0perari

272 503 509 560 cundum
537 503 800 584 Joannem
857 506 1031 580 (Joan
1082 524 1133 573 ι,
1168 508 1298 580 18);
1334 507 1499 564 Deum
1546 508 1722 565 nullus
1751 509 1878 564 uidit

272 614 501 667 unquam
529 617 549 655 :
578 603 868 673 unigenitus
914 602 1053 673 ﬁlius
1102 603 1188 672 qui
1237 614 1309 658 est
1352 603 1408 658 in
1454 605 1648 676 gremio
1690 604 1874 676 patris,

275 693 368 749 ille
388 697 642 767 exposuit.
666 696 928 752 Possibile
957 698 1116 765 igitur
1142 698 1323 754 dicere
1352 698 1419 753 de
1447 699 1649 765 Deo,et
1674 698 1875 755 idcirco

274 796 329 843 et
354 787 421 844 dc
450 788 582 845 lilio.
623 788 754 858 Quis
784 790 928 846 enim
958 790 1026 846 de
1057 803 1208 862 patre
1234 791 1521 863 exposuit?
1553 791 1712 869 lilius.
1743 791 1875 861 Quis

272 882 411 938 istc?
440 886 528 952 qui
561 895 635 941 est
663 886 716 940 in
745 886 959 957 gremio.
990 884 1107 941 Non
1155 887 1330 941 solum
1379 887 1538 957 igitur
1585 887 1869 958 processit,

271 980 367 1036 sed
395 982 518 1037 etin
547 986 754 1052 gremio
793 997 1008 1053 semper
1048 992 1130 1038 est
1156 982 1318 1050 titius,
1364 981 1638 1038 sufficiens
1681 981 1873 1038 doetor

273 1073 342 1130 de
378 1087 548 1145 patre.
594 1074 731 1145 Quid
769 1076 1074 1132 enarravit?
1103 1075 1373 1147 quomodo
1407 1077 1565 1132 υνυς.
1595 1073 1665 1131 Et
1698 1074 1870 1131 Juda-i

269 1179 394 1223 ante
431 1179 485 1223 et
532 1168 732 1226 ethnici
789 1181 1177 1225 enarrth-ruut
1210 1169 1375 1242 :quid
1408 1185 1537 1240 ergo
1554 1168 1870 1225 enarravit?

268 1270 474 1332 patrem
522 1262 711 1330 Deum,
744 1278 803 1318 se
833 1274 1011 1318 autem
1058 1262 1244 1326 lilium.
1303 1274 1355 1318 et
1384 1263 1525 1335 quod
1567 1280 1633 1319 ex
1678 1263 1865 1318 eadem

266 1355 587 1421 substantia,
606 1364 660 1410 et
685 1354 827 1425 quod
853 1370 883 1409 a
905 1366 1054 1425 patre
1082 1355 1296 1411 exieiit.
1324 1356 1461 1410 Dicit
1489 1356 1632 1410 enim
1679 1352 1861 1423 (Joan.

264 1463 379 1514 vut,
414 1448 503 1523 19)
532 1468 545 1504 :
581 1448 762 1520 Neque
791 1467 869 1506 me
913 1451 1098 1520 nostis,
1148 1466 1310 1522 neque
1357 1458 1551 1521 patrem
1584 1465 1769 1504 meum.
1804 1447 1867 1503 Si

261 1543 398 1598 enim
422 1560 504 1599 me
533 1546 769 1611 nossetis,
798 1547 1013 1602 nossetis
1038 1556 1084 1601 et
1116 1556 1313 1618 patrem
1360 1561 1550 1600 meum.
1579 1544 1693 1600 Hoc
1727 1560 1864 1599 nun-

262 1651 421 1708 quam
452 1638 678 1705 diceret,
705 1640 945 1707 nossetis,
987 1642 1088 1696 nisi
1121 1640 1281 1708 lilius,
1313 1650 1365 1697 et
1417 1640 1559 1694 lilius
1604 1638 1860 1695 substan-

259 1730 461 1787 tialiter
486 1748 500 1787 :
530 1730 594 1788 Si
620 1749 698 1788 me
721 1735 954 1800 nossetis,
974 1735 1186 1790 nossetis
1205 1744 1252 1790 et
1276 1746 1489 1806 patrem.
1517 1732 1860 1805 Figmentum

1983 509 2125 564 enim
2152 510 2338 578 etiam,
2367 511 2411 566 si
2448 512 2911 584 iniperl’ectionem
2943 525 3218 587 operatur,
3252 516 3305 571 in
3339 516 3582 574 molestia

1981 611 2195 658 motus:
2228 604 2328 658 ista
2368 604 2645 662 beatitudo
2672 616 2777 676 est,
2811 608 3105 664 secundum
3136 608 3281 681 quod
3319 619 3406 666 est
3445 624 3577 681 ope~

1977 695 2083 749 rari
2116 695 2372 766 perfecta.

2049 786 2138 843 IV.
2164 787 2302 844 Audi
2336 791 2500 861 igitur
2529 801 2581 848 et
2612 793 2778 851 aliud.
2810 793 2965 864 Quod
2985 805 3068 852 est
3089 810 3244 865 esse,
3277 804 3435 870 pater
3460 806 3578 855 est:

1976 881 2117 951 quod
2146 894 2227 938 est
2252 886 2486 954 operari,
2514 885 2659 961 λόγος
2691 903 2704 941 :
2729 897 2784 942 et
2825 892 2976 960 prius
3005 898 3090 944 est
3127 890 3269 961 quod
3296 903 3374 946 est
3405 905 3529 946 esse
3561 908 3579 959 ;

1974 976 2302 1044 secundum,
2336 979 2478 1049 quod
2522 991 2607 1036 εει
2637 983 2873 1051 operari.
2915 981 3091 1038 Habet
3134 982 3351 1054 quidem
3398 984 3577 1057 ipsum

1975 1069 2115 1140 quod
2145 1083 2227 1126 est
2256 1086 2398 1137 esse,
2444 1074 2589 1129 intus
2631 1076 2845 1131 insitam
2892 1076 3264 1148 operationem
3292 1096 3306 1133 :
3337 1079 3382 1135 si
3428 1082 3577 1137 enim

1974 1173 2144 1227 titottt,
2178 1164 2279 1218 hoc
2310 1174 2414 1230 esl,
2445 1167 2782 1239 opt-ratione,
2814 1185 2936 1241 qua!
2967 1171 3070 1226 vita
3102 1183 3195 1227 aut
3217 1173 3307 1241 qui
3339 1174 3579 1232 intellec-

1978 1264 2061 1311 tus
2092 1268 2174 1312 est
2206 1273 2377 1329 :ergo
2408 1275 2511 1315 non
2546 1274 2623 1315 εει
2655 1262 2830 1316 solum
2877 1278 2999 1319 esse
3024 1303 3040 1331 ,
3090 1265 3183 1320 scd
3220 1263 3395 1335 ipsum
3437 1267 3581 1338 quod

1973 1350 2204 1421 primum
2224 1361 2306 1408 est
2328 1368 2468 1419 esse,
2501 1355 2876 1425 νγοιδιυτιμιυᾱ
2899 1366 2982 1411 cst
3003 1359 3051 1412 ei
3083 1358 3367 1426 quiescere
3393 1361 3570 1415 solum

1970 1444 2144 1517 ipsum
2171 1462 2292 1502 esse
2322 1465 2335 1500 :
2365 1458 2450 1504 est
2472 1448 2575 1504 isto
2602 1447 2763 1505 modo
2789 1464 2838 1506 et
2874 1451 3016 1522 quod
3049 1461 3133 1507 est
3156 1455 3395 1522 operari,
3428 1454 3574 1525 quod

1968 1551 2049 1595 est
2073 1540 2393 1609 secundum,
2452 1543 2706 1613 quoniam
2750 1558 2855 1598 nou
2914 1546 3077 1613 intus,
3134 1546 3231 1601 sed
3276 1562 3401 1603 eum
3443 1548 3577 1604 loris

1968 1643 2246 1706 operatur,
2266 1638 2476 1706 operari
2496 1636 2713 1692 dicitur.
2739 1638 3048 1708 Apparente
3070 1641 3213 1696 enim
3232 1641 3569 1713 operatione,

1967 1736 2023 1782 et
2069 1737 2153 1783 est
2191 1736 2246 1783 et
2300 1729 2606 1785 nominatur
2662 1731 2928 1801 operatio,
2979 1743 3033 1787 et
3074 1742 3132 1788 ut
3169 1735 3446 1803 generatio
3493 1734 3580 1791 sui

259 1824 403 1879 enim
449 1825 493 1880 si
542 1836 707 1890 estet,
759 1844 865 1882 non
913 1844 978 1883 ex
1028 1829 1147 1900 ipso
1193 1838 1348 1899 pater
1385 1839 1721 1893 nosceretur,
1763 1825 1857 1882 scd
1890 1823 1936 1884 B
1963 1818 2132 1890 ipsius
2164 1831 2219 1875 et
2242 1820 2545 1876 aestimatur
2569 1832 2623 1877 et
2659 1832 2742 1878 est
2775 1825 2893 1879 :sic
2932 1825 3091 1895 igitur
3124 1826 3175 1880 id
3218 1826 3393 1897 ipsum
3424 1826 3571 1898 quod

262 1918 502 1987 potentia
538 1919 631 1974 Dei
678 1930 728 1975 et
759 1920 1040 1988 divinitas,
1083 1935 1137 1977 ιιι
1171 1923 1369 1977 Paulus
1398 1922 1531 1978 dixit
1561 1940 1574 1976 ε
1610 1920 1787 1992 (Rom.
1814 1937 1852 1989 ι,

256 2011 372 2084 20).
409 2012 671 2070 Mirabilia
698 2017 834 2071 enim
864 2018 977 2088 ejus
1002 2035 1034 2072 a
1069 2028 1305 2073 creatura
1332 2018 1510 2073 mundi
1543 2034 1634 2090 per
1657 2033 1717 2072 ea
1742 2033 1857 2089 quae

256 2110 396 2179 facta
423 2117 542 2163 sunt
562 2152 577 2176 ,
605 2111 866 2166 intellecta
907 2125 1189 2168 noscuntur
1212 2129 1231 2167 :
1255 2122 1446 2168 (eterna
1495 2128 1693 2183 quoque
1743 2112 1856 2181 eius

254 2202 418 2256 virtus
461 2219 521 2257 ac
565 2203 826 2260 divinitas.
866 2205 931 2261 Et
962 2205 1196 2276 Spiritus
1241 2215 1461 2261 sanctus
1508 2205 1759 2277 exposuit
1787 2204 1856 2261 de

254 2293 492 2363 Christo,
524 2297 681 2353 sicuti
713 2297 841 2354 dicit
867 2299 1115 2357 Salvator
1154 2301 1205 2357 in
1238 2300 1533 2373 Evangelio
1554 2299 1853 2357 secundum

252 2386 514 2446 Joannem
548 2389 747 2463 (Joan.
796 2408 906 2460 xvi,
960 2393 1073 2465 16)
1110 2412 1124 2452 :
1173 2394 1405 2466 Spiritus
1454 2405 1661 2450 sanctus
1704 2411 1854 2466 quem

253 2485 417 2541 mittet
468 2484 622 2540 Pater
644 2487 698 2542 in
730 2504 843 2543 meo
889 2490 1111 2556 nomine,
1158 2489 1269 2560 ipse
1295 2506 1385 2544 ros
1414 2488 1612 2544 docebit
1658 2489 1851 2544 omnia.

252 2576 309 2632 Si
349 2577 508 2648 igitur
533 2580 611 2635 sic
640 2589 760 2635 snul
797 2581 919 2644 ista,
954 2581 1242 2638 didicimus
1272 2592 1327 2638 et
1358 2592 1565 2654 Patrem
1599 2590 1656 2638 et
1685 2582 1851 2638 lilium

252 2678 308 2725 et
340 2671 390 2726 in
422 2673 623 2729 sanctis
649 2674 952 2745 scripturis,
982 2658 1043 2731 et
1063 2690 1093 2730 a
1124 2674 1319 2748 spiritu
1364 2692 1522 2749 quem
1570 2675 1852 2732 doctorem

253 2762 419 2821 habet
447 2766 551 2821 Iide
579 2778 797 2824 sanctus
815 2770 917 2825 vir.

326 2860 415 2917 Ill.
452 2862 702 2919 Dicamus
745 2865 906 2935 igitur
936 2867 1250 2936 scripturas,
1282 2876 1336 2922 et
1379 2867 1609 2939 primum
1659 2881 1855 2923 serun-

254 2955 382 3012 dum
434 2955 698 3013 Joannem
729 2976 743 3013 :
773 2959 901 3015 dicit
944 2961 1089 3017 enim
1144 2961 1339 3035 (Joan.
1378 2978 1416 3027 ι,
1454 2960 1530 3036 l),
1580 2962 1853 3035 quomodo

251 3050 395 3126 λόγος
434 3063 486 3107 et
526 3053 578 3106 in
622 3052 884 3124 ιιι-ἰησὶιιίο
937 3065 1075 3122 erat,
1125 3066 1180 3111 et
1216 3058 1359 3112 circa
1408 3057 1573 3111 Deum
1618 3066 1766 3123 erat,
1799 3066 1853 3112 et

252 3143 525 3214 quomodo
573 3143 713 3200 Deus
753 3156 871 3202 erat
912 3149 1077 3224 λόγος.
1131 3148 1399 3221 Numquid
1453 3151 1521 3208 de
1565 3151 1671 3207 alio
1722 3151 1854 3208 dicit

1960 1931 2044 1977 est
2075 1921 2308 1991 operari,
2343 1930 2399 1977 ct
2438 1921 2614 1991 ipsum
2645 1937 2767 1978 esse
2796 1922 2988 1990 habet,
3031 1923 3201 1995 magis
3231 1936 3411 1980 autem
3461 1940 3572 1981 non

1960 2014 2127 2071 habet
2154 2030 2169 2070 :
2202 2015 2377 2086 ipsum
2408 2016 2552 2071 enim
2580 2017 2793 2085 Operari
2827 2032 2951 2072 esse
2976 2027 3093 2083 est;
3136 2016 3298 2072 simul
3327 2016 3474 2073 enim
3517 2025 3576 2074 et

1959 2109 2212 2181 simplex,
2255 2121 2308 2165 et
2338 2124 2459 2166 esse
2491 2120 2545 2165 et
2584 2110 2821 2181 operari,
2868 2125 3057 2166 eorum
3094 2127 3215 2181 quae
3243 2125 3409 2182 supra
3447 2120 3576 2168 sunt

1958 2215 2150 2263 natura
2191 2215 2274 2263 est
2317 2206 2598 2263 declarans
2623 2215 2679 2263 et
2704 2207 2894 2262 sortita
2921 2224 2935 2261 :
2963 2206 3257 2263 secundum
3302 2207 3445 2280 quod
3485 2216 3571 2265 est

1958 2301 2328 2372 requiescere,
2365 2302 2539 2372 ipsum
2580 2316 2701 2357 esse
2730 2309 2786 2358 et
2821 2302 3217 2369 substantiam;
3265 2302 3565 2360 secundum

1957 2403 2134 2449 autem
2159 2394 2300 2464 quod
2321 2404 2405 2449 est
2423 2395 2477 2450 in
2494 2404 2641 2450 motu
2661 2410 2802 2461 esse,
2825 2395 3115 2461 actionem,
3141 2395 3511 2466 operationem
3549 2416 3564 2451 :

1957 2485 2062 2541 hoc
2077 2487 2410 2559 autemquod
2424 2496 2509 2544 est
2524 2490 2576 2543 in
2592 2496 2735 2543 motu
2750 2488 3043 2557 esse,decla
3052 2488 3187 2543 ratio
3197 2488 3411 2556 estejus
3422 2489 3566 2560 quod

1957 2586 2185 2634 estesse
2212 2580 2508 2635 secundum
2538 2579 2827 2636 aetionem.
2859 2579 2924 2635 Et
2947 2580 3147 2636 ideirco
3180 2578 3345 2653 (Ibid.
3377 2581 3437 2653 9)
3459 2593 3567 2637 erat

1957 2672 2129 2726 lumen
2152 2672 2292 2743 quod
2312 2684 2612 2740 esteorum,
2635 2674 2773 2744 quod
2803 2673 3066 2730 illuminat
3084 2693 3282 2730 omnem
3310 2677 3567 2732 hominem

1958 2764 2238 2820 venientem
2268 2766 2320 2819 in
2357 2772 2628 2821 mundum.
2660 2768 2824 2844 Λόγος
2842 2784 2971 2839 ergo
3001 2769 3179 2824 lumen
3208 2778 3292 2824 est
3315 2770 3459 2840 quod
3482 2779 3567 2826 est

1954 2876 2176 2930 verum;
2207 2871 2258 2917 et
2284 2862 2485 2918 idcirco
2526 2861 2690 2928 (Ibid.
2716 2846 2848 2936 5,4)
2870 2863 3009 2935 quod
3024 2875 3098 2919 est
3122 2868 3337 2937 factum,
3369 2865 3423 2920 in
3449 2866 3562 2936 ipso

1955 2953 2058 3007 vita
2083 2963 2179 3020 est,
2212 2963 2259 3009 et
2286 2955 2387 3009 vita
2414 2954 2586 3010 lumen
2612 2956 2876 3012 hominum
2906 2972 2925 3011 :
2951 2967 3004 3013 et
3048 2956 3163 3027 ipse
3188 2957 3355 3032 λόγος,
3384 2956 3564 3013 lumen

1954 3064 2139 3105 verum
2169 3047 2353 3121 (Ibid.,
2386 3049 2476 3122 l9)
2518 3050 2570 3103 in
2592 3052 2782 3104 mundo
2806 3061 2934 3117 erat,
2964 3060 3010 3104 et
3031 3051 3252 3104 mundus
3281 3067 3372 3120 per
3397 3050 3565 3121 ipsum

1957 3148 2127 3215 factus
2156 3153 2227 3198 est
2247 3158 2267 3207 ,'
2286 3145 2375 3213 qui
2405 3145 2546 3198 lilius
2569 3152 2652 3198 cst
2686 3144 2801 3211 Dei,
2830 3143 2898 3200 de
2924 3159 3031 3215 quo
3059 3144 3188 3199 dicit
3212 3145 3230 3216 (
3256 3143 3397 3198 Ibid.
3417 3144 3510 3215 18)
3547 3161 3561 3198 :

251 3238 433 3313 167w;
465 3237 687 3295 omnino
715 3238 783 3296 de
814 3240 942 3297 tilio.
974 3219 1110 3312 Quid
1152 3219 1475 3320 ergo—1670;,
1510 3244 1556 3300 si
1597 3259 1664 3300 ex
1704 3244 1854 3300 nullo
1880 3219 1926 3284 C
1958 3232 2126 3289 Deum
2156 3251 2305 3289 nemo
2348 3235 2474 3290 vidit
2500 3252 2723 3306 unquam
2744 3252 2763 3291 :
2788 3237 3078 3309 unigenitus
3116 3237 3258 3307 ﬁlius
3295 3238 3383 3309 qui
3408 3246 3483 3293 est
3510 3239 3565 3292 in

253 3342 338 3385 eSt
362 3330 936 3405 subjecto?qnoniodo
962 3335 1111 3412 λόγος
1141 3336 1432 3405 potentiam
1468 3338 1649 3404 habet,
1682 3347 1740 3392 ut
1763 3354 1857 3407 per

254 3423 429 3493 ipsutn
449 3438 703 3483 creentur
727 3428 930 3496 omnia,
964 3428 1078 3499 ipse
1101 3429 1190 3497 qui
1219 3429 1286 3483 sit
1313 3444 1379 3484 ex
1405 3430 1554 3486 nullo
1570 3429 1856 3499 subjecto?

253 3513 594 3587 Imposs-ibile
633 3521 800 3584 enim,
843 3535 1029 3577 semen
1079 3536 1200 3578 esse
1241 3522 1483 3577 omnium
1533 3538 1654 3593 qum
1695 3534 1849 3592 sunt,

254 3612 399 3681 quod
440 3626 504 3667 ex
552 3613 722 3669 nihilo
760 3612 958 3673 laetum
1005 3628 1104 3673 est.
1160 3615 1364 3671 Deinde
1407 3615 1455 3670 si
1484 3617 1534 3670 iu
1590 3616 1855 3688 principio

255 3713 396 3771 erat,
429 3706 703 3777 quomodo
733 3708 1053 3779 principium
1088 3726 1101 3763 :
1145 3710 1444 3764 secundum
1477 3709 1618 3779 quod
1650 3711 1849 3781 princio

257 3797 404 3869 pium
447 3809 552 3867 est,
581 3800 703 3857 sine
733 3803 998 3874 principio
1024 3812 1108 3860 est
1138 3821 1153 3857 :
1183 3804 1271 3875 qui
1305 3812 1423 3860 erat
1466 3805 1519 3860 in
1568 3804 1850 3876 principio,

254 3900 374 3948 erat
418 3908 654 3965 semper.
685 3893 815 3962 Quae
845 3895 1007 3967 igitur
1027 3895 1289 3951 audacia?
1332 3911 1452 3967 qmn
1481 3895 1857 3967 blasphemia?

255 3986 372 4042 Non
396 3996 513 4042 erat
539 3988 851 4061 aliquando,
880 3989 1096 4055 dicere,
1135 3990 1293 4046 toties
1332 3992 1541 4051 Joanne
1595 3989 1853 4047 dicente:

259 4079 389 4134 Erat
436 4080 584 4157 λόγος
631 4082 684 4136 in
726 4082 1015 4154 principio,
1065 4092 1184 4138 erat
1228 4082 1294 4136 ad
1336 4083 1535 4145 Deum,
1570 4092 1686 4138 erat
1717 4082 1859 4138 Deus

253 4171 403 4247 λόγος
444 4173 596 4243 ipse?
625 4173 755 4228 Erat
806 4173 895 4231 hic
942 4175 992 4228 in
1047 4175 1311 4244 principio
1355 4175 1421 4230 ad
1471 4175 1657 4230 Deum.
1708 4174 1860 4231 [.ictrt

258 4266 407 4322 enim
436 4277 543 4322 erat
571 4270 826 4337 praeteriti
858 4270 1117 4340 temporis
1145 4269 1593 4341 signiﬁcationem
1629 4268 1855 4335 habeat,

257 4362 572 4431 frequenter
599 4380 705 4419 non
734 4363 850 4420 sine
883 4363 1177 4434 principio;
1216 4362 1311 4419 sed
1331 4362 1417 4419 hic
1444 4365 1563 4419 sine
1596 4362 1859 4434 principio

256 4456 654 4525 accipiendum,
689 4456 943 4528 quoniam
970 4456 1109 4512 dixit
1132 4474 1145 4510 :
1172 4455 1237 4511 In
1260 4457 1515 4529 principio
1545 4464 1673 4511 erat.
1702 4454 1859 4526 Quod

256 4559 310 4605 et
348 4564 442 4605 νος
471 4550 785 4621 signiﬁcatis
811 4559 937 4607 ante
967 4561 1232 4622 tempora,
1279 4560 1405 4627 ante
1453 4564 1638 4605 (nonas
1674 4548 1861 4609 dicen-

1955 3334 2150 3406 gremio
2179 3333 2359 3404 patris,
2389 3335 2500 3405 ipse
2523 3335 2778 3389 enarravit
2809 3336 2872 3388 de
2896 3334 3048 3411 λόγῳ.

2035 3428 2095 3486 ν.
2120 3427 2311 3484 Omnia
2339 3442 2502 3499 supra
2533 3428 2666 3484 dixit
2694 3439 2749 3485 et
2776 3428 3055 3499 conjunxit
3083 3428 3151 3484 de
3172 3427 3284 3484 tilio
3305 3471 3320 3495 ,
3357 3429 3563 3485 nullum

1957 3522 2123 3578 alium
2153 3523 2319 3577 lilium
2351 3521 2635 3577 declarans
2657 3562 2673 3588 ,
2718 3537 2877 3592 qnam
2916 3523 3001 3579 τὸν
3027 3522 3191 3595 λόγον.
3228 3521 3358 3577 Erat
3405 3522 3567 3592 igitur

1958 3616 2103 3671 Illius
2138 3615 2205 3670 ad
2240 3616 2429 3681 Deum,
2478 3625 2532 3671 et
2586 3615 2638 3670 in
2685 3615 2950 3693 principio
2997 3623 3135 3680 erat,
3178 3624 3234 3671 et.
3275 3616 3392 3687 ipse
3424 3615 3566 3672 Deus

1957 3720 2097 3778 erat,
2128 3720 2184 3766 et
2220 3725 2318 3781 per
2343 3710 2515 3781 ipsqu
2542 3710 2721 3763 omnia
2751 3707 2891 3765 facta
2915 3719 3074 3775 sunt,
3113 3718 3168 3765 et
3194 3709 3307 3777 ipse
3332 3721 3416 3765 est
3447 3709 3569 3765 uni-

1957 3806 2176 3879 genitus
2208 3823 2222 3860 :
2251 3813 2306 3860 ct
2334 3805 2500 3859 veluti
2531 3801 2785 3874 prodiens
2811 3802 3029 3874 quidem
3055 3817 3086 3857 a
3121 3812 3274 3873 patre
3296 3843 3311 3869 ,
3360 3801 3429 3857 ad
3476 3816 3569 3872 pa-

1963 3906 2099 3955 trem
2129 3908 2243 3952 erat
2271 3906 2491 3968 propter
2519 3896 2620 3951 hoc
2641 3894 2784 3967 quod
2811 3905 2896 3952 est
2916 3894 3159 3966 operari;
3193 3904 3418 3967 propter
3436 3911 3566 3951 vero

1960 3990 2105 4062 quod
2147 3999 2232 4047 est
2264 4005 2387 4046 esse
2435 3993 2486 4045 in
2532 3993 2742 4061 gremio
2786 3990 2954 4061 patris
2988 3989 3251 4055 existens,
3290 3989 3566 4045 enarravit

1963 4085 2030 4141 de
2061 4095 2235 4158 patre,
2284 4085 2585 4141 declaratio
2625 4084 2793 4155 patris
2817 4084 3047 4140 ell'ectus
3075 4083 3373 4139 secundum
3419 4082 3566 4155 quod

1962 4193 2045 4236 eSt
2067 4179 2300 4249 operari.
2327 4176 2480 4247 Quod
2509 4176 2743 4232 maxime
2791 4176 2935 4253 λόγος
2964 4186 3048 4232 est
3075 4177 3189 4249 ipse
3221 4177 3362 4233 Illius
3386 4218 3402 4244 ,
3448 4177 3567 4248 ipse

1964 4273 2170 4336 lumen,
2202 4272 2318 4343 ipse
2349 4272 2475 4326 vita.
2496 4270 2651 4340 Quod
2682 4269 2822 4326 Deus
2848 4283 2931 4326 est
2955 4269 3120 4336 (ilius,
3150 4271 3231 4329 sic
3250 4269 3383 4327 dicit
3405 4271 3570 4328 Ioan-

1965 4383 2062 4424 nes
2088 4366 2252 4442 (Ibid.
2281 4367 2350 4439 t):
2382 4364 2452 4420 Et
2472 4364 2610 4421 Deus
2632 4378 2737 4421 erat
2758 4366 2923 4440 λόγος.
2946 4365 3012 4422 Et
3038 4380 3255 4422 rursus:
3277 4365 3461 4438 (Joan.
3481 4381 3562 4433 ut,

1966 4461 2058 4536 15)
2082 4481 2095 4519 :
2122 4459 2318 4516 Nullus
2341 4460 2567 4517 ascendit
2594 4460 2645 4515 in
2662 4461 2867 4526 caelum,
2887 4460 2985 4516 nisi
3012 4461 3098 4531 qui
3118 4461 3181 4514 de
3200 4460 3326 4515 coelo
3351 4460 3564 4515 descen-

1964 4557 2059 4613 dit.
2113 4556 2268 4626 Quod
2319 4556 2423 4611 vita
2477 4563 2563 4612 est
2605 4556 2744 4609 lilius
2782 4552 2946 4627 (Ibid.
2981 4553 3115 4621 15):
3161 4551 3230 4609 Ut
3277 4554 3367 4624 qui
3406 4552 3568 4608 credit

259 4653 343 4699 ιθε
372 4617 545 4713 (Ibid:
563 4645 655 4716 5):
688 4644 896 4711 θηιηίαο
941 4617 1093 4710 die";
1118 4661 1208 4714 Ρθτ
1245 4624 1420 4710 ipsam
1465 4645 1604 4715 [ασῑα
1628 4651 1761 4706 δυηεο
1812 4617 1941 4697 81D
1969 4654 2023 4708 in
2068 4617 2237 4722 ipsum
2274 4665 2376 4705 non
2420 4656 2611 4720 pereat.
2670 4647 2740 4703 Et
2790 4617 2979 4703 rursus
3026 4617 3244 4720 (Μία.)
3273 4617 3301 4701 τ’
3335 4646 3443 4704 Sed
3466 4650 3569 4705 Ita-

257 4738 370 4795 sine
416 4738 508 4793 illo
548 4738 785 4807 eﬂ'ectum
827 4748 899 4794 est
928 4738 1077 4793 nihil.
1128 4737 1340 4793 Etenim
1396 4735 1519 4792 sine
1545 4736 1678 4812 λόγῳ
1729 4735 1858 4807 quid

258 4842 345 4890 est
366 4875 381 4899 ,
422 4834 562 4905 quod
597 4849 702 4890 non
734 4842 790 4888 ut
818 4834 889 4889 sit
917 4831 1179 4904 accipiat?
1207 4831 1367 4888 Solus
1405 4832 1549 4887 enim
1579 4831 1748 4907 λόγός.
1773 4847 1862 4888 se—

258 4931 493 4985 cnudum
540 4930 683 5001 quod
712 4930 881 5004 λόγος.
913 4939 994 4985 est
1026 4936 1082 4984 et
1118 4926 1222 4983 sibi
1266 4935 1321 4983 et
1357 4926 1478 4982 aliis
1507 4925 1683 4997 ipsum
1714 4926 1861 4993 quod

258 5033 340 5078 est
377 5064 392 5090 ,
447 5021 561 5093 ipse
614 5031 833 5093 praestet
882 5022 1132 5075 onmibus
1211 5036 1331 5091 qua:
1375 5028 1520 5076 sunt.
1562 5019 1630 5074 Et
1661 5017 1861 5074 idcirco

259 5116 485 5186 mqualis
530 5115 746 5186 quidem
794 5118 951 5187 patri.
1007 5113 1182 5170 Causa
1234 5115 1377 5170 enim
1442 5112 1755 5185 principalis
1807 5120 1863 5168 et

260 5208 365 5263 sibi
419 5215 476 5263 et
516 5208 634 5263 aliis
691 5222 856 5264 causa
911 5215 1026 5275 cst,
1077 5208 1364 5277 potentia,
1425 5217 1481 5262 et
1533 5204 1861 5262 substantia.

258 5300 434 5356 Causa
503 5301 788 5358 exsisteus.
845 5300 965 5355 Prie
1032 5315 1193 5355 causa
1246 5309 1423 5355 autem
1476 5309 1651 5371 pater.
1709 5296 1864 5356 Unde

261 5393 405 5450 ﬁlius
434 5394 655 5451 distabit
690 5398 812 5462 hoc,
843 5394 986 5467 quod
1019 5402 1270 5450 movetur
1292 5403 1343 5451 et
1376 5404 1634 5466 operatur
1662 5395 1715 5450 in
1748 5409 1863 5450 ma-

260 5488 683 5557 nifestationem,
719 5500 940 5562 propter
968 5506 1216 5562 magnam
1242 5490 1578 5548 divinitatem
1605 5490 1760 5547 nobis
1782 5491 1862 5545 iu-

269 5584 677 5659 coguosibiliter
710 5586 995 5659 operante]
1020 5597 1194 5658 patre.
1224 5585 1400 5657 Supra
1431 5587 1577 5644 enim
1624 5588 1856 5646 beatitu-

1969 4748 2082 4804 beat
2126 4763 2300 4818 Spem,
2332 4746 2487 4802 vitam
2536 4756 2803 4800 cateruam.
2854 4741 3009 4812 Quod
3047 4742 3189 4800 illius
3223 4742 3388 4819 (Ibid.
3423 4742 3521 4818 l6)
3551 4762 3567 4800 :

1978 4840 2127 4898 Unde
2154 4840 2316 4911 ﬁlium
2330 4856 2479 4896 suum
2494 4838 2810 4911 unigenitum
2841 4836 3073 4891 tradidit.
3105 4835 3299 4891 Filium
3328 4835 3486 4903 dixit,
3513 4846 3591 4911 et,

1973 4952 2155 5003 suum,
2182 4944 2238 4991 et
2267 4935 2619 5005 unigenitum.
2642 4931 2779 5001 Quid
2808 4932 3040 5003 amplius
3061 4929 3128 4986 ad
3157 4944 3343 4986 verum
3364 4928 3572 4985 lilium?

1973 5030 2127 5097 Quod
2160 5028 2275 5099 ipse
2308 5028 2414 5082 vita
2440 5044 2454 5081 :
2482 5035 2539 5081 ut
2558 5026 2723 5080 omnis
2752 5026 2840 5095 qui
2860 5025 3019 5080 credit
3046 5027 3098 5079 in
3126 5024 3317 5095 ipsum,
3348 5039 3450 5079 non
3482 5039 3572 5093 pe-

1968 5132 2112 5190 reat,
2163 5121 2254 5178 sed
2306 5118 2484 5174 habeat
2538 5120 2693 5174 vitam
2735 5130 2997 5174 tetrrnam.
3055 5117 3207 5186 Quod
3266 5118 3381 5187 ipse
3428 5116 3569 5171 Illius

1966 5214 2214 5272 Christus
2248 5223 2333 5271 est
2357 5210 2519 5283 (Ibid.
2546 5212 2638 5280 17)
2668 5229 2681 5267 :
2714 5209 2836 5265 Non
2887 5214 3025 5266 enim
3051 5211 3187 5266 misit
3212 5208 3349 5265 Deus
3375 5209 3565 5279 ﬁlium,

1968 5319 2023 5365 ut
2037 5308 2239 5382 judicet
2284 5306 2551 5367 mundam.
2582 5304 2672 5359 sed
2703 5313 2757 5359 ut
2797 5303 2955 5357 salvct
2983 5302 3254 5357 mundum.
3287 5300 3441 5370 Quod
3482 5301 3570 5356 lu-

1969 5418 2120 5467 men,
2151 5399 2218 5456 de
2241 5400 2361 5471 ipso
2390 5398 2519 5454 dicit
2546 5395 2713 5470 (Ibid.
2748 5394 2871 5467 l9):
2912 5394 3166 5461 Quoniam
3226 5394 3397 5449 lumen
3440 5395 3573 5450 venit

1973 5498 2028 5552 in
2047 5496 2314 5550 mundum.
2346 5493 2583 5549 Joannes
2604 5506 2710 5545 non
2726 5498 2840 5545 crat
2861 5504 3046 5544 verum
3068 5488 3273 5550 lumen,
3295 5495 3351 5543 et
3371 5484 3575 5542 idcirco

1964 5591 2094 5649 dicit
2140 5587 2345 5664 (Joan.
2382 5601 2422 5654 ι,
2452 5587 2522 5644 2o
2546 5584 2604 5657 ):
2652 5583 2793 5640 Num
2836 5599 2950 5640 sum
2989 5579 3222 5638 Christus
3250 5622 3265 5650 ,
3303 5579 3398 5637 sed
3428 5581 3571 5653 quod

1574 5728 1942 5793 VARIORUM
1978 5730 2210 5791 ΝΟΤΔΕ.

262 5941 273 5950 ,
341 5871 464 5946 Ipse
491 5880 712 5947 prorslet.
735 5871 841 5927 Aut
866 5877 1099 5944 praestat,
1129 5875 1221 5924 aut
1246 5883 1359 5923 cum
1380 5867 1491 5939 ipse
1515 5879 1743 5941 praestet,
1773 5869 2059 5945 legendum
2078 5869 2307 5927 videtur.
2370 5936 2384 5944 γ
