4024 6306
533 357 554 415 1
567 354 672 414 015

1768 346 1959 412 MAR"
2004 342 2347 411 VICTORINI
2391 354 2552 410 AFRI

3668 361 3776 418 illii

534 476 732 532 missus
755 486 898 530 sum.
931 470 1126 529 Missus
1144 476 1226 525 est
1246 481 1376 538 ergo
1395 464 1652 523 Joannes.
1672 465 1917 523 Christus
1946 476 2127 522 autem
2155 466 2205 527 Α
2243 458 2404 521 Panis
2429 467 2546 521 vita
2572 483 2685 522 sum
2721 484 2813 539 ego
2861 468 3025 542 (Ibid.
3058 471 3150 543 59)
3182 487 3200 526 :
3234 472 3321 542 qui
3344 472 3498 527 istum
3536 474 3784 541 manducet,

544 568 685 627 ﬁlius
706 566 761 643 (1
770 585 889 623 oon.
916 583 1009 634 111,
1040 563 1156 639 51),
1185 563 1273 632 qui
1332 561 1549 634 desuper
1593 561 1746 630 venit,
1773 579 1933 634 supra
1961 578 2135 619 omnes

539 670 631 718 est.
665 659 736 717 Et
764 660 991 716 rursus:
1027 656 1102 713 De
1121 654 1246 713 cteio
1268 654 1489 710 ueniens.
1524 652 1734 710 Dicitur
1758 653 1973 727 quidem
1993 652 2138 726 quod

538 758 608 812 sit
639 757 833 813 missus
859 770 889 810 a
910 755 1050 819 Deo;
1076 748 1425 830 111(1111ά.,17)
1450 749 1629 820 ﬁlium
1654 748 1797 805 enim
1825 748 1962 804 misit
1980 747 2138 804 Deus.

541 848 646 906 Sed
667 850 765 905 ista
788 834 915 915 duo,
940 857 991 905 et
1017 847 1259 916 veniens,
1279 847 1331 905 ei
1349 846 1515 915 misit,
1542 856 1596 902 et
1619 842 1785 900 lilium
1808 842 1860 899 in
1887 853 2059 918 patre,
2086 852 2142 901 et

545 952 753 1014 patrem
797 942 848 997 111
890 940 999 997 11110
1048 957 1169 998 esse
1206 940 1540 1014 signiﬁcant;
1586 938 1839 1011 quaniam
1891 936 2141 994 Christus

547 1032 653 1090 vita
676 1032 991 1091 Samarilitli
1017 1030 1147 1090 dicit
1184 1032 1361 1094 iJoan.
1396 1049 1471 1097 Iv,
1492 1030 1559 1088 i0
1582 1039 1629 1101 )z
1652 1028 1732 1086 Tu
1749 1030 1811 1084 ab
1838 1047 1896 1085 eo
1928 1040 2141 1101 peteres,

544 1137 591 1185 et
612 1127 702 1184 tibi
731 1129 874 1183 daret
906 1134 1088 1199 aquam
1116 1126 1380 1183 uiueniem.
1417 1126 1483 1182 Et
1505 1140 1690 1181 rursus
1724 1121 1886 1190 (Ibid.
1910 1121 2142 1196 13,“):

548 1220 727 1277 Omnis
756 1217 841 1292 qui
861 1216 1038 1276 biberit
1065 1237 1129 1275 ea:
1148 1236 1283 1292 aqua
1311 1219 1431 1283 ista,
1459 1219 1639 1273 iterum
1665 1211 1836 1290 sitietz:
1857 1215 1945 1288 qui
1974 1225 2146 1271 autem

542 1312 723 1373 biberit
752 1329 815 1368 ex
842 1313 941 1368 ista
967 1330 1103 1384 aqua
1128 1330 1282 1384 quam
1311 1329 1404 1384 ego
1433 1311 1567 1365 dabo
1612 1310 1713 1381 ipsi
1740 1352 1755 1377 ,
1787 1326 1890 1364 non
1919 1308 2053 1363 sitiet
2092 1309 2147 1363 in

548 1406 686 1463 Omni
702 1404 928 1462 saeculo:
958 1406 1047 1462 sed
1088 1423 1225 1478 aqua
1271 1422 1425 1476 quam
1460 1402 1560 1476 ipsi
1604 1402 1758 1465 dabo,
1811 1400 2053 1473 efﬁcietur
2093 1399 2149 1457 in

545 1501 659 1571 ipso
714 1503 830 1572 fons
884 1508 1035 1571 atque
1080 1498 1320 1553 sententis
1375 1497 1427 1551 in
1466 1497 1620 1551 vitam
1670 1503 1934 1548 aeternam.
1995 1490 2149 1558 Qum!

550 1591 803 1649 Christus
826 1588 1074 1647 Salvator
1101 1588 1264 1666 (ibid.
1292 1586 1387 1662 l2)
1414 1609 1426 1644 :
1467 1587 1531 1645 Et
1560 1588 1770 1654 scimus,
1800 1586 2040 1660 quoniam
2058 1586 2152 1641 iste

552 1696 625 1742 est
657 1684 900 1742 Saluator
928 1682 1125 1739 mundi.
1146 1683 1299 1753 Quod
1329 1680 1468 1739 illius
1493 1678 1582 1738 Dei
1614 1690 1696 1737 est
1723 1678 1904 1752 (Joan.
1927 1698 1984 1748 v,
2008 1677 2096 1745 i7)
2130 1697 2144 1734 :

2240 558 2366 614 uiuet
2404 561 2457 615 in
2482 562 2749 616 steculum.
2780 563 2982 619 Cuncta
3023 564 3125 621 ism
3166 581 3327 622 unam
3365 567 3700 624 substantiam
3727 570 3788 626 si-

2241 650 2500 727 gniﬁcant
2530 672 2544 712 :
2580 646 2644 712 Et
2675 655 2878 715 idcirco
2906 659 3040 716 dicit
3077 659 3239 718 Jesus
3275 656 3416 734 quod
3450 663 3667 737 desuper
3703 673 3788 735 est,

2242 750 2335 823 qui
2362 751 2490 808 dit-it
2525 752 2625 808 ista
2675 754 2837 828 (ibid.
2870 754 2960 826 63)
2991 775 3005 811 :
3035 757 3096 813 Si
3125 758 3285 829 igitur
3309 759 3532 814 uideritis
3555 761 3791 828 1111101110-

2244 845 2397 899 minis
2427 846 2784 903 ascendentem
2818 848 2905 902 ubi
2933 848 3031 920 fuit
3063 851 3248 923 prius?
3274 851 3426 920 Quod
3455 850 3662 921 Spititus
3685 852 3794 909 Deus

2245 947 2347 1002 est,
2376 934 2578 994 dictum
2617 950 2698 995 est
2744 939 2927 1009 (Joau.
2965 957 3042 1006 tv,
3074 941 3167 1015 24)
3198 961 3211 998 :
3244 942 3476 1015 Spiritus
3499 943 3627 999 Deus
3650 956 3725 999 est.
3746 946 3799 1002 Et

2245 1030 2388 1103 quod
2421 1030 2561 1088 ﬁlius
2599 1031 2820 1104 Spiritus
2842 1043 2924 1089 est
2970 1034 3277 1103 viriticans,
3312 1035 3457 1107 quod
3483 1036 3580 1091 ista
3612 1037 3725 1093 tides
3746 1037 3800 1093 sit

2248 1125 2482 1196 perfecta
2508 1123 2561 1179 in
2579 1123 2875 1193 Christum,
2896 1125 3027 1183 dicit
3054 1118 3244 1184 Petrus
3261 1121 3446 1200 (Joan.
3475 1144 3528 1183 Vl
3547 1170 3562 1194 ,
3589 1128 3671 1193 69,
3697 1129 3797 1200 70):

2259 1215 2478 1273 Verbum
2506 1219 2623 1274 uitta
2643 1231 2846 1275 ceterum
2871 1219 3057 1275 habes:
3084 1230 3131 1275 et
3153 1238 3247 1275 nos
3278 1220 3536 1275 credimus
3564 1222 3615 1274 in
3634 1230 3693 1281 te,
3711 1218 3801 1273 Do-

2249 1313 2407 1380 mine,
2429 1312 2672 1382 quoniam
2697 1323 2752 1369 tu
2779 1331 2831 1370 es
2856 1314 3094 1372 Christus
3125 1316 3263 1385 ﬁlius
3304 1313 3421 1371 Dei.
3452 1314 3588 1385 Quid
3614 1325 3688 1369 est
3713 1331 3805 1370 ver-

2249 1408 2377 1468 bum
2397 1409 2522 1465 vita:
2550 1411 2806 1466 aeternae?
2834 1411 3089 1481 quoniam
3121 1410 3306 1483 siqnis
3334 1419 3388 1467 te
3415 1409 3596 1477 audit,
3623 1409 3744 1465 vivet
3764 1408 3805 1463 iu

2250 1514 2537 1559 aeternum.
2596 1503 2751 1573 Quod
2781 1520 2811 1559 a
2860 1502 2970 1560 Deo
3015 1504 3196 1578 (Joan.
3250 1520 3362 1572 vtt,
3405 1501 3687 1575 29):Ego
3726 1503 3805 1557 scio

2251 1596 2442 1668 ipsum,
2465 1596 2602 1667 quod
2616 1598 2680 1653 ab
2702 1598 2813 1669 ipso
2841 1616 2972 1655 sum.
2992 1597 3462 1678 Quodsubstantia
3479 1596 3638 1669 patris
3652 1595 3806 1652 Chris-

2254 1701 2338 1747 tns
2372 1682 2557 1763 (Joan.
2581 1708 2696 1760 ιιν,
2734 1693 2820 1759 10,
2846 1692 2936 1768 11)
2969 1715 2982 1751 :
3010 1693 3122 1767 Ego
3140 1691 3191 1748 in
3212 1702 3378 1766 patre,
3407 1702 3455 1749 et
3483 1703 3622 1764 pater
3654 1694 3699 1747 in
3726 1708 3801 1746 me.

554 1776 716 1835 Pater
764 1792 906 1833 meus
956 1792 1115 1849 usque
1167 1792 1303 1832 nunc
1338 1785 1598 1848 operatur.
1644 1774 1777 1842 Quis
1818 1774 1923 1830 ltoc
1975 1771 2150 1829 dicit?

2282 1785 2371 1843 loc
2401 1802 2507 1841 non
2538 1803 2634 1858 per
2659 1786 2974 1860 dignitatem
3000 1789 3199 1855 solum,
3233 1787 3328 1845 sed
3351 1804 3451 1859 per
3481 1786 3805 1844 substantiam.

550 1866 819 1930 Christus.
861 1872 993 1940 Quae
1022 1868 1357 1940 blaSphemia
1389 1866 1579 1938 ipsius,
1609 1876 1816 1939 patrem
1844 1865 2027 1922 dicere
2058 1864 2152 1936 qui

2274 1878 2317 1937 5i
2338 1876 2481 1936 enim
2509 1897 2607 1953 per
2662 1858 2977 1953 dignitatem
3017 1882 3217 1950 solum,
3261 1858 3534 1952 quomodo
3572 1881 3677 1952 ipse
3709 1878 3812 1934 dicit

558 1980 669 2023 non
704 1961 775 2021 sit
807 1960 998 2037 pater?
1022 1979 1143 2036 qua:
1172 1961 1251 2020 ira
1277 1960 1586 2020 .ludzeorum
1617 1960 1780 2034 (ibid.
1812 1959 1901 2034 18)
1931 1959 2153 2015 audien-

556 2059 692 2114 tium
723 2060 929 2129 patrem
959 2057 1149 2123 Deum,
1177 2060 1231 2112 et
1259 2052 1607 2111 irascentium
1630 2053 1686 2110 111
1718 2070 1863 2122 eum,
1885 2054 1978 2127 qui
1998 2052 2151 2119 dixit,

564 2147 709 2225 quod
740 2149 880 2208 [ilius
897 2159 1042 2207 esset
1063 2146 1181 2218 Dei,
1212 2152 1333 2206 cum
1353 2156 1458 2206 non
1481 2159 1627 2206 esset
1645 2149 1785 2206 [ilius
1803 2148 1900 2205 Dei
1917 2168 1927 2202 :
1945 2145 1993 2205 si
2013 2148 2157 2205 enim

558 2256 666 2299 non
690 2242 904 2309 fuisset,
935 2258 1039 2299 non
1058 2239 1283 2299 diceret.
1304 2238 1410 2299 Sed
1429 2239 1585 2309 dixit,
1601 2242 1655 2298 ei
1681 2234 1777 2297 Dei
1800 2243 1974 2297 cultor
1989 2240 2152 2310 dixit;

562 2336 794 2393 veritate
821 2335 984 2409 igitur
1006 2331 1164 2405 dixit,
1187 2344 1241 2393 et
1258 2331 1458 2392 idcirco
1485 2332 1833 2391 incredulitas
1849 2330 2160 2390 iud-morum

564 2428 809 2501 punitur.

633 2522 725 2579 Vl.
784 2520 915 2579 Post
967 2519 1101 2591 ista,
1157 2521 1336 2580 omnis
1385 2520 1670 2595 responsio
1709 2518 1775 2576 ad
1819 2516 2066 2585 indecus,
2108 2528 2165 2577 et

565 2617 733 2673 tilium
784 2614 1078 2686 Christum,
1132 2627 1186 2672 et
1231 2620 1437 2688 patrem
1480 2616 1644 2671 Deum
1696 2608 1934 2670 declarat
1988 2608 2162 2685 (ibid.

568 2712 799 2781 i9-2l):
835 2711 963 2779 Quae
1005 2711 1125 2786 facit
1156 2720 1320 2783 pater,
1350 2712 1396 2765 et
1425 2724 1515 2783 ego
1544 2708 1680 2783 facio
1705 2725 1722 2764 :
1746 2724 1847 2763 non
1876 2709 2000 2780 facit
2026 2706 2168 2778 ﬁlius

569 2823 600 2860 a
626 2806 919 2876 semetipsd,
941 2802 1041 2860 nisi
1067 2803 1246 2859 uiderit
1276 2802 1475 2876 patrem
1502 2802 1767 2876 facientem
1793 2818 1811 2857 :
1839 2811 1986 2873 pater
2032 2800 2168 2857 enim

568 2902 708 2954 atnat
749 2897 917 2969 filium
949 2913 968 2952 :
1018 2894 1232 2952 suscitat
1287 2904 1432 2968 pater
1477 2910 1511 2949 a
1563 2892 1812 2962 mortuis,
1863 2894 2075 2949 suscitat
2122 2904 2170 2949 et

571 2994 732 3064 filius.
759 2991 923 3065 (Ibid.
947 2989 1073 3065 26):
1103 2990 1269 3047 Habet
1293 2994 1437 3062 pater
1453 2990 1604 3045 uitam
1627 2990 1682 3045 in
1709 2987 1999 3060 semetipso,
2025 2986 2171 3042 habet

571 3100 618 3145 et
648 3087 809 3159 filius.
854 3086 920 3143 Et
961 3083 1139 3141 01111111
1176 3082 1394 3141 (11111110.
1422 3082 1574 3153 Quod
1595 3083 1738 3157 λόγος
1761 3081 1919 3147 illitts,
1953 3086 2007 3135 et
2034 3075 2172 3134 iilitts

571 3181 817 3239 Christus
845 3180 1004 3251 (Ibid.
1033 3179 1159 3252 58):
1189 3178 1257 3234 Et
1286 3179 1431 3255 λόγον
1461 3178 1572 3252 ejus
1598 3192 1701 3231 non
1727 3174 1971 3230 habebitis
1998 3176 2050 3229 in
2079 3184 2169 3229 uo-

2261 1972 2425 2046 (Ibid.
2457 1974 2549 2048 28)
2579 1994 2591 2029 :
2622 1973 2781 2031 Pater
2812 1993 2954 2031 meus
2977 1977 3142 2049 major
3171 1993 3249 2031 me
3268 1986 3340 2031 est
3367 1993 3388 2031 :
3408 1985 3466 2033 et
3491 1986 3634 2047 pater
3655 1974 3810 2039 mittat,

2261 2064 2503 2122 mittatur
2533 2065 2712 2122 ﬁlius?
2761 2066 2973 2124 Rursus
3003 2077 3184 2124 autem
3220 2070 3379 2125 datur
3412 2068 3525 2124 ﬁlio
3552 2084 3581 2124 a
3600 2079 3728 2138 patre
3749 2066 3813 2123 di-

2264 2155 2443 2230 gnitas
2474 2177 2487 2212 :
2519 2158 2826 2215 Secundum
2849 2158 2951 2216 hoc
2975 2159 3140 2234 igitur
3170 2171 3323 2234 pater
3350 2160 3406 2217 in
3438 2161 3570 2217 11110.
3599 2156 3817 2231 Numquid

2262 2264 2316 2308 et
2348 2250 2490 2308 iilius
2518 2252 2611 2308 dat
2635 2251 2954 2326 dignitatem
2995 2252 3163 2326 patri,
3199 2272 3306 2311 non
3354 2254 3579 2311 habenti
3618 2253 3818 2310 subslau

2266 2342 2432 2403 tiam?
2464 2346 2630 2419 igitur
2656 2357 2711 2404 ct
2732 2360 2884 2420 pater
2911 2346 2966 2405 in
2993 2347 3128 2417 11110,
3163 2359 3219 2406 et
3247 2349 3392 2406 i‘tlius
3419 2349 3475 2405 iu
3510 2361 3672 2421 patre.

2336 2436 2471 2498 Vili.
2502 2436 2606 2498 Sed
2637 2439 2761 2497 ista.
2804 2442 2872 2499 Et
2909 2441 3105 2500 iterum
3133 2442 3281 2516 quod
3325 2444 3449 2515 ipse
3483 2443 3730 2509 Christus,
3754 2439 3821 2511 qui

2267 2532 2409 2592 illius
2440 2534 2628 2608 patris,
2663 2547 2718 2593 et
2745 2536 2862 2609 ipse
2892 2549 2976 2593 est
3021 2536 3251 2607 Spiritus
3290 2548 3514 2593 sanctus
3558 2536 3723 2609 (Joan.
3745 2550 3818 2598 vn,

2267 2627 2359 2698 57,
2383 2626 2474 2702 58)
2500 2624 2685 2684 :Jesus
2709 2629 2896 2696 stabat,
2919 2641 2965 2685 et
2988 2628 3243 2684 clamabat
3266 2645 3284 2684 :
3314 2628 3375 2685 Si
3406 2631 3521 2700 quis
3548 2638 3614 2683 est
3634 2628 3711 2700 qui
3726 2626 3821 2691 sitit,

2270 2725 2436 2781 ueniat
2465 2734 2510 2780 et
2528 2720 2684 2780 bibat.
2731 2724 2834 2791 Qui
2864 2720 3024 2781 credit
3053 2726 3107 2780 in
3138 2741 3237 2791 me,
3278 2722 3698 2791 quemadmodum
3726 2721 3823 2774 dixit

2270 2821 2553 2891 scriptura,
2586 2820 2803 2891 ﬂumina
2819 2836 2885 2874 ea:
2903 2828 3074 2874 uentre
3100 2820 3265 2891 ipsius
3292 2830 3512 2874 manant
3540 2834 3676 2887 aqua
3698 2817 3824 2870 uiren-

2275 2912 2359 2968 tis.
2392 2912 2487 2969 Est
2508 2909 2636 2968 illud
2668 2911 2887 2984 quidem
2921 2910 3125 2968 dictum
3156 2913 3225 2970 de
3255 2912 3351 2969 1110
3382 2912 3478 2985 qui
3504 2907 3825 2982 1101111111μίιὶ-

2276 3018 2418 3074 tum;
2466 3006 2558 3078 qui
2595 3006 2869 3078 accipiens
2903 3006 3151 3081 spiritum
3194 3007 3432 3064 efﬁcitur
3458 3017 3656 3074 venter,
3696 3005 3824 3061 11111111-

2275 3098 2409 3158 dens
2454 3100 2672 3157 ﬂumina
2724 3117 2876 3173 aqum
2915 3101 3166 3158 viventis.
3221 3100 3319 3157 Dat
3370 3112 3551 3157 autem
3603 3093 3826 3165 honesti-

2218 3248 2225 3253 .
2279 3191 2439 3250 ritum
2490 3192 2766 3259 Christus;
2822 3188 2911 3251 dat
2953 3204 3009 3250 et
3047 3204 3239 3266 aquam
3289 3196 3559 3250 viVentem
3588 3234 3603 3261 ,
3658 3202 3706 3247 ut
3744 3190 3825 3258 ipse

574 3276 651 3330 bis
676 3280 985 3340 manentem,
1024 3273 1269 3341 quoniam
1321 3285 1468 3342 quem
1498 3268 1634 3323 misit
1662 3268 1771 3336 iiie,
1813 3268 1913 3338 ipsi
1947 3282 2035 3322 vos
2074 3280 2169 3320 non

2280 3280 2431 3354 dicit,
2475 3284 2738 3359 scriptura
2789 3287 2859 3345 de
2904 3264 3110 3360 spiritui
3139 3284 3276 3344 dixit
3305 3288 3474 3343 istud.
3503 3286 3687 3343 Venter
3708 3281 3827 3354 igitur

575 3372 800 3428 creditis.
832 3369 985 3439 Quod
1016 3368 1156 3423 titius
1188 3366 1370 3441 (Joau.
1396 3376 1471 3432 VI,
1504 3361 1575 3419 52
1607 3361 1664 3437 ):
1716 3361 1871 3417 Pater
1907 3377 2048 3417 mens
2088 3358 2178 3414 dat

574 3464 714 3520 vobis
767 3474 947 3534 panem
994 3459 1057 3515 de
1097 3460 1223 3515 casio
1284 3462 1477 3513 uerunt.
1551 3454 1705 3525 Quod
1770 3453 2015 3512 Christus
2070 3469 2177 3508 non

575 3558 644 3615 ab
674 3555 890 3612 ltoritiue
920 3555 1081 3610 homo
1128 3552 1307 3626 (Ibid.
1361 3551 1504 3622 3'5):
1562 3547 1725 3604 Panis
1773 3548 1905 3603 enim
1951 3561 2015 3602 ea:
2068 3543 2179 3601 Deo

577 3661 691 3717 est,
735 3652 824 3724 qui
875 3648 1133 3705 descendit
1186 3648 1249 3702 tie
1293 3642 1440 3705 cretii.
1489 3644 1641 3713 Quod
1691 3643 1803 3699 vita
1845 3661 1858 3697 :
1902 3639 1970 3699 Et
2021 3641 2179 3697 uitam

579 3746 710 3800 dans
758 3742 970 3798 inundo.
1018 3741 1085 3797 Et
1130 3746 1314 3812 postea
1356 3735 1484 3791 dicit
1532 3735 1697 3805 (Ibid.
1734 3733 1868 3808 55):
1905 3732 2016 3806 Ego
2061 3746 2177 3787 sum

581 3840 731 3911 panis
752 3839 887 3893 vitae.
915 3835 1067 3904 Quod
1095 3841 1161 3889 ex
1191 3834 1301 3888 Deo
1324 3829 1491 3906 (Ibid.
1515 3828 1609 3903 46)
1637 3847 1650 3885 :
1678 3826 1800 3884 Non
1832 3828 1957 3884 vidit
1981 3838 2182 3901 patrem

582 3931 792 4003 aliquis,
824 3928 924 3984 nisi
952 3927 1039 3999 qui
1062 3935 1135 3982 est
1155 3942 1189 3980 a
1216 3930 1380 3997 patre.
1411 3923 1567 3991 Quod
1596 3930 1750 3994 pater
1780 3928 1837 3978 et
1864 3920 2005 3976 [ilius
2042 3920 2184 3978 alius

583 4024 637 4080 in
660 4024 767 4080 alid
787 4022 949 4095 (Ibid.
984 4020 1076 4093 58)
1106 4020 1119 4073 t
1155 4018 1322 4075 Sicuti
1347 4017 1483 4073 misit
1508 4032 1588 4070 me
1615 4015 1786 4071 uiuens
1811 4026 1974 4086 pater.
1999 4013 2056 4072 Si
2076 4014 2183 4071 vita

586 4117 752 4188 illius,
780 4115 968 4173 vivens
997 4120 1168 4185 pater,
1199 4110 1342 4169 ﬂlius
1367 4111 1423 4166 itt
1454 4116 1642 4183 patre:
1671 4108 1832 4166 sicuti
1861 4109 2003 4165 enim
2029 4111 2185 4180 quale

585 4211 737 4285 prius
762 4214 879 4279 est,
909 4208 1106 4265 deinde
1130 4206 1392 4278 qualitas;
1421 4205 1500 4262 sic
1538 4204 1726 4261 vivens
1770 4204 1979 4278 primus
2009 4204 2183 4273 Deus,

585 4305 667 4363 sic
711 4302 841 4361 vita.
883 4301 989 4372 Qui
1035 4298 1179 4359 enim
1223 4298 1410 4370 genuit
1446 4297 1629 4365 vitam,
1670 4297 1856 4354 vivens
1892 4312 1975 4354 est
2008 4316 2021 4353 :
2054 4297 2188 4355 Vivit

583 4400 697 4459 vita
725 4416 755 4457 a
789 4394 1005 4455 iivente
1034 4402 1207 4469 patre.
1236 4395 1351 4449 Non
1380 4391 1527 4449 enim
1556 4396 1680 4449 ante
1710 4392 1839 4459 vita,
1865 4400 1920 4448 et
1945 4390 2025 4448 sic
2043 4392 2186 4450 Deus

586 4494 803 4562 vivens,
833 4491 929 4549 sed
971 4490 1113 4547 Deus
1145 4487 1337 4546 vivens
1386 4485 1555 4558 111-1111.
1602 4484 1695 4542 Sic
1739 4485 1870 4552 vita,
1900 4494 1956 4541 et
1994 4484 2075 4541 sic
2098 4483 2185 4542 vi-

2281 3383 2373 3456 qui
2417 3382 2608 3454 accipit
2649 3380 2930 3455 spiritum,
2967 3395 3019 3441 et
3049 3383 3165 3455 ipse
3210 3383 3441 3455 Spiritus
3482 3392 3678 3444 venter,
3707 3388 3825 3445 aquo

2282 3490 2501 3533 manant
2539 3476 2760 3534 ﬂumina
2808 3494 2961 3551 aqua:
3003 3477 3271 3534 viventis:
3302 3478 3447 3533 sicut
3488 3476 3726 3546 sctiptura
3767 3467 3826 3523 di.

2281 3571 2355 3627 cit
2390 3569 2552 3646 (Ibid.
2582 3570 2676 3645 59)
2710 3591 2722 3625 :
2763 3569 2876 3627 Hoc
2902 3582 3071 3627 autent
3098 3572 3311 3627 dixitde
3332 3572 3522 3642 spiritu
3548 3584 3682 3641 quem
3702 3560 3825 3637 futuri

2283 3675 2425 3721 erant
2451 3664 2681 3737 accipere
2699 3664 2962 3721 credentes
2990 3664 3043 3719 in
3083 3662 3253 3735 ipsum
3298 3680 3317 3719 :
3347 3664 3579 3719 nondum
3613 3660 3727 3716 enim
3749 3655 3826 3723 spi-

2283 3760 2415 3815 ritus
2462 3768 2571 3813 erat
2599 3759 2770 3826 datus,
2807 3758 2929 3830 quia
2956 3756 3113 3813 Jesus
3139 3756 3373 3811 nondum
3410 3768 3516 3812 erat
3545 3751 3825 3827 gloriﬁcatur.

2286 3847 2395 3910 Sed
2418 3867 2630 3908 rursum
2653 3850 2847 3907 iterum
2876 3848 3095 3905 ﬂumina
3124 3846 3373 3922 spiritus,
3400 3860 3588 3905 venter
3609 3855 3760 3901 autent
3779 3853 3826 3893 es

2285 3962 2392 4018 quo
2441 3942 2664 4001 ilumina
2713 3942 2904 4009 Jesus;
2955 3936 3112 3999 .lesus
3160 3936 3304 3998 enim
3355 3951 3445 3999 εει
3489 3936 3709 4012 spiritus.
3740 3931 3826 3988 iam

2286 4056 2413 4113 ergo
2433 4038 2589 4097 Jesus
2602 4050 2790 4096 venter
2806 4032 2875 4096 de
2898 4053 3005 4110 quo
3033 4036 3253 4093 ﬂumina
3282 4029 3697 4108 spiritus.Sicuti
3716 4025 3823 4083 enim

2287 4150 2316 4190 a
2347 4133 2554 4207 gremio
2584 4132 2774 4204 patris,
2802 4144 2856 4189 et
2886 4132 2940 4189 in
2968 4131 3177 4205 gremio
3199 4131 3382 4200 ﬁlius;
3421 4131 3502 4189 sic
3528 4126 3559 4186 a
3582 4132 3741 4185 ventre
3758 4117 3829 4175 lilii

2287 4226 2542 4300 Spiritus;
2594 4227 2867 4301 ὁμοούσιον
2914 4241 3045 4297 ergo
3096 4236 3240 4290 tres;
3267 4235 3323 4282 et
3366 4224 3567 4281 idcirco
3602 4220 3650 4276 in
3697 4208 3829 4270 (1111111-

2287 4322 2389 4379 bus
2438 4338 2577 4378 unus
2634 4320 2795 4377 Deus.
2848 4319 3003 4390 Quod
3042 4334 3149 4375 11011
3203 4316 3275 4374 sit
3324 4332 3395 4374 ex
3445 4313 3636 4372 mundo
3674 4306 3824 4383 (Joan-

2288 4433 2401 4482 vttt,
2427 4416 2483 4489 '5)
2516 4432 2530 4471 :
2562 4413 2677 4488 Ego
2711 4431 2824 4470 sum
2861 4414 3032 4469 iumen
3054 4411 3252 4481 mundi;
3285 4420 3507 4483 prOpter
3532 4408 3689 4478 ipsum
3713 4396 3818 4489 cuitu

2287 4508 2418 4565 vixit
2458 4485 2708 4574 mund—us,
2756 4522 2820 4562 ac
2860 4504 3007 4561 vivet
3046 4504 3301 4577 quamdiu
3340 4495 3684 4560 obedieritei.
3708 4485 3822 4561 Quod

586 4598 721 4644 vena
756 4585 884 4642 vita.
928 4574 999 4640 Et
1036 4578 1239 4638 idcirco
1285 4578 1484 4636 deinde
1525 4574 1662 4672 dicit
1710 4575 1901 4672 (Ibid.)
1935 4594 1969 4672 1⁸
1985 4575 2052 4632 Et
2075 4595 2186 4672 ego
2211 4666 2253 4672 _
2290 4617 2481 4658 omnes
2515 4612 2626 4657 "es
2660 4596 2901 4672 spiritus,
2928 4600 3038 4669 jam
3063 4574 3198 4655 δίκῃ
3232 4596 3416 4670 “om.
3450 4613 3524 4662 ,γ’
3553 4592 3619 4649 g4
3643 4591 3691 4664 )z
3716 4584 3820 4640 Dm

588 4680 700 4735 uiuo
721 4688 929 4751 prapt'er
957 4673 1351 4768 patremaErgt)
1376 4680 1456 4768 et—
1460 4674 1610 4768 pater
1637 4668 1720 4768 ,111
1749 4669 1886 4768 ipso.
1936 4669 2107 4768 9,!th
2133 4679 2188 4727 ει
2210 4666 2268 4730 D
2292 4695 2505 4768 spiritus
2526 4704 2620 4751 est.
2737 4666 3043 4749 dicentibus
3064 4666 3384 4764 quibusdam
3416 4689 3592 4765 (Ioan.
3612 4700 3709 4746 vm,
3729 4678 3823 4747 i9):

591 4772 745 4848 pattis
777 4782 891 4838 est,
923 4780 977 4826 et
1004 4768 1111 4824 tita
1149 4765 1342 4841 (Ibid)
1370 4782 1383 4820 :
1411 4764 1479 4820 Et
1502 4765 1591 4836 qui
1612 4764 1798 4836 accipit
1828 4779 1927 4833 me,
1950 4763 2041 4820 ille
2060 4765 2191 4821 uiuet

591 4878 799 4943 propter
837 4882 918 4921 me
962 4852 1127 4937 (ibid.
1151 4861 1265 4935 59).
1288 4860 1392 4916 Hic
1419 4871 1492 4917 est
1533 4859 1681 4932 panis
1723 4858 1787 4914 de
1828 4858 1957 4915 creto
1983 4859 2193 4914 descen-

593 4962 878 5021 dens:Non
893 4959 1044 5013 sicuti
1073 4965 1239 5027 patres
1266 4956 1417 5009 uestri
1442 4954 1901 5021 manducauerunt,
1929 4963 1977 5008 et
2002 4953 2193 5007 mortui

593 5065 734 5125 sunt,
765 5050 1082 5108 manducans
1106 5048 1264 5102 istum
1294 5062 1477 5118 panem
1514 5048 1642 5103 uiuet
1665 5048 1721 5101 in
1754 5060 1902 5102 omne
1921 5047 2190 5103 steculum.

667 5160 781 5225 Vii.
808 5156 1079 5233 Numquid
1112 5160 1274 5215 homo
1300 5157 1401 5216 ista
1425 5157 1555 5215 dicit
1574 5159 1643 5216 de
1666 5160 1977 5233 semetipso,
2002 5158 2193 5234 qui‘sit

593 5261 768 5321 solum
810 5254 1010 5314 homo?
1049 5253 1098 5311 si
1125 5250 1270 5309 enim
1298 5248 1460 5308 homo
1488 5248 1586 5308 iSta
1612 5250 1778 5322 dicit,
1828 5248 2190 5325 blaSphemat,

593 5365 649 5414 et
677 5354 856 5426 (Joan.
891 5367 942 5407 tx
963 5395 977 5419 ,
1009 5347 1101 5422 ’51)
1130 5357 1395 5420 peccantes
1436 5345 1573 5401 Deus
1601 5360 1702 5402 non
1725 5348 1892 5403 audit.
1937 5346 2191 5406 Sedenim

593 5447 724 5506 dicit
767 5442 1015 5503 Christus
1062 5439 1208 5514 quod
1259 5434 1442 5494 audiat
1491 5430 1643 5494 illum
1696 5439 1837 5496 Deus
1870 5457 1884 5496 :
1914 5439 2032 5497 Non
2062 5457 2192 5514 ergo

595 5553 870 5615 peccator,
902 5550 1077 5608 neque
1092 5534 1274 5589 homo.
1296 5530 1366 5588 Et
1402 5528 1604 5588 dictum
1626 5540 1709 5588 εει
1733 5531 1909 5604 (Psai.
1936 5542 2063 5602 Cvtt,
2087 5535 2144 5607 5)
2172 5553 2188 5592 :

606 5633 752 5689 Vana
796 5647 914 5701 spes
948 5629 1001 5684 in
1046 5628 1325 5683 hominem.
1366 5624 1433 5681 Et
1475 5618 1674 5680 dicitur
1714 5623 1887 5698 (Psai.
1941 5638 2052 5693 11111,
2084 5624 2187 5698 8):

597 5726 711 5781 Nos
742 5740 858 5778 uero
895 5722 950 5774 in
997 5719 1163 5774 Deum
1186 5728 1416 5773 nostrum
1454 5731 1740 5787 speramus.
1786 5715 2034 5774 Christus
2062 5732 2194 5789 ergo

598 5821 764 5884 Deus,
791 5832 899 5872 non
926 5816 994 5870 ab
1014 5813 1115 5869 alia
1149 5811 1449 5869 substantia
1498 5809 1690 5884 (Joan.
1719 5825 1792 5876 vr,
1825 5808 1917 5884 58)
1950 5829 1965 5867 :
2012 5812 2193 5868 Vivens

598 5920 760 5983 pater,
792 5918 836 5962 et
853 5922 944 5979 ego
969 5906 1078 5960 uiuo
1106 5911 1310 5977 prapter
1331 5912 1544 5976 patrem.
1568 5901 1636 5958 Et
1661 5900 1840 5978 (Joan.
1856 5917 1931 5973 v1,
1955 5901 2047 5973 55,
2065 5900 2190 5978 48)ε

2299 4789 2399 4849 Ubi
2425 4802 2498 4846 est
2522 4801 2667 4863 pater
2691 4789 2845 4845 tuus?
2868 4786 3007 4844 dixit
3036 4806 3049 4842 :
3084 4785 3267 4858 Neque
3287 4804 3367 4842 me
3398 4785 3574 4849 nostis,
3602 4791 3737 4848 neque
3755 4788 3823 4842 pa-

2296 4896 2425 4942 trem
2470 4900 2675 4941 meum:
2702 4882 2766 4940 Si
2804 4900 2882 4939 me
2916 4882 3112 4939 sciretis
3137 4923 3152 4949 ,
3192 4882 3323 4937 scire
3372 4880 3580 4949 possetis
3616 4883 3659 4929 et
3682 4879 3824 4943 palm"

2298 4994 2485 5034 meum.
2541 4975 2777 5049 Spiritus
2816 4986 2996 5031 autem
3051 4986 3270 5031 sanctus
3304 4972 3535 5045 Spititus
3575 4960 3822 5025 manifeste;

2296 5070 2400 5127 ista
2448 5077 2628 5125 autem
2671 5067 2853 5123 omnia
2909 5076 2963 5124 et
3002 5078 3173 5139 pater,
3213 5077 3270 5123 et
3297 5082 3363 5124 ex
3409 5051 3824 5136 ρειτεεὸμοούσιω

2297 5179 2444 5236 ergo.
2480 5160 2598 5218 Non
2631 5161 2776 5218 enim
2809 5160 3031 5233 spiritus
3063 5169 3120 5215 ut
3145 5156 3273 5218 alii:
3300 5155 3385 5213 illi
3409 5155 3549 5213 enim
3578 5168 3605 5206 a
3628 5146 3823 5206 Deontl

2299 5274 2369 5315 ex
2403 5257 2545 5313 Deo:
2577 5254 2845 5330 ὁμοούσιον
2872 5252 3037 5326 igitur
3080 5252 3183 5309 ista
3221 5250 3344 5308 tria.
3375 5247 3527 5320 Quod
3554 5244 3676 5301 ﬁlius
3697 5244 3815 5294 verus

2303 5351 2486 5427 (Joan.
2525 5365 2634 5419 xvt,
2664 5348 2753 5417 27,
2785 5347 2856 5404 28
2884 5351 2941 5419 )z
2974 5345 3087 5419 Ego
3114 5345 3257 5403 enim
3297 5362 3362 5403 ea:
3406 5345 3513 5400 Deo
3544 5338 3678 5404 exiri,
3705 5341 3750 5387 ut
3775 5340 3821 5381 et

2302 5440 2508 5515 gremio
2536 5440 2726 5513 patris,
2759 5450 2806 5496 et
2832 5438 3044 5494 aduenio
3069 5439 3122 5493 in
3144 5438 3410 5494 mundum.
3430 5431 3575 5504 Quod
3597 5430 3818 5496 animumll

2301 5514 2356 5592 in
2384 5551 2547 5592 carne
2599 5543 2774 5601 esset,
2821 5541 2939 5589 erat
2973 5530 3259 5605 Cbristus(
3288 5530 3445 5587 Joan.
3468 5544 3575 5594 vnt,
3612 5521 3696 5584 .86.
3721 5514 3816 5583 53):

2303 5627 2582 5696 Abraham,
2602 5636 2745 5697 pater
2760 5637 2945 5694 uester,
2976 5624 3248 5681 iactabatur
3266 5634 3321 5680 ut
3336 5616 3520 5680 uideret
3545 5617 3660 5673 diem
3675 5614 3817 5665 tum":

2302 5733 2349 5779 et
2385 5722 2509 5777 uidit
2547 5732 2597 5777 et
2634 5722 2836 5793 gauisus
2867 5732 2961 5775 est.
3003 5720 3074 5777 Et
3101 5738 3289 5778 rursus
3314 5741 3328 5777 :
3350 5721 3481 5775 Ante
3515 5711 3732 5770 Abraham
3752 5711 3815 5799 tto

2301 5833 2433 5873 sum.
2468 5814 2620 5884 Quod
2675 5832 2780 5871 non
2825 5815 2988 5872 homo
3034 5814 3214 5888 (Joan.
3274 5830 3354 5881 nt,
3387 5811 3441 5883 5)
3475 5806 3625 5866 ξενίη
3657 5812 3744 5856 ⁸⁸⁸³⁸
3775 5804 3813 5893 ξ’

2300 5912 2511 5982 mundo,
2544 5910 2712 5977 iumen
2742 5929 2855 5969 sum
2889 5910 3089 5970 mundi.
3115 5908 3246 5982 Quis
3274 5920 3450 5971 autem
3469 5899 3605 5969 dedit
3621 5904 3735 5955 calci)
3756 5898 3809 5939 δι’
