4024 6306
309 255 454 315 1015

1480 248 1855 311 ADVERSUS
1895 248 2117 311 ARIUM
2156 248 2364 309 LIBER
2405 250 2447 309 1.

3475 256 3614 313 “illi

308 375 468 432 sum?
504 371 704 429 homo?
748 370 1082 445 lmpdssibile
1124 389 1138 427 :
1178 380 1234 429 et
1278 385 1401 443 ego,
1436 370 1581 446 quod
1618 368 1761 427 illius
1813 369 1911 428 Dei
1936 362 1985 435 Α
2013 372 2225 438 cimus,
2274 366 2570 427 secundum
2618 379 2825 442 patrem
2870 370 3036 429 Deum
3084 362 3229 429 diota
3277 386 3443 433 sunt:
3494 370 3611 432 Non

309 467 515 543 (10am,
540 480 616 536 ιι,
638 456 866 539 35-37):
906 462 983 522 Tu
1008 466 1174 523 credis
1194 468 1247 523 in
1274 466 1443 536 ﬁlium
1464 464 1559 521 Dei
1574 460 1600 521 2
1627 465 1909 539 Respondit

306 561 433 617 ille:
467 559 594 630 Quis
612 564 706 626 est,
730 557 971 628 Domine,
1003 570 1059 614 ut
1074 560 1280 616 credam
1296 561 1349 615 in
1367 560 1519 615 cuin?
1540 548 1687 614 Dixit
1701 560 1800 630 ipsi
1815 557 1909 615 Je-

307 670 395 710 ηε
418 669 438 709 :
470 653 537 709 Et
578 652 751 708 vidisti
788 666 934 721 eum,
970 658 1020 709 et
1047 653 1136 727 qui
1174 653 1400 725 loquitur
1423 662 1618 721 tecum,
1664 653 1771 725 ipse
1810 662 1905 709 est.

306 745 462 816 Quod
488 761 553 804 es
583 745 772 803 eadem
796 746 1091 803 substantia
1114 756 1168 803 et
1194 747 1432 819 potentia
1468 745 1646 821 (Joan.
1676 763 1734 815 ι,
1763 744 1855 819 30)
1890 765 1903 803 :

308 840 427 912 Ego
470 847 515 895 et
556 849 702 911 pater
742 856 902 895 unum
948 857 1142 896 sumus.
1192 842 1257 896 Et
1296 854 1486 897 rursus
1550 838 1753 912 (Joan.
1782 855 1905 910 xtv,

308 933 396 1002 10,
429 932 515 994 ii)
546 950 559 988 :
592 930 749 988 Pater
774 935 828 989 in
850 944 949 1003 me,
981 942 1029 988 et
1048 950 1140 1006 ego
1167 933 1221 989 in
1247 935 1381 1002 ipso.

376 1025 468 1082 IX.
509 1024 659 1083 Unde
684 1025 885 1082 dictum
940 1027 995 1083 in
1040 1026 1207 1083 Paulo
1247 1024 1510 1101 (Philipp.
1546 1040 1604 1093 ιι,
1659 1022 1747 1099 6):
1801 1025 1903 1095 Qui

306 1121 363 1176 in
396 1126 567 1193 [arma
593 1117 694 1175 Dei
744 1120 986 1189 existens,
1010 1137 1112 1176 non
1139 1122 1377 1193 rapinam
1392 1121 1666 1176 arbitratus
1683 1128 1778 1185 est,
1804 1137 1909 1176 esse

303 1231 358 1271 sc
380 1214 631 1286 (aqualem
666 1213 795 1272 Deo.
836 1214 941 1272 Ista
970 1217 1130 1288 igitur
1154 1216 1460 1288 signlllcaut
1496 1226 1550 1272 et
1579 1226 1738 1270 unam
1786 1229 1911 1271 esse

306 1308 683 1377 substantiam,
741 1318 799 1366 et
828 1322 989 1365 unam
1042 1309 1355 1381 potentiam.
1407 1309 1689 1379 Quomodo
1738 1309 1905 1378 enim,

307 1398 422 1474 Ego
444 1409 493 1456 et
519 1410 663 1471 pater
681 1417 841 1457 unum
858 1402 1074 1458 sumus?
1109 1411 1163 1459 et
1187 1402 1483 1474 quomodo,
1523 1400 1684 1457 Pater
1716 1402 1771 1456 in
1805 1414 1905 1470 me,

304 1504 354 1550 et
379 1508 471 1567 ego
501 1498 555 1551 in
580 1505 745 1568 patre,
773 1497 817 1552 si
841 1512 945 1553 non
976 1512 1007 1553 a
1038 1508 1192 1569 patre
1222 1497 1579 1553 substantiam
1625 1496 1904 1553 habuisset

298 1599 355 1647 et
387 1589 710 1661 potentiam,
754 1590 965 1662 genitus
991 1589 1060 1647 de
1090 1596 1203 1646 toto
1256 1590 1440 1646 totus?
1496 1597 1553 1647 et
1599 1590 1897 1662 Quomodo,

305 1679 429 1737 Non
454 1683 693 1753 rapinam
718 1682 998 1738 arbitratus
1027 1690 1099 1739 est
1116 1725 1131 1752 ,
1163 1685 1411 1755 aqualem
1435 1699 1544 1738 esse
1563 1684 1740 1757 patri?
1788 1683 1904 1740 Non

2012 466 2156 521 enim
2186 464 2416 521 mendax
2439 464 2602 534 Deus,
2637 482 2735 523 nec
2766 467 2985 539 impius,
3029 458 3202 525 illium
3228 485 3289 528 se
3323 462 3529 541 dicens,
3559 482 3615 528 et

2012 567 2219 633 patrem
2243 548 2408 613 Deum
2422 557 2510 629 qui
2524 560 2861 617 omninonon
2879 569 3054 618 esset:
3072 560 3165 618 sed
3185 573 3402 636 propter
3417 580 3615 638 corpus

2014 653 2317 724 passionem
2342 642 2569 719 induxit,
2596 658 2651 709 ut
2675 652 3024 724 itnplerentur
3047 655 3229 712 omnia
3250 657 3305 712 in
3329 661 3607 731 mysterio.

2010 736 2165 818 Quod
2215 758 2269 802 et
2307 756 2595 818 antequam
2637 747 2690 802 in
2722 762 2970 818 corpore,
3015 746 3115 805 fuit
3147 748 3394 807 Christus
3432 750 3609 825 (Joan.

2010 856 2106 909 xii,
2133 838 2230 911 28)
2262 858 2275 895 :
2323 837 2390 894 Et
2417 839 2725 912 gloriﬁcavi,
2763 851 2810 896 et
2838 859 3041 897 rursum
3062 843 3294 915 glori/iro
3325 864 3339 901 :
3371 847 3425 901 in
3463 861 3612 919 mys-

2012 933 2152 990 terio
2199 932 2344 988 enim
2376 932 2427 987 in
2472 947 2637 989 carne
2673 932 2974 990 hutniliavit
3017 932 3388 1009 semetipsum.
3462 928 3608 1011 Ergo

2011 1033 2137 1081 ante
2167 1024 2307 1080 istud
2355 1033 2408 1080 et
2439 1032 2562 1095 post
2592 1025 2732 1081 istud
2758 1025 3090 1097 gloriﬁcatus
3118 1038 3202 1085 est
3228 1028 3404 1087 Jesus.
3459 1032 3612 1100 Quod

2013 1126 2232 1189 propter
2258 1118 2572 1190 mysterium
2601 1126 2654 1174 et
2696 1120 2891 1176 timens
2919 1121 3209 1191 inducitur,
3241 1132 3297 1181 et
3327 1126 3605 1197 postulans

2012 1210 2191 1281 aliqua
2213 1210 2375 1286 (Ibid.
2402 1213 2531 1286 '50):
2561 1211 2683 1269 Non
2713 1225 2919 1289 prapter
2947 1233 3026 1272 mc
3052 1219 3185 1272 venit
3214 1218 3323 1275 haec
3352 1237 3470 1289 vox,
3516 1223 3606 1277 sed

2012 1316 2219 1379 propter
2246 1322 2352 1362 vos.
2409 1308 2609 1365 Eadem
2637 1309 2888 1365 similiter
2914 1312 3017 1367 ista
3049 1311 3209 1381 facio,
3252 1329 3359 1370 non
3395 1323 3612 1387 propter

2012 1410 2122 1468 me,
2147 1398 2241 1456 sed
2275 1410 2497 1473 propter
2525 1417 2641 1457 vos.

2086 1492 2175 1551 XI.
2205 1496 2358 1566 Quod
2383 1496 2524 1554 illius
2563 1496 2796 1555 hominis
2852 1498 2968 1570 ipse
3010 1498 3278 1570 Christus,
3322 1501 3503 1559 lumen
3555 1504 3607 1561 in

2014 1587 2217 1644 mundo
2249 1588 2396 1644 Illius
2421 1591 2512 1646 Dei
2535 1599 2618 1645 est
2649 1584 2814 1665 (Ibid.
2844 1588 2934 1661 54,
2967 1590 3059 1665 55)
3088 1612 3101 1648 :
3132 1590 3246 1650 Nos
3267 1595 3557 1651 audivimus
3582 1614 3614 1650 a

2012 1681 2142 1754 lege,
2172 1682 2416 1753 quoniam
2444 1681 2678 1738 Christus
2702 1693 2871 1739 manet
2894 1685 2949 1739 in
2978 1695 3257 1741 teternum:
3287 1697 3332 1742 et
3354 1690 3610 1759 quomodo

302 1775 449 1833 enim
478 1770 652 1831 dixit:
701 1772 818 1831 Non
845 1774 1134 1832 arbitratus
1163 1784 1248 1833 est
1275 1774 1534 1848 aequalem
1583 1793 1725 1842 esse,
1778 1776 1897 1846 sed,
1933 1770 1982 1833 B
2009 1777 2138 1832 dicis
2170 1787 2244 1843 tu,
2289 1777 2426 1843 quod
2466 1775 2631 1844 ﬁlium
2662 1776 2882 1833 hominis
2910 1789 3106 1851 Oportet
3148 1781 3431 1849 alti/icari?
3483 1783 3610 1849 Quis

303 1865 427 1923 Non
457 1866 736 1923 arbitratus
752 1884 862 1923 esse
878 1868 1134 1936 rapinam.
1181 1866 1302 1923 Vult
1328 1884 1456 1940 ergo
1493 1868 1718 1925 inferior
1752 1884 1899 1936 esse,

300 1976 409 2018 non
439 1961 628 2018 volens
656 1960 896 2033 rapinam
920 1960 1173 2019 arbitrari
1201 1962 1461 2035 aequalem
1505 1974 1648 2020 esse.
1702 1954 1758 2019 in
1785 1965 1903 2022 istis

299 2055 441 2112 enim
474 2054 720 2113 arbitrari
748 2066 851 2124 est,
910 2065 1003 2112 aut
1044 2070 1153 2112 non
1203 2057 1452 2114 arbitrari
1495 2061 1736 2130 rapinam
1782 2075 1904 2117 esse

299 2146 586 2219 aequalem,
612 2158 731 2218 qua:
751 2156 877 2205 sunt
898 2148 1146 2221 aequalia.
1177 2149 1282 2205 Sed
1299 2149 1603 2221 putavimus
1616 2146 1901 2224 aequalem,

300 2240 598 2298 secundum
626 2241 921 2311 potentiam
946 2239 1148 2298 dictum
1178 2254 1318 2299 esse.
1381 2230 1617 2299 Primum
1664 2261 1769 2301 non
1819 2255 1903 2302 est

302 2333 433 2391 illud
458 2332 572 2390 Arii
593 2331 825 2406 dogma,
866 2332 1008 2406 quod
1059 2334 1232 2406 major
1283 2336 1369 2392 est
1418 2342 1567 2407 pater
1620 2333 1897 2410 dignitate,

302 2429 559 2502 pmentia,
587 2430 854 2500 claritate,
890 2428 1191 2499 divinitate,
1220 2432 1433 2487 actione
1463 2450 1476 2487 :
1508 2433 1736 2504 aequalia
1759 2435 1901 2490 enim

302 2524 439 2580 dixit
471 2543 483 2580 :
511 2532 566 2581 et
590 2523 636 2580 si
657 2522 954 2580 secundum
982 2520 1123 2580 istud
1153 2524 1400 2595 a'Qualia,
1460 2524 1791 2595 impossibile
1815 2543 1903 2582 se-

300 2616 537 2675 cundum
567 2616 708 2673 istud
735 2617 965 2687 :equalia
984 2631 1126 2683 esse,
1159 2618 1204 2673 si
1235 2634 1341 2673 non
1374 2628 1429 2675 et
1467 2619 1768 2675 substantia
1811 2634 1905 2677 ea-

299 2711 461 2779 dem,
514 2706 607 2767 Dei
648 2710 793 2767 enim
834 2710 1024 2767 eadem
1065 2709 1184 2783 ipsa
1212 2721 1375 2769 estet
1404 2715 1663 2783 potentia,
1693 2723 1748 2771 et
1777 2714 1903 2772 sub-

300 2805 516 2873 stantia,
548 2813 603 2861 et
629 2803 903 2870 divinitas,
949 2816 1001 2860 et
1044 2805 1229 2861 actio:
1285 2803 1481 2861 Omnia
1518 2807 1665 2862 enim
1712 2822 1900 2875 unum,

303 2911 359 2959 et
382 2912 546 2955 unmn
574 2900 823 2971 simplex.
875 2897 992 2956 Huc
1019 2899 1250 2967 accedit,
1293 2900 1338 2955 si
1371 2900 1439 2955 ab
1470 2899 1577 2955 alia
1606 2900 1905 2957 substantia

301 3002 420 3052 erat
446 2993 606 3061 titius,
636 2996 692 3050 et
717 2994 762 3049 si
791 2994 1024 3049 maxime
1047 3008 1114 3049 ex
1145 2990 1352 3061 nihilo;
1378 3009 1497 3066 qua;
1528 2993 1621 3049 illa
1649 2995 1901 3051 substan-

302 3089 375 3146 tia
426 3088 670 3159 recipere
716 3089 905 3146 valens
954 3089 1084 3145 latas
1133 3082 1442 3146 divinitatcs
1491 3098 1546 3148 et
1600 3094 1904 3163 potentias?

2007 1881 2079 1927 est
2104 1871 2245 1942 ﬁlius
2278 1872 2518 1925 hominis.
2554 1870 2699 1926 Dixit
2728 1873 2852 1943 ipsis
2875 1872 3068 1929 Iesus:
3118 1868 3300 1928 Adhuc
3342 1876 3606 1945 paululum

2010 1975 2209 2037 tempus
2258 1964 2428 2019 lumen
2480 1966 2533 2020 in
2570 1966 2709 2021 vobis
2757 1975 2849 2021 est.
2899 1966 2965 2021 Et
3020 1966 3215 2023 deinde
3267 1966 3430 2041 (Ibid.
3464 1968 3602 2043 3U):

2010 2054 2269 2127 Quamdiu
2325 2058 2494 2113 lumen
2549 2057 2764 2124 habetis,
2844 2056 3059 2114 credetis
3097 2060 3150 2116 in
3202 2056 3393 2128 lumen,
3420 2070 3475 2115 ut
3504 2062 3601 2130 ﬁlii

2007 2156 2215 2211 luminis
2239 2156 2557 2227 efﬁciamini.
2614 2155 2764 2222 Quod
2793 2152 3058 2230 ὁμοούσιος
3114 2148 3223 2211 Deo
3253 2153 3459 2229 (Joan.,
3489 2173 3597 2225 xrv,

2010 2248 2065 2316 6,
2096 2248 2151 2321 7)
2174 2267 2186 2304 :
2212 2246 2324 2321 Ego
2349 2265 2463 2303 sum
2488 2247 2589 2314 via,
2614 2259 2658 2302 et
2690 2249 2875 2303 veritas
2905 2260 2952 2304 et
2977 2252 3097 2305 vita.
3157 2246 3351 2306 Nullus
3378 2251 3511 2304 venit
3538 2256 3603 2306 ad

2008 2351 2229 2413 patrem,
2274 2343 2315 2397 si
2342 2358 2442 2396 non
2466 2358 2556 2413 per
2584 2358 2681 2396 me.
2745 2340 2806 2397 Si
2831 2342 3135 2415 cognouistis
3172 2359 3273 2411 me,
3327 2355 3374 2399 et
3411 2352 3604 2415 patrem

2008 2451 2174 2489 meum
2200 2433 2508 2507 cognoscetis
2540 2450 2553 2488 :
2586 2441 2640 2489 et
2668 2433 2855 2489 amodo
2893 2435 3197 2509 cognoscitis
3227 2436 3417 2507 ipsum,
3444 2445 3492 2490 et
3529 2437 3605 2490 vi-

2008 2528 2156 2581 distis
2186 2528 2376 2599 ipsum.
2409 2528 2473 2580 Et
2503 2542 2715 2583 rursum
2746 2525 2810 2582 ad
2842 2522 3149 2598 Philippum
3199 2525 3362 2601 (Ibid.
3392 2522 3445 2592 9,
3478 2524 3564 2596 10)
3593 2544 3604 2579 :

2012 2618 2114 2687 Qui
2144 2618 2268 2675 vidit
2300 2634 2399 2685 me,
2428 2618 2553 2672 vidit
2582 2627 2628 2673 ct
2657 2629 2874 2690 patrem.
2911 2614 3033 2674 Non
3060 2618 3224 2675 credis
3251 2618 3387 2689 quod
3435 2636 3525 2691 ego
3552 2619 3606 2671 iu

2007 2724 2173 2783 patre,
2202 2720 2247 2766 et
2274 2712 2490 2783 paterin
2518 2724 2597 2767 me
2619 2710 2733 2766 est.’
2781 2710 2849 2766 Et
2897 2728 3081 2768 rursus
3126 2712 3228 2768 ista
3276 2722 3330 2767 et
3360 2711 3506 2777 talia,
3551 2710 3603 2766 in

2008 2804 2201 2877 quibus
2230 2803 2575 2860 manifestum
2606 2813 2711 2874 εει,
2751 2804 2897 2875 quod
2927 2816 2982 2861 ct
3010 2816 3159 2877 pater
3184 2814 3266 2861 est
3285 2805 3438 2878 juxta
3461 2805 3604 2877 quod

2009 2907 2112 2961 est.
2144 2907 2199 2953 et
2226 2896 2367 2952 illius
2396 2907 2480 2953 est
2501 2896 2661 2967 juxta
2688 2894 2829 2967 quod
2877 2900 2977 2962 est.
3020 2906 3073 2954 et
3098 2895 3301 2953 idcirco
3322 2896 3429 2953 duo
3455 2907 3603 2953 sunt.

2010 2989 2117 3047 Sed
2162 2988 2418 3062 quoniam
2469 2996 2523 3045 ct
2570 2996 2723 3060 pater
2764 2990 2816 3045 in
2858 2990 2989 3058 lilio,
3037 2996 3092 3047 et
3131 2989 3272 3046 [ilius
3320 2990 3373 3045 in
3430 2996 3601 3062 patre,

2010 3082 2293 3158 ὁμοούσιοι.
2339 3082 2455 3138 Νυιι
2486 3090 2698 3153 oportet
2727 3081 2890 3154 igitur
2929 3080 3112 3139 dicere
3162 3082 3284 3139 dum
3339 3099 3606 3155 personae,

300 3183 578 3256 aequalitas
606 3185 799 3254 aequali
823 3181 1179 3251 connectitur,
1206 3193 1261 3240 et
1282 3184 1459 3240 simile
1482 3185 1664 3240 simili.
1696 3184 1901 3257 Equa-
1930 3175 1975 3240 C
2009 3192 2115 3233 una
2139 3176 2475 3242 substantia;
2502 3177 2594 3231 sed
2624 3176 2730 3232 duo
2756 3188 2906 3248 pater
2934 3184 2987 3233 ct
3013 3172 3172 3242 illius.
3215 3193 3281 3233 ex
3324 3193 3427 3232 una
3470 3175 3601 3233 sult-

303 3276 370 3333 lis
396 3276 560 3349 igitur
587 3274 729 3332 lilius
756 3287 811 3333 et
837 3288 1004 3345 puter,
1064 3285 1119 3331 et
1149 3286 1434 3348 propterea
1468 3285 1523 3333 et
1552 3275 1694 3334 illius
1728 3278 1780 3333 in
1812 3291 1905 3347 pa-

303 3378 407 3439 tre,
438 3379 492 3426 et
514 3380 664 3441 pater
693 3370 744 3425 in
771 3368 901 3434 lilio,
931 3378 986 3426 et
1015 3369 1175 3424 ambo
1203 3376 1391 3426 unum.

376 3458 443 3520 Χ.
473 3462 582 3523 Sed
610 3465 711 3520 ista
741 3478 904 3519 nunc.
962 3460 1031 3520 At
1063 3479 1195 3520 vero
1226 3463 1320 3519 illa
1344 3456 1568 3521 Joannis
1595 3465 1898 3524 videamus.

300 3557 420 3630 Ipse
455 3556 705 3615 Salvator
729 3556 858 3613 dicit
888 3555 1070 3630 (Ioan.
1101 3572 1176 3625 χι,
1204 3554 1299 3629 25)
1335 3574 1348 3611 :
1412 3555 1524 3629 Ego
1581 3574 1695 3612 sum
1732 3573 1903 3613 resur-

300 3652 479 3718 rectio,
507 3652 748 3723 quoniam
774 3650 882 3723 ipse
920 3650 1023 3706 vita
1051 3665 1070 3705 :
1099 3652 1227 3717 Quis
1257 3654 1437 3706 autem
1468 3646 1614 3705 iste?
1685 3649 1894 3707 Martha

303 3743 433 3801 dicit
460 3743 625 3815 (Ibid.
653 3743 780 3818 27):
818 3743 1073 3813 Quoniam
1096 3755 1152 3799 tu
1181 3760 1232 3799 es
1254 3743 1485 3799 Christus
1506 3744 1645 3815 ﬁlius
1676 3744 1789 3813 Dei,
1821 3747 1907 3818 qui

299 3838 356 3894 in
392 3837 639 3893 mundum
664 3837 864 3893 venisti.
901 3836 1054 3907 Quod
1084 3851 1190 3893 non
1219 3837 1298 3891 sic
1350 3832 1491 3893 illius
1510 3877 1523 3901 ,
1554 3837 1906 3908 quemadmo-

301 3933 431 3991 dum
454 3950 551 3991 nos
577 3951 591 3989 :
624 3930 731 3991 Nos
752 3934 897 3990 enim
918 3934 1209 4005 adoptione
1230 3931 1350 4001 lilii,
1375 3933 1463 3989 ille
1484 3941 1695 3990 natura.
1728 3934 1903 3990 Etiam

301 4029 534 4103 quadam
566 4026 852 4101 adoptione
885 4028 1031 4084 ﬁlius
1054 4037 1109 4084 ct
1133 4026 1401 4095 Clll'iallls,
1453 4027 1547 4084 sed
1602 4026 1896 4084 secundum

300 4136 519 4179 carnem
558 4119 681 4194 (Ps.
705 4134 764 4190 it,
788 4119 879 4195 7):
911 4119 1022 4195 Ego
1049 4119 1200 4175 hodie
1223 4120 1376 4193 genui
1398 4129 1463 4175 te.
1498 4120 1552 4176 Si
1574 4119 1716 4176 enim
1740 4121 1903 4189 istud,

301 4214 476 4271 solum
505 4212 775 4270 hominem
838 4213 1005 4270 lilium
1056 4209 1217 4269 habet
1251 4231 1263 4268 :
1311 4210 1405 4269 sed
1453 4210 1635 4285 (Joan.
1667 4229 1780 4281 \‘Ill,
1810 4214 1908 4285 58)

300 4309 433 4362 Ante
469 4306 729 4362 Abraham
776 4324 867 4379 ego
903 4304 1240 4374 sum,dicens
1270 4307 1412 4379 quod
1433 4308 1907 4366 naturaﬁliuserat

302 4403 557 4472 primum,
592 4398 908 4456 declaravit.
965 4398 1083 4455 Non
1116 4400 1275 4472 igitur
1302 4398 1680 4457 Photinianum
1711 4402 1902 4475 dogma

302 4508 514 4551 verum.
564 4482 767 4551 Deinde
794 4507 896 4550 nos
924 4508 1030 4549 non
1077 4504 1265 4566 gentes
1312 4494 1512 4561 solum,
1565 4494 1658 4553 sed
1707 4507 1762 4552 et
1813 4497 1901 4568 qui

2007 3270 2208 3327 stantia
2240 3288 2254 3337 ;
2309 3269 2470 3325 dante
2511 3279 2661 3341 patre
2692 3287 2721 3324 a
2753 3280 2850 3325 Sila
2880 3270 3178 3327 substantia
3212 3271 3322 3326 lilio
3353 3271 3601 3327 substan-

2006 3365 2135 3420 tiam
2156 3365 2210 3420 in
2236 3367 2336 3421 hoc
2358 3363 2532 3436 inquo
2550 3365 2735 3437 genuit
2754 3364 2918 3420 ﬁliuni
2945 3374 3001 3421 et
3027 3383 3091 3422 ex
3119 3364 3384 3440 ὁμοούσιοι
3423 3364 3602 3419 antim-

2005 3458 2157 3526 Quod
2208 3458 2325 3529 ipse
2378 3459 2525 3528 facit,
2582 3468 2637 3516 et
2680 3459 2843 3515 faciet
2890 3461 3092 3530 omnia,
3144 3460 3396 3532 quoniam
3451 3474 3608 3530 egon

2008 3563 2157 3626 patre
2207 3552 2369 3626 (Ibid.
2396 3553 2485 3627 15)
2517 3574 2529 3610 ;
2565 3553 2630 3609 Et
2682 3557 2818 3628 quod
2855 3556 3119 3628 resurgitis
3151 3557 3204 3611 in
3241 3557 3442 3610 nomine
3471 3571 3604 3620 meo,

2007 3645 2104 3700 hoc
2130 3646 2340 3717 faciam,
2376 3652 2430 3700 ut
2455 3642 2771 3716 gloriﬁcetur
2801 3657 2944 3717 pater
2973 3648 3028 3703 in
3074 3664 3170 3702 me.
3247 3646 3399 3716 Quod
3454 3661 3608 3716 para-

2006 3742 2179 3798 cletus
2210 3751 2264 3797 et
2291 3741 2538 3798 Christus
2569 3738 2732 3815 (Ibid.
2765 3740 2853 3810 15,
2890 3738 2979 3814 16)
3009 3760 3022 3798 :
3049 3741 3109 3797 Si
3133 3757 3213 3795 me
3233 3739 3531 3804 dilexeritis,
3562 3748 3607 3792 et

2008 3834 2254 3890 mandata
2295 3851 2408 3889 mea
2433 3834 2804 3890 custodieritis:
2870 3842 2917 3889 el
2947 3850 3039 3905 ego
3065 3831 3255 3906 rogabo
3299 3842 3516 3905 patrem,
3561 3839 3607 3883 et

2007 3932 2167 3986 alium
2197 3931 2515 4000 parucletum
2539 3930 2683 3986 dabit
2712 3931 2871 3998 vobis,
2914 3940 2968 3985 ut
3009 3929 3265 3986 vobiscum
3288 3931 3353 3984 sit
3382 3930 3433 3983 in
3459 3937 3607 3985 wtcr~

2008 4043 2151 4081 num.
2194 4025 2325 4093 Quis
2369 4034 2547 4080 autem
2601 4034 2685 4081 est
2735 4025 2876 4081 alius
2931 4022 3231 4096 patacletus
3280 4020 3447 4096 (Ibid.
3484 4019 3606 4096 li):

2011 4120 2242 4191 Spiritus
2272 4120 2520 4188 veritatis,
2570 4136 2721 4191 quem
2766 4120 2989 4176 mundus
3032 4120 3203 4176 videre
3253 4136 3357 4175 non
3413 4129 3608 4187 potest:

2009 4215 2145 4288 quod
2181 4232 2297 4270 eum
2336 4231 2439 4270 non
2485 4214 2639 4271 videt.
2703 4215 2880 4272 Alium
2926 4222 3106 4272 autem
3150 4215 3499 4287 paracletum,
3556 4212 3609 4270 id

2008 4319 2113 4380 est,
2141 4308 2413 4366 Christum
2441 4310 2692 4367 viderunt
2718 4328 2733 4378 ;
2761 4310 2904 4383 quod
2932 4309 2985 4366 in
3008 4314 3192 4377 carne,
3231 4326 3337 4365 non
3366 4307 3612 4364 credide-

2009 4416 2134 4463 runt
2160 4404 2215 4461 in
2246 4405 2445 4476 ipsum.
2498 4403 2649 4473 Quod
2691 4404 2931 4476 potentia
2956 4403 3159 4461 Christi
3202 4403 3273 4459 sit
3299 4401 3605 4475 paracletus

2013 4498 2208 4574 (Ibid.)
2239 4518 2251 4554 :
2291 4496 2394 4555 Vos
2415 4510 2586 4555 autem
2605 4500 2911 4571 cognoscitis
2939 4499 3132 4569 ipsum,
3187 4498 3429 4569 quoniam
3470 4493 3611 4567 apud

302 4585 534 4658 dispersi
564 4598 692 4643 sunt
718 4584 834 4644 lilii.
896 4582 992 4643 Dei
1017 4587 1178 4658 igitur
1206 4584 1347 4645 illius
1370 4586 1655 4657 Christus;
1711 4591 1807 4647 lilii
1849 4601 1905 4649 et
1935 4570 2104 4652 Dio;
2133 4570 2321 4650 manet.
2376 4594 2516 4666 Ergo
2554 4570 2705 4650 dedit
2758 4593 2933 4665 ipsum
2982 4591 3114 4663 ipsis
3160 4584 3429 4659 Christus,
3478 4588 3615 4644 dixit

304 4696 441 4737 nos:
471 4679 565 4737 sed
593 4696 693 4737 nos
721 4696 816 4752 per
844 4679 1212 4752 adoptionem,
1269 4696 1366 4739 nos
1393 4696 1489 4755 per
1514 4682 1697 4740 Iesum
1719 4683 1904 4742 Chris-

304 4783 438 4842 tum,
475 4787 575 4829 nos
606 4780 663 4829 ut
687 4772 779 4829 lilii
806 4772 1037 4845 dispersi
1072 4791 1084 4831 :
1116 4789 1243 4830 num
1272 4783 1328 4831 et
1352 4774 1599 4831 Christus
1624 4777 1702 4833 sic
1722 4777 1905 4836 illius?

301 4865 505 4924 Natura
534 4866 694 4939 igitur
717 4866 876 4923 Jesus
903 4867 1065 4936 illius,
1108 4883 1207 4924 nos
1250 4866 1539 4940 adoptione
1588 4869 1700 4926 lilii.
1750 4873 1905 4941 Quod

302 4970 493 5017 natura
523 4958 697 5028 illius,
724 4969 777 5016 ct
806 4959 923 5032 ipse
944 4960 1074 5018 dicit
1099 4975 1243 5033 swpe
1274 4959 1454 5034 (Joan.
1487 4979 1566 5030 xi.
1594 4964 1720 5037 ll):
1754 4964 1911 5022 Pater

301 5054 495 5126 gratias
523 5051 612 5108 tibi
640 5069 738 5127 ago
775 5054 911 5128 quod
937 5069 1017 5110 me
1043 5054 1256 5110 audisti.
1304 5055 1371 5112 Et
1412 5056 1589 5130 (Joan.
1622 5073 1714 5127 xtl,
1769 5058 1865 5133 27)
1894 5079 1908 5118 :

304 5147 485 5215 Pater,
543 5148 686 5205 salva
735 5164 815 5205 me
864 5165 927 5205 ex
960 5150 1063 5204 ista
1090 5148 1239 5206 hora.
1273 5146 1341 5207 Et
1370 5167 1558 5209 rursus
1586 5150 1765 5228 (Joan.
1798 5170 1913 5223 xvr,

298 5240 394 5319 28)
426 5262 440 5301 :
468 5240 583 5319 Ego
612 5261 676 5302 ea:
700 5260 788 5302 ore
805 5247 971 5318 patris
993 5246 1237 5318 processi.
1272 5236 1380 5304 181a
1402 5262 1531 5317 non,
1585 5256 1642 5303 ut
1686 5264 1786 5304 nos
1832 5246 1913 5305 di-

2011 4687 2159 4745 enim
2186 4706 2199 4742 :
2236 4686 2409 4742 Manet
2441 4688 2495 4742 in
2526 4685 2687 4755 vobis,
2717 4687 2837 4740 etin
2862 4684 3000 4740 vobis
3031 4695 3123 4739 est.

2088 4781 2204 4837 XII.
2239 4782 2321 4836 Ex
2350 4779 2433 4836 his
2457 4779 2585 4854 quid
2617 4779 2880 4851 apparet?
2906 4779 2963 4835 Si
2996 4780 3135 4835 Deus
3159 4778 3401 4850 spiritus,
3426 4786 3480 4834 et
3515 4775 3608 4834 Je-

2014 4890 2108 4932 sus
2138 4872 2381 4945 Spiritus,
2431 4883 2486 4929 et
2513 4882 2729 4927 sanctus
2779 4870 3034 4943 Spiritus,
3092 4870 3334 4942 spiritus,
3390 4886 3453 4926 ex
3507 4885 3615 4925 una

2016 4967 2316 5026 substantia
2361 4967 2495 5034 tria;
2542 4967 2793 5040 ὁμοούσια
2841 4981 2971 5035 ergo
2999 4964 3118 5020 tria.
3166 4962 3614 5034 QuodaChristo

2020 5061 2257 5133 Spiritus
2297 5068 2552 5127 sanctus,
2604 5057 2742 5113 sicut
2780 5056 3028 5113 Christus
3056 5072 3085 5111 a
3137 5057 3266 5124 Deo,
3317 5066 3373 5112 et
3415 5054 3619 5115 idcimo

2022 5170 2186 5210 unum
2221 5152 2324 5209 tria
2352 5149 2516 5227 (Ibid.
2552 5149 2677 5222 18):
2729 5147 2851 5205 Non
2880 5164 2966 5204 vos
2993 5146 3281 5220 relinquant
3334 5146 3615 5219 orphanos,

2020 5249 2220 5304 veniant
2249 5246 2317 5301 ad
2337 5262 2442 5302 vos.
2473 5244 2540 5301 Et
2566 5259 2753 5301 rursus
2773 5240 3098 5317 dicitann.
3124 5259 3234 5313 11v,
3252 5238 3497 5316 20):]lla
3541 5240 3624 5297 die

1671 5382 2031 5443 VARIORUM
2066 5382 2300 5441 NOTAE.

382 5527 448 5584 Et
472 5544 584 5600 ego.
614 5526 800 5592 Forte,
830 5527 919 5600 sed
947 5542 1060 5599 ego.

376 5597 517 5655 Ante'
529 5599 807 5670 Abraham.
853 5598 928 5653 Ita
958 5597 1311 5670 corrigendos
1335 5597 1589 5657 duximus
1617 5597 1793 5655 editos
1821 5612 1916 5654 co-

304 5672 475 5740 dices,
501 5687 610 5740 prae
641 5685 700 5728 se
724 5669 959 5727 ferentes
988 5669 1318 5727 ante’Adam.

380 5743 627 5799 Credetis.
661 5742 843 5807 Forte.
874 5742 1114 5798 credatis.

383 5817 534 5889 Quod
576 5817 687 5892 ipse
732 5815 894 5889 facit,
947 5824 994 5872 et
1038 5815 1190 5889 faciet
1255 5815 1448 5877 omnia.
1507 5813 1816 5890 Legendum
1846 5814 1924 5872 vi-

2019 5521 2196 5580 detur.
2234 5522 2386 5591 Quod
2408 5522 2516 5593 ipse
2543 5521 2665 5588 facit
2702 5538 2715 5576 :
2749 5518 2971 5591 respicit
2995 5516 3155 5593 enim;
3170 5514 3237 5593 ad
3269 5513 3398 5570 illud
3430 5513 3615 5593 (lacn.

2019 5587 2286 5673 XiyLi2):
2307 5587 2481 5673 Opera
2500 5587 2615 5673 qua!
2637 5609 2729 5664 ego
2750 5587 2976 5673 [cci—aget
2997 5591 3106 5673 ipse
3130 5589 3345 5660 faciet...
3360 5630 3369 5639 .
3386 5587 3507 5670 quia
3530 5603 3622 5658 ego

2024 5639 2101 5724 ῖιξί
2116 5639 2622 5721 instantiam
2638 5639 3105 5743 ;L:t:_.:;;'isz','.tsa
3129 5639 3436 5743 assis-us
3457 5639 3509 5713 ειε
3527 5639 3624 5743 is;

2027 5741 2163 5803 mine
2205 5755 2339 5803 meo,
2394 5738 2678 5808 legendum
2721 5736 2878 5804 plane
2929 5730 3278 5791 narremus:
3337 5730 3426 5789 hic
3479 5731 3622 5787 enim

2029 5812 2207 5871 locum
2240 5806 2636 5878 ‘rccitat,lloan.
2672 5822 2787 5877 xiv,
2821 5808 2906 5865 t5.
3014 5871 3022 5877 _
