  <div class='ocr_page' id='page_1' title='image "/cluster/home/n/w/nwhite01/storage/ocr_20150623/8/hvd.32044015471253/531.png"; bbox 0 0 4024 6306; ppageno 0'>
   <div class='ocr_carea' id='block_1_1' title="bbox 474 243 611 300">
    <p class='ocr_par' dir='ltr' id='par_1_1' title="bbox 474 243 611 300">
     <span class='ocr_line' id='line_1_1' title="bbox 474 243 611 300; baseline -0.007 0"><span class='ocrx_word' id='word_1_1' title='bbox 474 243 611 300; x_wconf 64' lang='grc'><strong>1047</strong></span> 
     </span>
    </p>
   </div>
   <div class='ocr_carea' id='block_1_2' title="bbox 471 452 2073 528">
    <p class='ocr_par' dir='ltr' id='par_1_2' title="bbox 471 452 2073 528">
     <span class='ocr_line' id='line_1_2' title="bbox 471 452 2073 528; baseline 0 -19"><span class='ocrx_word' id='word_1_2' title='bbox 471 464 516 510; x_wconf 90' lang='lat' dir='ltr'><strong>et</strong></span> <span class='ocrx_word' id='word_1_3' title='bbox 545 471 638 525; x_wconf 90' lang='lat' dir='ltr'><strong>ego</strong></span> <span class='ocrx_word' id='word_1_4' title='bbox 659 455 710 508; x_wconf 88' lang='lat' dir='ltr'><strong>in</strong></span> <span class='ocrx_word' id='word_1_5' title='bbox 732 455 870 508; x_wconf 88' lang='lat' dir='ltr'><strong>vobis</strong></span> <span class='ocrx_word' id='word_1_6' title='bbox 901 452 1239 511; x_wconf 89' lang='lat' dir='ltr'><strong>:Secundum</strong></span> <span class='ocrx_word' id='word_1_7' title='bbox 1273 455 1518 528; x_wconf 89' lang='lat' dir='ltr'><strong>spiritum</strong></span> <span class='ocrx_word' id='word_1_8' title='bbox 1545 455 1648 510; x_wconf 86' lang='lat' dir='ltr'><strong>ista</strong></span> <span class='ocrx_word' id='word_1_9' title='bbox 1682 473 1694 508; x_wconf 92' lang='lat'><strong>:</strong></span> <span class='ocrx_word' id='word_1_10' title='bbox 1725 452 1880 521; x_wconf 86' lang='lat' dir='ltr'><strong>Quod</strong></span> <span class='ocrx_word' id='word_1_11' title='bbox 1908 469 1937 508; x_wconf 90' lang='lat' dir='ltr'><strong>a</strong></span> <span class='ocrx_word' id='word_1_12' title='bbox 1961 453 2073 510; x_wconf 83' lang='lat' dir='ltr'><strong>[ilio</strong></span> 
     </span>
    </p>
   </div>
   <div class='ocr_carea' id='block_1_3' title="bbox 475 550 2075 624">
    <p class='ocr_par' dir='ltr' id='par_1_3' title="bbox 475 550 2075 624">
     <span class='ocr_line' id='line_1_3' title="bbox 475 550 2075 624; baseline -0.001 -18"><span class='ocrx_word' id='word_1_13' title='bbox 475 552 776 622; x_wconf 79' lang='lat' dir='ltr'><strong>paracletns</strong></span> <span class='ocrx_word' id='word_1_14' title='bbox 805 551 970 624; x_wconf 87' lang='lat' dir='ltr'><strong>(Ibid.</strong></span> <span class='ocrx_word' id='word_1_15' title='bbox 1000 552 1131 620; x_wconf 73' lang='lat'><strong>26):</strong></span> <span class='ocrx_word' id='word_1_16' title='bbox 1170 553 1472 608; x_wconf 81' lang='lat' dir='ltr'><strong>Paracletus</strong></span> <span class='ocrx_word' id='word_1_17' title='bbox 1506 563 1674 605; x_wconf 89' lang='lat' dir='ltr'><strong>autem</strong></span> <span class='ocrx_word' id='word_1_18' title='bbox 1707 562 1916 605; x_wconf 83' lang='lat' dir='ltr'><strong>sanctus</strong></span> <span class='ocrx_word' id='word_1_19' title='bbox 1951 550 2075 622; x_wconf 84' lang='lat' dir='ltr'><strong>Spi—</strong></span> 
     </span>
    </p>
   </div>
   <div class='ocr_carea' id='block_1_4' title="bbox 477 643 2079 714">
    <p class='ocr_par' dir='ltr' id='par_1_4' title="bbox 477 643 2079 714">
     <span class='ocr_line' id='line_1_4' title="bbox 477 643 2079 714; baseline 0.001 -18"><span class='ocrx_word' id='word_1_20' title='bbox 477 645 632 708; x_wconf 86' lang='lat' dir='ltr'><strong>ritus,</strong></span> <span class='ocrx_word' id='word_1_21' title='bbox 664 662 812 714; x_wconf 83' lang='lat' dir='ltr'><strong><em>quem</em></strong></span> <span class='ocrx_word' id='word_1_22' title='bbox 840 656 981 713; x_wconf 87' lang='lat' dir='ltr'><strong>pater</strong></span> <span class='ocrx_word' id='word_1_23' title='bbox 1011 647 1170 699; x_wconf 86' lang='lat' dir='ltr'><strong>mittet</strong></span> <span class='ocrx_word' id='word_1_24' title='bbox 1191 646 1243 698; x_wconf 88' lang='lat' dir='ltr'><strong>in</strong></span> <span class='ocrx_word' id='word_1_25' title='bbox 1277 647 1479 698; x_wconf 84' lang='lat' dir='ltr'><strong>nomine</strong></span> <span class='ocrx_word' id='word_1_26' title='bbox 1503 662 1632 707; x_wconf 89' lang='lat' dir='ltr'><strong>meo,</strong></span> <span class='ocrx_word' id='word_1_27' title='bbox 1660 645 1746 698; x_wconf 84' lang='lat' dir='ltr'><strong>ille</strong></span> <span class='ocrx_word' id='word_1_28' title='bbox 1763 660 1850 697; x_wconf 89' lang='lat' dir='ltr'><strong>vos</strong></span> <span class='ocrx_word' id='word_1_29' title='bbox 1880 643 2079 697; x_wconf 88' lang='lat' dir='ltr'><strong>docebit</strong></span> 
     </span>
    </p>
   </div>
   <div class='ocr_carea' id='block_1_5' title="bbox 477 736 2078 810">
    <p class='ocr_par' dir='ltr' id='par_1_5' title="bbox 477 736 2078 810">
     <span class='ocr_line' id='line_1_5' title="bbox 477 736 2078 810; baseline -0.001 -18"><span class='ocrx_word' id='word_1_30' title='bbox 477 740 650 792; x_wconf 81' lang='lat' dir='ltr'><strong>omnia</strong></span> <span class='ocrx_word' id='word_1_31' title='bbox 677 756 792 809; x_wconf 73' lang='lat' dir='ltr'><strong>quer</strong></span> <span class='ocrx_word' id='word_1_32' title='bbox 821 756 910 810; x_wconf 89' lang='lat' dir='ltr'><strong>ego</strong></span> <span class='ocrx_word' id='word_1_33' title='bbox 941 741 1138 794; x_wconf 82' lang='lat' dir='ltr'><strong>dixero.</strong></span> <span class='ocrx_word' id='word_1_34' title='bbox 1196 739 1532 793; x_wconf 72' lang='lat' dir='ltr'><strong>Manifestum</strong></span> <span class='ocrx_word' id='word_1_35' title='bbox 1570 753 1639 792; x_wconf 79' lang='lat' dir='ltr'><strong>ex</strong></span> <span class='ocrx_word' id='word_1_36' title='bbox 1675 737 1788 804; x_wconf 87' lang='lat' dir='ltr'><strong>Itis,</strong></span> <span class='ocrx_word' id='word_1_37' title='bbox 1836 736 1976 807; x_wconf 88' lang='lat' dir='ltr'><strong>quod</strong></span> <span class='ocrx_word' id='word_1_38' title='bbox 2025 736 2078 792; x_wconf 90' lang='lat' dir='ltr'><strong>in</strong></span> 
     </span>
    </p>
   </div>
   <div class='ocr_carea' id='block_1_6' title="bbox 481 828 2077 900">
    <p class='ocr_par' dir='ltr' id='par_1_6' title="bbox 481 828 2077 900">
     <span class='ocr_line' id='line_1_6' title="bbox 481 828 2077 900; baseline -0.001 -15"><span class='ocrx_word' id='word_1_39' title='bbox 481 829 696 885; x_wconf 66' lang='lat' dir='ltr'><strong>Chri~to</strong></span> <span class='ocrx_word' id='word_1_40' title='bbox 727 833 885 895; x_wconf 88' lang='lat' dir='ltr'><strong>Deus,</strong></span> <span class='ocrx_word' id='word_1_41' title='bbox 911 842 964 886; x_wconf 86' lang='lat' dir='ltr'><strong>ct</strong></span> <span class='ocrx_word' id='word_1_42' title='bbox 990 831 1044 886; x_wconf 91' lang='lat' dir='ltr'><strong>in</strong></span> <span class='ocrx_word' id='word_1_43' title='bbox 1068 841 1257 886; x_wconf 87' lang='lat' dir='ltr'><strong>sancto</strong></span> <span class='ocrx_word' id='word_1_44' title='bbox 1300 831 1504 900; x_wconf 84' lang='lat' dir='ltr'><strong>Spiritu</strong></span> <span class='ocrx_word' id='word_1_45' title='bbox 1538 828 1804 894; x_wconf 60' lang='lat' dir='ltr'><strong>Christus,</strong></span> <span class='ocrx_word' id='word_1_46' title='bbox 1849 828 2077 896; x_wconf 88' lang='lat' dir='ltr'><strong>primum</strong></span> 
     </span>
    </p>
   </div>
   <div class='ocr_carea' id='block_1_7' title="bbox 484 921 2079 994">
    <p class='ocr_par' dir='ltr' id='par_1_7' title="bbox 484 921 2079 994">
     <span class='ocr_line' id='line_1_7' title="bbox 484 921 2079 994; baseline -0.002 -15"><span class='ocrx_word' id='word_1_47' title='bbox 484 926 789 994; x_wconf 70' lang='lat' dir='ltr'><strong>paracletus</strong></span> <span class='ocrx_word' id='word_1_48' title='bbox 842 922 1088 978; x_wconf 90' lang='lat' dir='ltr'><strong>Christus</strong></span> <span class='ocrx_word' id='word_1_49' title='bbox 1119 966 1134 990; x_wconf 96' lang='lat'><strong>,</strong></span> <span class='ocrx_word' id='word_1_50' title='bbox 1206 925 1508 994; x_wconf 79' lang='lat' dir='ltr'><strong>paracletns</strong></span> <span class='ocrx_word' id='word_1_51' title='bbox 1553 934 1772 977; x_wconf 74' lang='lat' dir='ltr'><strong>sanctus</strong></span> <span class='ocrx_word' id='word_1_52' title='bbox 1826 921 2079 992; x_wconf 61' lang='lat' dir='ltr'><strong>Spirius.</strong></span> 
     </span>
    </p>
   </div>
   <div class='ocr_carea' id='block_1_8' title="bbox 495 1014 2083 1089">
    <p class='ocr_par' dir='ltr' id='par_1_8' title="bbox 495 1014 2083 1089">
     <span class='ocr_line' id='line_1_8' title="bbox 495 1014 2083 1089; baseline -0.001 -18"><span class='ocrx_word' id='word_1_53' title='bbox 495 1017 698 1071; x_wconf 84' lang='lat' dir='ltr'><strong>Deinde</strong></span> <span class='ocrx_word' id='word_1_54' title='bbox 749 1017 891 1071; x_wconf 64' lang='lat' dir='ltr'><strong>irrisit</strong></span> <span class='ocrx_word' id='word_1_55' title='bbox 933 1016 1181 1072; x_wconf 50' lang='lat' dir='ltr'><strong>Christus</strong></span> <span class='ocrx_word' id='word_1_56' title='bbox 1215 1019 1392 1073; x_wconf 87' lang='lat' dir='ltr'><strong>Deus:</strong></span> <span class='ocrx_word' id='word_1_57' title='bbox 1427 1034 1545 1089; x_wconf 68' lang='lat' dir='ltr'><strong>qua:</strong></span> <span class='ocrx_word' id='word_1_58' title='bbox 1587 1017 1793 1073; x_wconf 90' lang='lat' dir='ltr'><strong>locutus</strong></span> <span class='ocrx_word' id='word_1_59' title='bbox 1819 1029 1898 1071; x_wconf 86' lang='lat' dir='ltr'><strong>est</strong></span> <span class='ocrx_word' id='word_1_60' title='bbox 1928 1014 2083 1070; x_wconf 86' lang='lat' dir='ltr'><strong>Chri-</strong></span> 
     </span>
    </p>
   </div>
   <div class='ocr_carea' id='block_1_9' title="bbox 488 1110 2084 1184">
    <p class='ocr_par' dir='ltr' id='par_1_9' title="bbox 488 1110 2084 1184">
     <span class='ocr_line' id='line_1_9' title="bbox 488 1110 2084 1184; baseline 0 -18"><span class='ocrx_word' id='word_1_61' title='bbox 488 1120 625 1176; x_wconf 88' lang='lat' dir='ltr'><strong>stus,</strong></span> <span class='ocrx_word' id='word_1_62' title='bbox 665 1111 778 1178; x_wconf 88' lang='lat' dir='ltr'><strong>ipsa</strong></span> <span class='ocrx_word' id='word_1_63' title='bbox 825 1112 1057 1178; x_wconf 78' lang='lat' dir='ltr'><strong>loquitur</strong></span> <span class='ocrx_word' id='word_1_64' title='bbox 1105 1124 1323 1167; x_wconf 91' lang='lat' dir='ltr'><strong>sanctus</strong></span> <span class='ocrx_word' id='word_1_65' title='bbox 1372 1112 1628 1184; x_wconf 86' lang='lat' dir='ltr'><strong>Spiritus.</strong></span> <span class='ocrx_word' id='word_1_66' title='bbox 1675 1111 1782 1166; x_wconf 74' lang='lat' dir='ltr'><strong>Sed</strong></span> <span class='ocrx_word' id='word_1_67' title='bbox 1836 1110 2084 1166; x_wconf 79' lang='lat' dir='ltr'><strong>Christus</strong></span> 
     </span>
    </p>
   </div>
   <div class='ocr_carea' id='block_1_10' title="bbox 495 1202 2083 1276">
    <p class='ocr_par' dir='ltr' id='par_1_10' title="bbox 495 1202 2083 1276">
     <span class='ocr_line' id='line_1_10' title="bbox 495 1202 2083 1276; baseline 0.002 -20"><span class='ocrx_word' id='word_1_68' title='bbox 495 1202 707 1257; x_wconf 85' lang='lat' dir='ltr'><strong>loculus</strong></span> <span class='ocrx_word' id='word_1_69' title='bbox 747 1213 829 1258; x_wconf 91' lang='lat' dir='ltr'><strong>est</strong></span> <span class='ocrx_word' id='word_1_70' title='bbox 883 1204 935 1258; x_wconf 88' lang='lat' dir='ltr'><strong>itr</strong></span> <span class='ocrx_word' id='word_1_71' title='bbox 1001 1206 1290 1276; x_wconf 62' lang='lat' dir='ltr'><strong>parabolis,</strong></span> <span class='ocrx_word' id='word_1_72' title='bbox 1349 1215 1404 1261; x_wconf 91' lang='lat' dir='ltr'><strong>et</strong></span> <span class='ocrx_word' id='word_1_73' title='bbox 1444 1205 1569 1260; x_wconf 71' lang='lat' dir='ltr'><strong>terit</strong></span> <span class='ocrx_word' id='word_1_74' title='bbox 1617 1205 1767 1275; x_wconf 69' lang='lat' dir='ltr'><strong>signa</strong></span> <span class='ocrx_word' id='word_1_75' title='bbox 1797 1228 1810 1258; x_wconf 88' lang='lat'><strong>:</strong></span> <span class='ocrx_word' id='word_1_76' title='bbox 1843 1220 1971 1274; x_wconf 88' lang='lat' dir='ltr'><strong>ergo</strong></span> <span class='ocrx_word' id='word_1_77' title='bbox 2031 1204 2083 1259; x_wconf 90' lang='lat' dir='ltr'><strong>irt</strong></span> 
     </span>
    </p>
   </div>
   <div class='ocr_carea' id='block_1_11' title="bbox 485 1298 2088 1370">
    <p class='ocr_par' dir='ltr' id='par_1_11' title="bbox 485 1298 2088 1370">
     <span class='ocr_line' id='line_1_11' title="bbox 485 1298 2088 1370; baseline 0.001 -20"><span class='ocrx_word' id='word_1_78' title='bbox 485 1298 698 1352; x_wconf 86' lang='lat' dir='ltr'><strong>occulto</strong></span> <span class='ocrx_word' id='word_1_79' title='bbox 745 1298 922 1353; x_wconf 78' lang='lat' dir='ltr'><strong>otnnir</strong></span> <span class='ocrx_word' id='word_1_80' title='bbox 945 1342 960 1363; x_wconf 90' lang='lat'><strong>,</strong></span> <span class='ocrx_word' id='word_1_81' title='bbox 993 1301 1134 1370; x_wconf 87' lang='lat' dir='ltr'><strong>quod</strong></span> <span class='ocrx_word' id='word_1_82' title='bbox 1179 1300 1294 1370; x_wconf 73' lang='lat' dir='ltr'><strong>ipse</strong></span> <span class='ocrx_word' id='word_1_83' title='bbox 1342 1299 1394 1353; x_wconf 89' lang='lat' dir='ltr'><strong>in</strong></span> <span class='ocrx_word' id='word_1_84' title='bbox 1421 1315 1586 1354; x_wconf 89' lang='lat' dir='ltr'><strong>carne</strong></span> <span class='ocrx_word' id='word_1_85' title='bbox 1617 1314 1761 1364; x_wconf 89' lang='lat' dir='ltr'><strong>erat;</strong></span> <span class='ocrx_word' id='word_1_86' title='bbox 1795 1300 1933 1354; x_wconf 66' lang='lat' dir='ltr'><strong>sicut</strong></span> <span class='ocrx_word' id='word_1_87' title='bbox 1973 1299 2088 1368; x_wconf 88' lang='lat' dir='ltr'><strong>ipse</strong></span> 
     </span>
    </p>
   </div>
   <div class='ocr_carea' id='block_1_12' title="bbox 489 1387 2092 1461">
    <p class='ocr_par' dir='ltr' id='par_1_12' title="bbox 489 1387 2092 1461">
     <span class='ocr_line' id='line_1_12' title="bbox 489 1387 2092 1461; baseline 0.002 -20"><span class='ocrx_word' id='word_1_88' title='bbox 489 1387 654 1452; x_wconf 71' lang='lat' dir='ltr'><strong>intus,</strong></span> <span class='ocrx_word' id='word_1_89' title='bbox 687 1387 765 1444; x_wconf 91' lang='lat' dir='ltr'><strong>sic</strong></span> <span class='ocrx_word' id='word_1_90' title='bbox 796 1399 849 1444; x_wconf 90' lang='lat' dir='ltr'><strong>ct</strong></span> <span class='ocrx_word' id='word_1_91' title='bbox 882 1406 1066 1444; x_wconf 69' lang='lat' dir='ltr'><strong>verum</strong></span> <span class='ocrx_word' id='word_1_92' title='bbox 1097 1390 1239 1444; x_wconf 84' lang='lat' dir='ltr'><strong>intus</strong></span> <span class='ocrx_word' id='word_1_93' title='bbox 1261 1391 1314 1444; x_wconf 88' lang='lat' dir='ltr'><strong>itt</strong></span> <span class='ocrx_word' id='word_1_94' title='bbox 1343 1391 1612 1461; x_wconf 71' lang='lat' dir='ltr'><strong>parabolis</strong></span> <span class='ocrx_word' id='word_1_95' title='bbox 1651 1404 1704 1446; x_wconf 87' lang='lat' dir='ltr'><strong>et</strong></span> <span class='ocrx_word' id='word_1_96' title='bbox 1734 1391 1920 1459; x_wconf 71' lang='lat' dir='ltr'><strong>signis.</strong></span> <span class='ocrx_word' id='word_1_97' title='bbox 1971 1391 2092 1461; x_wconf 67' lang='lat' dir='ltr'><strong>Sti-</strong></span> 
     </span>
    </p>
   </div>
   <div class='ocr_carea' id='block_1_13' title="bbox 486 1483 2092 1557">
    <p class='ocr_par' dir='ltr' id='par_1_13' title="bbox 486 1483 2092 1557">
     <span class='ocr_line' id='line_1_13' title="bbox 486 1483 2092 1557; baseline 0.004 -21"><span class='ocrx_word' id='word_1_98' title='bbox 486 1483 624 1537; x_wconf 85' lang='lat' dir='ltr'><strong>rittts</strong></span> <span class='ocrx_word' id='word_1_99' title='bbox 645 1493 822 1538; x_wconf 89' lang='lat' dir='ltr'><strong>autem</strong></span> <span class='ocrx_word' id='word_1_100' title='bbox 849 1497 1068 1540; x_wconf 60' lang='lat' dir='ltr'><strong>sanctu&lt;</strong></span> <span class='ocrx_word' id='word_1_101' title='bbox 1092 1486 1250 1540; x_wconf 89' lang='lat' dir='ltr'><strong>docet</strong></span> <span class='ocrx_word' id='word_1_102' title='bbox 1279 1486 1460 1540; x_wconf 82' lang='lat' dir='ltr'><strong>omnia</strong></span> <span class='ocrx_word' id='word_1_103' title='bbox 1487 1504 1498 1539; x_wconf 88' lang='lat'>:</span> <span class='ocrx_word' id='word_1_104' title='bbox 1558 1498 1611 1541; x_wconf 91' lang='lat' dir='ltr'><strong>et</strong></span> <span class='ocrx_word' id='word_1_105' title='bbox 1658 1487 1803 1542; x_wconf 90' lang='lat' dir='ltr'><strong>enim</strong></span> <span class='ocrx_word' id='word_1_106' title='bbox 1857 1486 2092 1557; x_wconf 88' lang='lat' dir='ltr'><strong>Spiritus</strong></span> 
     </span>
    </p>
   </div>
   <div class='ocr_carea' id='block_1_14' title="bbox 485 1576 2095 1650">
    <p class='ocr_par' dir='ltr' id='par_1_14' title="bbox 485 1576 2095 1650">
     <span class='ocr_line' id='line_1_14' title="bbox 485 1576 2095 1650; baseline 0.004 -21"><span class='ocrx_word' id='word_1_107' title='bbox 485 1587 704 1630; x_wconf 84' lang='lat' dir='ltr'><strong>sanctus</strong></span> <span class='ocrx_word' id='word_1_108' title='bbox 731 1576 965 1647; x_wconf 78' lang='lat' dir='ltr'><strong>loquitur</strong></span> <span class='ocrx_word' id='word_1_109' title='bbox 993 1577 1208 1646; x_wconf 60' lang='lat' dir='ltr'><strong>Spiritui</strong></span> <span class='ocrx_word' id='word_1_110' title='bbox 1233 1581 1508 1634; x_wconf 83' lang='lat' dir='ltr'><strong>hominum</strong></span> <span class='ocrx_word' id='word_1_111' title='bbox 1537 1597 1551 1645; x_wconf 86' lang='lat'><strong>;</strong></span> <span class='ocrx_word' id='word_1_112' title='bbox 1603 1579 1776 1650; x_wconf 86' lang='lat' dir='ltr'><strong>ipsum</strong></span> <span class='ocrx_word' id='word_1_113' title='bbox 1819 1581 1959 1649; x_wconf 89' lang='lat' dir='ltr'><strong>qttod</strong></span> <span class='ocrx_word' id='word_1_114' title='bbox 2011 1589 2095 1635; x_wconf 89' lang='lat' dir='ltr'><strong>est</strong></span> 
     </span>
    </p>
   </div>
   <div class='ocr_carea' id='block_1_15' title="bbox 491 1667 2094 1744">
    <p class='ocr_par' dir='ltr' id='par_1_15' title="bbox 491 1667 2094 1744">
     <span class='ocr_line' id='line_1_15' title="bbox 491 1667 2094 1744; baseline 0.004 -23"><span class='ocrx_word' id='word_1_115' title='bbox 491 1667 750 1738; x_wconf 81' lang='lat' dir='ltr'><strong>loquitur,</strong></span> <span class='ocrx_word' id='word_1_116' title='bbox 782 1679 836 1724; x_wconf 91' lang='lat' dir='ltr'><strong>et</strong></span> <span class='ocrx_word' id='word_1_117' title='bbox 862 1672 1004 1741; x_wconf 86' lang='lat' dir='ltr'><strong>quod</strong></span> <span class='ocrx_word' id='word_1_118' title='bbox 1029 1681 1113 1726; x_wconf 90' lang='lat' dir='ltr'><strong>est</strong></span> <span class='ocrx_word' id='word_1_119' title='bbox 1142 1672 1376 1743; x_wconf 80' lang='lat' dir='ltr'><strong>loquitur</strong></span> <span class='ocrx_word' id='word_1_120' title='bbox 1400 1672 1452 1726; x_wconf 88' lang='lat' dir='ltr'><strong>in</strong></span> <span class='ocrx_word' id='word_1_121' title='bbox 1479 1674 1624 1727; x_wconf 90' lang='lat' dir='ltr'><strong>nulla</strong></span> <span class='ocrx_word' id='word_1_122' title='bbox 1647 1676 1813 1744; x_wconf 82' lang='lat' dir='ltr'><strong>ligura</strong></span> <span class='ocrx_word' id='word_1_123' title='bbox 1839 1691 1852 1727; x_wconf 84' lang='lat'><strong>:</strong></span> <span class='ocrx_word' id='word_1_124' title='bbox 1882 1673 1947 1727; x_wconf 86' lang='lat' dir='ltr'><strong>Et</strong></span> <span class='ocrx_word' id='word_1_125' title='bbox 1972 1672 2094 1728; x_wconf 90' lang='lat' dir='ltr'><strong>ideo</strong></span> 
     </span>
    </p>
   </div>
   <div class='ocr_carea' id='block_1_16' title="bbox 489 1727 3929 1860">
    <p class='ocr_par' dir='ltr' id='par_1_16' title="bbox 489 1727 3929 1860">
     <span class='ocr_line' id='line_1_16' title="bbox 489 1727 3929 1860; baseline 0.001 -46"><span class='ocrx_word' id='word_1_126' title='bbox 489 1763 600 1830; x_wconf 84' lang='lat' dir='ltr'><strong>ipse</strong></span> <span class='ocrx_word' id='word_1_127' title='bbox 615 1761 811 1816; x_wconf 81' lang='lat' dir='ltr'><strong>docebit</strong></span> <span class='ocrx_word' id='word_1_128' title='bbox 841 1780 948 1816; x_wconf 82' lang='lat' dir='ltr'><strong>ros.</strong></span> <span class='ocrx_word' id='word_1_129' title='bbox 984 1763 1049 1818; x_wconf 85' lang='lat' dir='ltr'><strong>Et</strong></span> <span class='ocrx_word' id='word_1_130' title='bbox 1073 1779 1193 1835; x_wconf 64' lang='lat' dir='ltr'><strong>quae</strong></span> <span class='ocrx_word' id='word_1_131' title='bbox 1226 1765 1499 1836; x_wconf 82' lang='lat' dir='ltr'><strong>loquitur?</strong></span> <span class='ocrx_word' id='word_1_132' title='bbox 1525 1765 1871 1835; x_wconf 79' lang='lat' dir='ltr'><strong>Qucecurnque</strong></span> <span class='ocrx_word' id='word_1_133' title='bbox 1895 1767 2096 1831; x_wconf 78' lang='lat' dir='ltr'><strong>dixero,</strong></span> <span class='ocrx_word' id='word_1_134' title='bbox 2130 1773 2176 1833; x_wconf 83' lang='grc' dir='ltr'><strong>Β</strong></span> <span class='ocrx_word' id='word_1_135' title='bbox 2207 1766 2307 1822; x_wconf 85' lang='lat' dir='ltr'><strong>Ille</strong></span> <span class='ocrx_word' id='word_1_136' title='bbox 2331 1783 2410 1820; x_wconf 86' lang='lat' dir='ltr'><strong>me</strong></span> <span class='ocrx_word' id='word_1_137' title='bbox 2440 1765 2729 1830; x_wconf 82' lang='lat' dir='ltr'><strong>honorabit,</strong></span> <span class='ocrx_word' id='word_1_138' title='bbox 2770 1767 3011 1836; x_wconf 87' lang='lat' dir='ltr'><strong>quoniam</strong></span> <span class='ocrx_word' id='word_1_139' title='bbox 3038 1781 3102 1820; x_wconf 79' lang='lat' dir='ltr'><strong>ex</strong></span> <span class='ocrx_word' id='word_1_140' title='bbox 3143 1781 3252 1818; x_wconf 80' lang='lat' dir='ltr'><strong>meo</strong></span> <span class='ocrx_word' id='word_1_141' title='bbox 3291 1765 3524 1835; x_wconf 87' lang='lat' dir='ltr'><strong>accipiet,</strong></span> <span class='ocrx_word' id='word_1_142' title='bbox 3569 1773 3611 1818; x_wconf 88' lang='lat' dir='ltr'><strong>et</strong></span> <span class='ocrx_word' id='word_1_143' title='bbox 3652 1781 3752 1816; x_wconf 61' lang='lat' dir='ltr'><strong>nunc</strong></span> 
     </span>
    </p>
   </div>
   <div class='ocr_carea' id='block_1_17' title="bbox 3925 1894 3931 1928">
    <p class='ocr_par' dir='ltr' id='par_1_17' title="bbox 3925 1894 3931 1928">
     <span class='ocr_line' id='line_1_17' title="bbox 3925 1894 3931 1928; baseline 0 0"><span class='ocrx_word' id='word_1_144' title='bbox 3925 1894 3931 1928; x_wconf 64' lang='grc' dir='ltr'><em>ὲ</em></span> 
     </span>
    </p>
   </div>
   <div class='ocr_carea' id='block_1_18' title="bbox 492 1855 2100 1932">
    <p class='ocr_par' dir='ltr' id='par_1_18' title="bbox 492 1855 2100 1932">
     <span class='ocr_line' id='line_1_18' title="bbox 492 1855 2100 1932; baseline 0.003 -21"><span class='ocrx_word' id='word_1_145' title='bbox 492 1856 628 1911; x_wconf 74' lang='lat' dir='ltr'><strong>disit</strong></span> <span class='ocrx_word' id='word_1_146' title='bbox 649 1855 917 1913; x_wconf 85' lang='lat' dir='ltr'><strong>Christus.</strong></span> <span class='ocrx_word' id='word_1_147' title='bbox 968 1855 1182 1924; x_wconf 62' lang='lat' dir='ltr'><strong>Dixero,</strong></span> <span class='ocrx_word' id='word_1_148' title='bbox 1212 1858 1279 1914; x_wconf 89' lang='lat' dir='ltr'><strong>de</strong></span> <span class='ocrx_word' id='word_1_149' title='bbox 1305 1861 1484 1913; x_wconf 83' lang='lat' dir='ltr'><strong>futuro</strong></span> <span class='ocrx_word' id='word_1_150' title='bbox 1512 1869 1614 1914; x_wconf 92' lang='lat' dir='ltr'><strong>est.</strong></span> <span class='ocrx_word' id='word_1_151' title='bbox 1653 1860 1724 1914; x_wconf 90' lang='lat' dir='ltr'><strong>De</strong></span> <span class='ocrx_word' id='word_1_152' title='bbox 1749 1877 1854 1932; x_wconf 82' lang='lat' dir='ltr'><strong>quo</strong></span> <span class='ocrx_word' id='word_1_153' title='bbox 1878 1859 2100 1916; x_wconf 81' lang='lat' dir='ltr'><strong>futuro?</strong></span> 
     </span>
    </p>
   </div>
   <div class='ocr_carea' id='block_1_19' title="bbox 493 1949 2100 2025">
    <p class='ocr_par' dir='ltr' id='par_1_19' title="bbox 493 1949 2100 2025">
     <span class='ocr_line' id='line_1_19' title="bbox 493 1949 2100 2025; baseline 0.004 -20"><span class='ocrx_word' id='word_1_154' title='bbox 493 1949 610 2005; x_wconf 84' lang='lat' dir='ltr'><strong>Non</strong></span> <span class='ocrx_word' id='word_1_155' title='bbox 657 1966 724 2007; x_wconf 90' lang='lat' dir='ltr'><strong>eo</strong></span> <span class='ocrx_word' id='word_1_156' title='bbox 763 1951 907 2022; x_wconf 88' lang='lat' dir='ltr'><strong>quod</strong></span> <span class='ocrx_word' id='word_1_157' title='bbox 957 1969 1121 2017; x_wconf 87' lang='lat' dir='ltr'><strong>nunc,</strong></span> <span class='ocrx_word' id='word_1_158' title='bbox 1175 1953 1267 2007; x_wconf 85' lang='lat' dir='ltr'><strong>sed</strong></span> <span class='ocrx_word' id='word_1_159' title='bbox 1295 1969 1360 2009; x_wconf 92' lang='lat' dir='ltr'><strong>eo</strong></span> <span class='ocrx_word' id='word_1_160' title='bbox 1382 1953 1523 2024; x_wconf 80' lang='lat' dir='ltr'><strong>quod</strong></span> <span class='ocrx_word' id='word_1_161' title='bbox 1551 1965 1633 2008; x_wconf 82' lang='lat' dir='ltr'><strong>est</strong></span> <span class='ocrx_word' id='word_1_162' title='bbox 1664 1965 1784 2025; x_wconf 90' lang='lat' dir='ltr'><strong>post</strong></span> <span class='ocrx_word' id='word_1_163' title='bbox 1805 1955 2100 2012; x_wconf 89' lang='lat' dir='ltr'><strong>ascendere</strong></span> 
     </span>
    </p>
   </div>
   <div class='ocr_carea' id='block_1_20' title="bbox 494 2045 2101 2118">
    <p class='ocr_par' dir='ltr' id='par_1_20' title="bbox 494 2045 2101 2118">
     <span class='ocr_line' id='line_1_20' title="bbox 494 2045 2101 2118; baseline 0.003 -17"><span class='ocrx_word' id='word_1_164' title='bbox 494 2047 560 2101; x_wconf 89' lang='lat' dir='ltr'><strong>ad</strong></span> <span class='ocrx_word' id='word_1_165' title='bbox 585 2056 808 2116; x_wconf 82' lang='lat' dir='ltr'><strong>patrem.</strong></span> <span class='ocrx_word' id='word_1_166' title='bbox 858 2047 921 2102; x_wconf 84' lang='lat' dir='ltr'><strong>Et</strong></span> <span class='ocrx_word' id='word_1_167' title='bbox 946 2045 993 2100; x_wconf 88' lang='lat' dir='ltr'><strong>si</strong></span> <span class='ocrx_word' id='word_1_168' title='bbox 1015 2046 1117 2103; x_wconf 80' lang='lat' dir='ltr'><strong>iste</strong></span> <span class='ocrx_word' id='word_1_169' title='bbox 1142 2049 1444 2118; x_wconf 64' lang='lat' dir='ltr'><strong>particle-tus</strong></span> <span class='ocrx_word' id='word_1_170' title='bbox 1471 2048 1694 2104; x_wconf 83' lang='lat' dir='ltr'><strong>veniens</strong></span> <span class='ocrx_word' id='word_1_171' title='bbox 1721 2064 1751 2102; x_wconf 88' lang='lat' dir='ltr'><strong>a</strong></span> <span class='ocrx_word' id='word_1_172' title='bbox 1792 2050 1900 2105; x_wconf 87' lang='lat' dir='ltr'><strong>Deo</strong></span> <span class='ocrx_word' id='word_1_173' title='bbox 1923 2049 1976 2105; x_wconf 88' lang='lat' dir='ltr'><strong>in</strong></span> <span class='ocrx_word' id='word_1_174' title='bbox 2004 2066 2101 2106; x_wconf 90' lang='lat' dir='ltr'><strong>n0-</strong></span> 
     </span>
    </p>
   </div>
   <div class='ocr_carea' id='block_1_21' title="bbox 494 2140 2104 2214">
    <p class='ocr_par' dir='ltr' id='par_1_21' title="bbox 494 2140 2104 2214">
     <span class='ocr_line' id='line_1_21' title="bbox 494 2140 2104 2214; baseline 0.002 -19"><span class='ocrx_word' id='word_1_175' title='bbox 494 2142 640 2195; x_wconf 89' lang='lat' dir='ltr'><strong>mine</strong></span> <span class='ocrx_word' id='word_1_176' title='bbox 667 2140 895 2202; x_wconf 44' lang='lat' dir='ltr'><strong>Christi,</strong></span> <span class='ocrx_word' id='word_1_177' title='bbox 935 2141 1024 2195; x_wconf 85' lang='lat' dir='ltr'><strong>illa</strong></span> <span class='ocrx_word' id='word_1_178' title='bbox 1056 2140 1213 2196; x_wconf 85' lang='lat' dir='ltr'><strong>dor-et</strong></span> <span class='ocrx_word' id='word_1_179' title='bbox 1237 2158 1356 2212; x_wconf 79' lang='lat' dir='ltr'><strong>qua:</strong></span> <span class='ocrx_word' id='word_1_180' title='bbox 1397 2141 1526 2196; x_wconf 81' lang='lat' dir='ltr'><strong>oitit</strong></span> <span class='ocrx_word' id='word_1_181' title='bbox 1559 2141 1759 2196; x_wconf 84' lang='lat' dir='ltr'><strong>Jestrs:</strong></span> <span class='ocrx_word' id='word_1_182' title='bbox 1812 2141 1929 2210; x_wconf 88' lang='lat' dir='ltr'><strong>ipse</strong></span> <span class='ocrx_word' id='word_1_183' title='bbox 1972 2159 2104 2214; x_wconf 86' lang='lat' dir='ltr'><strong>ergo</strong></span> 
     </span>
    </p>
   </div>
   <div class='ocr_carea' id='block_1_22' title="bbox 501 2233 2104 2306">
    <p class='ocr_par' dir='ltr' id='par_1_22' title="bbox 501 2233 2104 2306">
     <span class='ocr_line' id='line_1_22' title="bbox 501 2233 2104 2306; baseline 0.001 -17"><span class='ocrx_word' id='word_1_184' title='bbox 501 2233 680 2297; x_wconf 82' lang='lat' dir='ltr'><strong>Jesus,</strong></span> <span class='ocrx_word' id='word_1_185' title='bbox 710 2249 776 2288; x_wconf 89' lang='lat' dir='ltr'><strong>an</strong></span> <span class='ocrx_word' id='word_1_186' title='bbox 810 2234 926 2302; x_wconf 90' lang='lat' dir='ltr'><strong>ipse</strong></span> <span class='ocrx_word' id='word_1_187' title='bbox 949 2234 1084 2289; x_wconf 91' lang='lat' dir='ltr'><strong>alter</strong></span> <span class='ocrx_word' id='word_1_188' title='bbox 1114 2233 1272 2289; x_wconf 81' lang='lat' dir='ltr'><strong>Iesus</strong></span> <span class='ocrx_word' id='word_1_189' title='bbox 1298 2233 1322 2286; x_wconf 85' lang='lat'><strong>?</strong></span> <span class='ocrx_word' id='word_1_190' title='bbox 1363 2249 1430 2289; x_wconf 91' lang='lat' dir='ltr'><strong>an</strong></span> <span class='ocrx_word' id='word_1_191' title='bbox 1465 2234 1584 2301; x_wconf 82' lang='lat' dir='ltr'><strong>ipso</strong></span> <span class='ocrx_word' id='word_1_192' title='bbox 1611 2235 1783 2290; x_wconf 86' lang='lat' dir='ltr'><strong>altero</strong></span> <span class='ocrx_word' id='word_1_193' title='bbox 1811 2236 2104 2306; x_wconf 86' lang='lat' dir='ltr'><strong>paracleto,</strong></span> 
     </span>
    </p>
   </div>
   <div class='ocr_carea' id='block_1_23' title="bbox 500 2327 2107 2400">
    <p class='ocr_par' dir='ltr' id='par_1_23' title="bbox 500 2327 2107 2400">
     <span class='ocr_line' id='line_1_23' title="bbox 500 2327 2107 2400; baseline 0.001 -16"><span class='ocrx_word' id='word_1_194' title='bbox 500 2330 605 2385; x_wconf 91' lang='lat' dir='ltr'><strong>hoc</strong></span> <span class='ocrx_word' id='word_1_195' title='bbox 652 2338 756 2394; x_wconf 89' lang='lat' dir='ltr'><strong>est,</strong></span> <span class='ocrx_word' id='word_1_196' title='bbox 805 2328 1008 2398; x_wconf 88' lang='lat' dir='ltr'><strong>Spiritu</strong></span> <span class='ocrx_word' id='word_1_197' title='bbox 1056 2338 1244 2383; x_wconf 88' lang='lat' dir='ltr'><strong>sancto</strong></span> <span class='ocrx_word' id='word_1_198' title='bbox 1283 2327 1424 2384; x_wconf 90' lang='lat' dir='ltr'><strong>inest</strong></span> <span class='ocrx_word' id='word_1_199' title='bbox 1469 2327 1650 2393; x_wconf 71' lang='lat' dir='ltr'><strong>Iesus,</strong></span> <span class='ocrx_word' id='word_1_200' title='bbox 1697 2328 1839 2384; x_wconf 82' lang='lat' dir='ltr'><strong>sicut</strong></span> <span class='ocrx_word' id='word_1_201' title='bbox 1885 2329 1937 2383; x_wconf 90' lang='lat' dir='ltr'><strong>iu</strong></span> <span class='ocrx_word' id='word_1_202' title='bbox 1989 2329 2107 2400; x_wconf 84' lang='lat' dir='ltr'><strong>ipso</strong></span> 
     </span>
    </p>
   </div>
   <div class='ocr_carea' id='block_1_24' title="bbox 505 2421 2107 2486">
    <p class='ocr_par' dir='ltr' id='par_1_24' title="bbox 505 2421 2107 2486">
     <span class='ocr_line' id='line_1_24' title="bbox 505 2421 2107 2486; baseline 0.001 -9"><span class='ocrx_word' id='word_1_203' title='bbox 505 2421 687 2477; x_wconf 87' lang='lat' dir='ltr'><strong>Deus?</strong></span> <span class='ocrx_word' id='word_1_204' title='bbox 718 2422 818 2476; x_wconf 88' lang='lat' dir='ltr'><strong>Ista</strong></span> <span class='ocrx_word' id='word_1_205' title='bbox 853 2421 952 2477; x_wconf 87' lang='lat' dir='ltr'><strong>hac</strong></span> <span class='ocrx_word' id='word_1_206' title='bbox 1002 2421 1143 2476; x_wconf 83' lang='lat' dir='ltr'><strong>serie</strong></span> <span class='ocrx_word' id='word_1_207' title='bbox 1185 2421 1360 2476; x_wconf 89' lang='lat' dir='ltr'><strong>trilurs</strong></span> <span class='ocrx_word' id='word_1_208' title='bbox 1408 2421 1784 2486; x_wconf 71' lang='lat' dir='ltr'><strong>existentihus,</strong></span> <span class='ocrx_word' id='word_1_209' title='bbox 1841 2436 1894 2478; x_wconf 88' lang='lat' dir='ltr'><strong>et</strong></span> <span class='ocrx_word' id='word_1_210' title='bbox 1942 2439 2107 2478; x_wconf 91' lang='lat' dir='ltr'><strong>unum</strong></span> 
     </span>
    </p>
   </div>
   <div class='ocr_carea' id='block_1_25' title="bbox 500 2513 2106 2590">
    <p class='ocr_par' dir='ltr' id='par_1_25' title="bbox 500 2513 2106 2590">
     <span class='ocr_line' id='line_1_25' title="bbox 500 2513 2106 2590; baseline 0.002 -19"><span class='ocrx_word' id='word_1_211' title='bbox 500 2525 629 2571; x_wconf 89' lang='lat' dir='ltr'><strong>sunt</strong></span> <span class='ocrx_word' id='word_1_212' title='bbox 658 2515 779 2581; x_wconf 86' lang='lat' dir='ltr'><strong>tria,</strong></span> <span class='ocrx_word' id='word_1_213' title='bbox 810 2525 863 2569; x_wconf 80' lang='lat' dir='ltr'><strong>ct</strong></span> <span class='ocrx_word' id='word_1_214' title='bbox 899 2515 1198 2590; x_wconf 76' lang='grc' dir='ltr'><strong>ὁμοούσιονε</strong></span> <span class='ocrx_word' id='word_1_215' title='bbox 1230 2513 1430 2586; x_wconf 85' lang='lat' dir='ltr'><strong>quippe</strong></span> <span class='ocrx_word' id='word_1_216' title='bbox 1451 2515 1664 2570; x_wconf 79' lang='lat' dir='ltr'><strong>diCente</strong></span> <span class='ocrx_word' id='word_1_217' title='bbox 1685 2515 1903 2572; x_wconf 83' lang='lat' dir='ltr'><strong>Christo</strong></span> <span class='ocrx_word' id='word_1_218' title='bbox 1926 2517 2106 2589; x_wconf 84' lang='lat' dir='ltr'><strong>(Joan.</strong></span> 
     </span>
    </p>
   </div>
   <div class='ocr_carea' id='block_1_26' title="bbox 502 2607 2110 2674">
    <p class='ocr_par' dir='ltr' id='par_1_26' title="bbox 502 2607 2110 2674">
     <span class='ocr_line' id='line_1_26' title="bbox 502 2607 2110 2674; baseline 0.003 -11"><span class='ocrx_word' id='word_1_219' title='bbox 502 2624 612 2674; x_wconf 68' lang='lat' dir='ltr'><strong>xlv,</strong></span> <span class='ocrx_word' id='word_1_220' title='bbox 637 2607 762 2674; x_wconf 72' lang='lat'><strong>28):</strong></span> <span class='ocrx_word' id='word_1_221' title='bbox 792 2607 868 2662; x_wconf 83' lang='lat' dir='ltr'><strong>Eo</strong></span> <span class='ocrx_word' id='word_1_222' title='bbox 892 2618 937 2662; x_wconf 84' lang='lat' dir='ltr'><strong>ct</strong></span> <span class='ocrx_word' id='word_1_223' title='bbox 962 2610 1101 2662; x_wconf 82' lang='lat' dir='ltr'><strong>venio</strong></span> <span class='ocrx_word' id='word_1_224' title='bbox 1131 2609 1198 2662; x_wconf 87' lang='lat' dir='ltr'><strong>ad</strong></span> <span class='ocrx_word' id='word_1_225' title='bbox 1224 2625 1310 2662; x_wconf 82' lang='lat' dir='ltr'><strong>vos</strong></span> <span class='ocrx_word' id='word_1_226' title='bbox 1335 2627 1346 2662; x_wconf 93' lang='lat'><strong>:</strong></span> <span class='ocrx_word' id='word_1_227' title='bbox 1371 2625 1400 2662; x_wconf 87' lang='lat' dir='ltr'><strong>a</strong></span> <span class='ocrx_word' id='word_1_228' title='bbox 1428 2609 1537 2664; x_wconf 88' lang='lat' dir='ltr'><strong>Deo</strong></span> <span class='ocrx_word' id='word_1_229' title='bbox 1558 2609 1694 2664; x_wconf 81' lang='lat' dir='ltr'><strong>alius</strong></span> <span class='ocrx_word' id='word_1_230' title='bbox 1723 2610 1933 2665; x_wconf 69' lang='lat' dir='ltr'><strong>dalritnr</strong></span> <span class='ocrx_word' id='word_1_231' title='bbox 1957 2613 2110 2668; x_wconf 77' lang='lat' dir='ltr'><strong>\&#39;0iliS</strong></span> 
     </span>
    </p>
   </div>
   <div class='ocr_carea' id='block_1_27' title="bbox 503 2705 2113 2777">
    <p class='ocr_par' dir='ltr' id='par_1_27' title="bbox 503 2705 2113 2777">
     <span class='ocr_line' id='line_1_27' title="bbox 503 2705 2113 2777; baseline 0 -17"><span class='ocrx_word' id='word_1_232' title='bbox 503 2707 830 2777; x_wconf 85' lang='lat' dir='ltr'><strong>paracletus,</strong></span> <span class='ocrx_word' id='word_1_233' title='bbox 862 2706 953 2774; x_wconf 89' lang='lat' dir='ltr'><strong>qui</strong></span> <span class='ocrx_word' id='word_1_234' title='bbox 977 2722 1329 2776; x_wconf 70' lang='lat' dir='ltr'><strong>qtlarcntnqne</strong></span> <span class='ocrx_word' id='word_1_235' title='bbox 1370 2705 1551 2770; x_wconf 80' lang='lat' dir='ltr'><strong>halret,</strong></span> <span class='ocrx_word' id='word_1_236' title='bbox 1604 2722 1633 2760; x_wconf 88' lang='lat' dir='ltr'><strong>a</strong></span> <span class='ocrx_word' id='word_1_237' title='bbox 1685 2723 1772 2762; x_wconf 90' lang='lat' dir='ltr'><strong>me</strong></span> <span class='ocrx_word' id='word_1_238' title='bbox 1818 2706 2004 2773; x_wconf 88' lang='lat' dir='ltr'><strong>ltahct,</strong></span> <span class='ocrx_word' id='word_1_239' title='bbox 2058 2717 2113 2761; x_wconf 87' lang='lat' dir='ltr'><strong>et</strong></span> 
     </span>
    </p>
   </div>
   <div class='ocr_carea' id='block_1_28' title="bbox 507 2799 2114 2871">
    <p class='ocr_par' dir='ltr' id='par_1_28' title="bbox 507 2799 2114 2871">
     <span class='ocr_line' id='line_1_28' title="bbox 507 2799 2114 2871; baseline 0.003 -19"><span class='ocrx_word' id='word_1_240' title='bbox 507 2815 860 2870; x_wconf 80' lang='lat' dir='ltr'><strong>qna-cumque</strong></span> <span class='ocrx_word' id='word_1_241' title='bbox 884 2799 1040 2853; x_wconf 75' lang='lat' dir='ltr'><strong>habet</strong></span> <span class='ocrx_word' id='word_1_242' title='bbox 1074 2809 1248 2871; x_wconf 86' lang='lat' dir='ltr'><strong>pater,</strong></span> <span class='ocrx_word' id='word_1_243' title='bbox 1308 2801 1530 2855; x_wconf 82' lang='lat' dir='ltr'><strong>tradidit</strong></span> <span class='ocrx_word' id='word_1_244' title='bbox 1587 2801 1720 2856; x_wconf 87' lang='lat' dir='ltr'><strong>mihi</strong></span> <span class='ocrx_word' id='word_1_245' title='bbox 1771 2801 1972 2856; x_wconf 86' lang='lat' dir='ltr'><strong>omnia.</strong></span> <span class='ocrx_word' id='word_1_246' title='bbox 2024 2803 2114 2857; x_wconf 81' lang='lat' dir='ltr'><strong>Et-</strong></span> 
     </span>
    </p>
   </div>
   <div class='ocr_carea' id='block_1_29' title="bbox 511 2894 2111 2966">
    <p class='ocr_par' dir='ltr' id='par_1_29' title="bbox 511 2894 2111 2966">
     <span class='ocr_line' id='line_1_29' title="bbox 511 2894 2111 2966; baseline 0.001 -17"><span class='ocrx_word' id='word_1_247' title='bbox 511 2894 656 2949; x_wconf 88' lang='lat' dir='ltr'><strong>enim</strong></span> <span class='ocrx_word' id='word_1_248' title='bbox 677 2910 836 2950; x_wconf 89' lang='lat' dir='ltr'><strong>omne</strong></span> <span class='ocrx_word' id='word_1_249' title='bbox 865 2894 1180 2966; x_wconf 87' lang='lat' dir='ltr'><strong>mysterium</strong></span> <span class='ocrx_word' id='word_1_250' title='bbox 1211 2895 1312 2949; x_wconf 91' lang='lat' dir='ltr'><strong>hoc</strong></span> <span class='ocrx_word' id='word_1_251' title='bbox 1333 2904 1436 2959; x_wconf 76' lang='lat' dir='ltr'><strong>est,</strong></span> <span class='ocrx_word' id='word_1_252' title='bbox 1484 2904 1634 2965; x_wconf 77' lang='lat' dir='ltr'><strong>pater</strong></span> <span class='ocrx_word' id='word_1_253' title='bbox 1659 2895 1951 2966; x_wconf 69' lang='lat' dir='ltr'><strong>irruperaus</strong></span> <span class='ocrx_word' id='word_1_254' title='bbox 1977 2911 2111 2966; x_wconf 83' lang='lat' dir='ltr'><strong>ope-</strong></span> 
     </span>
    </p>
   </div>
   <div class='ocr_carea' id='block_1_30' title="bbox 517 2987 2116 3059">
    <p class='ocr_par' dir='ltr' id='par_1_30' title="bbox 517 2987 2116 3059">
     <span class='ocr_line' id='line_1_30' title="bbox 517 2987 2116 3059; baseline 0.003 -18"><span class='ocrx_word' id='word_1_255' title='bbox 517 2988 675 3052; x_wconf 80' lang='lat' dir='ltr'><strong>ratio,</strong></span> <span class='ocrx_word' id='word_1_256' title='bbox 703 2987 842 3042; x_wconf 91' lang='lat' dir='ltr'><strong>lilius</strong></span> <span class='ocrx_word' id='word_1_257' title='bbox 872 3004 1105 3058; x_wconf 82' lang='lat' dir='ltr'><strong>operans</strong></span> <span class='ocrx_word' id='word_1_258' title='bbox 1127 2988 1391 3059; x_wconf 77' lang='lat' dir='ltr'><strong>operatio,</strong></span> <span class='ocrx_word' id='word_1_259' title='bbox 1419 2987 1472 3042; x_wconf 87' lang='lat' dir='ltr'><strong>id</strong></span> <span class='ocrx_word' id='word_1_260' title='bbox 1495 2998 1578 3043; x_wconf 93' lang='lat' dir='ltr'><strong>est</strong></span> <span class='ocrx_word' id='word_1_261' title='bbox 1597 2988 1740 3058; x_wconf 90' lang='lat' dir='ltr'><strong>quod</strong></span> <span class='ocrx_word' id='word_1_262' title='bbox 1779 2998 1860 3044; x_wconf 91' lang='lat' dir='ltr'><strong>est</strong></span> <span class='ocrx_word' id='word_1_263' title='bbox 1892 3005 2116 3059; x_wconf 77' lang='lat' dir='ltr'><strong>regene-</strong></span> 
     </span>
    </p>
   </div>
   <div class='ocr_carea' id='block_1_31' title="bbox 509 3082 2114 3154">
    <p class='ocr_par' dir='ltr' id='par_1_31' title="bbox 509 3082 2114 3154">
     <span class='ocr_line' id='line_1_31' title="bbox 509 3082 2114 3154; baseline 0 -17"><span class='ocrx_word' id='word_1_264' title='bbox 509 3097 631 3138; x_wconf 87' lang='lat' dir='ltr'><strong>rare</strong></span> <span class='ocrx_word' id='word_1_265' title='bbox 675 3101 688 3137; x_wconf 86' lang='lat'><strong>:</strong></span> <span class='ocrx_word' id='word_1_266' title='bbox 733 3093 950 3137; x_wconf 81' lang='lat' dir='ltr'><strong>sanctus</strong></span> <span class='ocrx_word' id='word_1_267' title='bbox 1003 3097 1182 3138; x_wconf 81' lang='lat' dir='ltr'><strong>autem</strong></span> <span class='ocrx_word' id='word_1_268' title='bbox 1229 3082 1462 3152; x_wconf 73' lang='lat' dir='ltr'><strong>Spiritus</strong></span> <span class='ocrx_word' id='word_1_269' title='bbox 1506 3098 1738 3154; x_wconf 83' lang='lat' dir='ltr'><strong>Operaus</strong></span> <span class='ocrx_word' id='word_1_270' title='bbox 1789 3082 2032 3153; x_wconf 84' lang='lat' dir='ltr'><strong>operatio</strong></span> <span class='ocrx_word' id='word_1_271' title='bbox 2062 3083 2114 3138; x_wconf 87' lang='lat' dir='ltr'><strong>in</strong></span> 
     </span>
    </p>
   </div>
   <div class='ocr_carea' id='block_1_32' title="bbox 509 3176 1140 3246">
    <p class='ocr_par' dir='ltr' id='par_1_32' title="bbox 509 3176 1140 3246">
     <span class='ocr_line' id='line_1_32' title="bbox 509 3176 1140 3246; baseline 0.003 -18"><span class='ocrx_word' id='word_1_272' title='bbox 509 3176 651 3246; x_wconf 88' lang='lat' dir='ltr'><strong>qtrod</strong></span> <span class='ocrx_word' id='word_1_273' title='bbox 685 3185 769 3230; x_wconf 83' lang='lat' dir='ltr'><strong>est</strong></span> <span class='ocrx_word' id='word_1_274' title='bbox 797 3190 1140 3241; x_wconf 62' lang='lat' dir='ltr'><strong>regenerare.</strong></span> 
     </span>
    </p>
   </div>
   <div class='ocr_carea' id='block_1_33' title="bbox 591 3267 2113 3344">
    <p class='ocr_par' dir='ltr' id='par_1_33' title="bbox 591 3267 2113 3344">
     <span class='ocr_line' id='line_1_33' title="bbox 591 3267 2113 3344; baseline 0.001 -22"><span class='ocrx_word' id='word_1_275' title='bbox 591 3267 728 3322; x_wconf 84' lang='lat' dir='ltr'><strong>XIII.</strong></span> <span class='ocrx_word' id='word_1_276' title='bbox 754 3269 857 3323; x_wconf 84' lang='lat' dir='ltr'><strong>Sed</strong></span> <span class='ocrx_word' id='word_1_277' title='bbox 886 3268 988 3322; x_wconf 84' lang='lat' dir='ltr'><strong>ista</strong></span> <span class='ocrx_word' id='word_1_278' title='bbox 1017 3269 1233 3339; x_wconf 90' lang='lat' dir='ltr'><strong>quidem</strong></span> <span class='ocrx_word' id='word_1_279' title='bbox 1265 3279 1316 3323; x_wconf 90' lang='lat' dir='ltr'><strong>et</strong></span> <span class='ocrx_word' id='word_1_280' title='bbox 1344 3269 1397 3323; x_wconf 92' lang='lat' dir='ltr'><strong>in</strong></span> <span class='ocrx_word' id='word_1_281' title='bbox 1426 3269 1544 3324; x_wconf 88' lang='lat' dir='ltr'><strong>aliis</strong></span> <span class='ocrx_word' id='word_1_282' title='bbox 1565 3269 1728 3324; x_wconf 88' lang='lat' dir='ltr'><strong>dicta.</strong></span> <span class='ocrx_word' id='word_1_283' title='bbox 1772 3269 1925 3337; x_wconf 83' lang='lat' dir='ltr'><strong>Quod</strong></span> <span class='ocrx_word' id='word_1_284' title='bbox 1947 3271 2113 3344; x_wconf 69' lang='grc' dir='ltr'><strong>λόγος,</strong></span> 
     </span>
    </p>
   </div>
   <div class='ocr_carea' id='block_1_34' title="bbox 516 3357 2117 3432">
    <p class='ocr_par' dir='ltr' id='par_1_34' title="bbox 516 3357 2117 3432">
     <span class='ocr_line' id='line_1_34' title="bbox 516 3357 2117 3432; baseline 0 -17"><span class='ocrx_word' id='word_1_285' title='bbox 516 3362 622 3416; x_wconf 94' lang='lat' dir='ltr'><strong>hoc</strong></span> <span class='ocrx_word' id='word_1_286' title='bbox 649 3370 752 3423; x_wconf 82' lang='lat' dir='ltr'><strong>est.</strong></span> <span class='ocrx_word' id='word_1_287' title='bbox 782 3359 939 3415; x_wconf 84' lang='lat' dir='ltr'><strong>Jesus</strong></span> <span class='ocrx_word' id='word_1_288' title='bbox 965 3363 1044 3414; x_wconf 83' lang='lat' dir='ltr'><strong>vel</strong></span> <span class='ocrx_word' id='word_1_289' title='bbox 1075 3357 1342 3426; x_wconf 78' lang='lat' dir='ltr'><strong>Christus,</strong></span> <span class='ocrx_word' id='word_1_290' title='bbox 1375 3361 1598 3430; x_wconf 77' lang='lat' dir='ltr'><strong>mqnalis</strong></span> <span class='ocrx_word' id='word_1_291' title='bbox 1623 3370 1707 3417; x_wconf 89' lang='lat' dir='ltr'><strong>est</strong></span> <span class='ocrx_word' id='word_1_292' title='bbox 1734 3361 1922 3432; x_wconf 86' lang='lat' dir='ltr'><strong>patris,</strong></span> <span class='ocrx_word' id='word_1_293' title='bbox 1951 3374 2004 3416; x_wconf 91' lang='lat' dir='ltr'><strong>et</strong></span> <span class='ocrx_word' id='word_1_294' title='bbox 2035 3362 2117 3416; x_wconf 87' lang='lat' dir='ltr'><strong>irr-</strong></span> 
     </span>
    </p>
   </div>
   <div class='ocr_carea' id='block_1_35' title="bbox 512 3452 2118 3528">
    <p class='ocr_par' dir='ltr' id='par_1_35' title="bbox 512 3452 2118 3528">
     <span class='ocr_line' id='line_1_35' title="bbox 512 3452 2118 3528; baseline 0 -18"><span class='ocrx_word' id='word_1_295' title='bbox 512 3454 678 3510; x_wconf 83' lang='lat' dir='ltr'><strong>Ierior</strong></span> <span class='ocrx_word' id='word_1_296' title='bbox 707 3452 755 3528; x_wconf 94' lang='lat' dir='ltr'><strong>(I</strong></span> <span class='ocrx_word' id='word_1_297' title='bbox 766 3453 895 3525; x_wconf 88' lang='lat' dir='ltr'><strong>bid.)</strong></span> <span class='ocrx_word' id='word_1_298' title='bbox 926 3472 937 3507; x_wconf 89' lang='lat'>:</span> <span class='ocrx_word' id='word_1_299' title='bbox 971 3453 1046 3508; x_wconf 82' lang='lat' dir='ltr'><strong>Eo</strong></span> <span class='ocrx_word' id='word_1_300' title='bbox 1071 3456 1139 3507; x_wconf 88' lang='lat' dir='ltr'><strong>ad</strong></span> <span class='ocrx_word' id='word_1_301' title='bbox 1160 3466 1376 3526; x_wconf 87' lang='lat' dir='ltr'><strong>putreru,</strong></span> <span class='ocrx_word' id='word_1_302' title='bbox 1413 3459 1655 3526; x_wconf 86' lang='lat' dir='ltr'><strong>quoniam</strong></span> <span class='ocrx_word' id='word_1_303' title='bbox 1689 3466 1833 3526; x_wconf 85' lang='lat' dir='ltr'><strong>pater</strong></span> <span class='ocrx_word' id='word_1_304' title='bbox 1856 3457 2022 3526; x_wconf 81' lang='lat' dir='ltr'><strong>major</strong></span> <span class='ocrx_word' id='word_1_305' title='bbox 2046 3465 2118 3510; x_wconf 87' lang='lat' dir='ltr'><strong>est</strong></span> 
     </span>
    </p>
   </div>
   <div class='ocr_carea' id='block_1_36' title="bbox 513 3545 2118 3619">
    <p class='ocr_par' dir='ltr' id='par_1_36' title="bbox 513 3545 2118 3619">
     <span class='ocr_line' id='line_1_36' title="bbox 513 3545 2118 3619; baseline 0 -18"><span class='ocrx_word' id='word_1_306' title='bbox 513 3563 611 3601; x_wconf 88' lang='lat' dir='ltr'><strong>me.</strong></span> <span class='ocrx_word' id='word_1_307' title='bbox 677 3545 807 3600; x_wconf 83' lang='lat' dir='ltr'><strong>Item</strong></span> <span class='ocrx_word' id='word_1_308' title='bbox 837 3545 968 3601; x_wconf 85' lang='lat' dir='ltr'><strong>dit-it</strong></span> <span class='ocrx_word' id='word_1_309' title='bbox 1000 3547 1192 3601; x_wconf 81' lang='lat' dir='ltr'><strong>Paulus</strong></span> <span class='ocrx_word' id='word_1_310' title='bbox 1217 3547 1478 3619; x_wconf 79' lang='lat' dir='ltr'><strong>(Philipp.</strong></span> <span class='ocrx_word' id='word_1_311' title='bbox 1499 3562 1556 3614; x_wconf 84' lang='grc' dir='ltr'><strong>ιι,</strong></span> <span class='ocrx_word' id='word_1_312' title='bbox 1581 3546 1638 3617; x_wconf 83' lang='grc'>6)</span> <span class='ocrx_word' id='word_1_313' title='bbox 1676 3566 1689 3601; x_wconf 90' lang='lat'>:</span> <span class='ocrx_word' id='word_1_314' title='bbox 1741 3547 1860 3601; x_wconf 87' lang='lat' dir='ltr'><strong>Non</strong></span> <span class='ocrx_word' id='word_1_315' title='bbox 1883 3549 2118 3619; x_wconf 85' lang='lat' dir='ltr'><strong>rapinam</strong></span> 
     </span>
    </p>
   </div>
   <div class='ocr_carea' id='block_1_37' title="bbox 513 3639 2115 3710">
    <p class='ocr_par' dir='ltr' id='par_1_37' title="bbox 513 3639 2115 3710">
     <span class='ocr_line' id='line_1_37' title="bbox 513 3639 2115 3710; baseline 0 -16"><span class='ocrx_word' id='word_1_316' title='bbox 513 3641 793 3694; x_wconf 72' lang='lat' dir='ltr'><strong>arbitratus</strong></span> <span class='ocrx_word' id='word_1_317' title='bbox 824 3650 896 3694; x_wconf 83' lang='lat' dir='ltr'><strong>est</strong></span> <span class='ocrx_word' id='word_1_318' title='bbox 926 3657 978 3693; x_wconf 87' lang='lat' dir='ltr'><strong>se</strong></span> <span class='ocrx_word' id='word_1_319' title='bbox 1003 3640 1249 3710; x_wconf 73' lang='lat' dir='ltr'><strong>mqualrm</strong></span> <span class='ocrx_word' id='word_1_320' title='bbox 1278 3656 1382 3693; x_wconf 86' lang='lat' dir='ltr'><strong>esse</strong></span> <span class='ocrx_word' id='word_1_321' title='bbox 1408 3639 1532 3693; x_wconf 88' lang='lat' dir='ltr'><strong>Deo.</strong></span> <span class='ocrx_word' id='word_1_322' title='bbox 1576 3639 1639 3694; x_wconf 86' lang='lat' dir='ltr'><strong>Et</strong></span> <span class='ocrx_word' id='word_1_323' title='bbox 1675 3639 1725 3692; x_wconf 73' lang='lat' dir='ltr'><strong>irl</strong></span> <span class='ocrx_word' id='word_1_324' title='bbox 1749 3640 1891 3710; x_wconf 90' lang='lat' dir='ltr'><strong>quod</strong></span> <span class='ocrx_word' id='word_1_325' title='bbox 1916 3640 2115 3694; x_wconf 74' lang='lat' dir='ltr'><strong>dictum</strong></span> 
     </span>
    </p>
   </div>
   <div class='ocr_carea' id='block_1_38' title="bbox 516 3731 2116 3806">
    <p class='ocr_par' dir='ltr' id='par_1_38' title="bbox 516 3731 2116 3806">
     <span class='ocr_line' id='line_1_38' title="bbox 516 3731 2116 3806; baseline 0 -16"><span class='ocrx_word' id='word_1_326' title='bbox 516 3745 603 3790; x_wconf 90' lang='lat' dir='ltr'><strong>est</strong></span> <span class='ocrx_word' id='word_1_327' title='bbox 633 3732 815 3804; x_wconf 85' lang='lat' dir='ltr'><strong>(Joan.</strong></span> <span class='ocrx_word' id='word_1_328' title='bbox 851 3751 908 3800; x_wconf 66' lang='grc' dir='ltr'><strong>κ,</strong></span> <span class='ocrx_word' id='word_1_329' title='bbox 940 3734 1069 3803; x_wconf 77' lang='lat'><strong>30):</strong></span> <span class='ocrx_word' id='word_1_330' title='bbox 1097 3731 1206 3802; x_wconf 83' lang='lat' dir='ltr'><strong>Ego</strong></span> <span class='ocrx_word' id='word_1_331' title='bbox 1239 3745 1283 3786; x_wconf 85' lang='lat' dir='ltr'><strong>et</strong></span> <span class='ocrx_word' id='word_1_332' title='bbox 1309 3745 1454 3802; x_wconf 88' lang='lat' dir='ltr'><strong>pater</strong></span> <span class='ocrx_word' id='word_1_333' title='bbox 1480 3751 1635 3788; x_wconf 90' lang='lat' dir='ltr'><strong>unum</strong></span> <span class='ocrx_word' id='word_1_334' title='bbox 1660 3751 1856 3790; x_wconf 84' lang='lat' dir='ltr'><strong>sumus.</strong></span> <span class='ocrx_word' id='word_1_335' title='bbox 1889 3735 1952 3790; x_wconf 81' lang='lat' dir='ltr'><strong>Et</strong></span> <span class='ocrx_word' id='word_1_336' title='bbox 1975 3737 2116 3806; x_wconf 86' lang='lat' dir='ltr'><strong>quod</strong></span> 
     </span>
    </p>
   </div>
   <div class='ocr_carea' id='block_1_39' title="bbox 519 3827 2117 3898">
    <p class='ocr_par' dir='ltr' id='par_1_39' title="bbox 519 3827 2117 3898">
     <span class='ocr_line' id='line_1_39' title="bbox 519 3827 2117 3898; baseline 0.001 -15"><span class='ocrx_word' id='word_1_337' title='bbox 519 3828 764 3898; x_wconf 83' lang='lat' dir='ltr'><strong>Operatio</strong></span> <span class='ocrx_word' id='word_1_338' title='bbox 793 3837 845 3882; x_wconf 87' lang='lat' dir='ltr'><strong>et</strong></span> <span class='ocrx_word' id='word_1_339' title='bbox 872 3839 1045 3897; x_wconf 64' lang='lat' dir='ltr'><strong>pater,</strong></span> <span class='ocrx_word' id='word_1_340' title='bbox 1071 3839 1122 3880; x_wconf 81' lang='lat' dir='ltr'><strong>t-t</strong></span> <span class='ocrx_word' id='word_1_341' title='bbox 1153 3827 1294 3882; x_wconf 77' lang='lat' dir='ltr'><strong>[ilius</strong></span> <span class='ocrx_word' id='word_1_342' title='bbox 1321 3846 1332 3880; x_wconf 91' lang='lat'>:</span> <span class='ocrx_word' id='word_1_343' title='bbox 1365 3840 1416 3882; x_wconf 91' lang='lat' dir='ltr'><strong>et</strong></span> <span class='ocrx_word' id='word_1_344' title='bbox 1447 3828 1589 3898; x_wconf 89' lang='lat' dir='ltr'><strong>quod</strong></span> <span class='ocrx_word' id='word_1_345' title='bbox 1623 3844 1727 3882; x_wconf 90' lang='lat' dir='ltr'><strong>uort</strong></span> <span class='ocrx_word' id='word_1_346' title='bbox 1755 3827 1980 3888; x_wconf 88' lang='lat' dir='ltr'><strong>diceret.</strong></span> <span class='ocrx_word' id='word_1_347' title='bbox 2033 3845 2117 3885; x_wconf 86' lang='lat' dir='ltr'><strong>me</strong></span> 
     </span>
    </p>
   </div>
   <div class='ocr_carea' id='block_1_40' title="bbox 517 3922 2117 3994">
    <p class='ocr_par' dir='ltr' id='par_1_40' title="bbox 517 3922 2117 3994">
     <span class='ocr_line' id='line_1_40' title="bbox 517 3922 2117 3994; baseline -0.001 -15"><span class='ocrx_word' id='word_1_348' title='bbox 517 3924 690 3993; x_wconf 87' lang='lat' dir='ltr'><strong>major</strong></span> <span class='ocrx_word' id='word_1_349' title='bbox 711 3934 792 3978; x_wconf 90' lang='lat' dir='ltr'><strong>est</strong></span> <span class='ocrx_word' id='word_1_350' title='bbox 821 3933 994 3994; x_wconf 74' lang='lat' dir='ltr'><strong>pater,</strong></span> <span class='ocrx_word' id='word_1_351' title='bbox 1019 3922 1122 3978; x_wconf 61' lang='lat' dir='ltr'><strong>nisi</strong></span> <span class='ocrx_word' id='word_1_352' title='bbox 1161 3922 1346 3975; x_wconf 60' lang='lat' dir='ltr'><strong>fuisset</strong></span> <span class='ocrx_word' id='word_1_353' title='bbox 1372 3922 1593 3992; x_wconf 66' lang='lat' dir='ltr'><strong>aequalis</strong></span> <span class='ocrx_word' id='word_1_354' title='bbox 1628 3940 1641 3977; x_wconf 89' lang='lat'><strong>:</strong></span> <span class='ocrx_word' id='word_1_355' title='bbox 1701 3922 1903 3976; x_wconf 89' lang='lat' dir='ltr'><strong>accedit</strong></span> <span class='ocrx_word' id='word_1_356' title='bbox 1933 3922 2117 3987; x_wconf 85' lang='lat' dir='ltr'><strong>etiam,</strong></span> 
     </span>
    </p>
   </div>
   <div class='ocr_carea' id='block_1_41' title="bbox 519 4016 2120 4088">
    <p class='ocr_par' dir='ltr' id='par_1_41' title="bbox 519 4016 2120 4088">
     <span class='ocr_line' id='line_1_41' title="bbox 519 4016 2120 4088; baseline 0.001 -16"><span class='ocrx_word' id='word_1_357' title='bbox 519 4019 566 4074; x_wconf 90' lang='lat' dir='ltr'><strong>si</strong></span> <span class='ocrx_word' id='word_1_358' title='bbox 594 4028 736 4073; x_wconf 82' lang='lat' dir='ltr'><strong>totus</strong></span> <span class='ocrx_word' id='word_1_359' title='bbox 763 4035 826 4072; x_wconf 76' lang='lat' dir='ltr'><strong>ex</strong></span> <span class='ocrx_word' id='word_1_360' title='bbox 857 4026 990 4084; x_wconf 87' lang='lat' dir='ltr'><strong>toto,</strong></span> <span class='ocrx_word' id='word_1_361' title='bbox 1015 4028 1069 4072; x_wconf 91' lang='lat' dir='ltr'><strong>et</strong></span> <span class='ocrx_word' id='word_1_362' title='bbox 1097 4018 1273 4070; x_wconf 91' lang='lat' dir='ltr'><strong>Intnen</strong></span> <span class='ocrx_word' id='word_1_363' title='bbox 1297 4033 1360 4071; x_wconf 79' lang='lat' dir='ltr'><strong>ex</strong></span> <span class='ocrx_word' id='word_1_364' title='bbox 1393 4016 1617 4082; x_wconf 88' lang='lat' dir='ltr'><strong>lumine,</strong></span> <span class='ocrx_word' id='word_1_365' title='bbox 1651 4028 1702 4072; x_wconf 90' lang='lat' dir='ltr'><strong>et</strong></span> <span class='ocrx_word' id='word_1_366' title='bbox 1731 4017 1776 4070; x_wconf 89' lang='lat' dir='ltr'><strong>si</strong></span> <span class='ocrx_word' id='word_1_367' title='bbox 1798 4017 1978 4071; x_wconf 78' lang='lat' dir='ltr'><strong>omnia</strong></span> <span class='ocrx_word' id='word_1_368' title='bbox 2002 4035 2120 4088; x_wconf 72' lang='lat' dir='ltr'><strong>qua:</strong></span> 
     </span>
    </p>
   </div>
   <div class='ocr_carea' id='block_1_42' title="bbox 517 4108 2121 4178">
    <p class='ocr_par' dir='ltr' id='par_1_42' title="bbox 517 4108 2121 4178">
     <span class='ocr_line' id='line_1_42' title="bbox 517 4108 2121 4178; baseline -0.004 -12"><span class='ocrx_word' id='word_1_369' title='bbox 517 4111 680 4166; x_wconf 88' lang='lat' dir='ltr'><strong>hahet</strong></span> <span class='ocrx_word' id='word_1_370' title='bbox 704 4122 855 4178; x_wconf 89' lang='lat' dir='ltr'><strong>pater</strong></span> <span class='ocrx_word' id='word_1_371' title='bbox 881 4109 1031 4164; x_wconf 87' lang='lat' dir='ltr'><strong>dedit</strong></span> <span class='ocrx_word' id='word_1_372' title='bbox 1057 4109 1210 4164; x_wconf 65' lang='lat' dir='ltr'><strong>liti»:</strong></span> <span class='ocrx_word' id='word_1_373' title='bbox 1267 4108 1447 4162; x_wconf 84' lang='lat' dir='ltr'><strong>omnia</strong></span> <span class='ocrx_word' id='word_1_374' title='bbox 1497 4119 1677 4162; x_wconf 87' lang='lat' dir='ltr'><strong>autem</strong></span> <span class='ocrx_word' id='word_1_375' title='bbox 1727 4118 1850 4162; x_wconf 89' lang='lat' dir='ltr'><strong>sunt</strong></span> <span class='ocrx_word' id='word_1_376' title='bbox 1897 4120 1952 4163; x_wconf 85' lang='lat' dir='ltr'><strong>ct</strong></span> <span class='ocrx_word' id='word_1_377' title='bbox 1994 4110 2121 4162; x_wconf 83' lang='lat' dir='ltr'><strong>sul:-</strong></span> 
     </span>
    </p>
   </div>
   <div class='ocr_carea' id='block_1_43' title="bbox 516 4200 2118 4272">
    <p class='ocr_par' dir='ltr' id='par_1_43' title="bbox 516 4200 2118 4272">
     <span class='ocr_line' id='line_1_43' title="bbox 516 4200 2118 4272; baseline -0.002 -13"><span class='ocrx_word' id='word_1_378' title='bbox 516 4203 734 4262; x_wconf 83' lang='lat' dir='ltr'><strong>stantia.</strong></span> <span class='ocrx_word' id='word_1_379' title='bbox 765 4211 821 4257; x_wconf 86' lang='lat' dir='ltr'><strong>et</strong></span> <span class='ocrx_word' id='word_1_380' title='bbox 854 4211 1110 4267; x_wconf 84' lang='lat' dir='ltr'><strong>potestas,</strong></span> <span class='ocrx_word' id='word_1_381' title='bbox 1161 4200 1495 4272; x_wconf 82' lang='lat' dir='ltr'><strong>ettliguitas,</strong></span> <span class='ocrx_word' id='word_1_382' title='bbox 1541 4201 1763 4272; x_wconf 62' lang='lat' dir='ltr'><strong>aequalis</strong></span> <span class='ocrx_word' id='word_1_383' title='bbox 1817 4202 1975 4271; x_wconf 89' lang='lat' dir='ltr'><strong>patri,</strong></span> <span class='ocrx_word' id='word_1_384' title='bbox 2025 4201 2118 4256; x_wconf 91' lang='lat' dir='ltr'><strong>scd</strong></span> 
     </span>
    </p>
   </div>
   <div class='ocr_carea' id='block_1_44' title="bbox 518 4293 2121 4366">
    <p class='ocr_par' dir='ltr' id='par_1_44' title="bbox 518 4293 2121 4366">
     <span class='ocr_line' id='line_1_44' title="bbox 518 4293 2121 4366; baseline 0.001 -16"><span class='ocrx_word' id='word_1_385' title='bbox 518 4295 692 4366; x_wconf 79' lang='lat' dir='ltr'><strong>major</strong></span> <span class='ocrx_word' id='word_1_386' title='bbox 737 4306 918 4365; x_wconf 86' lang='lat' dir='ltr'><strong>pater:</strong></span> <span class='ocrx_word' id='word_1_387' title='bbox 967 4294 1107 4363; x_wconf 89' lang='lat' dir='ltr'><strong>quod</strong></span> <span class='ocrx_word' id='word_1_388' title='bbox 1136 4294 1252 4364; x_wconf 65' lang='lat' dir='ltr'><strong>ipse</strong></span> <span class='ocrx_word' id='word_1_389' title='bbox 1277 4293 1425 4348; x_wconf 90' lang='lat' dir='ltr'><strong>dedit</strong></span> <span class='ocrx_word' id='word_1_390' title='bbox 1468 4293 1572 4363; x_wconf 89' lang='lat' dir='ltr'><strong>ipsi</strong></span> <span class='ocrx_word' id='word_1_391' title='bbox 1613 4293 1816 4360; x_wconf 81' lang='lat' dir='ltr'><strong>omnia,</strong></span> <span class='ocrx_word' id='word_1_392' title='bbox 1861 4304 1914 4350; x_wconf 86' lang='lat' dir='ltr'><strong>et</strong></span> <span class='ocrx_word' id='word_1_393' title='bbox 1959 4310 2121 4350; x_wconf 82' lang='lat' dir='ltr'><strong>causa</strong></span> 
     </span>
    </p>
   </div>
   <div class='ocr_carea' id='block_1_45' title="bbox 520 4387 2120 4452">
    <p class='ocr_par' dir='ltr' id='par_1_45' title="bbox 520 4387 2120 4452">
     <span class='ocr_line' id='line_1_45' title="bbox 520 4387 2120 4452; baseline 0 -8"><span class='ocrx_word' id='word_1_394' title='bbox 520 4401 603 4445; x_wconf 89' lang='lat' dir='ltr'><strong>est</strong></span> <span class='ocrx_word' id='word_1_395' title='bbox 626 4389 730 4452; x_wconf 78' lang='lat' dir='ltr'><strong>i;rsi</strong></span> <span class='ocrx_word' id='word_1_396' title='bbox 760 4389 869 4443; x_wconf 89' lang='lat' dir='ltr'><strong>tilio</strong></span> <span class='ocrx_word' id='word_1_397' title='bbox 902 4398 959 4443; x_wconf 90' lang='lat' dir='ltr'><strong>ut</strong></span> <span class='ocrx_word' id='word_1_398' title='bbox 986 4388 1075 4449; x_wconf 59' lang='lat' dir='ltr'><strong>sit,</strong></span> <span class='ocrx_word' id='word_1_399' title='bbox 1105 4399 1162 4443; x_wconf 89' lang='lat' dir='ltr'><strong>ttt</strong></span> <span class='ocrx_word' id='word_1_400' title='bbox 1190 4387 1293 4442; x_wconf 90' lang='lat' dir='ltr'><strong>isto</strong></span> <span class='ocrx_word' id='word_1_401' title='bbox 1324 4389 1484 4443; x_wconf 89' lang='lat' dir='ltr'><strong>modo</strong></span> <span class='ocrx_word' id='word_1_402' title='bbox 1515 4388 1606 4441; x_wconf 54' lang='lat' dir='ltr'><strong>sit.</strong></span> <span class='ocrx_word' id='word_1_403' title='bbox 1656 4388 1735 4442; x_wconf 81' lang='lat' dir='ltr'><strong>Ad</strong></span> <span class='ocrx_word' id='word_1_404' title='bbox 1791 4391 1891 4443; x_wconf 78' lang='lat' dir='ltr'><strong>hoc</strong></span> <span class='ocrx_word' id='word_1_405' title='bbox 1941 4398 2120 4444; x_wconf 89' lang='lat' dir='ltr'><strong>autem</strong></span> 
     </span>
    </p>
   </div>
   <div class='ocr_carea' id='block_1_46' title="bbox 521 4481 2122 4552">
    <p class='ocr_par' dir='ltr' id='par_1_46' title="bbox 521 4481 2122 4552">
     <span class='ocr_line' id='line_1_46' title="bbox 521 4481 2122 4552; baseline 0 -15"><span class='ocrx_word' id='word_1_406' title='bbox 521 4483 713 4551; x_wconf 82' lang='lat' dir='ltr'><strong>major,</strong></span> <span class='ocrx_word' id='word_1_407' title='bbox 738 4482 878 4552; x_wconf 89' lang='lat' dir='ltr'><strong>quod</strong></span> <span class='ocrx_word' id='word_1_408' title='bbox 909 4481 1051 4536; x_wconf 88' lang='lat' dir='ltr'><strong>actio</strong></span> <span class='ocrx_word' id='word_1_409' title='bbox 1078 4481 1355 4538; x_wconf 79' lang='lat' dir='ltr'><strong>inactuosa</strong></span> <span class='ocrx_word' id='word_1_410' title='bbox 1386 4500 1399 4537; x_wconf 89' lang='lat'>:</span> <span class='ocrx_word' id='word_1_411' title='bbox 1447 4481 1658 4537; x_wconf 82' lang='lat' dir='ltr'><strong>beatior</strong></span> <span class='ocrx_word' id='word_1_412' title='bbox 1685 4481 1828 4536; x_wconf 88' lang='lat' dir='ltr'><strong>enim</strong></span> <span class='ocrx_word' id='word_1_413' title='bbox 1859 4498 1964 4552; x_wconf 92' lang='lat' dir='ltr'><strong>quo</strong></span> <span class='ocrx_word' id='word_1_414' title='bbox 2003 4483 2122 4537; x_wconf 88' lang='lat' dir='ltr'><strong>sine</strong></span> 
     </span>
    </p>
   </div>
   <div class='ocr_carea' id='block_1_47' title="bbox 1746 243 2499 303">
    <p class='ocr_par' dir='ltr' id='par_1_47' title="bbox 1746 243 2499 303">
     <span class='ocr_line' id='line_1_47' title="bbox 1746 243 2499 303; baseline 0.007 -5"><span class='ocrx_word' id='word_1_415' title='bbox 1746 243 1937 300; x_wconf 72' lang='lat' dir='ltr'><strong>MAR”</strong></span> <span class='ocrx_word' id='word_1_416' title='bbox 1965 244 2303 302; x_wconf 78' lang='lat' dir='ltr'><strong>VICTORINI</strong></span> <span class='ocrx_word' id='word_1_417' title='bbox 2342 247 2499 303; x_wconf 78' lang='lat' dir='ltr'><strong>AFBI</strong></span> 
     </span>
    </p>
   </div>
   <div class='ocr_carea' id='block_1_48' title="bbox 474 360 3713 440">
    <p class='ocr_par' dir='ltr' id='par_1_48' title="bbox 474 360 3713 440">
     <span class='ocr_line' id='line_1_48' title="bbox 474 360 3713 440; baseline 0.003 -26"><span class='ocrx_word' id='word_1_418' title='bbox 474 361 808 432; x_wconf 85' lang='lat' dir='ltr'><strong>cognoscetis,</strong></span> <span class='ocrx_word' id='word_1_419' title='bbox 849 360 1092 432; x_wconf 77' lang='lat' dir='ltr'><strong>quoniam</strong></span> <span class='ocrx_word' id='word_1_420' title='bbox 1137 377 1228 434; x_wconf 78' lang='lat' dir='ltr'><strong>ego</strong></span> <span class='ocrx_word' id='word_1_421' title='bbox 1283 364 1335 416; x_wconf 93' lang='lat' dir='ltr'><strong>in</strong></span> <span class='ocrx_word' id='word_1_422' title='bbox 1369 371 1511 431; x_wconf 85' lang='lat' dir='ltr'><strong>patre</strong></span> <span class='ocrx_word' id='word_1_423' title='bbox 1535 377 1668 428; x_wconf 87' lang='lat' dir='ltr'><strong>meo,</strong></span> <span class='ocrx_word' id='word_1_424' title='bbox 1692 371 1740 414; x_wconf 88' lang='lat' dir='ltr'><strong>et</strong></span> <span class='ocrx_word' id='word_1_425' title='bbox 1770 376 1857 416; x_wconf 91' lang='lat' dir='ltr'><strong>vos</strong></span> <span class='ocrx_word' id='word_1_426' title='bbox 1879 362 1932 415; x_wconf 91' lang='lat' dir='ltr'><strong>in</strong></span> <span class='ocrx_word' id='word_1_427' title='bbox 1962 378 2062 426; x_wconf 89' lang='lat' dir='ltr'><strong>me,</strong></span> <span class='ocrx_word' id='word_1_428' title='bbox 2098 366 2147 425; x_wconf 77' lang='grc' dir='ltr'><strong>Α</strong></span> <span class='ocrx_word' id='word_1_429' title='bbox 2177 365 2374 419; x_wconf 83' lang='lat' dir='ltr'><strong>mittam</strong></span> <span class='ocrx_word' id='word_1_430' title='bbox 2399 366 2538 421; x_wconf 90' lang='lat' dir='ltr'><strong>vobis</strong></span> <span class='ocrx_word' id='word_1_431' title='bbox 2568 383 2599 419; x_wconf 91' lang='lat' dir='ltr'><strong>a</strong></span> <span class='ocrx_word' id='word_1_432' title='bbox 2625 376 2790 438; x_wconf 87' lang='lat' dir='ltr'><strong>patre,</strong></span> <span class='ocrx_word' id='word_1_433' title='bbox 2827 367 3082 434; x_wconf 84' lang='lat' dir='ltr'><strong>Spiritum</strong></span> <span class='ocrx_word' id='word_1_434' title='bbox 3111 367 3358 432; x_wconf 85' lang='lat' dir='ltr'><strong>veritatis,</strong></span> <span class='ocrx_word' id='word_1_435' title='bbox 3410 369 3488 436; x_wconf 86' lang='lat' dir='ltr'><strong>qui</strong></span> <span class='ocrx_word' id='word_1_436' title='bbox 3533 385 3560 423; x_wconf 89' lang='lat' dir='ltr'><strong>a</strong></span> <span class='ocrx_word' id='word_1_437' title='bbox 3605 381 3713 440; x_wconf 85' lang='lat' dir='ltr'><strong>patre</strong></span> 
     </span>
    </p>
   </div>
   <div class='ocr_carea' id='block_1_49' title="bbox 3604 256 3708 313">
    <p class='ocr_par' dir='ltr' id='par_1_49' title="bbox 3604 256 3708 313">
     <span class='ocr_line' id='line_1_49' title="bbox 3604 256 3708 313; baseline 0.048 -5"><span class='ocrx_word' id='word_1_438' title='bbox 3604 256 3708 313; x_wconf 64' lang='lat' dir='ltr'><strong>i048</strong></span> 
     </span>
    </p>
   </div>
   <div class='ocr_carea' id='block_1_50' title="bbox 2179 452 3712 528">
    <p class='ocr_par' dir='ltr' id='par_1_50' title="bbox 2179 452 3712 528">
     <span class='ocr_line' id='line_1_50' title="bbox 2179 452 3712 528; baseline 0.004 -23"><span class='ocrx_word' id='word_1_439' title='bbox 2179 452 2430 506; x_wconf 85' lang='lat' dir='ltr'><strong>adveniet.</strong></span> <span class='ocrx_word' id='word_1_440' title='bbox 2485 452 2637 520; x_wconf 85' lang='lat' dir='ltr'><strong>Quod</strong></span> <span class='ocrx_word' id='word_1_441' title='bbox 2671 453 2868 523; x_wconf 79' lang='lat' dir='ltr'><strong>duplex</strong></span> <span class='ocrx_word' id='word_1_442' title='bbox 2897 453 3135 522; x_wconf 88' lang='lat' dir='ltr'><strong>potentia</strong></span> <span class='ocrx_word' id='word_1_443' title='bbox 3164 461 3258 511; x_wconf 82' lang='grc' dir='ltr'><strong>τοῦ</strong></span> <span class='ocrx_word' id='word_1_444' title='bbox 3291 455 3434 528; x_wconf 70' lang='grc' dir='ltr'><strong>λόγου</strong></span> <span class='ocrx_word' id='word_1_445' title='bbox 3471 454 3529 509; x_wconf 87' lang='lat' dir='ltr'><strong>ad</strong></span> <span class='ocrx_word' id='word_1_446' title='bbox 3555 454 3712 511; x_wconf 86' lang='lat' dir='ltr'><strong>Deum:</strong></span> 
     </span>
    </p>
   </div>
   <div class='ocr_carea' id='block_1_51' title="bbox 2183 546 3716 617">
    <p class='ocr_par' dir='ltr' id='par_1_51' title="bbox 2183 546 3716 617">
     <span class='ocr_line' id='line_1_51' title="bbox 2183 546 3716 617; baseline 0.003 -19"><span class='ocrx_word' id='word_1_447' title='bbox 2183 563 2287 600; x_wconf 89' lang='lat' dir='ltr'><strong>una</strong></span> <span class='ocrx_word' id='word_1_448' title='bbox 2313 547 2367 601; x_wconf 65' lang='lat' dir='ltr'><strong>iet</strong></span> <span class='ocrx_word' id='word_1_449' title='bbox 2394 547 2698 614; x_wconf 70' lang='lat' dir='ltr'><strong>manifesto,</strong></span> <span class='ocrx_word' id='word_1_450' title='bbox 2729 546 2978 603; x_wconf 74' lang='lat' dir='ltr'><strong>Christus</strong></span> <span class='ocrx_word' id='word_1_451' title='bbox 3005 549 3057 603; x_wconf 89' lang='lat' dir='ltr'><strong>itr</strong></span> <span class='ocrx_word' id='word_1_452' title='bbox 3085 563 3253 602; x_wconf 88' lang='lat' dir='ltr'><strong>carne</strong></span> <span class='ocrx_word' id='word_1_453' title='bbox 3281 566 3294 600; x_wconf 90' lang='lat'>:</span> <span class='ocrx_word' id='word_1_454' title='bbox 3346 548 3513 602; x_wconf 83' lang='lat' dir='ltr'><strong>aliain</strong></span> <span class='ocrx_word' id='word_1_455' title='bbox 3536 552 3716 617; x_wconf 87' lang='lat' dir='ltr'><strong>occulto,</strong></span> 
     </span>
    </p>
   </div>
   <div class='ocr_carea' id='block_1_52' title="bbox 2181 641 3718 713">
    <p class='ocr_par' dir='ltr' id='par_1_52' title="bbox 2181 641 3718 713">
     <span class='ocr_line' id='line_1_52' title="bbox 2181 641 3718 713; baseline 0.004 -21"><span class='ocrx_word' id='word_1_456' title='bbox 2181 641 2412 712; x_wconf 88' lang='lat' dir='ltr'><strong>Spiritus</strong></span> <span class='ocrx_word' id='word_1_457' title='bbox 2435 653 2672 696; x_wconf 78' lang='lat' dir='ltr'><strong>sanctus.</strong></span> <span class='ocrx_word' id='word_1_458' title='bbox 2725 641 2778 696; x_wconf 88' lang='lat' dir='ltr'><strong>lrr</strong></span> <span class='ocrx_word' id='word_1_459' title='bbox 2832 641 3118 712; x_wconf 67' lang='lat' dir='ltr'><strong>praesentia</strong></span> <span class='ocrx_word' id='word_1_460' title='bbox 3146 657 3277 709; x_wconf 79' lang='lat' dir='ltr'><strong>ergo</strong></span> <span class='ocrx_word' id='word_1_461' title='bbox 3315 658 3432 696; x_wconf 89' lang='lat' dir='ltr'><strong>cum</strong></span> <span class='ocrx_word' id='word_1_462' title='bbox 3458 652 3561 696; x_wconf 88' lang='lat' dir='ltr'><strong>erat</strong></span> <span class='ocrx_word' id='word_1_463' title='bbox 3590 643 3718 713; x_wconf 69' lang='grc' dir='ltr'><strong>λόγος,</strong></span> 
     </span>
    </p>
   </div>
   <div class='ocr_carea' id='block_1_53' title="bbox 2185 736 3719 811">
    <p class='ocr_par' dir='ltr' id='par_1_53' title="bbox 2185 736 3719 811">
     <span class='ocr_line' id='line_1_53' title="bbox 2185 736 3719 811; baseline 0.001 -20"><span class='ocrx_word' id='word_1_464' title='bbox 2185 736 2287 791; x_wconf 88' lang='lat' dir='ltr'><strong>hoc</strong></span> <span class='ocrx_word' id='word_1_465' title='bbox 2312 747 2394 791; x_wconf 91' lang='lat' dir='ltr'><strong>est</strong></span> <span class='ocrx_word' id='word_1_466' title='bbox 2419 737 2687 802; x_wconf 79' lang='lat' dir='ltr'><strong>Christus,</strong></span> <span class='ocrx_word' id='word_1_467' title='bbox 2717 753 2822 791; x_wconf 90' lang='lat' dir='ltr'><strong>non</strong></span> <span class='ocrx_word' id='word_1_468' title='bbox 2849 747 3054 807; x_wconf 83' lang='lat' dir='ltr'><strong>poterat</strong></span> <span class='ocrx_word' id='word_1_469' title='bbox 3085 736 3273 792; x_wconf 75' lang='lat' dir='ltr'><strong>venire</strong></span> <span class='ocrx_word' id='word_1_470' title='bbox 3298 739 3442 811; x_wconf 75' lang='grc' dir='ltr'>λόγος</span> <span class='ocrx_word' id='word_1_471' title='bbox 3464 737 3510 790; x_wconf 92' lang='lat' dir='ltr'><strong>in</strong></span> <span class='ocrx_word' id='word_1_472' title='bbox 3535 740 3719 801; x_wconf 88' lang='lat' dir='ltr'><strong>occulto,</strong></span> 
     </span>
    </p>
   </div>
   <div class='ocr_carea' id='block_1_54' title="bbox 2187 827 3726 900">
    <p class='ocr_par' dir='ltr' id='par_1_54' title="bbox 2187 827 3726 900">
     <span class='ocr_line' id='line_1_54' title="bbox 2187 827 3726 900; baseline 0.001 -17"><span class='ocrx_word' id='word_1_473' title='bbox 2187 829 2287 884; x_wconf 91' lang='lat' dir='ltr'><strong>hoc</strong></span> <span class='ocrx_word' id='word_1_474' title='bbox 2325 840 2429 892; x_wconf 85' lang='lat' dir='ltr'><strong>cst,</strong></span> <span class='ocrx_word' id='word_1_475' title='bbox 2479 829 2712 900; x_wconf 89' lang='lat' dir='ltr'><strong>Spirittts</strong></span> <span class='ocrx_word' id='word_1_476' title='bbox 2740 839 2960 885; x_wconf 51' lang='lat' dir='ltr'><strong>~«ructus</strong></span> <span class='ocrx_word' id='word_1_477' title='bbox 3007 829 3186 899; x_wconf 82' lang='lat' dir='ltr'><strong>(Joan.</strong></span> <span class='ocrx_word' id='word_1_478' title='bbox 3213 845 3323 892; x_wconf 73' lang='lat' dir='ltr'><strong>xw,</strong></span> <span class='ocrx_word' id='word_1_479' title='bbox 3349 829 3402 900; x_wconf 86' lang='lat'><strong>7)</strong></span> <span class='ocrx_word' id='word_1_480' title='bbox 3433 847 3445 883; x_wconf 90' lang='lat'>:</span> <span class='ocrx_word' id='word_1_481' title='bbox 3495 827 3666 883; x_wconf 82' lang='lat' dir='ltr'><strong>Etenim</strong></span> <span class='ocrx_word' id='word_1_482' title='bbox 3694 831 3726 884; x_wconf 79' lang='lat' dir='ltr'><strong>si</strong></span> 
     </span>
    </p>
   </div>
   <div class='ocr_carea' id='block_1_55' title="bbox 2187 922 3721 992">
    <p class='ocr_par' dir='ltr' id='par_1_55' title="bbox 2187 922 3721 992">
     <span class='ocr_line' id='line_1_55' title="bbox 2187 922 3721 992; baseline -0.001 -14"><span class='ocrx_word' id='word_1_483' title='bbox 2187 941 2288 979; x_wconf 91' lang='lat' dir='ltr'><strong>non</strong></span> <span class='ocrx_word' id='word_1_484' title='bbox 2316 925 2543 988; x_wconf 88' lang='lat' dir='ltr'><strong>discedo,</strong></span> <span class='ocrx_word' id='word_1_485' title='bbox 2575 925 2861 991; x_wconf 78' lang='lat' dir='ltr'><strong>paruclettts</strong></span> <span class='ocrx_word' id='word_1_486' title='bbox 2885 941 2984 977; x_wconf 90' lang='lat' dir='ltr'><strong>non</strong></span> <span class='ocrx_word' id='word_1_487' title='bbox 3009 925 3168 978; x_wconf 83' lang='lat' dir='ltr'><strong>veniet</strong></span> <span class='ocrx_word' id='word_1_488' title='bbox 3195 924 3262 976; x_wconf 87' lang='lat' dir='ltr'><strong>ad</strong></span> <span class='ocrx_word' id='word_1_489' title='bbox 3291 938 3394 976; x_wconf 86' lang='lat' dir='ltr'><strong>vos.</strong></span> <span class='ocrx_word' id='word_1_490' title='bbox 3432 922 3536 976; x_wconf 90' lang='lat' dir='ltr'><strong>Duo</strong></span> <span class='ocrx_word' id='word_1_491' title='bbox 3555 938 3662 992; x_wconf 82' lang='lat' dir='ltr'><strong>ergo</strong></span> <span class='ocrx_word' id='word_1_492' title='bbox 3679 933 3721 977; x_wconf 86' lang='lat' dir='ltr'><strong>et</strong></span> 
     </span>
    </p>
   </div>
   <div class='ocr_carea' id='block_1_56' title="bbox 2190 1015 3730 1084">
    <p class='ocr_par' dir='ltr' id='par_1_56' title="bbox 2190 1015 3730 1084">
     <span class='ocr_line' id='line_1_56' title="bbox 2190 1015 3730 1084; baseline -0.002 -13"><span class='ocrx_word' id='word_1_493' title='bbox 2190 1016 2300 1079; x_wconf 81' lang='lat' dir='ltr'><strong>isti,</strong></span> <span class='ocrx_word' id='word_1_494' title='bbox 2347 1033 2410 1072; x_wconf 84' lang='lat' dir='ltr'><strong>ex</strong></span> <span class='ocrx_word' id='word_1_495' title='bbox 2465 1017 2570 1071; x_wconf 74' lang='lat' dir='ltr'><strong>alio</strong></span> <span class='ocrx_word' id='word_1_496' title='bbox 2600 1017 2770 1081; x_wconf 78' lang='lat' dir='ltr'><strong>alius,</strong></span> <span class='ocrx_word' id='word_1_497' title='bbox 2810 1033 2877 1072; x_wconf 77' lang='lat' dir='ltr'><strong>ex</strong></span> <span class='ocrx_word' id='word_1_498' title='bbox 2915 1016 3029 1071; x_wconf 85' lang='lat' dir='ltr'><strong>lilio</strong></span> <span class='ocrx_word' id='word_1_499' title='bbox 3068 1015 3302 1084; x_wconf 72' lang='lat' dir='ltr'><strong>Sr-iritus</strong></span> <span class='ocrx_word' id='word_1_500' title='bbox 3345 1023 3572 1080; x_wconf 85' lang='lat' dir='ltr'><strong>sanctus,</strong></span> <span class='ocrx_word' id='word_1_501' title='bbox 3609 1015 3730 1068; x_wconf 88' lang='lat' dir='ltr'><strong>sicuti</strong></span> 
     </span>
    </p>
   </div>
   <div class='ocr_carea' id='block_1_57' title="bbox 2193 1109 3733 1179">
    <p class='ocr_par' dir='ltr' id='par_1_57' title="bbox 2193 1109 3733 1179">
     <span class='ocr_line' id='line_1_57' title="bbox 2193 1109 3733 1179; baseline -0.003 -13"><span class='ocrx_word' id='word_1_502' title='bbox 2193 1126 2260 1166; x_wconf 83' lang='lat' dir='ltr'><strong>ex</strong></span> <span class='ocrx_word' id='word_1_503' title='bbox 2293 1114 2400 1165; x_wconf 91' lang='lat' dir='ltr'><strong>Deo</strong></span> <span class='ocrx_word' id='word_1_504' title='bbox 2425 1111 2564 1165; x_wconf 78' lang='lat' dir='ltr'><strong>illius</strong></span> <span class='ocrx_word' id='word_1_505' title='bbox 2586 1110 3045 1175; x_wconf 85' lang='lat' dir='ltr'><strong>conratioualirer,</strong></span> <span class='ocrx_word' id='word_1_506' title='bbox 3093 1122 3147 1164; x_wconf 90' lang='lat' dir='ltr'><strong>et</strong></span> <span class='ocrx_word' id='word_1_507' title='bbox 3195 1109 3426 1179; x_wconf 66' lang='lat' dir='ltr'><strong>Sjiritus</strong></span> <span class='ocrx_word' id='word_1_508' title='bbox 3468 1118 3658 1164; x_wconf 84' lang='lat' dir='ltr'><strong>sanctus</strong></span> <span class='ocrx_word' id='word_1_509' title='bbox 3679 1125 3733 1164; x_wconf 75' lang='lat' dir='ltr'><strong>ex</strong></span> 
     </span>
    </p>
   </div>
   <div class='ocr_carea' id='block_1_58' title="bbox 2197 1203 3737 1276">
    <p class='ocr_par' dir='ltr' id='par_1_58' title="bbox 2197 1203 3737 1276">
     <span class='ocr_line' id='line_1_58' title="bbox 2197 1203 3737 1276; baseline 0.001 -21"><span class='ocrx_word' id='word_1_510' title='bbox 2197 1214 2368 1276; x_wconf 80' lang='lat' dir='ltr'><strong>patre.</strong></span> <span class='ocrx_word' id='word_1_511' title='bbox 2422 1205 2573 1274; x_wconf 82' lang='lat' dir='ltr'><strong>Quod</strong></span> <span class='ocrx_word' id='word_1_512' title='bbox 2600 1204 2777 1258; x_wconf 80' lang='lat' dir='ltr'><strong>omnia</strong></span> <span class='ocrx_word' id='word_1_513' title='bbox 2809 1205 2908 1260; x_wconf 88' lang='lat' dir='ltr'><strong>tria</strong></span> <span class='ocrx_word' id='word_1_514' title='bbox 2941 1221 3126 1265; x_wconf 90' lang='lat' dir='ltr'><strong>unum,</strong></span> <span class='ocrx_word' id='word_1_515' title='bbox 3181 1215 3332 1274; x_wconf 80' lang='lat' dir='ltr'><strong>pater</strong></span> <span class='ocrx_word' id='word_1_516' title='bbox 3359 1219 3462 1257; x_wconf 92' lang='lat' dir='ltr'><strong>non</strong></span> <span class='ocrx_word' id='word_1_517' title='bbox 3505 1203 3650 1257; x_wconf 86' lang='lat' dir='ltr'><strong>silens</strong></span> <span class='ocrx_word' id='word_1_518' title='bbox 3681 1203 3737 1257; x_wconf 84' lang='lat' dir='ltr'><strong>si-</strong></span> 
     </span>
    </p>
   </div>
   <div class='ocr_carea' id='block_1_59' title="bbox 2199 1296 3740 1365">
    <p class='ocr_par' dir='ltr' id='par_1_59' title="bbox 2199 1296 3740 1365">
     <span class='ocr_line' id='line_1_59' title="bbox 2199 1296 3740 1365; baseline -0.003 -13"><span class='ocrx_word' id='word_1_519' title='bbox 2199 1297 2446 1363; x_wconf 59' lang='lat' dir='ltr'><strong>lentiam,</strong></span> <span class='ocrx_word' id='word_1_520' title='bbox 2477 1297 2570 1352; x_wconf 84' lang='lat' dir='ltr'><strong>Sed</strong></span> <span class='ocrx_word' id='word_1_521' title='bbox 2603 1314 2705 1352; x_wconf 76' lang='lat' dir='ltr'><strong>Vox</strong></span> <span class='ocrx_word' id='word_1_522' title='bbox 2739 1300 2789 1352; x_wconf 92' lang='lat' dir='ltr'><strong>itt</strong></span> <span class='ocrx_word' id='word_1_523' title='bbox 2821 1298 3060 1362; x_wconf 87' lang='lat' dir='ltr'><strong>silentio,</strong></span> <span class='ocrx_word' id='word_1_524' title='bbox 3105 1296 3244 1351; x_wconf 82' lang='lat' dir='ltr'><strong>Illius</strong></span> <span class='ocrx_word' id='word_1_525' title='bbox 3289 1297 3398 1365; x_wconf 79' lang='lat' dir='ltr'><strong>jam</strong></span> <span class='ocrx_word' id='word_1_526' title='bbox 3442 1311 3574 1360; x_wconf 79' lang='lat' dir='ltr'><strong>vox;</strong></span> <span class='ocrx_word' id='word_1_527' title='bbox 3615 1311 3740 1365; x_wconf 87' lang='lat' dir='ltr'><strong>pata-</strong></span> 
     </span>
    </p>
   </div>
   <div class='ocr_carea' id='block_1_60' title="bbox 2197 1388 3743 1462">
    <p class='ocr_par' dir='ltr' id='par_1_60' title="bbox 2197 1388 3743 1462">
     <span class='ocr_line' id='line_1_60' title="bbox 2197 1388 3743 1462; baseline -0.001 -17"><span class='ocrx_word' id='word_1_528' title='bbox 2197 1391 2368 1446; x_wconf 90' lang='lat' dir='ltr'><strong>clelus</strong></span> <span class='ocrx_word' id='word_1_529' title='bbox 2393 1406 2495 1445; x_wconf 79' lang='lat' dir='ltr'><strong>vox</strong></span> <span class='ocrx_word' id='word_1_530' title='bbox 2530 1391 2674 1447; x_wconf 72' lang='lat' dir='ltr'><strong>vat-is</strong></span> <span class='ocrx_word' id='word_1_531' title='bbox 2707 1390 2867 1462; x_wconf 90' lang='lat' dir='ltr'><strong>(Ibid.</strong></span> <span class='ocrx_word' id='word_1_532' title='bbox 2903 1393 2986 1454; x_wconf 82' lang='grc'><strong>15,</strong></span> <span class='ocrx_word' id='word_1_533' title='bbox 3023 1389 3111 1462; x_wconf 71' lang='grc'><strong>14)</strong></span> <span class='ocrx_word' id='word_1_534' title='bbox 3147 1409 3158 1444; x_wconf 88' lang='lat'><strong>:</strong></span> <span class='ocrx_word' id='word_1_535' title='bbox 3205 1388 3330 1445; x_wconf 89' lang='lat' dir='ltr'><strong>Cum</strong></span> <span class='ocrx_word' id='word_1_536' title='bbox 3349 1391 3532 1446; x_wconf 89' lang='lat' dir='ltr'><strong>venerit</strong></span> <span class='ocrx_word' id='word_1_537' title='bbox 3560 1388 3743 1458; x_wconf 73' lang='lat' dir='ltr'><strong>Spiritus</strong></span> 
     </span>
    </p>
   </div>
   <div class='ocr_carea' id='block_1_61' title="bbox 2198 1484 3743 1553">
    <p class='ocr_par' dir='ltr' id='par_1_61' title="bbox 2198 1484 3743 1553">
     <span class='ocr_line' id='line_1_61' title="bbox 2198 1484 3743 1553; baseline -0.002 -14"><span class='ocrx_word' id='word_1_538' title='bbox 2198 1485 2446 1550; x_wconf 80' lang='lat' dir='ltr'><strong>veritatis,</strong></span> <span class='ocrx_word' id='word_1_539' title='bbox 2481 1485 2680 1553; x_wconf 74' lang='lat' dir='ltr'><strong>prwibit</strong></span> <span class='ocrx_word' id='word_1_540' title='bbox 2722 1486 2859 1540; x_wconf 80' lang='lat' dir='ltr'><strong>vobis</strong></span> <span class='ocrx_word' id='word_1_541' title='bbox 2911 1486 2964 1539; x_wconf 88' lang='lat' dir='ltr'><strong>in</strong></span> <span class='ocrx_word' id='word_1_542' title='bbox 3001 1485 3206 1540; x_wconf 84' lang='lat' dir='ltr'><strong>veritate</strong></span> <span class='ocrx_word' id='word_1_543' title='bbox 3231 1484 3370 1538; x_wconf 88' lang='lat' dir='ltr'><strong>orrrni</strong></span> <span class='ocrx_word' id='word_1_544' title='bbox 3399 1501 3417 1538; x_wconf 89' lang='lat'><strong><em>:</em></strong></span> <span class='ocrx_word' id='word_1_545' title='bbox 3467 1498 3566 1537; x_wconf 89' lang='lat' dir='ltr'><strong>n0u</strong></span> <span class='ocrx_word' id='word_1_546' title='bbox 3602 1492 3743 1537; x_wconf 84' lang='lat' dir='ltr'><strong>autem</strong></span> 
     </span>
    </p>
   </div>
   <div class='ocr_carea' id='block_1_62' title="bbox 2203 1573 3749 1633">
    <p class='ocr_par' dir='ltr' id='par_1_62' title="bbox 2203 1573 3749 1633">
     <span class='ocr_line' id='line_1_62' title="bbox 2203 1573 3749 1633; baseline -0.003 -3"><span class='ocrx_word' id='word_1_547' title='bbox 2203 1593 2385 1632; x_wconf 68' lang='lat' dir='ltr'><strong>verum</strong></span> <span class='ocrx_word' id='word_1_548' title='bbox 2431 1577 2563 1632; x_wconf 90' lang='lat' dir='ltr'><strong>dicit</strong></span> <span class='ocrx_word' id='word_1_549' title='bbox 2600 1595 2630 1631; x_wconf 89' lang='lat' dir='ltr'><strong>a</strong></span> <span class='ocrx_word' id='word_1_550' title='bbox 2671 1586 2890 1633; x_wconf 86' lang='lat' dir='ltr'><strong>semet:</strong></span> <span class='ocrx_word' id='word_1_551' title='bbox 2937 1575 3185 1632; x_wconf 88' lang='lat' dir='ltr'><strong>Christus</strong></span> <span class='ocrx_word' id='word_1_552' title='bbox 3231 1573 3373 1630; x_wconf 90' lang='lat' dir='ltr'><strong>cnim</strong></span> <span class='ocrx_word' id='word_1_553' title='bbox 3422 1575 3644 1630; x_wconf 79' lang='lat' dir='ltr'><strong>veritas:</strong></span> <span class='ocrx_word' id='word_1_554' title='bbox 3681 1573 3749 1628; x_wconf 83' lang='lat' dir='ltr'><strong>scd</strong></span> 
     </span>
    </p>
   </div>
   <div class='ocr_carea' id='block_1_63' title="bbox 2200 1667 3750 1742">
    <p class='ocr_par' dir='ltr' id='par_1_63' title="bbox 2200 1667 3750 1742">
     <span class='ocr_line' id='line_1_63' title="bbox 2200 1667 3750 1742; baseline -0.002 -18"><span class='ocrx_word' id='word_1_555' title='bbox 2200 1687 2530 1742; x_wconf 68' lang='lat' dir='ltr'><strong>quaecumque</strong></span> <span class='ocrx_word' id='word_1_556' title='bbox 2567 1670 2762 1736; x_wconf 87' lang='lat' dir='ltr'><strong>audiet,</strong></span> <span class='ocrx_word' id='word_1_557' title='bbox 2796 1671 3051 1742; x_wconf 81' lang='lat' dir='ltr'><strong>loquetur,</strong></span> <span class='ocrx_word' id='word_1_558' title='bbox 3097 1680 3145 1724; x_wconf 87' lang='lat' dir='ltr'><strong>et</strong></span> <span class='ocrx_word' id='word_1_559' title='bbox 3197 1683 3410 1725; x_wconf 87' lang='lat' dir='ltr'><strong>ventura</strong></span> <span class='ocrx_word' id='word_1_560' title='bbox 3457 1669 3581 1722; x_wconf 89' lang='lat' dir='ltr'><strong>dicet</strong></span> <span class='ocrx_word' id='word_1_561' title='bbox 3613 1667 3750 1722; x_wconf 85' lang='lat' dir='ltr'><strong>vobis:</strong></span> 
     </span>
    </p>
   </div>
   <div class='ocr_carea' id='block_1_64' title="bbox 3899 201 3912 878">
    <p class='ocr_par' dir='ltr' id='par_1_64' title="bbox 3903 428 3912 878">
     <span class='ocr_line' id='line_1_64' title="bbox 3903 428 3905 512; baseline 0 0"><span class='ocrx_word' id='word_1_562' title='bbox 3903 428 3905 512; x_wconf 71' lang='lat' dir='ltr'><strong>l</strong></span> 
     </span>
     <span class='ocr_line' id='line_1_65' title="bbox 3907 766 3912 878; baseline 0 0"><span class='ocrx_word' id='word_1_563' title='bbox 3907 766 3912 878; x_wconf 72' lang='grc'><strong><em>4</em></strong></span> 
     </span>
    </p>
   </div>
   <div class='ocr_carea' id='block_1_65' title="bbox 2205 1857 3756 1930">
    <p class='ocr_par' dir='ltr' id='par_1_65' title="bbox 2205 1857 3756 1930">
     <span class='ocr_line' id='line_1_66' title="bbox 2205 1857 3756 1930; baseline -0.003 -17"><span class='ocrx_word' id='word_1_564' title='bbox 2205 1860 2348 1913; x_wconf 89' lang='lat' dir='ltr'><strong>tiabit</strong></span> <span class='ocrx_word' id='word_1_565' title='bbox 2379 1859 2538 1913; x_wconf 87' lang='lat' dir='ltr'><strong>vobis.</strong></span> <span class='ocrx_word' id='word_1_566' title='bbox 2580 1857 2780 1914; x_wconf 88' lang='lat' dir='ltr'><strong>Deinde</strong></span> <span class='ocrx_word' id='word_1_567' title='bbox 2808 1858 3049 1930; x_wconf 81' lang='lat' dir='ltr'><strong>adjnngit</strong></span> <span class='ocrx_word' id='word_1_568' title='bbox 3077 1857 3241 1920; x_wconf 85' lang='lat' dir='ltr'><strong>(Ibid.</strong></span> <span class='ocrx_word' id='word_1_569' title='bbox 3283 1858 3367 1928; x_wconf 74' lang='grc'><strong>15)</strong></span> <span class='ocrx_word' id='word_1_570' title='bbox 3407 1873 3420 1910; x_wconf 90' lang='lat'><strong>:</strong></span> <span class='ocrx_word' id='word_1_571' title='bbox 3461 1857 3632 1911; x_wconf 86' lang='lat' dir='ltr'><strong>Omnia</strong></span> <span class='ocrx_word' id='word_1_572' title='bbox 3666 1872 3756 1923; x_wconf 73' lang='lat' dir='ltr'><strong>qua</strong></span> 
     </span>
    </p>
   </div>
   <div class='ocr_carea' id='block_1_66' title="bbox 2205 1953 3756 2025">
    <p class='ocr_par' dir='ltr' id='par_1_66' title="bbox 2205 1953 3756 2025">
     <span class='ocr_line' id='line_1_67' title="bbox 2205 1953 3756 2025; baseline 0 -21"><span class='ocrx_word' id='word_1_573' title='bbox 2205 1953 2354 2008; x_wconf 82' lang='lat' dir='ltr'><strong>habet</strong></span> <span class='ocrx_word' id='word_1_574' title='bbox 2383 1963 2546 2025; x_wconf 88' lang='lat' dir='ltr'><strong>pater,</strong></span> <span class='ocrx_word' id='word_1_575' title='bbox 2580 1970 2691 2008; x_wconf 89' lang='lat' dir='ltr'><strong>mea</strong></span> <span class='ocrx_word' id='word_1_576' title='bbox 2722 1965 2861 2008; x_wconf 88' lang='lat' dir='ltr'><strong>sunt.</strong></span> <span class='ocrx_word' id='word_1_577' title='bbox 2928 1954 3060 2008; x_wconf 87' lang='lat' dir='ltr'><strong>Dicit</strong></span> <span class='ocrx_word' id='word_1_578' title='bbox 3091 1970 3258 2025; x_wconf 83' lang='lat' dir='ltr'><strong>ergo:</strong></span> <span class='ocrx_word' id='word_1_579' title='bbox 3309 1969 3371 2007; x_wconf 79' lang='lat' dir='ltr'><strong>ex</strong></span> <span class='ocrx_word' id='word_1_580' title='bbox 3419 1970 3526 2008; x_wconf 88' lang='lat' dir='ltr'><strong>meo</strong></span> <span class='ocrx_word' id='word_1_581' title='bbox 3562 1953 3756 2022; x_wconf 86' lang='lat' dir='ltr'><strong>accipiet,</strong></span> 
     </span>
    </p>
   </div>
   <div class='ocr_carea' id='block_1_67' title="bbox 2206 2045 3758 2120">
    <p class='ocr_par' dir='ltr' id='par_1_67' title="bbox 2206 2045 3758 2120">
     <span class='ocr_line' id='line_1_68' title="bbox 2206 2045 3758 2120; baseline -0.003 -18"><span class='ocrx_word' id='word_1_582' title='bbox 2206 2047 2348 2120; x_wconf 91' lang='lat' dir='ltr'><strong>quod</strong></span> <span class='ocrx_word' id='word_1_583' title='bbox 2382 2063 2484 2101; x_wconf 87' lang='lat' dir='ltr'><strong>una</strong></span> <span class='ocrx_word' id='word_1_584' title='bbox 2515 2047 2705 2114; x_wconf 63' lang='lat' dir='ltr'><strong>moti»,</strong></span> <span class='ocrx_word' id='word_1_585' title='bbox 2757 2050 2858 2104; x_wconf 88' lang='lat' dir='ltr'><strong>hoc</strong></span> <span class='ocrx_word' id='word_1_586' title='bbox 2888 2057 2992 2110; x_wconf 73' lang='lat' dir='ltr'><strong>est.</strong></span> <span class='ocrx_word' id='word_1_587' title='bbox 3046 2048 3188 2102; x_wconf 90' lang='lat' dir='ltr'><strong>actio</strong></span> <span class='ocrx_word' id='word_1_588' title='bbox 3236 2061 3402 2117; x_wconf 76' lang='lat' dir='ltr'><strong>agens</strong></span> <span class='ocrx_word' id='word_1_589' title='bbox 3433 2045 3662 2102; x_wconf 72' lang='lat' dir='ltr'><strong>Christus</strong></span> <span class='ocrx_word' id='word_1_590' title='bbox 3677 2055 3758 2109; x_wconf 87' lang='lat' dir='ltr'><strong>est,</strong></span> 
     </span>
    </p>
   </div>
   <div class='ocr_carea' id='block_1_68' title="bbox 2208 2139 3762 2211">
    <p class='ocr_par' dir='ltr' id='par_1_68' title="bbox 2208 2139 3762 2211">
     <span class='ocr_line' id='line_1_69' title="bbox 2208 2139 3762 2211; baseline -0.001 -17"><span class='ocrx_word' id='word_1_591' title='bbox 2208 2150 2264 2196; x_wconf 87' lang='lat' dir='ltr'><strong>et</strong></span> <span class='ocrx_word' id='word_1_592' title='bbox 2291 2139 2524 2211; x_wconf 81' lang='lat' dir='ltr'><strong>Spiritus</strong></span> <span class='ocrx_word' id='word_1_593' title='bbox 2555 2151 2776 2196; x_wconf 89' lang='lat' dir='ltr'><strong>sanctus</strong></span> <span class='ocrx_word' id='word_1_594' title='bbox 2806 2158 2818 2194; x_wconf 91' lang='lat'><strong>:</strong></span> <span class='ocrx_word' id='word_1_595' title='bbox 2848 2149 2904 2196; x_wconf 90' lang='lat' dir='ltr'><strong>et</strong></span> <span class='ocrx_word' id='word_1_596' title='bbox 2933 2140 3161 2210; x_wconf 89' lang='lat' dir='ltr'><strong>primum</strong></span> <span class='ocrx_word' id='word_1_597' title='bbox 3193 2151 3276 2196; x_wconf 89' lang='lat' dir='ltr'><strong>est</strong></span> <span class='ocrx_word' id='word_1_598' title='bbox 3305 2140 3503 2204; x_wconf 72' lang='lat' dir='ltr'><strong>vivere,</strong></span> <span class='ocrx_word' id='word_1_599' title='bbox 3530 2141 3654 2194; x_wconf 84' lang='lat' dir='ltr'><strong>ctah</strong></span> <span class='ocrx_word' id='word_1_600' title='bbox 3673 2140 3762 2210; x_wconf 85' lang='lat' dir='ltr'><strong>ipso</strong></span> 
     </span>
    </p>
   </div>
   <div class='ocr_carea' id='block_1_69' title="bbox 2209 2233 3765 2306">
    <p class='ocr_par' dir='ltr' id='par_1_69' title="bbox 2209 2233 3765 2306">
     <span class='ocr_line' id='line_1_70' title="bbox 2209 2233 3765 2306; baseline 0.001 -19"><span class='ocrx_word' id='word_1_601' title='bbox 2209 2236 2350 2305; x_wconf 87' lang='lat' dir='ltr'><strong>quod</strong></span> <span class='ocrx_word' id='word_1_602' title='bbox 2377 2245 2458 2290; x_wconf 81' lang='lat' dir='ltr'><strong>est</strong></span> <span class='ocrx_word' id='word_1_603' title='bbox 2482 2234 2684 2300; x_wconf 61' lang='lat' dir='ltr'><strong>Vivere,</strong></span> <span class='ocrx_word' id='word_1_604' title='bbox 2709 2235 3013 2305; x_wconf 88' lang='lat' dir='ltr'><strong>intelligere</strong></span> <span class='ocrx_word' id='word_1_605' title='bbox 3049 2253 3061 2289; x_wconf 92' lang='lat'><strong>:</strong></span> <span class='ocrx_word' id='word_1_606' title='bbox 3104 2235 3288 2290; x_wconf 67' lang='lat' dir='ltr'><strong>vivere</strong></span> <span class='ocrx_word' id='word_1_607' title='bbox 3309 2235 3524 2306; x_wconf 85' lang='lat' dir='ltr'><strong>quidem</strong></span> <span class='ocrx_word' id='word_1_608' title='bbox 3545 2233 3765 2299; x_wconf 81' lang='lat' dir='ltr'><strong>Christus,</strong></span> 
     </span>
    </p>
   </div>
   <div class='ocr_carea' id='block_1_70' title="bbox 2211 2327 3766 2400">
    <p class='ocr_par' dir='ltr' id='par_1_70' title="bbox 2211 2327 3766 2400">
     <span class='ocr_line' id='line_1_71' title="bbox 2211 2327 3766 2400; baseline -0.002 -17"><span class='ocrx_word' id='word_1_609' title='bbox 2211 2329 2510 2400; x_wconf 77' lang='lat' dir='ltr'><strong>intelligere</strong></span> <span class='ocrx_word' id='word_1_610' title='bbox 2540 2329 2771 2400; x_wconf 88' lang='lat' dir='ltr'><strong>Spiritus</strong></span> <span class='ocrx_word' id='word_1_611' title='bbox 2798 2348 2810 2382; x_wconf 91' lang='lat'>:</span> <span class='ocrx_word' id='word_1_612' title='bbox 2871 2345 2999 2400; x_wconf 86' lang='lat' dir='ltr'><strong>ergo</strong></span> <span class='ocrx_word' id='word_1_613' title='bbox 3025 2329 3258 2400; x_wconf 81' lang='lat' dir='ltr'><strong>Spir-itus</strong></span> <span class='ocrx_word' id='word_1_614' title='bbox 3292 2345 3321 2384; x_wconf 88' lang='lat' dir='ltr'><strong>a</strong></span> <span class='ocrx_word' id='word_1_615' title='bbox 3358 2327 3575 2384; x_wconf 86' lang='lat' dir='ltr'><strong>Christo</strong></span> <span class='ocrx_word' id='word_1_616' title='bbox 3596 2327 3766 2398; x_wconf 84' lang='lat' dir='ltr'><strong>accipit,</strong></span> 
     </span>
    </p>
   </div>
   <div class='ocr_carea' id='block_1_71' title="bbox 2214 2424 3744 2495">
    <p class='ocr_par' dir='ltr' id='par_1_71' title="bbox 2214 2424 3744 2495">
     <span class='ocr_line' id='line_1_72' title="bbox 2214 2424 3744 2495; baseline -0.002 -16"><span class='ocrx_word' id='word_1_617' title='bbox 2214 2425 2328 2494; x_wconf 87' lang='lat' dir='ltr'><strong>ipse</strong></span> <span class='ocrx_word' id='word_1_618' title='bbox 2362 2424 2612 2479; x_wconf 75' lang='lat' dir='ltr'><strong>Christus</strong></span> <span class='ocrx_word' id='word_1_619' title='bbox 2641 2441 2668 2476; x_wconf 89' lang='lat' dir='ltr'><strong>a</strong></span> <span class='ocrx_word' id='word_1_620' title='bbox 2702 2434 2876 2494; x_wconf 86' lang='lat' dir='ltr'><strong>patre,</strong></span> <span class='ocrx_word' id='word_1_621' title='bbox 2923 2436 2978 2481; x_wconf 89' lang='lat' dir='ltr'><strong>et</strong></span> <span class='ocrx_word' id='word_1_622' title='bbox 3003 2424 3205 2480; x_wconf 82' lang='lat' dir='ltr'><strong>idcirco</strong></span> <span class='ocrx_word' id='word_1_623' title='bbox 3225 2435 3280 2481; x_wconf 89' lang='lat' dir='ltr'><strong>et</strong></span> <span class='ocrx_word' id='word_1_624' title='bbox 3302 2425 3580 2495; x_wconf 82' lang='lat' dir='ltr'><strong>Spiritusa</strong></span> <span class='ocrx_word' id='word_1_625' title='bbox 3606 2436 3744 2495; x_wconf 82' lang='lat' dir='ltr'><strong>patre.</strong></span> 
     </span>
    </p>
   </div>
   <div class='ocr_carea' id='block_1_72' title="bbox 2285 2516 3774 2588">
    <p class='ocr_par' dir='ltr' id='par_1_72' title="bbox 2285 2516 3774 2588">
     <span class='ocr_line' id='line_1_73' title="bbox 2285 2516 3774 2588; baseline -0.002 -17"><span class='ocrx_word' id='word_1_626' title='bbox 2285 2516 2424 2572; x_wconf 80' lang='lat' dir='ltr'><strong>XIV.</strong></span> <span class='ocrx_word' id='word_1_627' title='bbox 2455 2517 2642 2572; x_wconf 88' lang='lat' dir='ltr'><strong>Omnia</strong></span> <span class='ocrx_word' id='word_1_628' title='bbox 2677 2517 2836 2588; x_wconf 89' lang='lat' dir='ltr'><strong>igitur</strong></span> <span class='ocrx_word' id='word_1_629' title='bbox 2857 2533 3042 2581; x_wconf 91' lang='lat' dir='ltr'><strong>unum,</strong></span> <span class='ocrx_word' id='word_1_630' title='bbox 3071 2517 3164 2572; x_wconf 87' lang='lat' dir='ltr'><strong>sed</strong></span> <span class='ocrx_word' id='word_1_631' title='bbox 3190 2534 3220 2572; x_wconf 88' lang='lat' dir='ltr'><strong>a</strong></span> <span class='ocrx_word' id='word_1_632' title='bbox 3243 2527 3409 2588; x_wconf 88' lang='lat' dir='ltr'><strong>patre.</strong></span> <span class='ocrx_word' id='word_1_633' title='bbox 3448 2517 3594 2586; x_wconf 85' lang='lat' dir='ltr'><strong>Quod</strong></span> <span class='ocrx_word' id='word_1_634' title='bbox 3619 2516 3774 2572; x_wconf 77' lang='lat' dir='ltr'><strong>Chris-</strong></span> 
     </span>
    </p>
   </div>
   <div class='ocr_carea' id='block_1_73' title="bbox 2217 2611 3772 2683">
    <p class='ocr_par' dir='ltr' id='par_1_73' title="bbox 2217 2611 3772 2683">
     <span class='ocr_line' id='line_1_74' title="bbox 2217 2611 3772 2683; baseline -0.001 -17"><span class='ocrx_word' id='word_1_635' title='bbox 2217 2619 2300 2666; x_wconf 91' lang='lat' dir='ltr'><strong>tus</strong></span> <span class='ocrx_word' id='word_1_636' title='bbox 2325 2624 2379 2666; x_wconf 85' lang='lat' dir='ltr'><strong>et</strong></span> <span class='ocrx_word' id='word_1_637' title='bbox 2399 2627 2426 2664; x_wconf 90' lang='lat' dir='ltr'><strong>a</strong></span> <span class='ocrx_word' id='word_1_638' title='bbox 2459 2622 2610 2682; x_wconf 85' lang='lat' dir='ltr'><strong>patre</strong></span> <span class='ocrx_word' id='word_1_639' title='bbox 2641 2611 2924 2682; x_wconf 87' lang='lat' dir='ltr'><strong>processit,</strong></span> <span class='ocrx_word' id='word_1_640' title='bbox 2953 2611 3056 2668; x_wconf 91' lang='lat' dir='ltr'><strong>hoc</strong></span> <span class='ocrx_word' id='word_1_641' title='bbox 3086 2623 3191 2676; x_wconf 89' lang='lat' dir='ltr'><strong>est,</strong></span> <span class='ocrx_word' id='word_1_642' title='bbox 3242 2612 3382 2683; x_wconf 83' lang='lat' dir='ltr'><strong>quod</strong></span> <span class='ocrx_word' id='word_1_643' title='bbox 3450 2613 3585 2667; x_wconf 80' lang='lat' dir='ltr'><strong>Deus</strong></span> <span class='ocrx_word' id='word_1_644' title='bbox 3632 2614 3772 2681; x_wconf 88' lang='lat' dir='ltr'><strong>ipsum</strong></span> 
     </span>
    </p>
   </div>
   <div class='ocr_carea' id='block_1_74' title="bbox 2217 2703 3770 2777">
    <p class='ocr_par' dir='ltr' id='par_1_74' title="bbox 2217 2703 3770 2777">
     <span class='ocr_line' id='line_1_75' title="bbox 2217 2703 3770 2777; baseline -0.001 -19"><span class='ocrx_word' id='word_1_645' title='bbox 2217 2703 2384 2769; x_wconf 67' lang='lat' dir='ltr'><strong>misit,</strong></span> <span class='ocrx_word' id='word_1_646' title='bbox 2419 2704 2520 2759; x_wconf 89' lang='lat' dir='ltr'><strong>hoc</strong></span> <span class='ocrx_word' id='word_1_647' title='bbox 2542 2715 2645 2768; x_wconf 88' lang='lat' dir='ltr'><strong>cst,</strong></span> <span class='ocrx_word' id='word_1_648' title='bbox 2679 2721 2710 2760; x_wconf 90' lang='lat' dir='ltr'><strong>a</strong></span> <span class='ocrx_word' id='word_1_649' title='bbox 2745 2707 2852 2760; x_wconf 90' lang='lat' dir='ltr'><strong>Deo</strong></span> <span class='ocrx_word' id='word_1_650' title='bbox 2877 2704 3161 2772; x_wconf 86' lang='lat' dir='ltr'><strong>processit,</strong></span> <span class='ocrx_word' id='word_1_651' title='bbox 3192 2704 3318 2760; x_wconf 87' lang='lat' dir='ltr'><strong>dicit</strong></span> <span class='ocrx_word' id='word_1_652' title='bbox 3349 2707 3497 2760; x_wconf 88' lang='lat' dir='ltr'><strong>enim</strong></span> <span class='ocrx_word' id='word_1_653' title='bbox 3525 2704 3674 2777; x_wconf 84' lang='lat' dir='ltr'><strong>(Ibid.</strong></span> <span class='ocrx_word' id='word_1_654' title='bbox 3699 2703 3770 2767; x_wconf 75' lang='lat'><strong>27,</strong></span> 
     </span>
    </p>
   </div>
   <div class='ocr_carea' id='block_1_75' title="bbox 2215 2796 3774 2870">
    <p class='ocr_par' dir='ltr' id='par_1_75' title="bbox 2215 2796 3774 2870">
     <span class='ocr_line' id='line_1_76' title="bbox 2215 2796 3774 2870; baseline 0.001 -20"><span class='ocrx_word' id='word_1_655' title='bbox 2215 2796 2312 2866; x_wconf 74' lang='lat'><strong>28)</strong></span> <span class='ocrx_word' id='word_1_656' title='bbox 2337 2818 2351 2850; x_wconf 64' lang='grc' dir='ltr'>ι</span> <span class='ocrx_word' id='word_1_657' title='bbox 2394 2797 2650 2864; x_wconf 85' lang='lat' dir='ltr'><strong>Quoniam</strong></span> <span class='ocrx_word' id='word_1_658' title='bbox 2678 2815 2770 2868; x_wconf 85' lang='lat' dir='ltr'><strong>ego</strong></span> <span class='ocrx_word' id='word_1_659' title='bbox 2793 2815 2825 2852; x_wconf 91' lang='lat' dir='ltr'><strong>a</strong></span> <span class='ocrx_word' id='word_1_660' title='bbox 2853 2797 2957 2852; x_wconf 91' lang='lat' dir='ltr'><strong>Deo</strong></span> <span class='ocrx_word' id='word_1_661' title='bbox 2996 2800 3224 2866; x_wconf 79' lang='lat' dir='ltr'><strong>processi</strong></span> <span class='ocrx_word' id='word_1_662' title='bbox 3254 2815 3272 2853; x_wconf 93' lang='lat'><strong><em>:</em></strong></span> <span class='ocrx_word' id='word_1_663' title='bbox 3313 2801 3541 2870; x_wconf 89' lang='lat' dir='ltr'><strong>processi</strong></span> <span class='ocrx_word' id='word_1_664' title='bbox 3564 2818 3596 2853; x_wconf 87' lang='lat' dir='ltr'><strong>a</strong></span> <span class='ocrx_word' id='word_1_665' title='bbox 3624 2811 3774 2863; x_wconf 85' lang='lat' dir='ltr'><strong>pa&#39;re:</strong></span> 
     </span>
    </p>
   </div>
   <div class='ocr_carea' id='block_1_76' title="bbox 2218 2890 3781 2963">
    <p class='ocr_par' dir='ltr' id='par_1_76' title="bbox 2218 2890 3781 2963">
     <span class='ocr_line' id='line_1_77' title="bbox 2218 2890 3781 2963; baseline -0.001 -17"><span class='ocrx_word' id='word_1_666' title='bbox 2218 2890 2663 2961; x_wconf 82' lang='lat' dir='ltr'><strong>Cognoscendum</strong></span> <span class='ocrx_word' id='word_1_667' title='bbox 2707 2892 2846 2963; x_wconf 89' lang='lat' dir='ltr'><strong>quod</strong></span> <span class='ocrx_word' id='word_1_668' title='bbox 2888 2904 2940 2946; x_wconf 90' lang='lat' dir='ltr'><strong>et</strong></span> <span class='ocrx_word' id='word_1_669' title='bbox 2980 2892 3114 2948; x_wconf 61' lang='lat' dir='ltr'><strong>dixit</strong></span> <span class='ocrx_word' id='word_1_670' title='bbox 3150 2911 3164 2949; x_wconf 88' lang='lat'><strong>:</strong></span> <span class='ocrx_word' id='word_1_671' title='bbox 3217 2905 3262 2948; x_wconf 88' lang='lat' dir='ltr'><strong>et</strong></span> <span class='ocrx_word' id='word_1_672' title='bbox 3304 2894 3463 2948; x_wconf 87' lang='lat' dir='ltr'><strong>exivi.</strong></span> <span class='ocrx_word' id='word_1_673' title='bbox 3492 2894 3594 2948; x_wconf 87' lang='lat' dir='ltr'><strong>Sed</strong></span> <span class='ocrx_word' id='word_1_674' title='bbox 3615 2891 3781 2961; x_wconf 86' lang='lat' dir='ltr'><strong>quoda</strong></span> 
     </span>
    </p>
   </div>
   <div class='ocr_carea' id='block_1_77' title="bbox 2225 2985 3782 3060">
    <p class='ocr_par' dir='ltr' id='par_1_77' title="bbox 2225 2985 3782 3060">
     <span class='ocr_line' id='line_1_78' title="bbox 2225 2985 3782 3060; baseline 0.001 -22"><span class='ocrx_word' id='word_1_675' title='bbox 2225 2987 2330 3041; x_wconf 88' lang='lat' dir='ltr'><strong>Deo</strong></span> <span class='ocrx_word' id='word_1_676' title='bbox 2351 2987 2660 3056; x_wconf 74' lang='lat' dir='ltr'><strong>pneposuit,</strong></span> <span class='ocrx_word' id='word_1_677' title='bbox 2693 3005 2724 3042; x_wconf 89' lang='lat' dir='ltr'><strong>a</strong></span> <span class='ocrx_word' id='word_1_678' title='bbox 2763 2985 2868 3041; x_wconf 83' lang='lat' dir='ltr'><strong>Deo</strong></span> <span class='ocrx_word' id='word_1_679' title='bbox 2891 2988 3110 3054; x_wconf 82' lang='lat' dir='ltr'><strong>processi</strong></span> <span class='ocrx_word' id='word_1_680' title='bbox 3135 3005 3153 3042; x_wconf 92' lang='lat'><strong><em>:</em></strong></span> <span class='ocrx_word' id='word_1_681' title='bbox 3181 2988 3324 3059; x_wconf 91' lang='lat' dir='ltr'><strong>quod</strong></span> <span class='ocrx_word' id='word_1_682' title='bbox 3354 2987 3641 3060; x_wconf 76' lang='lat' dir='ltr'><strong>signiﬁcat,</strong></span> <span class='ocrx_word' id='word_1_683' title='bbox 3671 2985 3782 3054; x_wconf 85' lang='lat' dir='ltr'><strong>quod</strong></span> 
     </span>
    </p>
   </div>
   <div class='ocr_carea' id='block_1_78' title="bbox 2225 3081 3784 3153">
    <p class='ocr_par' dir='ltr' id='par_1_78' title="bbox 2225 3081 3784 3153">
     <span class='ocr_line' id='line_1_79' title="bbox 2225 3081 3784 3153; baseline -0.003 -17"><span class='ocrx_word' id='word_1_684' title='bbox 2225 3083 2363 3137; x_wconf 81' lang='lat' dir='ltr'><strong>Dens</strong></span> <span class='ocrx_word' id='word_1_685' title='bbox 2392 3082 2565 3152; x_wconf 90' lang='lat' dir='ltr'><strong>ipsum</strong></span> <span class='ocrx_word' id='word_1_686' title='bbox 2596 3083 2760 3137; x_wconf 85' lang='lat' dir='ltr'><strong>misit.</strong></span> <span class='ocrx_word' id='word_1_687' title='bbox 2798 3081 3015 3138; x_wconf 87' lang='lat' dir='ltr'><strong>Credite</strong></span> <span class='ocrx_word' id='word_1_688' title='bbox 3048 3082 3207 3153; x_wconf 75' lang='lat' dir='ltr'><strong>igitur</strong></span> <span class='ocrx_word' id='word_1_689' title='bbox 3254 3083 3355 3137; x_wconf 90' lang='lat' dir='ltr'><strong>ltoc</strong></span> <span class='ocrx_word' id='word_1_690' title='bbox 3397 3084 3646 3152; x_wconf 88' lang='lat' dir='ltr'><strong>primum,</strong></span> <span class='ocrx_word' id='word_1_691' title='bbox 3679 3093 3784 3149; x_wconf 76' lang='grc' dir='ltr'><strong>(μιθ-</strong></span> 
     </span>
    </p>
   </div>
   <div class='ocr_carea' id='block_1_79' title="bbox 3925 1696 3941 2494">
    <p class='ocr_par' dir='ltr' id='par_1_79' title="bbox 3925 1696 3933 2078">
     <span class='ocr_line' id='line_1_80' title="bbox 3925 1696 3933 2078; baseline 0 0"><span class='ocrx_word' id='word_1_692' title='bbox 3925 1894 3931 1994; x_wconf 54' lang='lat' dir='ltr'><strong>r</strong></span> 
     </span>
    </p>
   </div>
   <div class='ocr_carea' id='block_1_80' title="bbox 2143 3169 3784 3245">
    <p class='ocr_par' dir='ltr' id='par_1_80' title="bbox 2143 3169 3784 3245">
     <span class='ocr_line' id='line_1_81' title="bbox 2143 3169 3784 3245; baseline -0.004 -15"><span class='ocrx_word' id='word_1_693' title='bbox 2143 3179 2188 3240; x_wconf 85' lang='lat' dir='ltr'><strong>C</strong></span> <span class='ocrx_word' id='word_1_694' title='bbox 2223 3175 2366 3230; x_wconf 82' lang='lat' dir='ltr'><strong>niam</strong></span> <span class='ocrx_word' id='word_1_695' title='bbox 2392 3190 2492 3245; x_wconf 80' lang='lat' dir='ltr'><strong>ego</strong></span> <span class='ocrx_word' id='word_1_696' title='bbox 2514 3190 2542 3229; x_wconf 86' lang='lat' dir='ltr'><strong>a</strong></span> <span class='ocrx_word' id='word_1_697' title='bbox 2577 3175 2684 3230; x_wconf 90' lang='lat' dir='ltr'><strong>Deo</strong></span> <span class='ocrx_word' id='word_1_698' title='bbox 2713 3175 2872 3230; x_wconf 74' lang='lat' dir='ltr'><strong>exivi.</strong></span> <span class='ocrx_word' id='word_1_699' title='bbox 2901 3175 3054 3242; x_wconf 89' lang='lat' dir='ltr'><strong>Quod</strong></span> <span class='ocrx_word' id='word_1_700' title='bbox 3083 3184 3266 3231; x_wconf 85' lang='lat' dir='ltr'><strong>autem</strong></span> <span class='ocrx_word' id='word_1_701' title='bbox 3289 3194 3316 3229; x_wconf 88' lang='lat' dir='ltr'><strong>a</strong></span> <span class='ocrx_word' id='word_1_702' title='bbox 3349 3175 3485 3242; x_wconf 87' lang='lat' dir='ltr'><strong>Deo,</strong></span> <span class='ocrx_word' id='word_1_703' title='bbox 3508 3186 3561 3229; x_wconf 90' lang='lat' dir='ltr'><strong>et</strong></span> <span class='ocrx_word' id='word_1_704' title='bbox 3589 3183 3644 3228; x_wconf 92' lang='lat' dir='ltr'><strong>ut</strong></span> <span class='ocrx_word' id='word_1_705' title='bbox 3660 3169 3784 3243; x_wconf 76' lang='lat' dir='ltr'><strong>quis?</strong></span> 
     </span>
    </p>
   </div>
   <div class='ocr_carea' id='block_1_81' title="bbox 2221 3267 3784 3339">
    <p class='ocr_par' dir='ltr' id='par_1_81' title="bbox 2221 3267 3784 3339">
     <span class='ocr_line' id='line_1_82' title="bbox 2221 3267 3784 3339; baseline -0.005 -16"><span class='ocrx_word' id='word_1_706' title='bbox 2221 3268 2304 3323; x_wconf 80' lang='lat' dir='ltr'><strong>Ah</strong></span> <span class='ocrx_word' id='word_1_707' title='bbox 2326 3267 2422 3323; x_wconf 91' lang='lat' dir='ltr'><strong>illo</strong></span> <span class='ocrx_word' id='word_1_708' title='bbox 2454 3269 2563 3322; x_wconf 88' lang='lat' dir='ltr'><strong>Deo</strong></span> <span class='ocrx_word' id='word_1_709' title='bbox 2590 3269 2677 3336; x_wconf 86' lang='lat' dir='ltr'><strong>qni</strong></span> <span class='ocrx_word' id='word_1_710' title='bbox 2705 3278 2856 3335; x_wconf 88' lang='lat' dir='ltr'><strong>pater</strong></span> <span class='ocrx_word' id='word_1_711' title='bbox 2877 3284 3031 3322; x_wconf 87' lang='lat' dir='ltr'><strong>mens</strong></span> <span class='ocrx_word' id='word_1_712' title='bbox 3050 3278 3136 3324; x_wconf 88' lang='lat' dir='ltr'><strong>est</strong></span> <span class='ocrx_word' id='word_1_713' title='bbox 3166 3286 3180 3321; x_wconf 90' lang='lat'><strong>:</strong></span> <span class='ocrx_word' id='word_1_714' title='bbox 3234 3267 3389 3322; x_wconf 83' lang='lat' dir='ltr'><strong>Exivi</strong></span> <span class='ocrx_word' id='word_1_715' title='bbox 3410 3267 3575 3339; x_wconf 82' lang='lat' dir='ltr'><strong>igitur</strong></span> <span class='ocrx_word' id='word_1_716' title='bbox 3595 3284 3626 3320; x_wconf 89' lang='lat' dir='ltr'><strong>a</strong></span> <span class='ocrx_word' id='word_1_717' title='bbox 3653 3277 3784 3336; x_wconf 81' lang='lat' dir='ltr'><strong>patre,</strong></span> 
     </span>
    </p>
   </div>
   <div class='ocr_carea' id='block_1_82' title="bbox 2222 3355 3789 3429">
    <p class='ocr_par' dir='ltr' id='par_1_82' title="bbox 2222 3355 3789 3429">
     <span class='ocr_line' id='line_1_83' title="bbox 2222 3355 3789 3429; baseline -0.004 -14"><span class='ocrx_word' id='word_1_718' title='bbox 2222 3373 2268 3416; x_wconf 87' lang='lat' dir='ltr'><strong>et</strong></span> <span class='ocrx_word' id='word_1_719' title='bbox 2293 3363 2404 3415; x_wconf 83' lang='lat' dir='ltr'><strong>veni</strong></span> <span class='ocrx_word' id='word_1_720' title='bbox 2426 3360 2478 3414; x_wconf 90' lang='lat' dir='ltr'><strong>in</strong></span> <span class='ocrx_word' id='word_1_721' title='bbox 2503 3359 2770 3414; x_wconf 90' lang='lat' dir='ltr'><strong>mundum.</strong></span> <span class='ocrx_word' id='word_1_722' title='bbox 2846 3359 3016 3429; x_wconf 82' lang='lat' dir='ltr'><strong>Hujus</strong></span> <span class='ocrx_word' id='word_1_723' title='bbox 3065 3360 3330 3415; x_wconf 82' lang='lat' dir='ltr'><strong>Orationis</strong></span> <span class='ocrx_word' id='word_1_724' title='bbox 3375 3358 3635 3415; x_wconf 87' lang='lat' dir='ltr'><strong>naturalis</strong></span> <span class='ocrx_word' id='word_1_725' title='bbox 3683 3355 3789 3410; x_wconf 84' lang='lat' dir='ltr'><strong>ordo</strong></span> 
     </span>
    </p>
   </div>
   <div class='ocr_carea' id='block_1_83' title="bbox 2221 3452 3786 3522">
    <p class='ocr_par' dir='ltr' id='par_1_83' title="bbox 2221 3452 3786 3522">
     <span class='ocr_line' id='line_1_84' title="bbox 2221 3452 3786 3522; baseline -0.006 -13"><span class='ocrx_word' id='word_1_726' title='bbox 2221 3454 2324 3509; x_wconf 83' lang='lat' dir='ltr'><strong>iste</strong></span> <span class='ocrx_word' id='word_1_727' title='bbox 2354 3463 2433 3508; x_wconf 83' lang='lat' dir='ltr'><strong>est</strong></span> <span class='ocrx_word' id='word_1_728' title='bbox 2466 3471 2479 3506; x_wconf 90' lang='lat'>:</span> <span class='ocrx_word' id='word_1_729' title='bbox 2517 3453 2759 3508; x_wconf 79' lang='lat' dir='ltr'><strong>Processi</strong></span> <span class='ocrx_word' id='word_1_730' title='bbox 2789 3469 2816 3506; x_wconf 89' lang='lat' dir='ltr'><strong>a</strong></span> <span class='ocrx_word' id='word_1_731' title='bbox 2850 3463 3018 3522; x_wconf 88' lang='lat' dir='ltr'><strong>patre,</strong></span> <span class='ocrx_word' id='word_1_732' title='bbox 3049 3452 3192 3508; x_wconf 71' lang='lat' dir='ltr'><strong>exiri</strong></span> <span class='ocrx_word' id='word_1_733' title='bbox 3213 3471 3243 3507; x_wconf 83' lang='lat' dir='ltr'><strong>a</strong></span> <span class='ocrx_word' id='word_1_734' title='bbox 3270 3454 3401 3516; x_wconf 87' lang='lat' dir='ltr'><strong>Deo,</strong></span> <span class='ocrx_word' id='word_1_735' title='bbox 3439 3453 3563 3508; x_wconf 74' lang='lat' dir='ltr'><strong>reni</strong></span> <span class='ocrx_word' id='word_1_736' title='bbox 3591 3453 3640 3507; x_wconf 91' lang='lat' dir='ltr'><strong>itt</strong></span> <span class='ocrx_word' id='word_1_737' title='bbox 3663 3465 3786 3505; x_wconf 87' lang='lat' dir='ltr'><strong>murr-</strong></span> 
     </span>
    </p>
   </div>
   <div class='ocr_carea' id='block_1_84' title="bbox 2221 3544 3789 3602">
    <p class='ocr_par' dir='ltr' id='par_1_84' title="bbox 2221 3544 3789 3602">
     <span class='ocr_line' id='line_1_85' title="bbox 2221 3544 3789 3602; baseline -0.002 -3"><span class='ocrx_word' id='word_1_738' title='bbox 2221 3546 2369 3600; x_wconf 88' lang='lat' dir='ltr'><strong>dttm.</strong></span> <span class='ocrx_word' id='word_1_739' title='bbox 2417 3545 2522 3601; x_wconf 89' lang='lat' dir='ltr'><strong>Sed</strong></span> <span class='ocrx_word' id='word_1_740' title='bbox 2570 3546 2792 3601; x_wconf 81' lang='lat' dir='ltr'><strong>elTer-tus</strong></span> <span class='ocrx_word' id='word_1_741' title='bbox 2823 3555 2878 3602; x_wconf 89' lang='lat' dir='ltr'><strong>et</strong></span> <span class='ocrx_word' id='word_1_742' title='bbox 2899 3546 3189 3602; x_wconf 88' lang='lat' dir='ltr'><strong>locutionis</strong></span> <span class='ocrx_word' id='word_1_743' title='bbox 3220 3546 3356 3601; x_wconf 91' lang='lat' dir='ltr'><strong>ordo</strong></span> <span class='ocrx_word' id='word_1_744' title='bbox 3377 3547 3451 3601; x_wconf 87' lang='lat' dir='ltr'><strong>ab</strong></span> <span class='ocrx_word' id='word_1_745' title='bbox 3481 3544 3789 3600; x_wconf 84' lang='lat' dir='ltr'><strong>horninibus:</strong></span> 
     </span>
    </p>
   </div>
   <div class='ocr_carea' id='block_1_85' title="bbox 2221 3635 3792 3712">
    <p class='ocr_par' dir='ltr' id='par_1_85' title="bbox 2221 3635 3792 3712">
     <span class='ocr_line' id='line_1_86' title="bbox 2221 3635 3792 3712; baseline -0.001 -21"><span class='ocrx_word' id='word_1_746' title='bbox 2221 3639 2464 3708; x_wconf 88' lang='lat' dir='ltr'><strong>quoniam</strong></span> <span class='ocrx_word' id='word_1_747' title='bbox 2490 3653 2577 3692; x_wconf 89' lang='lat' dir='ltr'><strong>vos</strong></span> <span class='ocrx_word' id='word_1_748' title='bbox 2598 3639 2848 3693; x_wconf 65' lang='lat' dir='ltr'><strong>dilr’xistr’s</strong></span> <span class='ocrx_word' id='word_1_749' title='bbox 2896 3656 2974 3694; x_wconf 89' lang='lat' dir='ltr'><strong>me</strong></span> <span class='ocrx_word' id='word_1_750' title='bbox 3019 3650 3064 3693; x_wconf 81' lang='lat' dir='ltr'><strong>et</strong></span> <span class='ocrx_word' id='word_1_751' title='bbox 3107 3639 3418 3705; x_wconf 86' lang='lat' dir='ltr'><strong>credidistis,</strong></span> <span class='ocrx_word' id='word_1_752' title='bbox 3469 3639 3608 3712; x_wconf 80' lang='lat' dir='ltr'><strong>quod</strong></span> <span class='ocrx_word' id='word_1_753' title='bbox 3645 3655 3674 3691; x_wconf 91' lang='lat' dir='ltr'><strong>a</strong></span> <span class='ocrx_word' id='word_1_754' title='bbox 3703 3635 3792 3690; x_wconf 88' lang='lat' dir='ltr'><strong>Deo</strong></span> 
     </span>
    </p>
   </div>
   <div class='ocr_carea' id='block_1_86' title="bbox 2222 3731 3793 3800">
    <p class='ocr_par' dir='ltr' id='par_1_86' title="bbox 2222 3731 3793 3800">
     <span class='ocr_line' id='line_1_87' title="bbox 2222 3731 3793 3800; baseline -0.003 -14"><span class='ocrx_word' id='word_1_755' title='bbox 2222 3731 2391 3797; x_wconf 78' lang='lat' dir='ltr'><strong>exivi;</strong></span> <span class='ocrx_word' id='word_1_756' title='bbox 2449 3731 2549 3786; x_wconf 90' lang='lat' dir='ltr'><strong>hoc</strong></span> <span class='ocrx_word' id='word_1_757' title='bbox 2588 3732 2731 3785; x_wconf 87' lang='lat' dir='ltr'><strong>enim</strong></span> <span class='ocrx_word' id='word_1_758' title='bbox 2771 3731 3000 3800; x_wconf 89' lang='lat' dir='ltr'><strong>primum</strong></span> <span class='ocrx_word' id='word_1_759' title='bbox 3050 3732 3102 3786; x_wconf 88' lang='lat' dir='ltr'><strong>in</strong></span> <span class='ocrx_word' id='word_1_760' title='bbox 3151 3731 3332 3786; x_wconf 83' lang='lat' dir='ltr'><strong>ﬁdem.</strong></span> <span class='ocrx_word' id='word_1_761' title='bbox 3388 3732 3596 3789; x_wconf 87' lang='lat' dir='ltr'><strong>Deinde</strong></span> <span class='ocrx_word' id='word_1_762' title='bbox 3647 3741 3793 3785; x_wconf 83' lang='lat' dir='ltr'><strong>autem</strong></span> 
     </span>
    </p>
   </div>
   <div class='ocr_carea' id='block_1_87' title="bbox 2223 3826 3793 3898">
    <p class='ocr_par' dir='ltr' id='par_1_87' title="bbox 2223 3826 3793 3898">
     <span class='ocr_line' id='line_1_88' title="bbox 2223 3826 3793 3898; baseline -0.003 -18"><span class='ocrx_word' id='word_1_763' title='bbox 2223 3827 2446 3896; x_wconf 83' lang='lat' dir='ltr'><strong>processi</strong></span> <span class='ocrx_word' id='word_1_764' title='bbox 2484 3826 2547 3880; x_wconf 90' lang='lat' dir='ltr'><strong>de</strong></span> <span class='ocrx_word' id='word_1_765' title='bbox 2577 3835 2741 3898; x_wconf 84' lang='lat' dir='ltr'><strong>patre,</strong></span> <span class='ocrx_word' id='word_1_766' title='bbox 2771 3842 3048 3897; x_wconf 75' lang='lat' dir='ltr'><strong>exponens</strong></span> <span class='ocrx_word' id='word_1_767' title='bbox 3073 3843 3100 3878; x_wconf 90' lang='lat' dir='ltr'><strong>a</strong></span> <span class='ocrx_word' id='word_1_768' title='bbox 3130 3827 3506 3893; x_wconf 87' lang='lat' dir='ltr'><strong>superiorihus</strong></span> <span class='ocrx_word' id='word_1_769' title='bbox 3527 3827 3673 3896; x_wconf 88' lang='lat' dir='ltr'><strong>cujus</strong></span> <span class='ocrx_word' id='word_1_770' title='bbox 3697 3833 3793 3878; x_wconf 79' lang='lat' dir='ltr'><strong>erat</strong></span> 
     </span>
    </p>
   </div>
   <div class='ocr_carea' id='block_1_88' title="bbox 2224 3919 3795 3994">
    <p class='ocr_par' dir='ltr' id='par_1_88' title="bbox 2224 3919 3795 3994">
     <span class='ocr_line' id='line_1_89' title="bbox 2224 3919 3795 3994; baseline 0 -21"><span class='ocrx_word' id='word_1_771' title='bbox 2224 3920 2378 3983; x_wconf 74' lang='lat' dir='ltr'><strong>dixit,</strong></span> <span class='ocrx_word' id='word_1_772' title='bbox 2411 3921 2552 3975; x_wconf 87' lang='lat' dir='ltr'><strong>unde</strong></span> <span class='ocrx_word' id='word_1_773' title='bbox 2579 3931 2630 3974; x_wconf 88' lang='lat' dir='ltr'><strong>et</strong></span> <span class='ocrx_word' id='word_1_774' title='bbox 2657 3921 2756 3990; x_wconf 89' lang='lat' dir='ltr'><strong>ipsi</strong></span> <span class='ocrx_word' id='word_1_775' title='bbox 2783 3921 2962 3975; x_wconf 90' lang='lat' dir='ltr'><strong>dicunt</strong></span> <span class='ocrx_word' id='word_1_776' title='bbox 2991 3919 3154 3994; x_wconf 83' lang='lat' dir='ltr'><strong>(Ibid.</strong></span> <span class='ocrx_word' id='word_1_777' title='bbox 3179 3920 3270 3993; x_wconf 78' lang='lat'><strong>30)</strong></span> <span class='ocrx_word' id='word_1_778' title='bbox 3303 3940 3316 3976; x_wconf 90' lang='lat'><strong>:</strong></span> <span class='ocrx_word' id='word_1_779' title='bbox 3371 3921 3639 3977; x_wconf 87' lang='lat' dir='ltr'><strong>Credimus</strong></span> <span class='ocrx_word' id='word_1_780' title='bbox 3685 3919 3795 3992; x_wconf 79' lang='lat' dir='ltr'><strong>quod</strong></span> 
     </span>
    </p>
   </div>
   <div class='ocr_carea' id='block_1_89' title="bbox 2224 4015 3795 4086">
    <p class='ocr_par' dir='ltr' id='par_1_89' title="bbox 2224 4015 3795 4086">
     <span class='ocr_line' id='line_1_90' title="bbox 2224 4015 3795 4086; baseline 0 -18"><span class='ocrx_word' id='word_1_781' title='bbox 2224 4032 2255 4068; x_wconf 90' lang='lat' dir='ltr'><strong>a</strong></span> <span class='ocrx_word' id='word_1_782' title='bbox 2284 4025 2428 4084; x_wconf 87' lang='lat' dir='ltr'><strong>patre</strong></span> <span class='ocrx_word' id='word_1_783' title='bbox 2447 4015 2616 4069; x_wconf 79' lang='lat' dir='ltr'><strong>existi.</strong></span> <span class='ocrx_word' id='word_1_784' title='bbox 2651 4015 2788 4081; x_wconf 91' lang='lat' dir='ltr'><strong>Qttid</strong></span> <span class='ocrx_word' id='word_1_785' title='bbox 2823 4028 3000 4071; x_wconf 84' lang='lat' dir='ltr'><strong>autem</strong></span> <span class='ocrx_word' id='word_1_786' title='bbox 3034 4033 3194 4086; x_wconf 84' lang='lat' dir='ltr'><strong>supra</strong></span> <span class='ocrx_word' id='word_1_787' title='bbox 3226 4015 3432 4071; x_wconf 62' lang='lat' dir='ltr'><strong>dimisit</strong></span> <span class='ocrx_word' id='word_1_788' title='bbox 3458 4017 3620 4071; x_wconf 88' lang='lat' dir='ltr'><strong>Deum</strong></span> <span class='ocrx_word' id='word_1_789' title='bbox 3647 4027 3695 4071; x_wconf 86' lang='lat' dir='ltr'><strong>et</strong></span> <span class='ocrx_word' id='word_1_790' title='bbox 3722 4030 3795 4082; x_wconf 80' lang='lat' dir='ltr'><strong>p.1-</strong></span> 
     </span>
    </p>
   </div>
   <div class='ocr_carea' id='block_1_90' title="bbox 2227 4107 3797 4182">
    <p class='ocr_par' dir='ltr' id='par_1_90' title="bbox 2227 4107 3797 4182">
     <span class='ocr_line' id='line_1_91' title="bbox 2227 4107 3797 4182; baseline -0.003 -22"><span class='ocrx_word' id='word_1_791' title='bbox 2227 4109 2403 4162; x_wconf 76' lang='lat' dir='ltr'><strong>trem?</strong></span> <span class='ocrx_word' id='word_1_792' title='bbox 2431 4125 2534 4162; x_wconf 91' lang='lat' dir='ltr'><strong>non</strong></span> <span class='ocrx_word' id='word_1_793' title='bbox 2567 4107 2697 4162; x_wconf 86' lang='lat' dir='ltr'><strong>dicit</strong></span> <span class='ocrx_word' id='word_1_794' title='bbox 2716 4109 2858 4163; x_wconf 90' lang='lat' dir='ltr'><strong>enim</strong></span> <span class='ocrx_word' id='word_1_795' title='bbox 2887 4109 3067 4182; x_wconf 84' lang='lat' dir='ltr'><strong>(Joan.</strong></span> <span class='ocrx_word' id='word_1_796' title='bbox 3097 4125 3211 4167; x_wconf 73' lang='grc' dir='ltr'><strong>νηί.</strong></span> <span class='ocrx_word' id='word_1_797' title='bbox 3248 4109 3360 4180; x_wconf 78' lang='lat' dir='ltr'><strong>Hi),</strong></span> <span class='ocrx_word' id='word_1_798' title='bbox 3387 4127 3487 4163; x_wconf 89' lang='lat' dir='ltr'><strong>non</strong></span> <span class='ocrx_word' id='word_1_799' title='bbox 3514 4126 3625 4164; x_wconf 81' lang='lat' dir='ltr'><strong>sum</strong></span> <span class='ocrx_word' id='word_1_800' title='bbox 3653 4107 3797 4164; x_wconf 79' lang='lat' dir='ltr'><strong>solus:</strong></span> 
     </span>
    </p>
   </div>
   <div class='ocr_carea' id='block_1_91' title="bbox 2224 4199 3798 4276">
    <p class='ocr_par' dir='ltr' id='par_1_91' title="bbox 2224 4199 3798 4276">
     <span class='ocr_line' id='line_1_92' title="bbox 2224 4199 3798 4276; baseline -0.001 -22"><span class='ocrx_word' id='word_1_801' title='bbox 2224 4205 2465 4273; x_wconf 89' lang='lat' dir='ltr'><strong>quoniam</strong></span> <span class='ocrx_word' id='word_1_802' title='bbox 2487 4213 2630 4276; x_wconf 88' lang='lat' dir='ltr'><strong>pater</strong></span> <span class='ocrx_word' id='word_1_803' title='bbox 2653 4220 2848 4256; x_wconf 84' lang='lat' dir='ltr'><strong>mecum</strong></span> <span class='ocrx_word' id='word_1_804' title='bbox 2871 4212 2976 4270; x_wconf 83' lang='lat' dir='ltr'><strong>est;</strong></span> <span class='ocrx_word' id='word_1_805' title='bbox 3028 4215 3081 4258; x_wconf 91' lang='lat' dir='ltr'><strong>et</strong></span> <span class='ocrx_word' id='word_1_806' title='bbox 3119 4217 3223 4257; x_wconf 93' lang='lat' dir='ltr'><strong>non</strong></span> <span class='ocrx_word' id='word_1_807' title='bbox 3255 4214 3337 4258; x_wconf 89' lang='lat' dir='ltr'><strong>est</strong></span> <span class='ocrx_word' id='word_1_808' title='bbox 3367 4203 3662 4274; x_wconf 79' lang='lat' dir='ltr'><strong>intelligere</strong></span> <span class='ocrx_word' id='word_1_809' title='bbox 3685 4199 3798 4270; x_wconf 83' lang='lat' dir='ltr'><strong>quod</strong></span> 
     </span>
    </p>
   </div>
   <div class='ocr_carea' id='block_1_92' title="bbox 2230 4295 3800 4369">
    <p class='ocr_par' dir='ltr' id='par_1_92' title="bbox 2230 4295 3800 4369">
     <span class='ocr_line' id='line_1_93' title="bbox 2230 4295 3800 4369; baseline -0.003 -20"><span class='ocrx_word' id='word_1_810' title='bbox 2230 4307 2384 4369; x_wconf 87' lang='lat' dir='ltr'><strong>pater</strong></span> <span class='ocrx_word' id='word_1_811' title='bbox 2420 4311 2608 4367; x_wconf 75' lang='lat' dir='ltr'><strong>passus</strong></span> <span class='ocrx_word' id='word_1_812' title='bbox 2636 4306 2719 4352; x_wconf 88' lang='lat' dir='ltr'><strong>est</strong></span> <span class='ocrx_word' id='word_1_813' title='bbox 2752 4313 2764 4350; x_wconf 90' lang='lat'><strong>:</strong></span> <span class='ocrx_word' id='word_1_814' title='bbox 2796 4313 2970 4368; x_wconf 88' lang='lat' dir='ltr'><strong>neque</strong></span> <span class='ocrx_word' id='word_1_815' title='bbox 3000 4298 3142 4352; x_wconf 79' lang='lat' dir='ltr'><strong>enim</strong></span> <span class='ocrx_word' id='word_1_816' title='bbox 3188 4298 3324 4367; x_wconf 79' lang='lat' dir='ltr'><strong>ipse,</strong></span> <span class='ocrx_word' id='word_1_817' title='bbox 3351 4298 3447 4351; x_wconf 78' lang='lat' dir='ltr'><strong>sed</strong></span> <span class='ocrx_word' id='word_1_818' title='bbox 3481 4298 3642 4352; x_wconf 90' lang='lat' dir='ltr'><strong>homo</strong></span> <span class='ocrx_word' id='word_1_819' title='bbox 3686 4295 3800 4364; x_wconf 81' lang='lat' dir='ltr'><strong>ejus.</strong></span> 
     </span>
    </p>
   </div>
   <div class='ocr_carea' id='block_1_93' title="bbox 2225 4386 3799 4460">
    <p class='ocr_par' dir='ltr' id='par_1_93' title="bbox 2225 4386 3799 4460">
     <span class='ocr_line' id='line_1_94' title="bbox 2225 4386 3799 4460; baseline -0.001 -18"><span class='ocrx_word' id='word_1_820' title='bbox 2225 4391 2376 4459; x_wconf 87' lang='lat' dir='ltr'><strong>Quod</strong></span> <span class='ocrx_word' id='word_1_821' title='bbox 2407 4392 2456 4446; x_wconf 89' lang='lat' dir='ltr'><strong>in</strong></span> <span class='ocrx_word' id='word_1_822' title='bbox 2481 4391 2930 4447; x_wconf 88' lang='lat' dir='ltr'><strong>resurrectionem</strong></span> <span class='ocrx_word' id='word_1_823' title='bbox 2957 4389 3134 4446; x_wconf 80' lang='lat' dir='ltr'><strong>carnis</strong></span> <span class='ocrx_word' id='word_1_824' title='bbox 3156 4389 3538 4460; x_wconf 74' lang='lat' dir='ltr'><strong>venit?(.loan.</strong></span> <span class='ocrx_word' id='word_1_825' title='bbox 3557 4406 3680 4454; x_wconf 72' lang='lat' dir='ltr'><strong>nrt,</strong></span> <span class='ocrx_word' id='word_1_826' title='bbox 3697 4386 3799 4453; x_wconf 73' lang='lat' dir='ltr'><strong>L2)</strong></span> 
     </span>
    </p>
   </div>
   <div class='ocr_carea' id='block_1_94' title="bbox 2228 4481 3805 4554">
    <p class='ocr_par' dir='ltr' id='par_1_94' title="bbox 2228 4481 3805 4554">
     <span class='ocr_line' id='line_1_95' title="bbox 2228 4481 3805 4554; baseline -0.012 -3"><span class='ocrx_word' id='word_1_827' title='bbox 2228 4484 2477 4550; x_wconf 67' lang='grc' dir='ltr'><strong>δίονίίῖεα</strong></span> <span class='ocrx_word' id='word_1_828' title='bbox 2521 4485 2688 4552; x_wconf 81' lang='lat' dir='ltr'><strong>lilium</strong></span> <span class='ocrx_word' id='word_1_829' title='bbox 2723 4527 2739 4552; x_wconf 94' lang='lat'><strong>,</strong></span> <span class='ocrx_word' id='word_1_830' title='bbox 2789 4496 2844 4538; x_wconf 86' lang='lat' dir='ltr'><strong>ut</strong></span> <span class='ocrx_word' id='word_1_831' title='bbox 2893 4486 3032 4552; x_wconf 78' lang='lat' dir='ltr'><strong>ﬁlius</strong></span> <span class='ocrx_word' id='word_1_832' title='bbox 3081 4485 3335 4554; x_wconf 83' lang='lat' dir='ltr'><strong>gloriﬁcet</strong></span> <span class='ocrx_word' id='word_1_833' title='bbox 3388 4495 3438 4541; x_wconf 88' lang='lat' dir='ltr'><strong>te</strong></span> <span class='ocrx_word' id='word_1_834' title='bbox 3473 4481 3805 4540; x_wconf 84' lang='lat' dir='ltr'><strong>sicuteidedi-</strong></span> 
     </span>
    </p>
   </div>
   <div class='ocr_carea' id='block_1_95' title="bbox 519 4572 3806 4651">
    <p class='ocr_par' dir='ltr' id='par_1_95' title="bbox 519 4572 3806 4651">
     <span class='ocr_line' id='line_1_96' title="bbox 519 4572 3806 4651; baseline -0 -18"><span class='ocrx_word' id='word_1_835' title='bbox 519 4578 789 4644; x_wconf 73' lang='lat' dir='ltr'><strong>moIeSIi-r,</strong></span> <span class='ocrx_word' id='word_1_836' title='bbox 824 4591 875 4634; x_wconf 92' lang='lat' dir='ltr'><strong>et</strong></span> <span class='ocrx_word' id='word_1_837' title='bbox 899 4577 1269 4648; x_wconf 67' lang='lat' dir='ltr'><strong>impassihilis,</strong></span> <span class='ocrx_word' id='word_1_838' title='bbox 1301 4590 1354 4633; x_wconf 92' lang='lat' dir='ltr'><strong>et</strong></span> <span class='ocrx_word' id='word_1_839' title='bbox 1386 4578 1505 4634; x_wconf 75' lang='lat' dir='ltr'><strong>fons</strong></span> <span class='ocrx_word' id='word_1_840' title='bbox 1533 4579 1772 4633; x_wconf 86' lang='lat' dir='ltr'><strong>omnium</strong></span> <span class='ocrx_word' id='word_1_841' title='bbox 1816 4595 1934 4648; x_wconf 72' lang='lat' dir='ltr'><strong>ane</strong></span> <span class='ocrx_word' id='word_1_842' title='bbox 1974 4590 2120 4647; x_wconf 89' lang='lat' dir='ltr'><strong>sunt,</strong></span> <span class='ocrx_word' id='word_1_843' title='bbox 2151 4588 2205 4648; x_wconf 81' lang='lat'><strong>1)</strong></span> <span class='ocrx_word' id='word_1_844' title='bbox 2229 4580 2294 4633; x_wconf 85' lang='lat' dir='ltr'><strong>sti</strong></span> <span class='ocrx_word' id='word_1_845' title='bbox 2324 4588 2618 4650; x_wconf 86' lang='lat' dir='ltr'><strong>potestatem</strong></span> <span class='ocrx_word' id='word_1_846' title='bbox 2640 4583 2888 4634; x_wconf 70' lang='lat' dir='ltr'><strong>universa:</strong></span> <span class='ocrx_word' id='word_1_847' title='bbox 2912 4581 3106 4644; x_wconf 90' lang='lat' dir='ltr'><strong>carnis,</strong></span> <span class='ocrx_word' id='word_1_848' title='bbox 3163 4589 3219 4634; x_wconf 88' lang='lat' dir='ltr'><strong>ut</strong></span> <span class='ocrx_word' id='word_1_849' title='bbox 3265 4595 3414 4634; x_wconf 86' lang='lat' dir='ltr'><strong>omne</strong></span> <span class='ocrx_word' id='word_1_850' title='bbox 3461 4579 3600 4651; x_wconf 79' lang='lat' dir='ltr'><strong>quod</strong></span> <span class='ocrx_word' id='word_1_851' title='bbox 3652 4572 3806 4630; x_wconf 70' lang='lat' dir='ltr'><strong>dedisti</strong></span> 
     </span>
    </p>
   </div>
   <div class='ocr_carea' id='block_1_96' title="bbox 525 4669 2125 4742">
    <p class='ocr_par' dir='ltr' id='par_1_96' title="bbox 525 4669 2125 4742">
     <span class='ocr_line' id='line_1_97' title="bbox 525 4669 2125 4742; baseline 0.001 -17"><span class='ocrx_word' id='word_1_852' title='bbox 525 4669 894 4740; x_wconf 62' lang='lat' dir='ltr'><strong>requiescens,</strong></span> <span class='ocrx_word' id='word_1_853' title='bbox 926 4686 957 4724; x_wconf 90' lang='lat' dir='ltr'><strong>a</strong></span> <span class='ocrx_word' id='word_1_854' title='bbox 981 4686 1040 4726; x_wconf 92' lang='lat' dir='ltr'><strong>se</strong></span> <span class='ocrx_word' id='word_1_855' title='bbox 1072 4670 1336 4740; x_wconf 82' lang='lat' dir='ltr'><strong>perfecta;</strong></span> <span class='ocrx_word' id='word_1_856' title='bbox 1391 4683 1444 4726; x_wconf 90' lang='lat' dir='ltr'><strong>et</strong></span> <span class='ocrx_word' id='word_1_857' title='bbox 1485 4671 1684 4726; x_wconf 86' lang='lat' dir='ltr'><strong>nnllins</strong></span> <span class='ocrx_word' id='word_1_858' title='bbox 1713 4687 1878 4742; x_wconf 82' lang='lat' dir='ltr'><strong>egens</strong></span> <span class='ocrx_word' id='word_1_859' title='bbox 1910 4688 1926 4726; x_wconf 86' lang='lat'><strong>:</strong></span> <span class='ocrx_word' id='word_1_860' title='bbox 1985 4672 2125 4727; x_wconf 82' lang='lat' dir='ltr'><strong>ﬁlius</strong></span> 
     </span>
    </p>
   </div>
   <div class='ocr_carea' id='block_1_97' title="bbox 523 4766 2126 4838">
    <p class='ocr_par' dir='ltr' id='par_1_97' title="bbox 523 4766 2126 4838">
     <span class='ocr_line' id='line_1_98' title="bbox 523 4766 2126 4838; baseline 0.001 -18"><span class='ocrx_word' id='word_1_861' title='bbox 523 4777 703 4820; x_wconf 88' lang='lat' dir='ltr'><strong>autem</strong></span> <span class='ocrx_word' id='word_1_862' title='bbox 733 4775 790 4820; x_wconf 89' lang='lat' dir='ltr'><strong>ttt</strong></span> <span class='ocrx_word' id='word_1_863' title='bbox 815 4777 980 4831; x_wconf 51' lang='lat' dir='ltr'><strong>esset,</strong></span> <span class='ocrx_word' id='word_1_864' title='bbox 1013 4767 1238 4836; x_wconf 87' lang='lat' dir='ltr'><strong>accepit,</strong></span> <span class='ocrx_word' id='word_1_865' title='bbox 1300 4779 1350 4822; x_wconf 89' lang='lat' dir='ltr'><strong>et</strong></span> <span class='ocrx_word' id='word_1_866' title='bbox 1373 4767 1424 4822; x_wconf 90' lang='lat' dir='ltr'><strong>in</strong></span> <span class='ocrx_word' id='word_1_867' title='bbox 1458 4766 1510 4821; x_wconf 74' lang='grc' dir='ltr'><strong>ἰιι</strong></span> <span class='ocrx_word' id='word_1_868' title='bbox 1543 4767 1685 4838; x_wconf 87' lang='lat' dir='ltr'><strong>quod</strong></span> <span class='ocrx_word' id='word_1_869' title='bbox 1717 4777 1797 4820; x_wconf 86' lang='lat' dir='ltr'><strong>est</strong></span> <span class='ocrx_word' id='word_1_870' title='bbox 1827 4782 2007 4837; x_wconf 87' lang='lat' dir='ltr'><strong>agerc,</strong></span> <span class='ocrx_word' id='word_1_871' title='bbox 2059 4767 2126 4822; x_wconf 85' lang='lat' dir='ltr'><strong>ab</strong></span> 
     </span>
    </p>
   </div>
   <div class='ocr_carea' id='block_1_98' title="bbox 525 4856 2124 4929">
    <p class='ocr_par' dir='ltr' id='par_1_98' title="bbox 525 4856 2124 4929">
     <span class='ocr_line' id='line_1_99' title="bbox 525 4856 2124 4929; baseline 0.003 -18"><span class='ocrx_word' id='word_1_872' title='bbox 525 4856 740 4913; x_wconf 88' lang='lat' dir='ltr'><strong>aetioue</strong></span> <span class='ocrx_word' id='word_1_873' title='bbox 769 4857 1096 4927; x_wconf 72' lang='lat' dir='ltr'><strong>procedens,</strong></span> <span class='ocrx_word' id='word_1_874' title='bbox 1154 4859 1206 4913; x_wconf 90' lang='lat' dir='ltr'><strong>iu</strong></span> <span class='ocrx_word' id='word_1_875' title='bbox 1265 4860 1442 4929; x_wconf 84' lang='lat' dir='ltr'><strong>perlec</strong></span> <span class='ocrx_word' id='word_1_876' title='bbox 1471 4859 1646 4914; x_wconf 90' lang='lat' dir='ltr'><strong>iouem</strong></span> <span class='ocrx_word' id='word_1_877' title='bbox 1685 4859 1930 4922; x_wconf 77' lang='lat' dir='ltr'><strong>veniens.</strong></span> <span class='ocrx_word' id='word_1_878' title='bbox 1977 4871 2124 4915; x_wconf 87' lang='lat' dir='ltr'><strong>motu</strong></span> 
     </span>
    </p>
   </div>
   <div class='ocr_carea' id='block_1_99' title="bbox 523 4949 2123 5022">
    <p class='ocr_par' dir='ltr' id='par_1_99' title="bbox 523 4949 2123 5022">
     <span class='ocr_line' id='line_1_100' title="bbox 523 4949 2123 5022; baseline 0 -16"><span class='ocrx_word' id='word_1_879' title='bbox 523 4949 760 5006; x_wconf 77' lang='lat' dir='ltr'><strong>efﬁcitur</strong></span> <span class='ocrx_word' id='word_1_880' title='bbox 791 4949 1089 5016; x_wconf 88' lang='lat' dir='ltr'><strong>plenitudo.</strong></span> <span class='ocrx_word' id='word_1_881' title='bbox 1117 4951 1221 5006; x_wconf 87' lang='lat' dir='ltr'><strong>Sed</strong></span> <span class='ocrx_word' id='word_1_882' title='bbox 1251 4953 1501 5022; x_wconf 87' lang='lat' dir='ltr'><strong>qtronirm</strong></span> <span class='ocrx_word' id='word_1_883' title='bbox 1531 4952 1582 5007; x_wconf 88' lang='lat' dir='ltr'><strong>i.r</strong></span> <span class='ocrx_word' id='word_1_884' title='bbox 1607 4953 1747 5019; x_wconf 74' lang='lat' dir='ltr'><strong>ipso,</strong></span> <span class='ocrx_word' id='word_1_885' title='bbox 1776 4952 1900 5008; x_wconf 78' lang='lat' dir='ltr'><strong>etin</strong></span> <span class='ocrx_word' id='word_1_886' title='bbox 1926 4953 2123 5022; x_wconf 89' lang='lat' dir='ltr'><strong>ipsum,</strong></span> 
     </span>
    </p>
   </div>
   <div class='ocr_carea' id='block_1_100' title="bbox 524 5041 2122 5116">
    <p class='ocr_par' dir='ltr' id='par_1_100' title="bbox 524 5041 2122 5116">
     <span class='ocr_line' id='line_1_101' title="bbox 524 5041 2122 5116; baseline 0.003 -20"><span class='ocrx_word' id='word_1_887' title='bbox 524 5049 579 5096; x_wconf 90' lang='lat' dir='ltr'><strong>et</strong></span> <span class='ocrx_word' id='word_1_888' title='bbox 631 5057 724 5108; x_wconf 85' lang='lat' dir='ltr'><strong>per</strong></span> <span class='ocrx_word' id='word_1_889' title='bbox 779 5041 956 5108; x_wconf 84' lang='lat' dir='ltr'><strong>ipSnm</strong></span> <span class='ocrx_word' id='word_1_890' title='bbox 1003 5042 1291 5112; x_wconf 84' lang='lat' dir='ltr'><strong>gignuntur</strong></span> <span class='ocrx_word' id='word_1_891' title='bbox 1313 5045 1525 5111; x_wconf 89' lang='lat' dir='ltr'><strong>omuir;</strong></span> <span class='ocrx_word' id='word_1_892' title='bbox 1583 5061 1798 5115; x_wconf 90' lang='lat' dir='ltr'><strong>semper</strong></span> <span class='ocrx_word' id='word_1_893' title='bbox 1827 5046 2122 5116; x_wconf 58' lang='lat' dir='ltr'><strong>plenitudo,</strong></span> 
     </span>
    </p>
   </div>
   <div class='ocr_carea' id='block_1_101' title="bbox 525 5136 2126 5209">
    <p class='ocr_par' dir='ltr' id='par_1_101' title="bbox 525 5136 2126 5209">
     <span class='ocr_line' id='line_1_102' title="bbox 525 5136 2126 5209; baseline 0.002 -19"><span class='ocrx_word' id='word_1_894' title='bbox 525 5144 581 5190; x_wconf 89' lang='lat' dir='ltr'><strong>et</strong></span> <span class='ocrx_word' id='word_1_895' title='bbox 608 5151 824 5205; x_wconf 78' lang='lat' dir='ltr'><strong>semper</strong></span> <span class='ocrx_word' id='word_1_896' title='bbox 855 5136 1254 5202; x_wconf 82' lang='lat' dir='ltr'><strong>receptaculum</strong></span> <span class='ocrx_word' id='word_1_897' title='bbox 1283 5147 1382 5202; x_wconf 75' lang='lat' dir='ltr'><strong>est,</strong></span> <span class='ocrx_word' id='word_1_898' title='bbox 1431 5152 1537 5206; x_wconf 83' lang='lat' dir='ltr'><strong>qua</strong></span> <span class='ocrx_word' id='word_1_899' title='bbox 1565 5138 1772 5194; x_wconf 85' lang='lat' dir='ltr'><strong>ratione</strong></span> <span class='ocrx_word' id='word_1_900' title='bbox 1799 5153 1848 5193; x_wconf 91' lang='lat' dir='ltr'><strong>et</strong></span> <span class='ocrx_word' id='word_1_901' title='bbox 1877 5139 2126 5209; x_wconf 70' lang='lat' dir='ltr'><strong>impa~si-</strong></span> 
     </span>
    </p>
   </div>
   <div class='ocr_carea' id='block_1_102' title="bbox 525 5227 2126 5300">
    <p class='ocr_par' dir='ltr' id='par_1_102' title="bbox 525 5227 2126 5300">
     <span class='ocr_line' id='line_1_103' title="bbox 525 5227 2126 5300; baseline 0.002 -17"><span class='ocrx_word' id='word_1_902' title='bbox 525 5227 650 5284; x_wconf 81' lang='lat' dir='ltr'><strong>bilis</strong></span> <span class='ocrx_word' id='word_1_903' title='bbox 677 5239 727 5282; x_wconf 85' lang='lat' dir='ltr'><strong>et</strong></span> <span class='ocrx_word' id='word_1_904' title='bbox 762 5227 1051 5297; x_wconf 45' lang='lat' dir='ltr'><strong>pas~ilriiis.</strong></span> <span class='ocrx_word' id='word_1_905' title='bbox 1089 5229 1471 5300; x_wconf 62' lang='lat' dir='ltr'><strong>I‘Irgoazqnalis</strong></span> <span class='ocrx_word' id='word_1_906' title='bbox 1511 5241 1562 5285; x_wconf 83' lang='lat' dir='ltr'><strong>et</strong></span> <span class='ocrx_word' id='word_1_907' title='bbox 1587 5231 1902 5300; x_wconf 76' lang='lat' dir='ltr'><strong>itttequalisz</strong></span> <span class='ocrx_word' id='word_1_908' title='bbox 1957 5233 2126 5300; x_wconf 85' lang='lat' dir='ltr'><strong>Major</strong></span> 
     </span>
    </p>
   </div>
   <div class='ocr_carea' id='block_1_103' title="bbox 528 5321 2124 5392">
    <p class='ocr_par' dir='ltr' id='par_1_103' title="bbox 528 5321 2124 5392">
     <span class='ocr_line' id='line_1_104' title="bbox 528 5321 2124 5392; baseline 0.004 -16"><span class='ocrx_word' id='word_1_909' title='bbox 528 5321 692 5392; x_wconf 89' lang='lat' dir='ltr'><strong>igitur</strong></span> <span class='ocrx_word' id='word_1_910' title='bbox 733 5333 900 5392; x_wconf 89' lang='lat' dir='ltr'><strong>pater.</strong></span> <span class='ocrx_word' id='word_1_911' title='bbox 961 5321 1113 5391; x_wconf 89' lang='lat' dir='ltr'><strong>Qtqu</strong></span> <span class='ocrx_word' id='word_1_912' title='bbox 1141 5323 1492 5392; x_wconf 74' lang='lat' dir='ltr'><strong>paracletusa</strong></span> <span class='ocrx_word' id='word_1_913' title='bbox 1536 5325 1668 5390; x_wconf 91' lang='lat' dir='ltr'><strong>Deo,</strong></span> <span class='ocrx_word' id='word_1_914' title='bbox 1721 5337 1775 5382; x_wconf 93' lang='lat' dir='ltr'><strong>et</strong></span> <span class='ocrx_word' id='word_1_915' title='bbox 1826 5343 1854 5380; x_wconf 87' lang='lat' dir='ltr'><strong>a</strong></span> <span class='ocrx_word' id='word_1_916' title='bbox 1905 5325 2124 5384; x_wconf 89' lang='lat' dir='ltr'><strong>Christo</strong></span> 
     </span>
    </p>
   </div>
   <div class='ocr_carea' id='block_1_104' title="bbox 529 5413 2124 5496">
    <p class='ocr_par' dir='ltr' id='par_1_104' title="bbox 529 5413 2124 5496">
     <span class='ocr_line' id='line_1_105' title="bbox 529 5413 2124 5496; baseline 0.006 -27"><span class='ocrx_word' id='word_1_917' title='bbox 529 5413 708 5490; x_wconf 78' lang='lat' dir='ltr'><strong>(Joan.</strong></span> <span class='ocrx_word' id='word_1_918' title='bbox 743 5432 836 5483; x_wconf 83' lang='lat' dir='ltr'><strong>xv,</strong></span> <span class='ocrx_word' id='word_1_919' title='bbox 867 5416 964 5488; x_wconf 75' lang='lat'><strong>26)</strong></span> <span class='ocrx_word' id='word_1_920' title='bbox 998 5437 1011 5472; x_wconf 89' lang='lat'><strong>:</strong></span> <span class='ocrx_word' id='word_1_921' title='bbox 1075 5418 1204 5473; x_wconf 83' lang='lat' dir='ltr'><strong>Cum</strong></span> <span class='ocrx_word' id='word_1_922' title='bbox 1233 5419 1421 5474; x_wconf 85' lang='lat' dir='ltr'><strong>venerit</strong></span> <span class='ocrx_word' id='word_1_923' title='bbox 1473 5420 1784 5492; x_wconf 86' lang='lat' dir='ltr'><strong>paracletus,</strong></span> <span class='ocrx_word' id='word_1_924' title='bbox 1839 5437 1985 5494; x_wconf 88' lang='lat' dir='ltr'><strong>quem</strong></span> <span class='ocrx_word' id='word_1_925' title='bbox 2032 5440 2124 5496; x_wconf 91' lang='lat' dir='ltr'><strong>ego</strong></span> 
     </span>
    </p>
   </div>
   <div class='ocr_carea' id='block_1_105' title="bbox 2228 4669 3806 4743">
    <p class='ocr_par' dir='ltr' id='par_1_105' title="bbox 2228 4669 3806 4743">
     <span class='ocr_line' id='line_1_106' title="bbox 2228 4669 3806 4743; baseline -0.003 -16"><span class='ocrx_word' id='word_1_926' title='bbox 2228 4673 2349 4742; x_wconf 84' lang='lat' dir='ltr'><strong>ipsi,</strong></span> <span class='ocrx_word' id='word_1_927' title='bbox 2384 4673 2468 4727; x_wconf 89' lang='lat' dir='ltr'><strong>det</strong></span> <span class='ocrx_word' id='word_1_928' title='bbox 2493 4674 2590 4742; x_wconf 86' lang='lat' dir='ltr'><strong>ipsi</strong></span> <span class='ocrx_word' id='word_1_929' title='bbox 2616 4673 2767 4727; x_wconf 89' lang='lat' dir='ltr'><strong>vitam</strong></span> <span class='ocrx_word' id='word_1_930' title='bbox 2793 4683 3054 4728; x_wconf 78' lang='lat' dir='ltr'><strong>teternam.</strong></span> <span class='ocrx_word' id='word_1_931' title='bbox 3114 4673 3257 4743; x_wconf 86' lang='lat' dir='ltr'><strong>Ergo</strong></span> <span class='ocrx_word' id='word_1_932' title='bbox 3315 4690 3422 4729; x_wconf 89' lang='lat' dir='ltr'><strong>non</strong></span> <span class='ocrx_word' id='word_1_933' title='bbox 3472 4675 3643 4728; x_wconf 87' lang='lat' dir='ltr'><strong>solum</strong></span> <span class='ocrx_word' id='word_1_934' title='bbox 3672 4669 3806 4725; x_wconf 84' lang='lat' dir='ltr'><strong>homo</strong></span> 
     </span>
    </p>
   </div>
   <div class='ocr_carea' id='block_1_106' title="bbox 2231 4765 3804 4836">
    <p class='ocr_par' dir='ltr' id='par_1_106' title="bbox 2231 4765 3804 4836">
     <span class='ocr_line' id='line_1_107' title="bbox 2231 4765 3804 4836; baseline -0.004 -12"><span class='ocrx_word' id='word_1_935' title='bbox 2231 4767 2497 4833; x_wconf 69' lang='lat' dir='ltr'><strong>Christus,</strong></span> <span class='ocrx_word' id='word_1_936' title='bbox 2527 4767 2621 4823; x_wconf 92' lang='lat' dir='ltr'><strong>sed</strong></span> <span class='ocrx_word' id='word_1_937' title='bbox 2658 4768 2872 4824; x_wconf 87' lang='lat' dir='ltr'><strong>Dcusin</strong></span> <span class='ocrx_word' id='word_1_938' title='bbox 2906 4768 3147 4824; x_wconf 90' lang='lat' dir='ltr'><strong>homine.</strong></span> <span class='ocrx_word' id='word_1_939' title='bbox 3194 4767 3348 4836; x_wconf 89' lang='lat' dir='ltr'><strong>Quod</strong></span> <span class='ocrx_word' id='word_1_940' title='bbox 3404 4769 3510 4824; x_wconf 89' lang='lat' dir='ltr'><strong>hoc</strong></span> <span class='ocrx_word' id='word_1_941' title='bbox 3563 4768 3628 4822; x_wconf 91' lang='lat' dir='ltr'><strong>sit</strong></span> <span class='ocrx_word' id='word_1_942' title='bbox 3669 4765 3804 4818; x_wconf 78' lang='lat' dir='ltr'><strong>vitam</strong></span> 
     </span>
    </p>
   </div>
   <div class='ocr_carea' id='block_1_107' title="bbox 2230 4856 3806 4928">
    <p class='ocr_par' dir='ltr' id='par_1_107' title="bbox 2230 4856 3806 4928">
     <span class='ocr_line' id='line_1_108' title="bbox 2230 4856 3806 4928; baseline -0.005 -11"><span class='ocrx_word' id='word_1_943' title='bbox 2230 4861 2469 4928; x_wconf 86' lang='lat' dir='ltr'><strong>habere,</strong></span> <span class='ocrx_word' id='word_1_944' title='bbox 2541 4861 2763 4917; x_wconf 85' lang='lat' dir='ltr'><strong>credere</strong></span> <span class='ocrx_word' id='word_1_945' title='bbox 2815 4862 2866 4916; x_wconf 88' lang='lat' dir='ltr'><strong>in</strong></span> <span class='ocrx_word' id='word_1_946' title='bbox 2916 4860 3202 4916; x_wconf 90' lang='lat' dir='ltr'><strong>Donrirrunt</strong></span> <span class='ocrx_word' id='word_1_947' title='bbox 3277 4870 3333 4916; x_wconf 83' lang='lat' dir='ltr'><strong>et</strong></span> <span class='ocrx_word' id='word_1_948' title='bbox 3390 4861 3441 4916; x_wconf 91' lang='lat' dir='ltr'><strong>itt</strong></span> <span class='ocrx_word' id='word_1_949' title='bbox 3497 4860 3664 4916; x_wconf 84' lang='lat' dir='ltr'><strong>ﬁlium</strong></span> <span class='ocrx_word' id='word_1_950' title='bbox 3711 4856 3806 4925; x_wconf 84' lang='lat' dir='ltr'><strong>ejus</strong></span> 
     </span>
    </p>
   </div>
   <div class='ocr_carea' id='block_1_108' title="bbox 2231 4952 3805 5025">
    <p class='ocr_par' dir='ltr' id='par_1_108' title="bbox 2231 4952 3805 5025">
     <span class='ocr_line' id='line_1_109' title="bbox 2231 4952 3805 5025; baseline -0.006 -16"><span class='ocrx_word' id='word_1_951' title='bbox 2231 4955 2392 5025; x_wconf 89' lang='lat' dir='ltr'><strong>(Ibid.</strong></span> <span class='ocrx_word' id='word_1_952' title='bbox 2410 4957 2465 5016; x_wconf 75' lang='grc' dir='ltr'><strong>ὅ)</strong></span> <span class='ocrx_word' id='word_1_953' title='bbox 2489 4975 2501 5010; x_wconf 93' lang='lat'>:</span> <span class='ocrx_word' id='word_1_954' title='bbox 2527 4952 2618 5008; x_wconf 84' lang='lat' dir='ltr'><strong>Est</strong></span> <span class='ocrx_word' id='word_1_955' title='bbox 2643 4965 2813 5008; x_wconf 90' lang='lat' dir='ltr'><strong>autem</strong></span> <span class='ocrx_word' id='word_1_956' title='bbox 2833 4967 3024 5009; x_wconf 63' lang='lat' dir='ltr'><strong>acterna</strong></span> <span class='ocrx_word' id='word_1_957' title='bbox 3043 4955 3170 5021; x_wconf 88' lang='lat' dir='ltr'><strong>vita,</strong></span> <span class='ocrx_word' id='word_1_958' title='bbox 3199 4964 3255 5008; x_wconf 89' lang='lat' dir='ltr'><strong>ut</strong></span> <span class='ocrx_word' id='word_1_959' title='bbox 3285 4963 3596 5024; x_wconf 88' lang='lat' dir='ltr'><strong>cognoscant</strong></span> <span class='ocrx_word' id='word_1_960' title='bbox 3615 4963 3659 5006; x_wconf 84' lang='lat' dir='ltr'><strong>te</strong></span> <span class='ocrx_word' id='word_1_961' title='bbox 3677 4961 3805 5004; x_wconf 77' lang='lat' dir='ltr'><strong>unum</strong></span> 
     </span>
    </p>
   </div>
   <div class='ocr_carea' id='block_1_109' title="bbox 2231 5044 3804 5118">
    <p class='ocr_par' dir='ltr' id='par_1_109' title="bbox 2231 5044 3804 5118">
     <span class='ocr_line' id='line_1_110' title="bbox 2231 5044 3804 5118; baseline -0.006 -15"><span class='ocrx_word' id='word_1_962' title='bbox 2231 5059 2279 5103; x_wconf 90' lang='lat' dir='ltr'><strong>et</strong></span> <span class='ocrx_word' id='word_1_963' title='bbox 2308 5065 2481 5102; x_wconf 86' lang='lat' dir='ltr'><strong>verum</strong></span> <span class='ocrx_word' id='word_1_964' title='bbox 2512 5046 2696 5113; x_wconf 88' lang='lat' dir='ltr'><strong>Deum,</strong></span> <span class='ocrx_word' id='word_1_965' title='bbox 2755 5057 2801 5102; x_wconf 91' lang='lat' dir='ltr'><strong>et</strong></span> <span class='ocrx_word' id='word_1_966' title='bbox 2855 5063 3004 5116; x_wconf 87' lang='lat' dir='ltr'><strong>quem</strong></span> <span class='ocrx_word' id='word_1_967' title='bbox 3030 5047 3319 5118; x_wconf 76' lang='lat' dir='ltr'><strong>prtemisisti</strong></span> <span class='ocrx_word' id='word_1_968' title='bbox 3341 5044 3524 5100; x_wconf 74' lang='lat' dir='ltr'><strong>Iesum</strong></span> <span class='ocrx_word' id='word_1_969' title='bbox 3554 5044 3804 5100; x_wconf 69' lang='lat' dir='ltr'><strong>Christum.</strong></span> 
     </span>
    </p>
   </div>
   <div class='ocr_carea' id='block_1_110' title="bbox 2231 5135 3808 5211">
    <p class='ocr_par' dir='ltr' id='par_1_110' title="bbox 2231 5135 3808 5211">
     <span class='ocr_line' id='line_1_111' title="bbox 2231 5135 3808 5211; baseline -0.003 -17"><span class='ocrx_word' id='word_1_970' title='bbox 2231 5141 2382 5210; x_wconf 90' lang='lat' dir='ltr'><strong>Quod</strong></span> <span class='ocrx_word' id='word_1_971' title='bbox 2411 5141 2507 5195; x_wconf 85' lang='lat' dir='ltr'><strong>l&#39;nit</strong></span> <span class='ocrx_word' id='word_1_972' title='bbox 2537 5149 2662 5195; x_wconf 88' lang='lat' dir='ltr'><strong>ante</strong></span> <span class='ocrx_word' id='word_1_973' title='bbox 2691 5139 2949 5194; x_wconf 89' lang='lat' dir='ltr'><strong>mundum</strong></span> <span class='ocrx_word' id='word_1_974' title='bbox 2977 5138 3142 5211; x_wconf 87' lang='lat' dir='ltr'><strong>(Ibid.</strong></span> <span class='ocrx_word' id='word_1_975' title='bbox 3173 5139 3226 5210; x_wconf 79' lang='lat'><strong>5)</strong></span> <span class='ocrx_word' id='word_1_976' title='bbox 3250 5158 3261 5192; x_wconf 94' lang='lat'><strong>:</strong></span> <span class='ocrx_word' id='word_1_977' title='bbox 3318 5137 3387 5192; x_wconf 80' lang='lat' dir='ltr'><strong>Et</strong></span> <span class='ocrx_word' id='word_1_978' title='bbox 3442 5155 3579 5194; x_wconf 85' lang='lat' dir='ltr'><strong>nunc</strong></span> <span class='ocrx_word' id='word_1_979' title='bbox 3607 5135 3808 5210; x_wconf 75' lang='lat' dir='ltr'><strong>gloriﬁttl</strong></span> 
     </span>
    </p>
   </div>
   <div class='ocr_carea' id='block_1_111' title="bbox 2231 5235 3811 5309">
    <p class='ocr_par' dir='ltr' id='par_1_111' title="bbox 2231 5235 3811 5309">
     <span class='ocr_line' id='line_1_112' title="bbox 2231 5235 3811 5309; baseline -0.004 -19"><span class='ocrx_word' id='word_1_980' title='bbox 2231 5253 2329 5302; x_wconf 85' lang='lat' dir='ltr'><strong>me,</strong></span> <span class='ocrx_word' id='word_1_981' title='bbox 2361 5247 2524 5304; x_wconf 87' lang='lat' dir='ltr'><strong>pater,</strong></span> <span class='ocrx_word' id='word_1_982' title='bbox 2560 5237 2702 5307; x_wconf 85' lang='lat' dir='ltr'><strong>apud</strong></span> <span class='ocrx_word' id='word_1_983' title='bbox 2731 5247 2778 5291; x_wconf 89' lang='lat' dir='ltr'><strong>te</strong></span> <span class='ocrx_word' id='word_1_984' title='bbox 2802 5236 2969 5309; x_wconf 87' lang='lat' dir='ltr'><strong>ipsum</strong></span> <span class='ocrx_word' id='word_1_985' title='bbox 3000 5237 3186 5306; x_wconf 85' lang='lat' dir='ltr'><strong>gloria,</strong></span> <span class='ocrx_word' id='word_1_986' title='bbox 3209 5252 3360 5306; x_wconf 87' lang='lat' dir='ltr'><strong>quam</strong></span> <span class='ocrx_word' id='word_1_987' title='bbox 3388 5235 3545 5290; x_wconf 81' lang='lat' dir='ltr'><strong>habui</strong></span> <span class='ocrx_word' id='word_1_988' title='bbox 3569 5243 3811 5304; x_wconf 72' lang='lat' dir='ltr'><strong>antequam</strong></span> 
     </span>
    </p>
   </div>
   <div class='ocr_carea' id='block_1_112' title="bbox 2232 5329 3805 5398">
    <p class='ocr_par' dir='ltr' id='par_1_112' title="bbox 2232 5329 3805 5398">
     <span class='ocr_line' id='line_1_113' title="bbox 2232 5329 3805 5398; baseline -0.003 -17"><span class='ocrx_word' id='word_1_989' title='bbox 2232 5329 2452 5382; x_wconf 87' lang='lat' dir='ltr'><strong>mundus</strong></span> <span class='ocrx_word' id='word_1_990' title='bbox 2479 5339 2628 5382; x_wconf 69' lang='lat' dir='ltr'><strong>esset.</strong></span> <span class='ocrx_word' id='word_1_991' title='bbox 2674 5329 2826 5398; x_wconf 89' lang='lat' dir='ltr'><strong>Quod</strong></span> <span class='ocrx_word' id='word_1_992' title='bbox 2858 5329 3107 5384; x_wconf 87' lang='lat' dir='ltr'><strong>homines</strong></span> <span class='ocrx_word' id='word_1_993' title='bbox 3134 5343 3163 5382; x_wconf 92' lang='lat' dir='ltr'><strong>a</strong></span> <span class='ocrx_word' id='word_1_994' title='bbox 3199 5329 3329 5394; x_wconf 89' lang='lat' dir='ltr'><strong>Deo,</strong></span> <span class='ocrx_word' id='word_1_995' title='bbox 3386 5343 3490 5384; x_wconf 89' lang='lat' dir='ltr'><strong>non</strong></span> <span class='ocrx_word' id='word_1_996' title='bbox 3543 5338 3710 5382; x_wconf 79' lang='lat' dir='ltr'><strong>taurea</strong></span> <span class='ocrx_word' id='word_1_997' title='bbox 3751 5338 3805 5379; x_wconf 81' lang='lat' dir='ltr'><strong>ex</strong></span> 
     </span>
    </p>
   </div>
   <div class='ocr_carea' id='block_1_113' title="bbox 2234 5418 3811 5496">
    <p class='ocr_par' dir='ltr' id='par_1_113' title="bbox 2234 5418 3811 5496">
     <span class='ocr_line' id='line_1_114' title="bbox 2234 5418 3811 5496; baseline -0.004 -18"><span class='ocrx_word' id='word_1_998' title='bbox 2234 5422 2346 5478; x_wconf 88' lang='lat' dir='ltr'><strong>Deo</strong></span> <span class='ocrx_word' id='word_1_999' title='bbox 2360 5421 2539 5495; x_wconf 81' lang='lat' dir='ltr'><strong>(Joan.</strong></span> <span class='ocrx_word' id='word_1_1000' title='bbox 2560 5439 2689 5489; x_wconf 71' lang='grc' dir='ltr'><strong>ινα,</strong></span> <span class='ocrx_word' id='word_1_1001' title='bbox 2712 5423 2766 5488; x_wconf 85' lang='lat'><strong>6,</strong></span> <span class='ocrx_word' id='word_1_1002' title='bbox 2787 5423 2874 5496; x_wconf 89' lang='lat'><strong>7):</strong></span> <span class='ocrx_word' id='word_1_1003' title='bbox 2899 5421 3231 5495; x_wconf 78' lang='lat' dir='ltr'><strong>Manifestavi</strong></span> <span class='ocrx_word' id='word_1_1004' title='bbox 3252 5425 3325 5479; x_wconf 88' lang='lat' dir='ltr'><strong>tui</strong></span> <span class='ocrx_word' id='word_1_1005' title='bbox 3348 5441 3530 5480; x_wconf 86' lang='lat' dir='ltr'><strong>nomen</strong></span> <span class='ocrx_word' id='word_1_1006' title='bbox 3554 5418 3811 5477; x_wconf 71' lang='lat' dir='ltr'><strong>hominibus</strong></span> 
     </span>
    </p>
   </div>
   <div class='ocr_carea' id='block_1_114' title="bbox 1857 5533 2485 5594">
    <p class='ocr_par' dir='ltr' id='par_1_114' title="bbox 1857 5533 2485 5594">
     <span class='ocr_line' id='line_1_115' title="bbox 1857 5533 2485 5594; baseline 0.006 -7"><span class='ocrx_word' id='word_1_1007' title='bbox 1857 5533 2218 5594; x_wconf 75' lang='lat' dir='ltr'><strong>VARIORUM</strong></span> <span class='ocrx_word' id='word_1_1008' title='bbox 2257 5535 2485 5594; x_wconf 63' lang='lat' dir='ltr'><strong>NOTIE.</strong></span> 
     </span>
    </p>
   </div>
   <div class='ocr_carea' id='block_1_115' title="bbox 531 5647 2128 5774">
    <p class='ocr_par' dir='ltr' id='par_1_115' title="bbox 531 5647 2128 5774">
     <span class='ocr_line' id='line_1_116' title="bbox 531 5647 2128 5774; baseline 0.003 -72"><span class='ocrx_word' id='word_1_1009' title='bbox 531 5647 746 5774; x_wconf 76' lang='lat' dir='ltr'><strong>DMisit</strong></span> <span class='ocrx_word' id='word_1_1010' title='bbox 784 5649 1014 5706; x_wconf 87' lang='lat' dir='ltr'><strong>Christus</strong></span> <span class='ocrx_word' id='word_1_1011' title='bbox 1056 5649 1214 5706; x_wconf 83' lang='lat' dir='ltr'><strong>Deus.</strong></span> <span class='ocrx_word' id='word_1_1012' title='bbox 1271 5651 1412 5707; x_wconf 88' lang='lat' dir='ltr'><strong>Edit.</strong></span> <span class='ocrx_word' id='word_1_1013' title='bbox 1473 5651 1636 5707; x_wconf 76' lang='lat' dir='ltr'><strong>Basil.</strong></span> <span class='ocrx_word' id='word_1_1014' title='bbox 1696 5650 1833 5705; x_wconf 87' lang='lat' dir='ltr'><strong>misit</strong></span> <span class='ocrx_word' id='word_1_1015' title='bbox 1865 5647 2128 5707; x_wconf 87' lang='lat' dir='ltr'><strong>Christum</strong></span> 
     </span>
     <span class='ocr_line' id='line_1_117' title="bbox 587 5737 687 5774; baseline -0.05 0"><span class='ocrx_word' id='word_1_1016' title='bbox 587 5737 687 5774; x_wconf 80' lang='lat' dir='ltr'><strong>eus.</strong></span> 
     </span>
    </p>
   </div>
   <div class='ocr_carea' id='block_1_116' title="bbox 587 5737 687 5774">
    <p class='ocr_par' dir='ltr' id='par_1_116' title="bbox 587 5737 687 5774">
     <span class='ocr_line' id='line_1_118' title="bbox 587 5737 687 5774; baseline -0.05 0"><span class='ocrx_word' id='word_1_1017' title='bbox 587 5737 687 5774; x_wconf 79' lang='lat' dir='ltr'><strong>eus.</strong></span> 
     </span>
    </p>
   </div>
   <div class='ocr_carea' id='block_1_117' title="bbox 605 5790 2127 5868">
    <p class='ocr_par' dir='ltr' id='par_1_117' title="bbox 605 5790 2127 5868">
     <span class='ocr_line' id='line_1_119' title="bbox 605 5790 2127 5868; baseline 0.005 -23"><span class='ocrx_word' id='word_1_1018' title='bbox 605 5790 676 5845; x_wconf 91' lang='lat' dir='ltr'><strong>Id</strong></span> <span class='ocrx_word' id='word_1_1019' title='bbox 727 5803 800 5848; x_wconf 89' lang='lat' dir='ltr'><strong>est</strong></span> <span class='ocrx_word' id='word_1_1020' title='bbox 855 5795 991 5865; x_wconf 88' lang='lat' dir='ltr'><strong>quod</strong></span> <span class='ocrx_word' id='word_1_1021' title='bbox 1047 5805 1138 5852; x_wconf 88' lang='lat' dir='ltr'><strong>est.</strong></span> <span class='ocrx_word' id='word_1_1022' title='bbox 1195 5795 1284 5854; x_wconf 88' lang='lat' dir='ltr'><strong>Sic</strong></span> <span class='ocrx_word' id='word_1_1023' title='bbox 1339 5796 1469 5854; x_wconf 89' lang='lat' dir='ltr'><strong>edit.</strong></span> <span class='ocrx_word' id='word_1_1024' title='bbox 1553 5796 1724 5855; x_wconf 80' lang='lat' dir='ltr'><strong>Paris.</strong></span> <span class='ocrx_word' id='word_1_1025' title='bbox 1777 5804 1832 5853; x_wconf 86' lang='lat' dir='ltr'><strong>et</strong></span> <span class='ocrx_word' id='word_1_1026' title='bbox 1860 5793 2038 5868; x_wconf 85' lang='lat' dir='ltr'><strong>Lugd.</strong></span> <span class='ocrx_word' id='word_1_1027' title='bbox 2070 5803 2127 5852; x_wconf 84' lang='lat' dir='ltr'><strong>at</strong></span> 
     </span>
    </p>
   </div>
   <div class='ocr_carea' id='block_1_118' title="bbox 2233 5652 3811 5727">
    <p class='ocr_par' dir='ltr' id='par_1_118' title="bbox 2233 5652 3811 5727">
     <span class='ocr_line' id='line_1_120' title="bbox 2233 5652 3811 5727; baseline -0.003 -17"><span class='ocrx_word' id='word_1_1028' title='bbox 2233 5655 2400 5710; x_wconf 83' lang='lat' dir='ltr'><strong>Basil.</strong></span> <span class='ocrx_word' id='word_1_1029' title='bbox 2434 5656 2488 5710; x_wconf 90' lang='lat' dir='ltr'><strong>in</strong></span> <span class='ocrx_word' id='word_1_1030' title='bbox 2511 5655 2566 5710; x_wconf 88' lang='lat' dir='ltr'><strong>id</strong></span> <span class='ocrx_word' id='word_1_1031' title='bbox 2583 5657 2719 5727; x_wconf 89' lang='lat' dir='ltr'><strong>quod</strong></span> <span class='ocrx_word' id='word_1_1032' title='bbox 2739 5666 2832 5711; x_wconf 88' lang='lat' dir='ltr'><strong>est.</strong></span> <span class='ocrx_word' id='word_1_1033' title='bbox 2865 5656 2933 5712; x_wconf 84' lang='lat' dir='ltr'><strong>Et</strong></span> <span class='ocrx_word' id='word_1_1034' title='bbox 2963 5656 3144 5712; x_wconf 88' lang='lat' dir='ltr'><strong>statim</strong></span> <span class='ocrx_word' id='word_1_1035' title='bbox 3181 5674 3193 5710; x_wconf 88' lang='lat'><strong>:</strong></span> <span class='ocrx_word' id='word_1_1036' title='bbox 3236 5667 3443 5712; x_wconf 85' lang='lat' dir='ltr'><strong>sanctus</strong></span> <span class='ocrx_word' id='word_1_1037' title='bbox 3469 5667 3638 5712; x_wconf 84' lang='lat' dir='ltr'><strong>autem</strong></span> <span class='ocrx_word' id='word_1_1038' title='bbox 3667 5652 3811 5726; x_wconf 74' lang='lat' dir='ltr'><strong>Spiri-</strong></span> 
     </span>
    </p>
   </div>
   <div class='ocr_carea' id='block_1_119' title="bbox 2234 5729 3592 5803">
    <p class='ocr_par' dir='ltr' id='par_1_119' title="bbox 2234 5729 3592 5803">
     <span class='ocr_line' id='line_1_121' title="bbox 2234 5729 3592 5803; baseline -0.001 -19"><span class='ocrx_word' id='word_1_1039' title='bbox 2234 5741 2314 5784; x_wconf 87' lang='lat' dir='ltr'><strong>tus</strong></span> <span class='ocrx_word' id='word_1_1040' title='bbox 2341 5745 2584 5799; x_wconf 82' lang='lat' dir='ltr'><strong>operans,</strong></span> <span class='ocrx_word' id='word_1_1041' title='bbox 2615 5729 2842 5800; x_wconf 79' lang='lat' dir='ltr'><strong>Operatio</strong></span> <span class='ocrx_word' id='word_1_1042' title='bbox 2868 5729 2998 5785; x_wconf 87' lang='lat' dir='ltr'><strong>inid</strong></span> <span class='ocrx_word' id='word_1_1043' title='bbox 3015 5732 3154 5800; x_wconf 89' lang='lat' dir='ltr'><strong>quod</strong></span> <span class='ocrx_word' id='word_1_1044' title='bbox 3179 5740 3253 5786; x_wconf 81' lang='lat' dir='ltr'><strong>est</strong></span> <span class='ocrx_word' id='word_1_1045' title='bbox 3275 5745 3592 5803; x_wconf 82' lang='lat' dir='ltr'><strong>regenerare.</strong></span> 
     </span>
    </p>
   </div>
  </div>
