4024 6306
297 238 437 299 1069

1469 236 1838 295 ADVERSUS
1878 236 2096 295 ARIUM
2137 238 2339 296 LIBER
2381 241 2420 295 I.

3457 244 3598 301 1050

294 369 424 427 quos
443 352 629 409 dedisti
648 352 794 408 mihi.
832 351 1043 409 Exislo
1064 352 1406 409 manifestum
1451 351 1594 424 quod
1645 367 1752 408 non
1778 366 1894 408 om-
1918 358 1974 421 Α
2000 355 2145 411 enim
2179 355 2338 411 modo
2370 355 2545 413 nullus
2590 356 2764 427 potuit
2811 356 3017 423 videre,
3063 357 3218 413 sicuti
3269 356 3473 415 dictum
3516 366 3601 416 est

296 461 395 504 nes
426 446 500 500 tui
522 455 690 513 erant,
738 455 785 499 et
823 446 950 499 mihi
985 460 1070 500 eos
1100 444 1307 513 dedisti,
1345 453 1391 499 et
1413 445 1614 499 verbum
1638 452 1780 498 tuum
1803 460 1895 499 cu-

293 539 577 595 stodierunt
608 554 629 594 :
678 537 833 594 Nunc
876 549 1239 611 cognoverunt,
1282 537 1527 610 quoniam
1567 537 1739 592 omnia
1782 553 1896 608 qua:

295 633 419 687 mihi
442 633 648 699 dedisti,
674 649 706 685 a
730 644 776 686 te
800 642 939 687 sunt.
971 631 1037 686 Et
1068 632 1195 703 quid
1220 631 1488 697 mirabile,
1524 632 1570 686 si
1596 629 1841 685 homines
1862 647 1893 685 a

296 726 431 794 Deo,
455 725 500 779 si
523 733 579 781 et
597 739 748 793 caro,
772 723 915 796 quod
940 725 1054 796 ipse
1076 739 1195 779 eam
1221 724 1464 779 formavit
1488 723 1511 777 ?
1536 723 1672 791 Quid
1700 722 1894 793 igitur?

297 822 554 893 numquid
576 822 654 878 sic
675 821 1026 878 ethristus‘!
1054 822 1223 879 Absit.
1273 821 1440 876 Totus
1480 820 1566 876 hic
1608 822 1758 875 locus
1791 820 1895 877 hoc

296 917 627 987 struit,quod
644 917 888 973 homines
903 933 932 971 a
950 917 1059 973 Deo
1068 924 1216 983 sunt,
1229 915 1324 973 sed
1342 931 1448 971 non
1465 931 1670 972 omnes.
1688 915 1895 971 Rursus

296 1020 352 1068 et
367 1012 529 1078 istud,
542 1012 684 1083 quod
699 1012 945 1068 Christus
956 1025 1066 1067 erat
1083 1022 1208 1067 ante
1229 1011 1668 1067 constitutionem
1686 1013 1893 1079 mundi,

297 1109 437 1180 quod
461 1114 642 1164 omnia
668 1108 878 1165 tradidit
910 1117 1060 1180 pater
1084 1108 1214 1172 ﬁlio,
1239 1108 1285 1162 si
1310 1117 1365 1163 et
1391 1121 1586 1163 nomen
1611 1106 1782 1173 dedit,
1809 1107 1896 1163 di-

294 1203 369 1257 cit
389 1203 533 1257 enint
559 1201 724 1275 (Ibid.
756 1203 842 1274 12)
872 1220 888 1259 :
913 1203 1172 1258 Custodivi
1206 1218 1292 1258 eos
1314 1202 1367 1258 in
1389 1203 1587 1258 nomine
1613 1212 1722 1271 tuo,
1769 1219 1898 1274 quos

297 1296 422 1351 mihi
449 1296 653 1351 dedisti.
764 1353 797 1378 .

368 1387 484 1444 XV.
523 1389 794 1445 Habemus
825 1406 954 1461 ergo
1006 1388 1146 1461 quod
1191 1388 1440 1446 Christus
1490 1390 1653 1446 habet
1700 1403 1897 1446 nomen

294 1482 484 1554 patris,
522 1483 742 1554 etquod
768 1484 876 1538 vita
908 1493 1015 1550 est,
1061 1494 1116 1539 et
1159 1482 1323 1539 habet
1371 1492 1718 1555 protestatem
1768 1482 1900 1539 dare

2000 447 2178 520 (Joan.
2212 464 2252 516 t,
2290 447 2382 523 18)
2407 468 2419 503 :
2457 447 2781 524 Unigenitus,
2806 452 2892 521 qui
2917 463 2991 506 est
3014 451 3066 507 in
3089 452 3280 525 gremio
3305 453 3487 526 patris,
3509 454 3600 512 ille

1998 543 2274 598 enarravit.
2305 542 2458 622 Quod
2489 553 2571 598 est
2599 558 2719 600 esse
2749 542 2951 599 Deum?
2982 547 3034 599 in
3072 544 3279 616 gremio
3327 545 3493 613 enim,
3545 552 3601 601 et

2000 635 2052 691 in
2073 640 2246 714 μήτρᾳ
2273 636 2611 703 substituti-.13,
2634 636 2922 710 ὀμοούσιον,
2953 646 3198 709 uterque,
3244 646 3296 694 et
3350 638 3601 694 substan-

2001 733 2072 787 tia
2104 741 2157 788 ει
2178 732 2460 788 divinitate
2482 734 2806 799 consistens,
2850 740 3079 805 uterque
3134 733 3189 789 in
3236 742 3487 805 utroque,
3545 740 3601 791 et

1997 823 2275 895 cngno.~cit
2304 833 2526 897 uterque
2546 833 2854 896 utrumque.

2070 917 2210 973 XVI.
2243 917 2381 985 Quid
2411 918 2595 990 igitur,
2626 928 2681 974 et
2706 927 2762 974 tu
2793 918 3095 988 Valentius,
3117 919 3292 977 dicis?
3322 920 3592 978 Processit

2000 1012 2205 1084 primus
2225 1015 2346 1069 αἰὼν
2368 1054 2384 1081 ,
2430 1022 2485 1068 ει
2512 1013 2697 1068 volens
2728 1014 2910 1069 videre
2936 1021 3140 1085 patrem
3172 1030 3279 1070 non
3309 1015 3496 1086 potuit.
3529 1013 3591 1070 In

1998 1105 2206 1178 gremio
2234 1107 2400 1177 patris
2444 1120 2564 1163 esse
2615 1106 2819 1172 tilium,
2867 1115 2922 1162 et
2945 1122 3159 1178 semper
3187 1122 3311 1165 esse
3359 1107 3597 1165 Joannes

1999 1200 2147 1256 dicit.
2193 1199 2311 1255 Non
2362 1199 2538 1256 solum
2569 1214 2699 1270 ergo
2752 1206 2955 1270 patrem
2989 1201 3171 1270 videt,
3208 1201 3301 1257 sed
3331 1201 3491 1256 etiam
3544 1199 3603 1259 in

2000 1302 2154 1366 patre
2191 1308 2408 1364 semper
2447 1301 2551 1349 est.
2581 1292 2738 1361 Quod
2787 1300 2872 1348 est
2919 1309 3169 1365 maguum
3203 1303 3480 1366 peccatum
3508 1291 3605 1350 :d-

2000 1404 2216 1445 versum
2240 1397 2482 1444 sanetum
2517 1388 2772 1460 Spiritum
2797 1388 2977 1444 dicere
3001 1387 3217 1463 (Matth.
3250 1405 3344 1455 su,
3370 1390 3429 1445 3|
3447 1430 3462 1455 ,
3487 1387 3600 1460 5%):

2006 1482 2185 1539 Omnis
2226 1485 2545 1558 blasphemia
2572 1494 2617 1539 et
2663 1494 2925 1554 peceatum
2974 1486 3258 1540 remittetur
3288 1483 3597 1539 hominibus.

295 1577 495 1632 vivere.
526 1577 678 1645 Quod
711 1577 828 1649 ipse
854 1578 961 1632 vita
993 1586 1099 1645 est,
1142 1587 1199 1633 et
1245 1589 1396 1649 pater
1424 1578 1553 1646 vita,
1597 1579 1799 1633 dictum
1818 1586 1902 1633 est
2004 1574 2075 1632 Et
2103 1579 2147 1632 si
2169 1578 2282 1650 quis
2314 1578 2503 1633 dixerit
2529 1594 2811 1632 sermonem
2850 1577 3119 1633 adversum
3146 1578 3312 1645 ﬁlium
3340 1577 3562 1633 hominis
3584 1618 3602 1644 .

293 1669 476 1745 (Joan.
514 1688 587 1738 vt,
621 1670 746 1744 58):
805 1670 949 1726 Misit
998 1688 1078 1726 me
1108 1687 1253 1745 pater
1277 1674 1464 1729 vivens.
1531 1671 1601 1728 Et
1656 1672 1771 1728 haec
1819 1682 1902 1728 est
2003 1673 2286 1729 remittetur
2338 1671 2425 1726 ei:
2470 1670 2572 1737 Qui
2614 1681 2784 1726 autem
2831 1671 3015 1726 dixerit
3058 1669 3324 1725 aduersum
3374 1679 3606 1725 sanetam

293 1767 593 1822 substantia
628 1768 719 1821 Dei
743 1777 796 1822 et
820 1764 1044 1835 Christi,
1075 1766 1329 1841 ὁμοούσιοι
1354 1783 1503 1839 ergo.
1548 1768 1754 1825 Deinde
1785 1768 1896 1823 dic-
1926 1764 1972 1825 Β
2000 1766 2272 1837 Spiritum,
2304 1781 2406 1821 non
2436 1767 2719 1821 reutittetar
2744 1766 2792 1820 ei
2814 1781 2974 1837 neque
2993 1766 3047 1819 in
3073 1765 3173 1820 isto
3196 1764 3409 1832 saeculo,
3438 1780 3599 1836 neque

292 1867 402 1914 tum
429 1869 532 1928 est,
562 1859 742 1916 lumen
766 1860 1033 1927 Clu-isuts,
1060 1872 1113 1916 et
1146 1861 1286 1915 Deus
1313 1875 1496 1917 verum
1525 1862 1703 1916 lumen
1735 1878 1747 1915 :
1795 1861 1896 1916 ista

291 1954 437 2009 enim
462 1953 531 2009 ad
555 1954 964 2025 intelligentiam
994 1972 1009 2009 :
1058 1969 1186 2010 num
1209 1954 1353 2010 aliud
1377 1964 1462 2011 est
1482 1954 1718 2024 Spiritus
1741 1969 1898 2009 sanc-

299 2046 425 2103 tus?
450 2045 614 2101 Nihil.
641 2046 795 2116 Quod
818 2046 1013 2102 deinde
1036 2046 1240 2115 lumen,
1284 2064 1391 2104 non
1432 2048 1732 2103 substantia
1759 2065 1772 2102 :
1819 2049 1898 2103 sic

288 2154 423 2210 ergo
444 2139 710 2213 ὁμοούσια.
740 2139 808 2195 Ει
831 2140 1011 2195 omnia
1035 2157 1153 2211 qua:
1182 2139 1343 2196 habet
1360 2139 1523 2206 Deus,
1549 2139 1711 2196 habet
1733 2139 1894 2206 ﬁlius,

291 2233 553 2309 ὁμοούσια
576 2250 725 2307 ergo.
748 2234 853 2291 Sed
876 2234 945 2291 de
968 2236 1071 2291 isto
1114 2235 1401 2306 posterius.
1454 2234 1608 2304 Quod
1637 2245 1793 2290 natus
1815 2245 1899 2290 est

292 2326 472 2401 (Joan.
498 2342 648 2394 xvut,
675 2327 766 2395 II)
794 2345 808 2382 :
835 2325 904 2382 In
925 2327 1062 2382 istud
1084 2336 1233 2382 natus
1254 2343 1390 2393 sunt,
1441 2338 1488 2382 et
1510 2328 1563 2381 in
1608 2328 1745 2381 istud
1786 2325 1897 2381 reni

287 2421 343 2474 in
368 2419 656 2485 mundum,
707 2429 763 2475 ut
808 2436 1050 2492 regnent.
1114 2419 1268 2490 Quid
1312 2436 1344 2476 a
1400 2420 1616 2475 Cltristo
1662 2419 1895 2491 Spiritus

290 2522 511 2569 sanctus
533 2511 714 2587 (Joan.
743 2529 813 2569 xx
836 2555 851 2581 ,
877 2512 969 2585 2|)
996 2531 1011 2568 :
1056 2512 1343 2585 Iusuﬂiavit
1374 2512 1622 2568 Christus
1645 2522 1693 2567 et
1721 2512 1851 2566 dixit
1879 2529 1893 2567 :

291 2608 522 2679 Accipite
563 2607 819 2678 Spiritum
860 2618 1114 2664 sanctum.
1181 2607 1285 2663 Ista
1352 2608 1529 2662 omnia
1598 2606 1893 2663 secundum

292 2699 648 2777 Evangeliunt
693 2701 939 2757 Joannis.
990 2700 1280 2756 Videamus
1327 2699 1487 2756 etiam
1515 2709 1568 2755 et
1592 2701 1891 2756 secundum

293 2792 605 2849 Mattha-um
637 2807 847 2860 pauca;
874 2795 1069 2848 sitnilia
1108 2796 1252 2850 enim
1281 2801 1568 2864 praetereo.
1637 2792 1790 2862 Quod
1840 2800 1897 2848 et

291 2892 509 2941 satanas
533 2886 728 2941 latetur
755 2884 1028 2941 Christum
1058 2885 1149 2941 Dei
1181 2902 1302 2942 esse
1346 2886 1539 2954 ﬁlium,
1582 2887 1714 2943 diett
1750 2888 1891 2942 enim

290 2978 512 3052 (Matth.
541 2994 619 3046 tv,
656 2981 711 3049 5,
736 2981 836 3053 6):
891 2980 953 3038 Si
996 2974 1050 3037 tu
1093 2997 1145 3036 es
1188 2979 1359 3035 Filius
1390 2980 1507 3035 Dei.
1556 2980 1619 3036 Et
1644 2981 1786 3038 istud
1814 2994 1895 3037 ter

292 3074 425 3131 dicit
451 3092 464 3129 :
492 3074 597 3131 Sed
622 3076 675 3130 itt
699 3074 939 3131 secundo
964 3076 1226 3130 conﬁtens
1250 3074 1318 3130 de
1364 3075 1471 3130 ﬁlio
1506 3076 1600 3131 Dei
1646 3077 1888 3143 tentavit,

2000 1861 2056 1915 in
2087 1860 2530 1934 futuro.Prinium
2563 1859 2986 1931 respiciendum,
3019 1860 3162 1931 quod
3186 1858 3419 1930 Spiritus
3447 1872 3608 1914 Sanc-

2004 1966 2091 2013 tus
2146 1957 2237 2012 Dei
2275 1965 2375 2012 cst.
2412 1956 2554 2011 Dixit
2575 1956 2717 2011 enim
2753 1954 2920 2028 (Ibid.
2948 1997 2964 2023 ,
3001 1954 3097 2027 28)
3141 1973 3155 2009 :
3190 1953 3259 2009 In
3292 1953 3479 2025 spiritu
3508 1951 3606 2007 Dei

2000 2068 2093 2125 ego
2113 2053 2268 2123 ejicio
2297 2052 2570 2107 daemonia.
2612 2050 2815 2106 Deinde
2842 2049 2912 2105 de
2938 2047 3276 2121 blaSphemia
3305 2059 3359 2103 et
3388 2057 3607 2119 peccato

2001 2145 2144 2216 quod
2185 2154 2480 2216 peccarunt
2524 2143 2697 2200 Jndmi
2724 2186 2740 2210 ,
2790 2144 2951 2200 sicuti
2981 2144 3155 2209 dixit,
3182 2142 3339 2214 quale
3389 2154 3512 2197 esse
3552 2140 3605 2195 in

1999 2247 2247 2293 sanctum
2274 2238 2553 2309 Spiritum.
2587 2236 2851 2305 Primum,
2871 2235 3012 2307 quod
3035 2234 3374 2307 blasphemia
3400 2242 3454 2290 et
3484 2248 3608 2305 pec-

1999 2340 2176 2387 catum
2219 2331 2273 2386 in
2318 2328 2576 2401 Spiritum
2625 2338 2871 2386 sanctum
2921 2346 3027 2384 non
3069 2329 3373 2385 remittetur
3425 2326 3603 2384 alicui.

2002 2425 2286 2480 Peccatum
2341 2435 2426 2482 est
2451 2467 2466 2492 ,
2513 2424 2901 2497 blasphemiter
2928 2440 3051 2481 cum
3081 2424 3357 2481 voluntate
3399 2424 3601 2482 dicere.

1998 2516 2106 2573 Sed
2137 2517 2275 2572 istttd
2324 2534 2430 2572 non
2460 2516 2679 2573 sufﬁcit.
2718 2518 2858 2573 Dixit
2902 2516 3233 2574 secundum:
3282 2518 3492 2574 etiamsi
3522 2518 3608 2574 iu-

1999 2611 2141 2665 vitus
2166 2610 2358 2682 aliquis
2388 2609 2516 2666 dicit
2565 2612 3016 2683 ipialemcumquc
3063 2626 3369 2670 sermonem
3395 2652 3409 2678 ,
3459 2611 3606 2683 quod

1999 2721 2107 2760 non
2140 2716 2223 2760 est
2258 2714 2535 2776 peccatum
2558 2747 2573 2772 ,
2609 2722 2713 2761 non
2763 2706 3096 2777 relinquetur
3120 2706 3195 2761 illi
3228 2706 3279 2760 in
3321 2706 3469 2761 omni
3497 2721 3604 2761 sm-

1997 2798 2142 2854 culo.
2175 2798 2230 2854 Si
2253 2798 2415 2869 igitur
2439 2809 2660 2854 sanctus
2692 2799 2958 2869 Spiritus;
3010 2799 3104 2855 Dei
3149 2798 3384 2869 Spiritus
3406 2807 3523 2867 est,
3550 2806 3606 2855 et

1997 2900 2217 2947 sanctus
2256 2892 2490 2962 Spiritus
2520 2906 2551 2945 a
2597 2891 2687 2947 Dei
2737 2891 2849 2946 lilio
2895 2892 3073 2947 omnia
3105 2891 3301 2957 habet;
3335 2907 3441 2947 una
3466 2892 3596 2949 sub-

1997 2987 2195 3042 stantia
2227 2985 2401 3043 tribus
2451 3002 2483 3041 a
2528 2987 2833 3042 substantia
2877 2988 3076 3057 patris,
3135 2987 3425 3061 ὁμοούσιαε
3475 3003 3606 3060 ergo

1998 3080 2099 3135 tria
2126 3120 2142 3146 ,
2172 3077 2275 3135 hoc
2297 3086 2415 3145 est,
2446 3078 2611 3135 simul
2640 3080 2814 3136 οὐσία.
2843 3077 2897 3135 Si
2927 3077 3071 3135 enim
3103 3080 3269 3150 patris
3296 3080 3599 3136 substantia

292 3168 339 3224 si
386 3169 503 3239 ipse
551 3178 697 3225 esset
742 3166 1013 3236 Christus,
1040 3169 1173 3224 dicit
1193 3169 1338 3223 cnim
1365 3183 1384 3223 :
1419 3167 1589 3223 Filius
1619 3185 1671 3223 es
1693 3178 1749 3222 tu
1775 3167 1889 3238 Dei,
1920 3170 1965 3235 C
1997 3172 2266 3242 Spiritus;
2297 3182 2351 3229 et
2380 3171 2549 3239 ﬁlius,
2582 3172 2836 3243 Spiritus,
2861 3182 3080 3228 sanctus
3109 3184 3289 3229 autem
3328 3174 3561 3244 Spiritus
3585 3217 3602 3242 ,

288 3262 433 3318 mitte
455 3272 502 3316 te
531 3262 797 3317 deorsum.
843 3262 1107 3334 Scriptum
1139 3272 1210 3316 est
1255 3262 1437 3317 enim:
1490 3262 1629 3332 quod
1684 3260 1894 3331 Angelis

288 3357 399 3412 suis
422 3357 681 3428 prmcipiet
712 3358 775 3411 de
795 3366 860 3411 te.
911 3356 1251 3423 Conlitetur;
1290 3356 1382 3429 qui
1404 3356 1552 3421 dicit,
1588 3357 1652 3412 de
1682 3367 1747 3425 te,
1801 3355 1893 3412 Dei

290 3449 459 3506 ﬁliuni
484 3453 792 3520 coalitetur,
817 3463 871 3507 et
896 3450 1039 3506 hunc
1066 3450 1375 3507 conﬁtetur.
1404 3450 1607 3505 Deinde
1630 3452 1895 3506 Conﬁten-

288 3555 378 3601 tur
424 3560 613 3602 rursus
653 3547 930 3604 dmtuones
973 3546 1128 3622 (Luc.
1178 3562 1252 3612 tv,
1289 3546 1409 3615 si).
1474 3544 1696 3600 Exibunt
1740 3546 1894 3601 etiam

287 3640 542 3695 dtemonia
568 3658 599 3694 a
627 3640 820 3704 multis,
849 3641 1191 3696 exclamantia
1212 3650 1258 3694 et
1285 3638 1507 3694 dicentia
1524 3653 1543 3691 :
1576 3636 1654 3692 Tu
1676 3654 1729 3692 es
1751 3638 1894 3707 ﬁlius

288 3732 388 3789 Dii
428 3734 590 3800 Audi,
616 3735 734 3802 Ari,
760 3734 907 3804 audi,
931 3734 1148 3801 Eusebi,
1167 3744 1221 3790 et
1241 3748 1431 3788 omnes
1456 3731 1657 3797 audite,
1682 3731 1890 3802 Ariani,

288 3837 344 3882 et
367 3826 599 3882 maxime
624 3829 713 3898 qui
746 3828 924 3883 tlit'itis
949 3809 1236 3897 abeoquo
1285 3836 1370 3882 est
1410 3840 1533 3882 esse
1576 3822 1889 3881 Christum:

287 3922 381 3979 sed
405 3922 701 3977 secundum
731 3924 999 3994 serpentis
1026 3921 1355 3978 intellectum
1382 3938 1396 3973 :
1447 3919 1701 3991 quoaiam
1742 3928 1894 3991 pater

286 4014 341 4073 ὃν
366 4025 467 4079 est,
502 4016 591 4084 qui
622 4014 747 4071 fecit
769 4014 1086 4071 Christum:
1140 4014 1265 4070 Ideo
1308 4030 1370 4070 ex
1406 4029 1471 4069 eo
1493 4012 1635 4084 quod
1662 4022 1745 4068 est
1768 4026 1894 4069 esse

288 4111 458 4166 ﬁlium
487 4111 750 4166 dicentes.
776 4109 970 4165 Audite
991 4124 1142 4181 ergo,
1176 4109 1344 4164 ﬁlium
1372 4107 1503 4163 dicit
1531 4106 1625 4163 Dei
1650 4116 1889 4172 satanas,

289 4206 375 4261 cui
401 4204 648 4276 promisit
678 4219 901 4275 regnum
930 4203 1135 4265 mundi.
1164 4203 1266 4258 scit
1288 4202 1467 4257 omnia
1490 4215 1611 4272 quas
1636 4201 1892 4270 insuper-

289 4300 411 4356 nis:
465 4298 590 4353 inde
625 4299 770 4354 enim
806 4307 910 4353 est.
964 4296 1102 4365 Quid
1146 4297 1290 4353 enim
1324 4305 1444 4368 post
1474 4294 1687 4351 tertiam
1714 4302 1890 4350 tenta-

288 4392 516 4458 tionem,
545 4390 687 4463 quod
719 4390 969 4446 diabolus
995 4390 1284 4456 abscessit,
1306 4387 1588 4445 confessus
1612 4396 1696 4443 est
1720 4388 1888 4442 ﬁlium

288 4500 412 4543 esse
438 4484 564 4541 Dei?
602 4484 754 4553 Quod
779 4494 834 4541 et
853 4485 1129 4541 daemones
1165 4486 1416 4540 dixerunt
1459 4482 1626 4539 lilium
1650 4497 1772 4538 esse
1800 4482 1889 4537 Dei

1998 3266 2167 3337 patris
2221 3276 2305 3321 est
2338 3265 2598 3338 Spiritus?
2644 3265 2702 3322 In
2755 3284 2862 3338 quo
2891 3268 3081 3324 Ordine
3121 3269 3335 3338 ponitur
3383 3279 3606 3326 sanctus

1997 3358 2272 3431 Spiritus?
2299 3371 2354 3417 et
2408 3361 2661 3432 praicedit
2693 3363 2837 3418 enim
2861 3406 2875 3429 ,
2905 3364 2949 3418 si
3007 3363 3174 3433 patris
3200 3374 3283 3419 cst
3333 3364 3602 3435 Spiritus;

1996 3465 2051 3510 et
2080 3456 2343 3526 sequitur,
2395 3456 2439 3511 si
2493 3471 2523 3511 a
2556 3457 2668 3511 lilio
2699 3456 2861 3513 habet
2907 3459 3048 3530 quod
3080 3469 3184 3514 est.
3219 3458 3287 3514 Et
3319 3474 3509 3517 rursus
3538 3459 3605 3516 ﬁ-

1998 3547 2101 3603 lius
2120 3590 2134 3614 ,
2164 3549 2457 3604 secundum
2487 3551 2629 3621 quod
2657 3550 2893 3621 Spiritus
2912 3593 2927 3618 ,
2962 3567 3101 3607 unus
3129 3562 3213 3608 est
3242 3564 3297 3610 et
3340 3565 3515 3624 pater,
3544 3564 3607 3610 et

1997 3650 2080 3696 est
2108 3640 2160 3697 in
2215 3640 2325 3695 ﬁlio
2357 3649 2539 3711 pater,
2572 3652 2626 3698 et
2672 3659 2863 3699 omnes
2894 3644 2945 3699 in
2999 3645 3222 3700 alternis
3270 3648 3602 3703 existentes:

1995 3750 2126 3807 ergo
2156 3736 2421 3809 ὁμοούσιοι
2468 3749 2627 3802 sunt,
2662 3754 2822 3793 unam
2867 3748 2924 3795 et
2953 3739 3198 3795 eamdem
3248 3741 3604 3798 substantiam

1997 3828 2258 3886 habentes
2276 3873 2291 3897 ,
2318 3840 2373 3887 et
2400 3847 2606 3903 semper
2639 3834 2799 3888 simul
2823 3834 3090 3908 ὁμοούσιοι
3113 3834 3294 3890 divina
3320 3835 3605 3894 allectione

1995 3929 2290 3980 secundum
2363 3925 2627 3982 actionem
2693 3928 3094 3985 subsistentiam
3164 3930 3436 4003 propriam
3510 3933 3604 3987 ha-

1998 4016 2208 4073 bentes.

2066 4108 2235 4167 XVII.
2288 4109 2394 4166 Sed
2428 4111 2525 4166 ista
2582 4127 2771 4168 rursus
2804 4112 3078 4170 sufﬁciunt
3107 4115 3264 4171 nobis
3290 4130 3410 4187 quae
3459 4114 3601 4171 dicta

1995 4210 2125 4256 sunt
2153 4202 2204 4256 in
2234 4202 2563 4273 Evangeliis.
2582 4204 2740 4273 Quod
2766 4205 3016 4262 Christus
3047 4207 3139 4263 Dei
3171 4208 3313 4263 ﬁlius
3342 4208 3456 4280 ipse
3481 4208 3602 4264 Sal-

1996 4304 2149 4351 valor
2196 4295 2325 4351 dicit
2365 4295 2579 4367 (Matth.
2619 4314 2763 4365 xxii,
2794 4297 2885 4364 45,
2919 4300 3054 4372 46);
3106 4300 3375 4368 Quomodo
3428 4301 3603 4357 dicunt

1998 4389 2255 4446 Christum
2284 4392 2451 4460 ﬁlium
2483 4392 2651 4447 David
2676 4410 2784 4449 esse
2807 4436 2821 4458 ,
2854 4404 2902 4449 et
2931 4396 3041 4465 ipse
3070 4394 3241 4451 David
3285 4395 3410 4452 dicit
3453 4397 3505 4451 in
3541 4397 3606 4452 li-

1995 4487 2086 4543 bro
2118 4488 2445 4545 Psalmorum
2465 4507 2484 4546 :
2518 4490 2658 4546 Dixit
2700 4490 2956 4547 Dominus
2988 4491 3207 4547 Domino
3251 4509 3394 4556 meo,
3427 4492 3545 4548 sede
3570 4510 3604 4548 α

290 4578 482 4649 (JIarc.
509 4594 546 4647 t,
570 4578 663 4648 24)
691 4596 704 4634 :
732 4577 870 4641 Quid
896 4578 1039 4633 nobis
1065 4585 1111 4633 et
1134 4578 1240 4644 tibi,
1265 4577 1344 4646 ﬁli
1367 4574 1482 4639 Dei,
1502 4575 1709 4631 venisti?
1737 4574 1890 4642 Quod
1919 4571 1975 4633 D
2000 4580 2192 4636 dextris
2221 4582 2388 4637 meis?
2420 4582 2588 4639 David
2611 4601 2733 4653 ergo
2765 4583 3043 4640 Dominum
3069 4594 3214 4640 vocat
3238 4627 3253 4649 ,
3283 4595 3333 4641 et
3352 4588 3603 4653 quomodo

290 4688 399 4728 non
431 4682 638 4742 oportet
664 4670 911 4727 dubitare
934 4670 1003 4726 de
1025 4670 1242 4727 Christo
1265 4669 1482 4738 (Matth.
1511 4684 1588 4735 ιι,
1613 4667 1669 4741 6)
1698 4686 1714 4725 ;
1753 4665 1889 4722 Bea-

289 4774 371 4821 tus
394 4776 467 4822 est
493 4766 580 4837 qui
602 4782 703 4820 non
727 4763 1111 4820 scandalizatur
1134 4764 1186 4818 in
1215 4779 1312 4817 me.
1371 4761 1528 4830 Quod
1577 4762 1755 4817 omnia
1798 4776 1895 4833 pa-

289 4860 550 4916 trisﬁlins
576 4862 733 4917 habet
759 4858 923 4934 (Ibid.
955 4858 1088 4932 27):
1138 4856 1327 4913 Omnia
1364 4856 1491 4911 nti/ti
1539 4856 1727 4910 tradita
1771 4863 1895 4910 sunt

288 4969 320 5008 a
340 4966 507 5024 patre,
536 4954 707 5009 nullus
733 4952 994 5025 cognoscit
1039 4951 1206 5023 [ilium
1236 4952 1335 5005 nisi
1370 4961 1533 5020 pater,
1566 4965 1656 5004 nec
1695 4961 1894 5020 patrem

288 5046 391 5102 nisi
413 5046 554 5115 ﬁlias
580 5047 859 5117 cognoscit,
900 5054 952 5099 et
1001 5045 1085 5099 cui
1137 5044 1241 5099 vult
1286 5044 1428 5114 ﬁlius
1474 5043 1717 5097 revelare.
1761 5040 1892 5108 Qua:

288 5153 476 5205 causa,
521 5137 697 5194 solum
742 5139 910 5195 tilium
943 5139 1084 5194 scire
1143 5148 1374 5209 patrem,
1427 5146 1520 5192 aut
1578 5147 1785 5208 patrem
1837 5145 1895 5190 ut

288 5241 585 5304 cognoscat
615 5231 817 5288 ﬁlium?
847 5232 949 5289 nisi
974 5232 1115 5303 quod
1139 5232 1319 5288 nullus
1346 5232 1509 5289 habet
1535 5233 1893 5287 substantiam

288 5328 431 5399 ejus.
457 5326 649 5385 Omnia
671 5331 815 5383 enim
847 5343 967 5399 qua:
995 5327 1046 5382 in
1071 5327 1413 5394 claritudine,
1437 5327 1567 5383 etin
1592 5326 1892 5394 divinitate,

289 5420 345 5477 in
372 5422 630 5491 potentia,
655 5421 708 5477 in
736 5421 848 5492 ipsa
872 5420 1087 5477 actione
1109 5430 1163 5477 et
1198 5430 1531 5492 cognoscunt
1562 5428 1789 5490 patrem,
1842 5427 1898 5476 ct

289 5514 499 5572 colunt.
564 5514 669 5572 Sed
700 5515 975 5584 quoniam
1018 5529 1368 5585 cognoscere,
1447 5513 1551 5569 hoc
1602 5524 1707 5581 est,
1754 5512 1896 5569 scire

290 5608 463 5679 ipsius
487 5607 599 5675 Dei,
628 5607 802 5678 ipsum
832 5605 975 5679 quod
1005 5617 1085 5661 est
1116 5606 1168 5663 ei
1190 5621 1330 5668 esse,
1366 5605 1469 5663 hoc
1490 5617 1594 5673 est,
1644 5604 1897 5661 substan-

291 5704 419 5759 tiam
443 5703 600 5776 ejus:
634 5703 838 5759 idcirCo
862 5703 1043 5758 nullus
1063 5701 1343 5774 cognoscit
1368 5701 1559 5766 Deum,
1609 5698 1713 5755 nisi
1768 5699 1896 5756 sub-

293 5802 549 5858 stantiam
573 5801 818 5860 eamdem
839 5800 1044 5859 habens
1056 5799 1219 5870 ﬁlius,
1239 5810 1294 5858 et
1310 5799 1511 5858 habens
1529 5797 1597 5856 ab
1612 5800 1750 5872 ipso.
1772 5798 1895 5856 Alio

2002 4673 2143 4744 ﬁlius
2169 4675 2317 4745 ejus?
2369 4674 2426 4730 In
2477 4677 2581 4732 isto
2609 4676 2882 4732 Christum
2931 4688 2987 4733 ct
3035 4689 3322 4751 antequam
3372 4687 3520 4735 esset
3550 4680 3603 4736 in

1997 4782 2162 4823 carne
2190 4784 2308 4824 mea
2329 4810 2344 4836 ,
2378 4777 2434 4824 et
2457 4769 2705 4840 spirituum
2741 4770 2830 4825 Dei
2860 4784 3011 4839 esse,
3056 4780 3113 4827 et
3144 4772 3308 4827 Deum
3339 4785 3461 4829 esse
3489 4772 3605 4844 ipse

2000 4861 2117 4918 haec
2141 4861 2499 4919 demonstrat.
2535 4863 2826 4920 Videamus
2854 4864 3016 4937 igitur
3044 4873 3100 4923 et
3126 4866 3446 4939 Apostoium
3467 4908 3485 4936 ,
3515 4865 3602 4922 di—

1996 4956 2069 5012 cit
2093 4956 2237 5011 enim
2266 4955 2334 5012 de
2363 4954 2580 5012 Christo
2607 4957 2671 5013 ad
2711 4958 3020 5015 Romanos:
3051 4961 3316 5029 Quoniam
3349 4960 3489 5017 Deus
3519 4970 3604 5017 est

1999 5048 2247 5105 Christus
2279 5049 2454 5121 (Rom.
2487 5066 2525 5106 ιι
2551 5093 2567 5119 ,
2597 5051 2654 5123 5)
2675 5052 2727 5107 in
2757 5052 2890 5107 diem
2929 5054 3022 5109 ira:
3044 5064 3092 5108 et
3127 5055 3451 5110 reuelationis
3469 5055 3605 5126 justi

1992 5141 2183 5213 judicii
2206 5139 2321 5197 Dei.
2348 5142 2479 5200 Sine
2504 5144 2666 5200 dubio
2699 5144 2802 5201 hoc
2826 5145 2895 5201 de
2929 5144 3177 5203 Christo:
3208 5149 3321 5218 ipse
3347 5147 3490 5202 enim
3512 5148 3605 5219 ju-

2003 5236 2243 5291 dicabit:
2293 5238 2544 5308 quoniam
2597 5239 2737 5309 apud
2793 5239 2956 5294 Deum
3006 5242 3066 5297 τὸ
3108 5247 3180 5313 μὴ
3224 5235 3277 5296 ὂν
3331 5239 3466 5295 nihil
3497 5249 3602 5297 est.

2006 5328 2325 5400 Exemplum
2366 5329 2435 5386 de
2462 5330 2663 5388 Genesi
2700 5331 2905 5387 inducit
2937 5331 3131 5387 Paulus
3161 5332 3339 5405 (Rom,
3364 5348 3440 5398 tv,
3475 5333 3603 5405 17):

2005 5422 2138 5489 Quia
2168 5431 2363 5491 patrem
2392 5423 2672 5478 multarunt
2700 5424 2924 5497 gentium
2973 5427 3121 5495 posui
3153 5435 3202 5479 te
3233 5434 3353 5478 ante
3379 5440 3493 5477 eum
3523 5425 3609 5479 cui

1999 5516 2260 5573 credidisti
2298 5515 2406 5572 Deo
2430 5559 2445 5582 ,
2487 5517 2575 5582 qui
2606 5518 2825 5586 vivi/icat
2866 5526 3124 5584 mortuos,
3157 5526 3203 5571 et
3234 5525 3378 5571 vocat
3408 5532 3467 5570 ea
3491 5531 3608 5587 qua:

1999 5627 2101 5667 non
2121 5621 2240 5667 sunt
2269 5620 2511 5681 tanquam
2538 5612 2661 5667 sint.
2690 5611 2955 5678 Quoniam
2985 5610 3218 5681 Spiritus
3249 5610 3339 5666 Dei
3367 5610 3601 5681 Spiritus

1998 5702 2220 5769 Christi,
2252 5713 2307 5761 et
2334 5704 2474 5759 idem
2502 5703 2736 5775 Spiritus
2775 5712 2994 5760 sanctus
3023 5702 3200 5778 (Rom.
3227 5720 3337 5768 \‘lll,
3365 5702 3421 5777 9)
3447 5719 3463 5759 :
3507 5701 3606 5758 Vos

1997 5816 2115 5857 sero
2144 5816 2246 5857 non
2274 5799 2393 5856 estis
2421 5799 2474 5855 in
2498 5816 2652 5856 carne
2670 5842 2684 5869 ,
2712 5799 2802 5855 sed
2826 5799 2878 5855 in
2914 5799 3099 5871 spiritu
3120 5814 3140 5855 ε
3163 5799 3209 5856 si
3254 5807 3423 5857 tamen
3447 5798 3604 5874 spiri-
