4024 6306
533 296 665 355 1051

1703 366 1709 372 ,
1762 291 1957 352 manu
2003 284 2344 351 VICTORINI
2386 292 2549 353 AFttt

3665 314 3769 371 νἷὲ

530 432 611 478 tus
646 417 738 476 Dei
765 416 957 473 habitat
988 416 1039 471 in
1066 414 1204 471 vobis
1227 430 1245 470 .°
1272 414 1316 470 si
1340 414 1453 487 quis
1473 423 1643 469 autem
1674 414 1912 485 spiritum
1939 411 2131 468 Christi
2156 412 2207 472 Α
2235 420 2280 467 ει
2310 413 2583 472 divisiones
2622 417 3019 475 ministeriorum
3059 426 3176 477 sunt
3199 465 3216 490 ,
3249 423 3340 479 sed
3366 425 3492 480 idem
3531 420 3770 494 Dominus,

530 530 633 570 non
677 512 859 579 habet,
888 510 971 566 hic
1017 524 1118 565 non
1151 519 1225 565 est
1264 508 1447 581 ipsius.
1473 504 1661 563 'I‘otius
1699 506 1938 580 mysterii
1966 506 2133 561 virtus

531 606 587 664 in
619 607 888 678 baptismo
916 611 1031 669 est,
1064 602 1181 675 ejus
1208 603 1446 674 potentia
1476 602 1528 658 in
1573 601 1890 673 accipiendo
1917 600 2130 672 Spiritu.

532 700 648 759 Iioc
677 700 719 756 si
752 698 829 755 ita
869 706 977 765 est,
1008 696 1207 753 dictum
1234 704 1347 753 est:
1378 710 1465 751 vos
1501 696 1556 750 in
1582 696 1766 767 spiritu
1789 694 1906 750 estis
1928 711 1947 750 :
1974 708 2133 766 quem

530 804 749 855 sanctus
794 793 1029 863 Spiritus
1073 790 1222 848 dedit
1253 791 1423 848 vobis.
1455 789 1554 860 Qui
1588 790 1689 845 iste
1729 798 1812 845 est
1864 788 2132 859 Spiritus,

531 890 809 962 adjunxit:
843 887 903 944 Si
919 897 1088 943 tamen
1137 885 1364 958 Spiritus
1392 882 1484 939 Dei
1517 882 1708 938 habitat
1733 881 1786 937 in
1816 878 1971 937 vobis.
2002 880 2134 952 Quis

530 981 777 1040 estiste?
826 979 887 1037 Si
932 980 1044 1050 quis
1100 987 1269 1032 autent
1318 977 1556 1047 spiritum
1585 973 1778 1029 Christi
1805 990 1907 1028 non
1962 972 2132 1028 habet.

528 1076 674 1135 Idem
706 1089 834 1144 ergo
863 1072 959 1128 Dei
989 1072 1211 1142 spiritus
1240 1078 1294 1126 et
1322 1067 1525 1125 Christi
1559 1067 1800 1137 spiritus.
1832 1064 1891 1121 ln
1932 1082 2039 1137 quo
2080 1075 2136 1120 et

531 1166 662 1226 illud
697 1163 1127 1238 pctspicicndum
1154 1207 1167 1231 ,
1202 1163 1344 1235 quod
1369 1161 1510 1218 idem
1535 1169 1620 1217 est
1647 1160 1871 1231 spiritus
1894 1156 2093 1215 Clit‘iSll
2114 1200 2130 1227 ,

530 1260 673 1336 Quod
696 1264 810 1334 ipse
830 1259 1098 1316 Christus.
1124 1257 1379 1329 Sequitur
1395 1256 1535 1312 enim
1564 1254 1739 1331 (Rom.
1773 1270 1884 1319 vttt,
1913 1248 2003 1326 10)
2027 1271 2039 1307 :
2074 1253 2135 1310 Si

528 1364 697 1413 autem
746 1354 981 1411 Christus
1008 1355 1062 1409 in
1100 1351 1283 1425 vobis).
1315 1350 1472 1408 Unde
1496 1362 1551 1407 et
1571 1350 1791 1421 Spiritus
1822 1349 1935 1415 Dei,
1972 1347 2131 1403 Deus.

528 1452 646 1512 Una
696 1452 859 1525 igitur
889 1450 1227 1515 substantia,
1275 1448 1399 1519 quia
1449 1444 1589 1503 idem
1636 1445 1895 1517 spiritus:
1952 1441 2045 1500 sed
2080 1442 2133 1498 in

530 1549 700 1605 tribus
725 1591 740 1614 ,
770 1544 1037 1621 όμοοῦσιον
1064 1545 1242 1616 igitur.
1268 1540 1422 1599 Unde
1445 1558 1550 1597 non
1575 1539 1764 1597 similis
1794 1536 2089 1594 substantia
2115 1580 2130 1606 ,

528 1642 651 1714 quia
672 1640 812 1697 idem
827 1638 1082 1712 Spiritus:
1109 1653 1207 1693 nec
1225 1648 1401 1691 tamen
1418 1635 1617 1692 idcirco
1635 1633 1911 1706 passiones
1928 1628 2132 1688 emdem

529 1735 655 1790 etin
680 1746 849 1805 patre,
871 1733 994 1804 quia
1012 1747 1148 1786 unus
1169 1728 1389 1802 spiritus
1415 1745 1427 1783 :
1450 1728 1501 1783 in
1526 1725 1735 1782 duobus
1752 1725 1895 1782 enim
1926 1730 2131 1779 tantutn

529 1828 676 1885 velut
727 1826 1039 1898 passiones.
1072 1824 1199 1897 quia
1221 1822 1333 1894 jam
1381 1820 1649 1894 progressi
1676 1819 1897 1891 spiritus
1922 1824 2069 1874 sunt.

600 1918 785 1976 XVIII.
842 1918 950 1976 Sed
982 1919 1083 1974 ista
1140 1916 1354 1987 plenius
1404 1923 1591 1987 postea
1639 1912 1819 1983 (Rom.
1869 1926 1953 1979 ιιι,
1987 1910 2128 1982 36):

533 2018 788 2086 Quoniam
818 2026 880 2072 ea:
900 2018 1046 2088 ipso;
1073 2022 1122 2070 et
1152 2028 1242 2087 per
1274 2013 1477 2084 ipsum,
1508 2019 1552 2066 et
1592 2010 1645 2064 in
1687 2009 1800 2081 ipso
1826 2008 2017 2063 ontnia.
2056 2005 2135 2061 Ea:

530 2113 681 2185 ipso:
712 2111 927 2176 dicitur,
952 2118 1007 2164 ut
1036 2112 1102 2163 de
1133 2117 1321 2178 patre:
1357 2102 1457 2160 Per
1478 2105 1689 2175 ipsum:
1719 2112 1772 2157 ut
1798 2102 1865 2157 de
1885 2100 2130 2156 Christo:

531 2202 598 2260 In
627 2205 738 2278 ipso
759 2245 774 2272 ,
823 2210 880 2258 ut
903 2201 971 2258 de
1001 2201 1204 2273 Spiritu
1232 2209 1439 2255 saneto.
1470 2194 1611 2254 Alibi
1642 2204 1818 2251 autem
1862 2195 1940 2249 sic
1963 2193 2091 2249 dicit
2117 2211 2130 2249 :

528 2297 587 2355 In
615 2299 765 2369 ipso,
814 2310 910 2368 per
938 2296 1135 2367 ipsum,
1166 2291 1233 2348 ad
1259 2292 1457 2363 ipsum.
1495 2289 1650 2358 Quod
1698 2289 1837 2345 Deus
1884 2286 2135 2344 Christus

528 2392 705 2465 (Rom.
738 2407 790 2448 ιι
811 2433 824 2459 ,
850 2390 905 2461 5)
931 2409 943 2445 :
980 2387 1066 2445 Ex
1093 2389 1272 2461 quibus
1311 2384 1543 2441 Christus
1572 2386 1848 2440 secundant
1896 2396 2129 2447 carnem,

527 2489 616 2558 qui
637 2498 709 2544 est
732 2502 885 2558 super
915 2502 1089 2541 ontnes
1126 2482 1266 2540 Deus
1294 2482 1585 2539 benedictus
1612 2498 1704 2553 per
1730 2480 1902 2535 omnia
1946 2478 2135 2535 sarcula

527 2580 854 2637 saeculorum.
914 2578 995 2636 Ad
1023 2577 1268 2635 Corinth.
1329 2579 1496 2650 prima
1550 2580 1565 2638 l
1599 2574 1621 2631 1
1652 2575 1773 2631 Cor.
1809 2590 1844 2630 tt
1870 2616 1884 2640 ,
1935 2572 2028 2646 h):
2069 2571 2133 2628 Si

529 2678 663 2731 enim
692 2676 1072 2747 cognovissent,
1112 2689 1368 2745 nunquam
1394 2671 1672 2727 Dominum
1713 2670 1993 2736 maiestatis
2016 2683 2134 2721 cru-

525 2768 825 2837 ciﬁxissetit.
857 2766 1012 2838 Quod
1061 2764 1345 2834 Christus,
1398 2764 1554 2819 sicuti
1606 2761 1781 2830 Deus;
1831 2758 2134 2830 incompre-

527 2860 845 2928 hensibilis,
904 2870 996 2916 aut
1049 2859 1137 2914 vix
1191 2855 1694 2928 comprehensibilis
1746 2860 1870 2920 est,
1932 2850 2028 2908 sed
2080 2862 2134 2908 et

526 2951 980 3026 quemadmodum
1009 2950 1215 3007 dictum
1257 2960 1342 3006 est
1389 2948 1593 3023 (lbid.,
1644 2945 1738 3020 9):
1790 2946 1918 3015 Qua:
1955 2944 2132 2999 oculus

526 3064 628 3104 non
658 3046 813 3112 vidit,
863 3062 979 3121 qua:
1020 3046 1159 3102 auris
1210 3061 1311 3100 non
1338 3042 1566 3111 audiuit,
1600 3050 1650 3096 et
1689 3040 1743 3095 in
1772 3055 1861 3094 cor
1912 3036 2133 3092 hominis

527 3159 629 3198 non
652 3141 992 3196 ascenderunt
1020 3183 1035 3208 ,
1064 3155 1179 3210 qua:
1209 3137 1518 3212 prrepnravit
1546 3132 1685 3191 Deus
1706 3132 2035 3206 diligentibus
2056 3147 2129 3187 se.

2235 513 2283 559 et
2310 504 2581 562 divisiones
2618 511 2972 582 operationum
3001 522 3116 569 sunt
3134 557 3150 583 ,
3181 515 3317 571 idem
3343 526 3507 573 autent
3534 516 3684 587 Deus,
3708 524 3772 591 qui

2237 601 2408 654 omnia
2435 600 2486 656 in
2515 604 2750 660 omnibus
2776 614 3038 676 aperatur.
3080 609 3136 668 Si
3169 609 3329 683 igitur
3353 613 3404 667 in
3432 614 3609 684 spiritu
3633 615 3773 674 nullus

2235 693 2364 751 dicit
2408 696 2703 754 Anatltema
2751 694 2912 768 Jest‘t,
2970 702 3085 775 ipse
3124 712 3210 761 est
3234 707 3451 778 spiritus
3491 715 3543 764 et
3589 709 3702 779 Dei,
3737 723 3778 769 et

2236 785 2407 841 sancti
2438 787 2689 859 Spiritus.
2728 788 2801 847 De
2829 808 2935 864 quo
2978 794 3119 851 idem
3164 796 3305 853 istud
3338 798 3496 855 dicit:
3544 790 3604 855 Et
3641 804 3777 860 nullus

2237 888 2400 949 potest
2433 881 2601 936 dicere
2632 881 2911 939 Dominum
2941 884 2975 940 .I
2983 902 3124 942 esum
3153 929 3167 956 ,
3195 890 3295 944 nisi
3324 890 3375 945 in
3404 890 3595 961 Spiritu
3617 906 3774 951 sancto.

2237 971 2507 1029 Praeterea
2537 972 2768 1047 amplius
2799 976 2939 1034 istud
2971 979 3101 1035 dicit
3131 981 3274 1052 quod
3302 980 3585 1042 divisiones
3619 989 3780 1056 gratia-

2239 1081 2358 1123 rum
2389 1082 2419 1122 a
2444 1068 2633 1140 spiritu
2684 1080 2807 1127 sunt
2836 1114 2852 1141 ,
2884 1087 2914 1127 a
2962 1072 3072 1129 Deo
3100 1074 3314 1147 quidem
3341 1080 3521 1149 gratia:
3547 1122 3561 1145 ,
3603 1076 3779 1137 divisio-

2240 1175 2338 1216 nes
2366 1170 2545 1217 autetn
2579 1178 2609 1217 ιι
2639 1164 2866 1235 spiritu;
2901 1168 2952 1222 in
2981 1167 3249 1225 actionem
3291 1173 3432 1225 enim
3463 1172 3563 1227 alia
3591 1175 3780 1231 existen-

2239 1255 2313 1310 tia
2364 1256 2596 1327 Spiritus
2625 1268 2843 1317 sanctus
2869 1304 2883 1328 ,
2940 1262 2991 1317 in
3033 1262 3327 1321 substantia
3370 1262 3782 1341 ὁμοοῦσιον,ῳιο-

2240 1351 2384 1405 niam
2414 1350 2649 1421 Spiritus
2694 1363 2916 1411 sanctus
2944 1356 3082 1412 sicut
3112 1366 3165 1412 et
3192 1357 3545 1414 ministerium
3577 1356 3782 1416 Domini:

2238 1442 2355 1514 ipse
2380 1447 2578 1501 etenim
2606 1447 2797 1503 dividit
2823 1448 3121 1505 ministeria
3151 1451 3202 1505 in
3225 1452 3539 1522 operatiOne
3559 1455 3665 1509 vita:
3687 1468 3784 1524 cpe-

2237 1550 2364 1592 rans
2383 1580 2397 1604 ,
2425 1546 2481 1595 et
2510 1540 2623 1611 ipse
2675 1541 2729 1596 in
2757 1542 3057 1599 substantia
3081 1558 3179 1599 sua
3228 1544 3520 1602 secundum
3564 1549 3787 1619 operatio.

2238 1645 2360 1686 nem
2389 1630 2530 1687 vine.
2569 1632 2626 1688 In
2672 1633 2970 1690 substantia
3020 1645 3196 1692 autem
3227 1635 3512 1713 ὃμοοῦσιος.
3542 1636 3680 1707 Quod
3705 1640 3789 1711 spi-

2239 1724 2372 1780 ritus
2403 1734 2455 1779 ει
2504 1728 2847 1797 operationes
2874 1742 2904 1781 a
2938 1726 3067 1785 Deo.
3098 1729 3454 1801 Operationcs
3482 1743 3648 1788 autem
3677 1735 3789 1788 titul-

2158 1814 2209 1881 B
2238 1821 2307 1873 tae
2331 1860 2345 1885 ,
2372 1817 2465 1874 sed
2488 1820 2539 1874 in
2568 1819 2817 1878 omnibus
2848 1821 2987 1877 idem
3026 1823 3187 1879 Deus.
3218 1822 3405 1881 Diﬂ’ert
3434 1835 3606 1881 autem
3638 1824 3784 1894 Deus,

2238 1908 2379 1983 quod
2410 1912 2525 1982 ipse
2568 1914 2691 1969 facit
2719 1913 3012 1971 divisiones
3039 1917 3414 1987 operationum
3443 1961 3459 1986 ,
3505 1918 3616 1990 ipse
3643 1929 3787 1975 tamen

2238 2005 2289 2060 in
2313 2004 2563 2063 omnibus
2596 2009 2776 2063 omnia
2805 2024 3071 2081 operans;
3108 2011 3280 2082 ipsum
3309 2015 3455 2069 enim
3487 2029 3604 2069 esse
3631 2029 3789 2083 opera-

2237 2098 2400 2155 tionis
2439 2115 2604 2155 rausa
2643 2117 2761 2157 cum
2805 2104 2912 2173 sit,
2945 2106 3315 2175 Operationum
3344 2106 3633 2163 divisiones
3660 2108 3791 2173 iarit,

2236 2201 2291 2250 et
2340 2193 2455 2264 ipse
2507 2193 2647 2251 Deus
2691 2194 2845 2266 juxta
2894 2197 3251 2254 substantiam
3304 2200 3531 2270 Spiritus
3592 2210 3698 2253 cum
3741 2198 3794 2253 sit

2236 2283 2511 2360 ὁμοούσιον
2557 2288 2785 2355 aetioni,
2828 2295 3010 2346 omnia
3036 2307 3165 2362 ergo
3193 2292 3295 2347 tria
3343 2294 3557 2349 actione
3588 2290 3794 2367 ὁμοοόσια

2236 2388 2291 2436 ει
2318 2380 2614 2435 substantia
2644 2380 2917 2456 ὁμοούσια.
2960 2385 3114 2454 Quod
3140 2387 3323 2441 omnia
3353 2387 3461 2441 tria
3505 2386 3795 2457 spiritus,et

2236 2473 2378 2547 quod
2411 2491 2441 2530 a
2472 2487 2622 2545 patre
2646 2475 2879 2550 Spiritus
2907 2497 2922 2534 :
2954 2492 2985 2535 a
3017 2490 3167 2550 patre
3190 2481 3516 2537 substantia.

2310 2561 2453 2623 XIX.
2489 2569 2642 2637 Quod
2693 2570 2939 2628 Christus
2966 2573 3073 2628 vita
3128 2584 3251 2643 est,
3285 2583 3341 2631 et
3385 2573 3532 2647 qttod
3576 2575 3793 2647 Spiritus,

2237 2658 2438 2717 dictum
2470 2662 2792 2734 εει(.1οιιηη.
2827 2681 2913 2722 xu
2939 2708 2954 2733 ,
2988 2663 3115 2739 65):
3142 2666 3369 2738 Spiritus
3394 2678 3568 2722 autem
3595 2668 3795 2738 riviﬁcat.

2237 2754 2307 2811 Et
2351 2754 2422 2813 lbi
2454 2772 2666 2813 rursum
2710 2757 2839 2814 dicit
2867 2759 2886 2831 (
2910 2757 2952 2814 II
2993 2756 3111 2814 Cor.
3148 2774 3235 2827 ιιι,
3272 2760 3401 2831 l7):
3459 2758 3693 2814 Dominus
3725 2774 3799 2811 au—

2237 2862 2334 2905 tem
2364 2850 2578 2922 spiritus
2621 2860 2712 2906 est.
2744 2851 2899 2921 Quod
2928 2851 3174 2909 Christus
3203 2853 3271 2910 de
3317 2852 3437 2911 Deo
3463 2900 3478 2923 ,
3516 2870 3619 2911 non
3658 2870 3713 2909 ex
3738 2852 3800 2907 Itis

2236 2957 2356 3012 quae
2389 2957 2493 2997 non
2526 2952 2651 2999 sunt
2678 2950 2695 3017 (
2721 2942 2763 2998 Il
2792 2943 2909 3000 Cor.
2948 2961 3022 3014 tv,
3054 2943 3145 3019 4):
3184 2944 3252 3002 Ut
3282 2962 3384 3003 non
3422 2949 3694 3022 splenderet
3718 2947 3798 3000 illis

2235 3034 2545 3090 illuminatio
2579 3036 2841 3111 Evangelii
2867 3039 3046 3111 gloriae
3068 3040 3282 3109 Christi,
3310 3044 3401 3110 qui
3423 3053 3496 3098 est
3527 3044 3685 3114 imago
3711 3038 3797 3095 Dei.

2235 3124 2291 3182 Si
2321 3127 2499 3199 imago
2534 3129 2627 3186 Dei
2662 3130 2903 3187 Christus
2948 3131 3015 3187 de
3048 3131 3159 3188 Deo
3189 3131 3464 3191 Christus.
3496 3133 3667 3205 Imago
3684 3136 3797 3189 enim

526 3230 730 3291 Deinde
780 3228 951 3301 dicit,
1006 3232 1149 3305 quod
1193 3232 1441 3304 intelligit
1481 3231 1581 3287 ista
1610 3227 1772 3300 (Ibid.
1812 3224 1935 3299 It):
1980 3223 2127 3284 Sicut
2154 3218 2203 3289 C
2236 3221 2540 3295 imaginalis
2584 3224 2779 3297 imago.
2837 3225 3144 3299 Imaginalis
3193 3237 3375 3286 autem
3437 3230 3614 3297 Deus;
3661 3233 3800 3299 imago

525 3331 736 3399 spiritus
761 3329 980 3384 hominis
1006 3347 1064 3385 ea
1094 3344 1209 3400 qua:
1229 3330 1278 3383 in
1307 3328 1512 3383 homine
1538 3370 1551 3392 ,
1585 3328 1659 3381 sic
1687 3334 1734 3381 et
1764 3342 1822 3380 ea
1848 3338 1963 3397 quae
1993 3322 2126 3390 Dei,

526 3423 739 3495 spiritus
759 3422 873 3478 Dei.
893 3422 950 3479 Si
978 3423 1044 3480 de
1066 3423 1280 3479 Christo
1310 3420 1408 3478 ista
1437 3421 1587 3487 dicit,
1613 3420 1697 3476 his
1719 3426 1960 3491 apparet,
1986 3420 2127 3490 quod

525 3531 633 3573 non
682 3527 763 3573 est
794 3516 949 3573 facile
1003 3518 1142 3574 scire
1167 3515 1571 3589 generationem
1620 3514 1735 3571 lilii.
1766 3512 1900 3570 Nam
1954 3528 2130 3584 neque

524 3616 644 3673 νοῦς
698 3610 925 3682 percipit
975 3609 1069 3666 Dei
1112 3609 1310 3677 lilium,
1359 3623 1460 3665 nec
1506 3607 1720 3664 modum
1766 3605 2130 3680 generationis

527 3706 669 3761 scire
701 3712 896 3776 potest.
948 3703 1003 3760 Si
1035 3713 1213 3760 antetn
1246 3702 1313 3759 de
1346 3703 1628 3774 praesentia
1678 3700 1797 3772 ejus
1819 3745 1833 3770 ,
1881 3711 1935 3756 et
1986 3700 2127 3755 istud

525 3814 686 3870 supra
730 3800 943 3856 oculum
970 3842 985 3866 ,
1037 3812 1197 3870 supra
1243 3797 1522 3865 auditum,
1556 3806 1714 3869 supra
1744 3803 1862 3853 νοῦν
1914 3804 2015 3852 εει.
2070 3794 2126 3852 Si

525 3906 704 3949 antem
730 3934 744 3960 ,
778 3901 835 3947 ut
860 3891 1076 3964 quidam
1104 3889 1450 3963 intelligunt,
1485 3890 1614 3947 dicit
1660 3891 1760 3947 ista
1792 3890 1860 3947 de
1900 3888 1982 3945 his
2008 3904 2128 3961 qua:

525 3987 851 4060 pra-paravit
905 3985 1045 4043 Deus
1084 3984 1431 4058 diligentibus
1481 3985 1696 4058 ipsum:
1747 3984 1913 4040 tmtlto
1959 3982 2129 4053 magis

525 4083 789 4139 mirabilis
817 4093 899 4138 est
937 4082 1217 4153 generatio
1242 4124 1257 4148 ,
1303 4098 1358 4138 et
1384 4082 1474 4137 vix
1510 4078 2036 4149 comprehensibilis.
2071 4077 2128 4133 Si

525 4179 625 4235 ista
652 4179 730 4234 sic
755 4178 871 4234 sine
898 4174 1170 4233 intellectu
1193 4184 1318 4232 sunt
1338 4219 1353 4243 ,
1378 4174 1503 4247 quid
1530 4191 1597 4231 ex
1628 4172 1710 4229 his
1732 4185 1899 4246 queas
1921 4172 2125 4239 dicere,

525 4272 594 4329 ab
627 4270 714 4330 his
743 4287 863 4344 qua:
890 4282 998 4327 nott
1041 4278 1169 4328 sunt
1193 4313 1207 4337 ,
1251 4285 1373 4327 esse
1399 4269 1674 4326 Christum
1704 4278 1824 4336 aut,
1856 4273 1950 4323 aut
1980 4265 2127 4322 simi-

525 4366 596 4424 lis
618 4366 916 4425 substantia
944 4378 1026 4422 est
1070 4364 1359 4421 Christus?
1385 4361 1906 4435 Comprehensibilia
1957 4371 2010 4418 et
2035 4350 2131 4417 de-

527 4459 696 4515 linita.
727 4461 793 4515 At
819 4474 947 4515 vero
977 4473 1099 4515 esse
1153 4456 1421 4534 ὁμοούσιον
1475 4471 1579 4512 non
1608 4455 1781 4512 solum
1825 4455 2132 4525 incompre-

524 4552 788 4608 hensibile
813 4595 828 4621 ,
881 4564 935 4609 et
962 4552 1121 4610 habet
1145 4550 1602 4609 contradictiones
1630 4550 1845 4606 multas.
1894 4549 1951 4607 Si
1979 4549 2124 4604 enim

2234 3332 2363 3388 ergo
2392 3316 2659 3375 Christus.
2714 3318 2818 3376 Sed
2852 3322 3029 3393 imago
3085 3323 3389 3394 imaginalis
3436 3324 3613 3397 imago
3635 3331 3800 3385 est,et

2233 3412 2375 3483 quod
2408 3412 2692 3483 imaginnle
2715 3426 2795 3472 est
2826 3417 3138 3489 principale.
3167 3419 3346 3489 Imago
3374 3434 3556 3477 autem
3582 3416 3798 3482 secunda,

2233 3515 2287 3561 et
2318 3503 2461 3562 aliud
2509 3508 2804 3564 secundum
2835 3511 3189 3567 substantiam
3241 3512 3310 3569 ab
3361 3529 3429 3569 co
3465 3514 3605 3587 quod
3649 3512 3802 3583 imagi-

2235 3598 2377 3655 nale.
2411 3598 2515 3656 Sed
2567 3618 2672 3658 tton
2714 3602 3063 3676 Intelligimus
3108 3605 3178 3660 ibi
3231 3607 3526 3677 imaginem
3579 3609 3717 3663 sicuti
3758 3605 3797 3658 in

2233 3694 2598 3752 sensibilibus.
2630 3694 2727 3752 IIie
2779 3699 2923 3753 enim
2957 3714 3059 3756 nec
3086 3700 3447 3757 substantiam
3481 3701 3792 3773 intelligimus

2232 3788 2519 3861 imaginem
2545 3802 2558 3843 :
2592 3790 2779 3849 umbra
2805 3794 2949 3848 enim
2994 3795 3238 3866 quaedam
3269 3804 3355 3851 est
3386 3798 3441 3851 in
3470 3812 3631 3861 aere,
3659 3795 3793 3848 autin

2231 3898 2371 3955 aqua
2418 3894 2513 3955 per
2541 3885 2811 3957 qdoddant
2862 3887 3143 3958 corporale
3191 3887 3374 3945 lumen
3419 3889 3705 3962 corporalis
3742 3883 3803 3940 el—

2232 3972 2467 4035 lluentize
2500 3994 2596 4052 per
2640 3976 2989 4037 reﬂexionem
3021 3983 3186 4053 tigura
3217 4030 3230 4050 ,
3265 3981 3383 4053 ipsa
3434 3999 3533 4054 per
3562 3994 3718 4038 semet
3742 3979 3803 4034 ni-

2233 4072 2307 4129 hil
2334 4117 2346 4140 ,
2378 4088 2476 4131 nec
2508 4075 2707 4146 proprii
2739 4083 2916 4131 motus
2936 4119 2951 4144 ,
2981 4075 3280 4147 intaginalis
3303 4077 3485 4132 solum
3516 4072 3796 4135 subSIantia,

2233 4180 2407 4241 neque
2436 4182 2636 4241 corpus
2659 4213 2672 4237 ,
2708 4184 2884 4242 neque
2910 4186 3161 4240 sensum,
3213 4182 3391 4244 neque
3429 4170 3799 4244 intelligentiam

2235 4262 2470 4334 habens,
2505 4274 2559 4322 et
2603 4265 2784 4323 ablato
2810 4277 2901 4322 aut
2938 4267 3153 4324 turbato
3185 4270 3236 4324 in
3264 4284 3372 4340 quo
3402 4268 3677 4341 ﬁguratum
3704 4272 3799 4326 est.

2232 4359 2453 4416 omnino
2487 4359 2616 4415 nihil
2646 4373 2696 4417 et
2731 4376 2995 4434 nusquam
3026 4371 3130 4418 est.
3172 4363 3294 4420 Alio
3325 4364 3494 4434 igitur
3519 4361 3670 4420 modo
3693 4356 3796 4414 dici-

2234 4469 2354 4513 mus
2376 4454 2648 4513 Christum
2679 4458 2967 4530 imaginem
2997 4457 3090 4514 Dei
3122 4472 3243 4515 esse
3266 4499 3281 4525 ,
3325 4459 3562 4529 primum
3592 4471 3731 4519 esse.
3761 4461 3801 4507 (τι

2233 4566 2330 4623 per
2358 4560 2531 4608 semet
2577 4564 2736 4620 eSse;
2788 4562 2842 4609 et
2868 4569 2989 4625 qua:
3025 4554 3096 4610 sit
3150 4552 3464 4624 intelligens
3494 4570 3646 4619 esse;
3678 4549 3799 4607 etii-

526 4640 791 4716 ὁμοούσιος
833 4654 887 4702 ει
937 4647 1052 4718 ipse
1111 4646 1417 4718 ingenitus:
1457 4642 1802 4718 εἱόμοούσιος
1854 4638 2124 4714 quomodo

2236 4657 2444 4704 ventem
2475 4645 2706 4705 dit-imus
2738 4648 3023 4720 imaginem
3047 4692 3062 4717 ,
3101 4660 3154 4706 et
3187 4647 3601 4706 virelaeientem
3622 4689 3636 4716 ,
3663 4655 3709 4702 ει
3728 4658 3796 4699 se-

525 4736 683 4802 alter,
716 4738 988 4806 quomodo
1016 4738 1152 4794 alius
1180 4747 1354 4811 pater,
1383 4736 1520 4793 alios
1546 4735 1719 4791 illius?
1749 4735 1805 4793 Si
1835 4734 2123 4809 όμοούσιος,

524 4828 798 4899 quomodo
837 4828 975 4885 alius
1006 4845 1196 4902 passus
1239 4839 1356 4901 εει,
1381 4829 1519 4886 alius
1548 4827 1696 4885 non?
1724 4829 1801 4884 Ex
1847 4828 1951 4883 isto
1982 4827 2125 4882 enim

525 4923 930 4994 Patripassiani.
980 4926 1088 4982 Sed
1134 4928 1389 4999 quoniam
1445 4930 1536 4987 Dei
1586 4929 1860 4988 voluntate
1899 4926 2116 5002 inquirit

523 5017 705 5072 omnia
731 5059 746 5085 ,
779 5026 833 5073 et
863 5034 923 5072 ea
955 5034 1072 5089 qua:
1118 5018 1209 5077 Dei
1231 5063 1246 5090 ,
1295 5022 1529 5094 Spiritus
1571 5024 1660 5097 qui
1694 5026 1744 5081 in
1786 5024 1943 5083 nobis
1974 5024 2127 5081 inha-

524 5111 701 5181 bitat,
736 5112 1039 5169 invenietur
1069 5115 1260 5172 modus
1285 5116 1480 5174 divinas
1523 5119 1922 5192 generationis,
1968 5119 2123 5192 juxta

521 5223 679 5277 quem
701 5216 755 5263 ει
770 5205 1045 5283 όμοούσιος
1065 5206 1571 5280 manifestabitur,et
1585 5213 1671 5270 illa
1686 5216 2127 5272 esterminabun-

527 5314 612 5360 tur
632 5304 673 5378 (I
693 5305 813 5362 Cor.
845 5320 901 5370 ιι,
944 5305 1034 5380 1‘2)
1054 5325 1066 5362 :
1088 5305 1197 5362 Nos
1224 5308 1358 5363 enim
1378 5312 1666 5380 accepimus
1687 5328 1789 5367 non
1822 5312 2002 5368 mundi
2019 5313 2126 5384 spi-

522 5400 716 5468 ritum,
750 5399 841 5454 sed
864 5396 981 5455 Dei.
1010 5399 1163 5471 Quod
1190 5400 1332 5458 idem
1363 5404 1585 5472 Spiritus
1621 5404 1764 5461 Deus
1792 5416 1846 5460 et
1872 5404 2121 5462 Christus

521 5505 627 5562 est,
652 5506 701 5551 et
724 5505 943 5552 sanctus
971 5497 1222 5568 Spiritus,
1267 5506 1322 5554 ct
1349 5497 1489 5554 idem
1518 5515 1653 5555 unus
1671 5500 1889 5573 spiritus
1920 5499 1972 5573 (I
1995 5501 2114 5558 Cor.

524 5603 618 5655 xu,
655 5588 808 5662 5-6):
842 5585 1065 5662 Propter
1093 5592 1229 5662 quod
1270 5602 1445 5657 notum
1475 5592 1610 5648 robis
1641 5594 1775 5667 facio
1797 5635 1813 5663 ,
1840 5592 1980 5666 quod
2010 5596 2124 5650 ttul-

524 5680 603 5735 lus
631 5682 683 5736 in
714 5683 899 5749 spiritu
929 5685 1024 5740 Dei
1050 5685 1174 5742 dicit
1197 5729 1212 5756 ,
1240 5687 1514 5743 anathema
1536 5682 1687 5743 Jesu.
1723 5687 1789 5744 Et
1835 5690 2005 5746 nullus
2031 5707 2125 5761 po-

533 5780 627 5826 test
654 5773 820 5830 dicere
834 5774 1109 5834 Dominum
1136 5776 1346 5851 Iesum,
1380 5782 1478 5837 nisi
1509 5781 1769 5854 inSpiritu
1802 5792 1996 5839 sancto.
2028 5783 2127 5840 Di-

532 5862 757 5920 uisiones
804 5877 977 5923 autem
1020 5873 1305 5944 gratiarum
1348 5885 1499 5957 sunt,
1533 5876 1666 5949 idem
1695 5879 2127 5953 atttemspiritus;

2233 4758 2356 4798 men
2388 4743 2628 4798 omnium
2658 4757 2779 4813 qua:
2799 4753 2926 4799 sunt
2952 4762 2964 4797 :
2988 4744 3137 4819 λόγος
3159 4744 3299 4800 enim
3330 4759 3429 4817 per
3453 4760 3609 4814 quem
3631 4738 3795 4801 omnia,

2232 4848 2287 4895 et
2307 4838 2423 4895 sine
2451 4838 2555 4894 isto
2583 4839 2734 4895 nihil.
2766 4837 2872 4895 Sed
2907 4839 3010 4895 ista
3040 4839 3222 4896 omnia
3251 4840 3416 4897 etiam
3453 4840 3564 4896 Deo
3586 4837 3796 4894 attributa

2233 4944 2398 4990 sunt:
2432 4949 2559 5003 ergo
2590 4934 2856 5008 όμοούσιοι
2904 4933 3044 4990 Deus
3070 4944 3125 4990 et
3151 4935 3322 5012 λόγος.
3357 4936 3423 4991 Et
3473 4951 3639 5007 quare
3662 4933 3799 4996 imago

2234 5027 2329 5084 Dei
2373 5026 2565 5105 λόγοςῖ
2621 5027 2883 5097 ρυιιιιῑίιιιι
2935 5029 3078 5086 Deus
3131 5028 3186 5085 in
3214 5030 3429 5086 occulto
3456 5073 3472 5098 ,
3521 5031 3573 5085 in
3603 5022 3797 5100 potentia

2233 5121 2415 5190 enim;
2443 5121 2589 5198 λόγος
2638 5130 2813 5177 autem
2863 5121 2916 5177 in
2956 5122 3457 5179 manilesto:aetio
3483 5122 3624 5180 enim
3669 5128 3799 5188 ;qum

2233 5215 2375 5271 actio
2407 5215 2613 5272 habens
2642 5217 2826 5272 omnia
2855 5230 2978 5287 qua:
3004 5223 3131 5270 sunt
3177 5218 3230 5270 in
3279 5216 3523 5288 potentia
3547 5258 3563 5285 ,
3608 5215 3735 5272 vita.
3758 5214 3799 5260 ei

2230 5310 2616 5383 cognoscentia
2644 5309 2941 5366 secundum
2973 5318 3181 5365 motum
3221 5307 3471 5380 producit
3501 5319 3555 5366 et
3586 5301 3796 5363 manifes-

2229 5413 2306 5460 tat
2339 5405 2521 5461 omnia
2546 5423 2559 5458 :
2595 5412 2812 5476 propter
2833 5402 2976 5476 quod
3005 5402 3189 5459 omnia
3217 5419 3337 5475 qua:
3357 5410 3491 5457 sunt
3515 5402 3567 5457 in
3600 5390 3794 5470 potentia

2230 5499 2405 5570 imago
2433 5507 2517 5554 est
2564 5498 2736 5565 actio,
2771 5497 3058 5569 unicuique
3100 5510 3290 5552 eorum
3330 5510 3455 5566 qua:
3500 5494 3555 5550 in
3602 5482 3797 5562 potentia

2233 5603 2359 5650 sunt
2386 5593 2625 5665 speciem
2670 5592 2996 5664 perticiens,
3027 5598 3084 5647 et
3135 5591 3369 5648 existens
3421 5605 3520 5660 per
3544 5592 3731 5645 semet,
3773 5589 3794 5627 a

2237 5687 2405 5743 nihilo
2435 5686 2579 5744 enim
2621 5686 2769 5742 nulla
2799 5684 3124 5742 substantia.
3158 5683 3331 5740 Omne
3358 5683 3508 5739 enim
3551 5693 3665 5738 esse
3686 5678 3794 5729 inse-

2238 5781 2536 5853 parabilem
2561 5781 2796 5852 spcciem
2822 5779 2982 5837 habet
3008 5797 3023 5846 ;
3062 5779 3233 5852 magis
3258 5787 3435 5834 autem
3467 5777 3581 5849 ipsa
3604 5768 3790 5844 SperiCS.

2247 5876 2365 5950 ipsa
2415 5874 2715 5949 Substantia
2737 5886 2857 5934 est:
2892 5889 2998 5934 non
3025 5872 3169 5948 quod
3197 5873 3342 5948 prius
3396 5872 3471 5931 sit
3495 5871 3563 5929 ab
3601 5884 3660 5928 eo
3683 5857 3791 5938 quod
