4024 6306
352 302 493 362 1055

1460 384 1463 385 ί
1534 307 1903 367 ADVERSUS
1942 300 2159 367 ARIUM
2201 306 2404 366 LIBER
2447 310 2483 366 l.

3519 315 3533 366 l
3549 311 3581 367 0
3592 308 3657 369 Ἡ

346 434 431 480 εει
458 436 581 482 esse
606 427 813 495 species
836 469 851 491 ,
892 425 985 483 sed
1015 426 1156 499 quod
1187 428 1463 484 deﬁnitum
1496 426 1622 485 facit
1647 431 1857 501 Species
1887 424 1949 485 il-
1973 430 2024 492 Α
2052 430 2180 502 quid
2207 432 2328 488 est?
2354 440 2409 487 et
2437 428 2563 504 quid
2602 440 2683 486 est
2728 429 2796 486 od
2841 429 3112 486 nostram?
3153 430 3353 486 Dt-iude
3402 429 3502 486 hoc
3529 429 3656 501 quid

349 515 440 574 lttd
465 560 480 584 ,
510 516 652 589 quod
678 524 761 575 est
791 534 911 576 esse
959 520 1189 592 species.
1222 520 1432 578 Etenim
1481 520 1625 594 quod
1655 531 1739 579 est
1788 539 1909 579 esse
1931 564 1948 589 ,

349 626 512 669 causa
538 621 622 668 est
676 613 874 684 speciei
906 629 1028 671 esse
1056 614 1108 670 in
1137 630 1204 672 eo
1228 659 1243 683 ,
1272 610 1415 688 quod
1444 614 1566 673 esse
1595 624 1698 671 est.
1731 616 1797 672 Et
1828 614 1951 672 ideo

350 705 493 777 quod
560 696 645 762 est
692 721 851 774 esse,
906 717 1061 779 pater
1111 720 1215 765 est.
1281 708 1436 779 Quod
1483 712 1731 781 species,
1785 709 1946 767 ﬁlius.

348 798 558 856 Rursu’s
588 799 729 871 quod
777 799 950 873 ipsum
1002 800 1146 874 quod
1173 814 1255 859 est
1307 820 1458 870 esse,
1488 816 1706 876 praestat
1750 805 1949 876 speciei

348 892 522 966 ipsqu
553 894 694 965 quod
725 890 808 952 est
834 911 954 952 esse
979 915 992 952 :
1018 913 1139 953 esse
1166 906 1346 954 autem
1389 897 1630 970 speciei,
1663 899 1838 971 imago
1866 908 1951 957 est

349 987 465 1060 ejus
487 984 729 1059 quodest
753 1004 896 1047 esse.
927 988 1079 1057 Quod
1107 998 1193 1048 εει
1231 990 1384 1063 juxta
1402 1008 1617 1048 causam
1646 1010 1658 1046 :
1708 988 1947 1049 Primum

348 1080 491 1154 quod
522 1089 607 1138 est
631 1097 752 1138 esse
800 1081 1064 1159 ὃμοούσιον
1086 1125 1103 1153 ,
1146 1100 1276 1155 ergo
1300 1101 1422 1142 esse
1459 1087 1590 1157 ipsis
1620 1085 1828 1142 duobus
1848 1129 1863 1153 ,
1896 1094 1951 1142 et

349 1173 645 1231 secunltnn
683 1183 804 1231 esse
853 1177 1028 1247 imago
1057 1185 1141 1233 est
1171 1178 1325 1248 primi
1356 1194 1477 1235 esse
1520 1180 1634 1236 sine
1666 1189 1907 1249 tempore
1934 1198 1949 1237 :

351 1267 581 1340 primum
616 1275 670 1324 ει
696 1268 993 1326 secundum
1020 1269 1143 1326 dico
1169 1269 1324 1342 juxta
1376 1288 1619 1329 causam.
1652 1266 1808 1331 Aliud
1841 1274 1949 1331 alio

351 1362 417 1419 ad
439 1361 612 1434 ipsam
634 1363 776 1435 quod
793 1362 1019 1422 estesse
1041 1374 1193 1438 pater
1213 1376 1266 1422 ει
1285 1364 1446 1423 ﬁlius.
1466 1368 1617 1437 Quod
1640 1379 1816 1426 autem
1841 1384 1948 1425 non

349 1462 646 1514 retrorsum
690 1466 888 1526 eausa,
940 1460 1145 1517 idcirco
1175 1470 1331 1535 pater
1385 1471 1538 1533 pater
1562 1505 1576 1530 ,
1632 1475 1686 1520 et
1717 1464 1856 1521 ﬁlius
1888 1464 1951 1519 ti-

349 1550 474 1608 lius.
505 1544 563 1608 in
592 1568 660 1610 eo
684 1562 861 1610 autem
893 1555 1035 1626 quod
1063 1571 1184 1613 esse
1213 1568 1335 1623 est,
1389 1556 1549 1614 ambo
1579 1558 1737 1615 simul
1782 1567 1908 1615 sunt
1929 1600 1946 1627 ,

347 1650 402 1703 et
430 1654 648 1719 semper
680 1649 839 1705 ambo
864 1692 879 1714 ,
911 1650 1182 1725 ὁμοούσιον
1202 1651 1353 1723 juxta
1381 1652 1523 1726 quod
1553 1663 1637 1711 est
1671 1671 1791 1713 esse
1817 1696 1831 1722 ,
1864 1672 1950 1712 se—

347 1738 581 1795 cundum
613 1752 793 1796 autem
822 1743 962 1813 quod
1012 1752 1096 1799 est
1125 1746 1361 1813 potentia
1391 1754 1446 1802 et
1478 1745 1724 1815 actione,
1762 1758 1951 1820 polen-

2055 535 2170 591 cst;
2202 537 2249 581 et
2288 531 2445 602 juxta
2473 526 2896 583 similitudinem:
2941 528 3020 584 sic
3051 528 3191 583 enim
3225 526 3460 594 dictum,
3507 524 3659 582 dilic-

2055 619 2280 675 rcnliam
2305 616 2568 689 signiﬁcat
2601 630 2654 676 ct
2698 619 2948 691 imaginis
2974 630 3028 675 ει
3074 619 3462 675 similitudinis.
3498 608 3658 674 Multa

2052 726 2174 766 cum
2208 710 2279 767 sit
2319 712 2547 783 quwstitt
2587 712 2654 768 dc
2682 729 2787 783 qno
2813 712 3041 769 dixerit:
3089 710 3364 767 Faciamus
3404 698 3657 766 hominem

2043 804 2200 876 juxta
2248 804 2521 876 imaginem
2571 815 2829 875 nostram,
2881 804 3289 861 eottccdendttm
3326 821 3465 861 nunc
3512 803 3656 876 quid

2052 892 2119 953 de
2148 895 2328 953 anima
2377 896 2612 954 hominis
2633 941 2647 965 ,
2690 898 2805 955 sive
2830 898 2897 954 de
2926 898 3187 956 ambobus
3209 940 3224 966 ,
3270 897 3386 954 sive
3415 897 3557 954 enim
3588 890 3655 952 tle

2051 990 2164 1047 sola
2195 989 2371 1046 anima
2397 1033 2413 1059 ,
2464 986 2598 1047 nihil
2627 990 2771 1047 aliud
2821 991 3160 1064 intelligitur,
3193 991 3296 1047 nisi
3337 991 3404 1048 de
3443 990 3655 1048 anima:

2051 1084 2166 1156 ipsa
2196 1085 2337 1141 enim
2384 1084 2498 1141 sola
2527 1095 2609 1157 est
2633 1084 2781 1157 juxta
2815 1077 3101 1157 imaginem
3149 1084 3273 1153 hei,
3306 1094 3361 1142 ει
3399 1085 3548 1158 juxta
3579 1083 3655 1138 si-

2054 1178 2434 1236 militudinem.
2467 1179 2759 1251 Imaginem
2792 1179 3022 1235 dicimus
3046 1197 3167 1237 esse
3201 1179 3293 1236 Dei
3340 1178 3613 1235 Christum
3636 1221 3649 1245 ,

2052 1275 2228 1347 ipsum
2276 1284 2454 1331 autem
2485 1272 2650 1351 λόγον.
2684 1274 2845 1331 Juxta
2891 1274 3179 1347 imaginem
3229 1291 3359 1345 ergo
3393 1273 3487 1330 Dei
3533 1271 3652 1328 ani-

2052 1385 2197 1424 mum
2228 1365 2489 1435 dicimus,
2520 1366 2837 1424 rationalem
2882 1367 3144 1423 dicentes.
3191 1366 3308 1423 Non
3339 1367 3481 1423 enim
3510 1366 3655 1442 λὸγσς

2053 1462 2258 1529 anima,
2293 1461 2389 1519 sed
2417 1462 2728 1518 rationalis:
2774 1472 2827 1517 ct
2857 1462 2998 1533 qttod
3041 1468 3209 1517 totum
3242 1461 3348 1518 tita
3373 1460 3651 1516 Christus:

2052 1554 2231 1610 anima
2272 1566 2450 1611 autent
2500 1555 2660 1624 vivit,
2710 1555 2850 1627 quod
2909 1554 3014 1611 vita
3060 1555 3413 1611 substantiam
3467 1552 3650 1610 habet.

2050 1648 2205 1705 Juxta
2256 1646 2545 1719 imaginem
2588 1666 2716 1720 ergo
2775 1648 2868 1704 ilt-i
2921 1646 3430 1705 animazCltristns
3475 1660 3652 1703 autent

2057 1743 2172 1800 Dei.
2204 1743 2339 1812 Quid
2372 1748 2551 1799 autem
2594 1742 2950 1815 intelligimus
2998 1742 3100 1799 hoc
3122 1785 3137 1811 ,
3175 1745 3331 1817 juxta
3358 1740 3648 1797 similitudi-

347 1832 421 1887 lia
464 1842 637 1903 pater,
684 1836 898 1892 actione
947 1837 1107 1893 ﬁlius.
1139 1837 1305 1897 Natus
1332 1840 1493 1911 igitur
1520 1842 1662 1898 ﬁlius
1683 1887 1697 1912 ,
1741 1842 1946 1902 habms
1976 1835 2026 1897 B
2053 1855 2166 1894 nent
2186 1838 2212 1892 Ρ
2239 1836 2700 1907 Quemadmodum
2731 1837 2878 1912 λόγος
2901 1835 3198 1893 substantia
3226 1846 3308 1891 est
3328 1876 3342 1903 ,
3378 1833 3537 1890 sicuti
3564 1822 3658 1890 tle-

345 1924 398 1981 in
424 1923 636 1983 actione
682 1937 737 1983 et
791 1928 1159 1999 potentialiter
1205 1949 1328 1990 esse
1352 1976 1366 1998 ,
1397 1934 1550 1990 sicuti
1584 1937 1945 2006 potentialiter

343 2034 466 2076 esse
497 2018 659 2076 habet
682 2021 855 2092 ipsum
885 2023 1152 2080 actionem
1180 2024 1303 2084 esse
1353 2026 1405 2083 in
1443 2027 1734 2101 semetipso
1755 2075 1768 2095 ,
1799 2032 1942 2103 quod

343 2118 425 2167 εει
448 2112 808 2182 potentialiter
830 2130 971 2174 esse.
1003 2115 1183 2185 Ipsitm
1207 2129 1385 2178 autem
1415 2118 1612 2190 habet,
1645 2125 1941 2181 secundum

341 2202 672 2262 intellectum
701 2209 930 2282 accipite
950 2253 964 2273 ,
995 2229 1099 2268 non
1128 2214 1270 2269 enim
1300 2212 1491 2286 habet,
1519 2217 1615 2273 sed
1642 2218 1812 2289 ipsum
1836 2228 1936 2277 est.

342 2296 620 2371 Simplicia
649 2303 792 2358 enim
823 2303 893 2358 ibi
918 2304 1119 2362 omnia.
1151 2308 1257 2365 Sed
1287 2307 1397 2365 dixi
1422 2313 1716 2368 secundum
1766 2312 1944 2372 Eran-

337 2392 534 2464 geiinm
568 2392 786 2468 (Joann.
812 2414 909 2455 xvr
930 2442 945 2466 ,
980 2396 1103 2476 15):
1136 2420 1465 2477 qua’cnmque
1490 2406 1637 2463 Imbrt
1665 2418 1829 2480 pater,
1858 2429 1943 2467 ea-

337 2489 453 2545 dem
485 2490 633 2546 habet
661 2490 824 2563 ﬁlius.
872 2491 1180 2553 Secundum
1229 2498 1384 2555 istam
1415 2503 1674 2558 rationem
1704 2514 1757 2559 ει
1791 2517 1942 2576 pater

335 2582 390 2639 in
418 2576 525 2640 ﬁlio
550 2593 634 2642 est
655 2632 671 2654 ,
700 2594 756 2643 et;
786 2586 925 2645 ﬁlius
964 2590 1014 2645 in
1046 2601 1196 2662 patre
1220 2634 1235 2657 ,
1266 2605 1319 2649 et
1363 2593 1630 2668 ὁμρούσιον
1659 2596 1819 2653 ambo
1839 2641 1853 2667 ,
1887 2606 1944 2656 et

335 2674 513 2751 imago
533 2679 672 2736 ﬁlius
696 2683 892 2769 patris;
915 2682 1086 2756 ipsum
1111 2688 1253 2742 enim
1270 2702 1389 2743 esse
1408 2688 1636 2744 duorutn
1656 2688 1937 2764 ὁμοοόσιον.

334 2771 488 2838 QUod
515 2786 691 2830 autem
711 2774 940 2832 alterum
965 2777 1032 2833 ab
1055 2778 1246 2847 altero,
1272 2779 1556 2853 imaginale
1582 2780 1633 2837 et
1653 2783 1848 2856 imago.
1875 2783 1941 2840 Et

335 2870 521 2923 rursus
546 2910 562 2935 ,
596 2870 737 2942 quod
766 2871 905 2927 alter
933 2870 999 2927 ab
1019 2871 1189 2929 altero
1215 2916 1229 2942 ,
1262 2891 1426 2929 unum
1452 2874 1768 2948 ingenitum,
1793 2876 1938 2933 aliud

333 2962 573 3033 genitum
600 2960 614 3028 ξ
645 2960 763 3019 sine
785 2968 1028 3036 tempore
1049 2976 1229 3022 autem
1255 2967 1356 3023 ista
1381 3010 1394 3030 ,
1423 2968 1564 3041 quod
1596 2969 1649 3025 in
1676 2968 1940 3042 principio

334 3055 434 3112 ista
461 3099 474 3120 .
506 3060 559 3113 el
588 3056 655 3113 ab
686 3067 892 3145 (eterna
926 3060 978 3116 in
1004 3070 1286 3118 :cternnnt.
1315 3060 1499 3133 Neque
1530 3064 1689 3136 igitur
1713 3067 1801 3139 qui
1844 3066 1941 3123 lto-

335 3148 537 3206 minem
570 3149 755 3206 dicunt
780 3149 1055 3209 Christum
1083 3196 1098 3221 ,
1129 3166 1305 3224 neque
1329 3154 1420 3228 qui
1446 3174 1513 3213 ex
1542 3154 1730 3224 nihilo,
1763 3176 1938 3231 neque

2048 1932 2309 1990 claratum
2358 1943 2473 1989 cst:
2502 1931 2755 2004 quoniam
2805 1942 2860 1989 et
2904 1932 3051 2009 λόγον
3080 1948 3200 1988 esse
3244 1930 3418 2004 ipsum
3450 1941 3529 1986 est
3554 1973 3569 1998 ,
3602 1940 3653 1986 et

2046 2023 2220 2095 ipsum
2253 2016 2395 2097 quod
2439 2042 2594 2090 esse;
2621 2026 2767 2101 1670;-
2792 2035 2970 2080 autetn
3011 2033 3094 2080 εει
3123 2040 3313 2096 agere,
3345 2035 3399 2083 et
3428 2038 3509 2080 εει
3541 2040 3655 2077 mo-

2047 2124 2159 2177 tum
2187 2134 2338 2187 esse,
2369 2118 2423 2176 cl
2453 2118 2705 2189 quoniam
2740 2118 2968 2191 simplex
3001 2130 3083 2177 cst
3113 2118 3188 2176 ibi
3214 2128 3373 2176 omne
3402 2120 3540 2175 istud
3572 2119 3653 2192 ipo

2046 2229 2165 2269 sum
2193 2229 2314 2269 esse
2342 2220 2397 2269 et
2417 2229 2608 2286 agere,
2646 2212 2747 2269 hoc
2784 2221 2868 2269 est
2905 2214 3048 2286 quod
3095 2225 3177 2269 est
3208 2229 3329 2270 esse
3353 2257 3367 2281 ,
3402 2214 3542 2286 quod
3572 2224 3656 2271 est

2048 2305 2124 2363 itii
2150 2306 2484 2375 substantia;
2518 2306 2596 2364 sic
2641 2314 2696 2364 et
2723 2307 2901 2363 anima
2944 2324 3050 2379 quo
3082 2306 3260 2362 anima
3291 2319 3402 2376 cst,
3438 2307 3537 2365 hoc
3568 2322 3653 2366 est

2045 2401 2186 2475 quod
2217 2406 2297 2458 cst
2323 2417 2444 2457 esse
2466 2442 2479 2467 ,
2512 2409 2566 2457 ct
2590 2392 2948 2457 substantiam
2986 2417 3141 2467 esse;
3193 2401 3333 2473 quod
3362 2414 3539 2457 autem
3568 2415 3653 2459 est

2045 2510 2075 2549 a
2103 2511 2162 2551 se
2188 2500 2249 2551 se
2278 2510 2500 2550 movens
2522 2536 2535 2561 ,
2564 2493 2741 2567 imago
2769 2505 2852 2551 est
2882 2492 3232 2554 substantiae:
3279 2496 3450 2569 magis
3471 2508 3649 2555 autem

2044 2588 2161 2658 ipsa
2191 2586 2490 2645 substantia
2520 2587 2668 2658 juxta
2698 2586 2935 2661 speciem
2967 2584 3281 2645 substantiae
3302 2632 3315 2655 ,
3345 2600 3401 2646 et
3447 2591 3568 2646 ideo
3594 2592 3649 2648 in

2044 2681 2359 2740 deﬁnitione.
2402 2666 2597 2738 anima:
2642 2699 2764 2738 cunt
2822 2682 3083 2750 dicimus,
3139 2682 3264 2754 quid
3297 2695 3378 2741 εει
3431 2685 3652 2742 atinta‘!

2044 2776 2260 2849 proprie
2281 2777 2509 2833 dirimns
2526 2787 2581 2832 ει
2604 2774 3054 2845 snbstantialiter,
3078 2774 3219 2850 quod
3245 2794 3275 2833 a
3296 2795 3355 2835 se
3378 2793 3643 2836 movetur.

2044 2868 2384 2929 Manifestum
2419 2882 2472 2928 ει
2521 2890 2587 2928 ex
2631 2871 2766 2938 isto,
2819 2872 2960 2945 quod
3014 2872 3386 2930 substantialis
3434 2874 3644 2947 imago,

2043 2962 2213 3033 magis
2244 2972 2421 3018 antem
2453 2962 2750 3019 substantia
2779 2973 2862 3019 est
2887 2963 3115 3035 animae,
3139 2960 3280 3036 quod
3312 2982 3340 3019 a
3369 2981 3427 3021 se
3467 2982 3647 3022 move-

2047 3068 2151 3113 tur.
2181 3056 2291 3112 iioc
2334 3067 2513 3114 autem
2545 3067 2628 3114 est
2652 3056 2915 3114 rationale
2939 3058 3087 3128 juxta
3121 3058 3409 3127 imaginem
3442 3068 3534 3117 τοῦ
3565 3061 3649 3116 λο-

2041 3156 2137 3225 γοῦ
2165 3149 2480 3206 rationalem
2509 3162 2650 3206 esse.
2680 3149 2840 3206 Aliud
2882 3150 3044 3222 igitur
3070 3164 3152 3207 est
3182 3153 3341 3224 juxta
3371 3154 3647 3225 imaginem

333 3243 424 3315 qui
452 3259 515 3299 ex
548 3243 730 3315 aliquo
761 3254 1003 3316 tempore
1028 3264 1126 3304 nec
1147 3246 1236 3305 alii
1265 3248 1572 3322 bujnsmodi
1605 3252 1654 3308 in
1688 3252 1783 3310 ista
1818 3264 1939 3327 per-
1966 3236 2012 3306 C
2045 3258 2198 3310 esse,
2220 3245 2361 3317 quod
2389 3246 2604 3318 quidem
2635 3246 2934 3301 snhstanti:
2964 3258 3083 3313 est;
3113 3246 3257 3301 aliud
3289 3252 3465 3303 autem
3489 3252 3647 3323 jnata

335 3340 615 3410 spcctionc
645 3341 827 3397 locum
856 3340 1076 3399 habent.

404 3430 827 3492 XXNideamus
856 3434 1031 3493 autem
1055 3435 1109 3494 et
1138 3438 1301 3495 istud.
1330 3440 1467 3498 Dicit
1497 3434 1707 3518 Moyses
1735 3444 1937 3504 dictum

336 3524 429 3581 Dei
454 3524 609 3600 (Gen.
653 3537 691 3584 ι.
718 3526 845 3601 26):
881 3527 1157 3588 Faciamus
1202 3531 1458 3589 hominem
1487 3541 1768 3591 secundum
1808 3538 1939 3594 ima-

331 3622 501 3693 ginem
551 3633 778 3677 nostrttm
820 3630 867 3678 et
895 3623 1175 3681 secundum
1201 3626 1605 3685 similitudinem.
1640 3626 1779 3687 Deus
1811 3632 1939 3690 dicit

336 3714 439 3769 ista
461 3758 475 3780 ,
505 3714 798 3786 faciamus:
833 3720 1172 3789 cooperatori
1203 3706 1368 3786 dicit,
1404 3723 1709 3779 necessario
1746 3723 1935 3781 Chris-

334 3816 387 3863 to
409 3851 422 3870 ,
456 3819 511 3864 et
558 3808 853 3866 secundum
887 3811 1173 3881 imaginem
1224 3812 1353 3870 dicit
1384 3831 1400 3881 ;
1432 3830 1561 3887 ergo
1621 3808 1783 3871 homo
1829 3833 1935 3873 non

332 3900 509 3975 imago
534 3902 626 3959 Del
648 3943 663 3971 ,
689 3903 782 3960 sed
812 3904 1112 3962 secundum
1139 3905 1464 3980 imaginem:
1498 3907 1647 3965 solus
1677 3912 1820 3965 enim
1846 3909 1937 3970 Je-

331 4009 424 4050 sns
468 3996 643 4069 imago
695 3996 787 4052 Dei
814 4042 827 4066 ,
858 3996 1024 4054 homo
1054 4008 1235 4056 autem
1265 3999 1561 4058 secundum
1609 4002 1896 4074 imaginem
1918 4048 1934 4072 ,

331 4089 435 4146 hoc
464 4094 543 4147 est
574 4134 587 4158 ,
619 4090 796 4165 imago
824 4092 1095 4165 imaginis.
1138 4092 1245 4150 Sed
1273 4095 1403 4152 dicit
1440 4097 1719 4153 secundum
1749 4099 1936 4172 imagi-

330 4201 447 4239 nem
476 4186 726 4242 nostram.
782 4185 926 4261 Ergo
953 4196 1007 4244 et
1053 4196 1206 4258 pater
1252 4200 1305 4245 ει
1332 4188 1476 4247 ﬁlius
1506 4190 1683 4263 imago
1719 4208 1842 4248 una.
1878 4192 1936 4251 Si

334 4277 512 4349 imago
545 4279 712 4349 patris
738 4276 881 4336 ﬁlius
909 4286 992 4336 «νει
1018 4322 1032 4346 ,
1056 4291 1112 4338 ει
1141 4281 1256 4355 ipsa
1286 4282 1463 4356 imago
1496 4295 1665 4357 pater,
1699 4286 1932 4360 imagine

330 4386 459 4442 ergo
480 4370 764 4447 ὃμοοῦσιοι.
798 4370 915 4445 ipsa
938 4376 1079 4431 enim
1104 4375 1281 4449 imago
1307 4378 1601 4436 substantia
1632 4393 1743 4437 cst:
1771 4400 1934 4441 nnnm

329 4462 473 4519 enim
506 4474 588 4520 est
612 4470 665 4521 et
696 4466 927 4537 simplex
958 4474 1014 4524 et
1043 4467 1113 4524 ibi
1136 4485 1256 4525 esse
1283 4480 1337 4528 et
1371 4473 1583 4543 operari
1611 4494 1624 4529 :
1655 4475 1725 4532 ita
1756 4491 1934 4535 autem

328 4563 455 4611 sunt
485 4563 539 4611 et
568 4558 867 4613 substantia
902 4567 958 4616 et
997 4561 1226 4631 species.
1261 4560 1569 4622 Snbslantia
1602 4578 1778 4624 autem
1810 4585 1933 4627 cum

329 4648 401 4703 sit
447 4648 642 4720 imago,
674 4649 941 4724 ὃμοούσιοι
992 4661 1142 4722 pater
1168 4664 1223 4710 et
1252 4654 1415 4723 ﬁlius,
1469 4667 1618 4728 patre
1666 4663 1933 4720 existente

327 4742 624 4798 secundum
651 4743 795 4815 quod
825 4754 908 4801 est
937 4759 1088 4812 esse,
1118 4747 1279 4805 etiam
1312 4750 1452 4819 quod
1477 4763 1561 4808 est
1590 4768 1784 4825 agere:
1821 4755 1933 4812 ﬁlio

327 4846 508 4891 autem
554 4838 819 4894 existente
868 4839 1166 4896 secundum
1194 4838 1333 4910 quod
1386 4853 1469 4900 est
1515 4859 1715 4916 agere,
1768 4849 1929 4905 etiam

326 4926 468 4992 quod
496 4938 580 4985 est
609 4945 729 4987 esse
754 4973 769 4998 ,
800 4947 1123 5003 unoquoque
1150 4932 1384 4992 habente
1411 4935 1462 4990 id
1491 4937 1631 5009 quod
1664 4937 1754 5007 sit,
1780 4942 1935 5012 juxta

325 5020 469 5088 quod
499 5021 731 5079 maxime
755 5031 868 5091 est,
899 5023 1171 5096 antiquius
1197 5025 1466 5085 existente
1498 5028 1640 5100 quod
1665 5040 1749 5087 est
1769 5048 1890 5091 esse
1913 5078 1930 5102 ,

326 5114 397 5170 ab
418 5130 484 5171 eo
508 5114 648 5187 quod
677 5127 759 5173 est
799 5134 979 5191 agere.
1017 5119 1177 5176 Pater
1201 5130 1379 5178 autem
1410 5122 1549 5195 quod
1572 5133 1655 5181 est
1689 5143 1810 5184 esse
1832 5170 1848 5198 ,
1880 5140 1936 5187 et

324 5207 564 5265 maxime
596 5218 748 5279 pater
774 5210 949 5279 ipsum
978 5211 1120 5283 quod
1152 5222 1236 5271 est
1261 5230 1382 5271 esse
1402 5258 1416 5281 ,
1445 5216 1532 5272 cui
1582 5216 1721 5275 inest
1760 5231 1810 5276 et
1840 5237 1933 5277 ac-

327 5301 404 5357 tio
433 5303 814 5373 potentialiter.
844 5304 908 5361 Et
952 5323 1138 5363 rursus
1166 5318 1225 5364 ttt
1248 5308 1466 5378 juniore
1494 5310 1759 5369 existente
1788 5315 1932 5386 quod

325 5405 410 5452 est
430 5411 591 5469 agere
647 5397 788 5454 ﬁlius
810 5442 825 5467 ,
858 5408 915 5455 ut
936 5398 1122 5472 jttuior
1150 5402 1219 5457 ab
1246 5417 1313 5458 eo
1354 5403 1499 5476 quod
1545 5414 1627 5462 est
1655 5421 1805 5474 esse,
1836 5406 1934 5464 ha-

325 5487 462 5544 bens
510 5488 678 5545 ﬁlinnt
710 5490 763 5546 in
796 5506 862 5547 eo
907 5493 1048 5564 quod
1080 5503 1163 5550 est
1207 5510 1367 5566 agerc
1390 5512 1418 5551 a
1461 5496 1634 5569 primo
1661 5500 1802 5571 quod
1849 5511 1934 5559 est

325 5597 469 5639 esse.
502 5581 729 5654 Propter
753 5588 895 5656 quod
927 5600 1065 5642 unus
1090 5595 1241 5660 pater
1283 5589 1434 5658 juxta
1465 5592 1608 5662 quod
1641 5604 1722 5650 est
1767 5611 1889 5652 esse
1915 5640 1931 5665 ,

326 5691 467 5733 unus
497 5675 636 5733 ﬁlius
654 5677 804 5749 juxta
836 5679 977 5751 quod
1008 5696 1198 5753 agere,
1246 5688 1475 5756 uterque
1503 5683 1662 5748 simul
1690 5688 1931 5747 existens

328 5769 383 5826 in
414 5776 661 5842 utroque,
703 5769 844 5828 sicut
870 5770 1294 5831 demonstratum
1333 5786 1417 5834 cst
1442 5796 1455 5834 :
1484 5779 1750 5853 ὁμοούσιοι
1776 5798 1925 5856 ergo.

332 5862 582 5926 Dicamus
607 5879 770 5940 ergo:
816 5862 1099 5929 Faciamtu
1140 5868 1429 5947 hominem,
1460 5883 1508 5932 et
1549 5875 1618 5935 ad
1654 5876 1932 5952 imaginem

2041 3341 2427 3397 similitudinem
2465 3344 2606 3407 esse,
2639 3342 2779 3412 quod
2812 3356 2916 3395 non
2945 3350 3025 3396 est
3074 3340 3375 3398 substantia
3403 3385 3418 3411 ,
3463 3342 3557 3399 sed
3590 3342 3644 3397 itt

2041 3434 2339 3492 substantia
2372 3451 2567 3491 nomen
2597 3432 2870 3507 qualitatis
2899 3434 3304 3490 declaratirum.
3348 3434 3455 3492 Sed
3487 3435 3648 3491 sicuti

2044 3528 2242 3593 Deum,
2268 3525 2347 3582 sic
2374 3534 2428 3581 et
2452 3525 2744 3597 imaginem
2769 3569 2783 3591 ,
2811 3526 2911 3582 hoc
2939 3537 3022 3582 est
3042 3569 3056 3592 .
3088 3525 3362 3582 Christum
3390 3527 3644 3582 substan-

2042 3621 2542 3691 tianraccepimus:
2570 3620 2955 3692 perlectionem
2985 3632 3163 3676 autem
3191 3620 3344 3692 juxta
3385 3620 3542 3691 quale
3573 3619 3647 3674 si-

2038 3711 2403 3784 gniﬁcativnnt
2436 3710 2809 3783 intelligimus.
2841 3712 2909 3767 Et
2939 3712 2983 3766 si
3024 3711 3202 3767 simile
3242 3712 3395 3784 quale
3440 3711 3644 3782 signiti-

2038 3818 2126 3864 cat
2151 3805 2479 3871 necessario,
2510 3806 2780 3877 quomodo
2800 3805 3032 3861 dit-intus
3057 3804 3292 3860 animam
3326 3804 3641 3860 rationalem

2038 3916 2188 3964 esse.
2220 3912 2273 3956 et
2303 3900 2535 3970 perfecte
2564 3898 2880 3954 rationalem
2903 3900 3052 3969 juxta
3083 3897 3490 3953 similitudinem
3524 3914 3646 3967 pcr-

2038 3994 2290 4052 l’ectionis
2334 3993 2387 4050 in
2447 3990 2594 4050 Deo?
2622 3993 2911 4064 perfectam
2951 4010 3070 4050 esse
3109 3991 3335 4048 dicimus
3370 3990 3640 4061 attittttttlt,

2029 4093 2185 4165 juxta
2214 4092 2522 4163 imaginem,
2550 4105 2681 4162 ergo
2713 4105 2854 4144 nunc
2882 4100 2935 4144 et
2966 4088 3019 4144 in
3049 4087 3287 4156 mundo;
3314 4090 3473 4163 juxta
3502 4088 3646 4142 sinti-

2040 4183 2309 4239 litudinem
2360 4186 2538 4240 autem
2570 4192 2758 4255 postea
2806 4181 2911 4238 ﬁde
2968 4182 3021 4238 in
3073 4181 3237 4255 Deum
3269 4191 3323 4237 et
3373 4181 3426 4237 itt
3457 4179 3640 4238 Jesntn

2038 4275 2345 4345 Christum,
2379 4274 2551 4350 qualis
2572 4284 2716 4332 esset
2737 4277 2909 4332 futura
2941 4275 2988 4332 si
3014 4275 3184 4332 Adam
3209 4292 3312 4331 non
3342 4284 3644 4347 peccasset.

2038 4369 2097 4427 In
2130 4387 2237 4443 quo
2282 4370 2445 4444 igittir
2471 4370 2752 4429 rationalis
2781 4381 2862 4427 est
2883 4415 2897 4440 ,
2928 4371 2994 4426 ad
3027 4369 3287 4427 rationem
3325 4373 3483 4441 juxta
3515 4372 3645 4425 ima-

2038 4465 2207 4535 ginem
2228 4474 2339 4532 est;
2373 4462 2426 4521 in
2458 4480 2562 4536 quo
2585 4465 2760 4520 futura
2793 4464 3027 4534 perfecta
3057 4472 3168 4531 est,
3194 4462 3475 4517 secundum
3500 4463 3643 4516 sinti-

2040 4559 2328 4616 titudinem.
2382 4559 2541 4616 Aliud
2570 4557 2735 4630 igitur
2762 4565 2873 4624 est,
2909 4557 3196 4629 imaginem
3226 4573 3345 4613 esse
3367 4602 3381 4624 ,
3415 4570 3468 4613 et
3497 4556 3642 4613 aliud

1961 4632 2012 4698 Ῑ)
2033 4653 2183 4725 juxta
2213 4655 2501 4726 imaginem
2524 4698 2538 4720 ,
2569 4661 2623 4709 et
2651 4654 2820 4727 magis
2853 4652 2995 4709 aliud
3023 4653 3174 4724 juxta
3207 4651 3641 4708 similitudinem.

2035 4747 2165 4816 Quae
2195 4747 2357 4820 igitur
2384 4747 2714 4821 blasphemia
2737 4792 2750 4815 ,
2796 4747 3060 4822 ὄμοούσιον
3092 4748 3197 4805 dici
3228 4748 3435 4805 l’atretn
3474 4756 3525 4803 ct
3555 4745 3641 4802 Fi-

2036 4842 2201 4900 lium:
2232 4858 2351 4898 cum
2384 4843 2559 4913 imago
2589 4841 2653 4898 sit
2700 4843 2868 4899 Filius
2892 4844 3046 4913 juxta
3092 4842 3446 4899 substantiam
3470 4883 3484 4911 ,
3533 4858 3638 4896 non

2032 4935 2184 5008 juxta
2209 4934 2653 4993 similitudinem?
2675 4936 2781 4992 Sed
2815 4952 2955 4992 nunc
2983 4936 3080 4993 sic.

2109 5027 2251 5086 XXI.
2285 5031 2482 5085 [Sarnus
2520 5046 2648 5085 vero
2677 5029 2744 5084 ad
2795 5030 2919 5085 alia.
2949 5028 3101 5100 Quod
3143 5029 3193 5084 in
3230 5027 3448 5085 Christo
3486 5042 3638 5083 crea-

2043 5130 2183 5190 tura,
2218 5121 2311 5177 sed
2338 5138 2441 5177 non
2470 5136 2594 5177 una.
2621 5122 2756 5179 Sunt
2779 5123 2922 5178 enim
2947 5130 3207 5178 creaturae
3233 5134 3372 5177 tres:
3396 5136 3499 5176 una
3522 5121 3638 5191 qni-

2040 5216 2166 5273 dem
2202 5233 2323 5273 cum
2350 5231 2533 5273 creata
2559 5228 2686 5273 sunt
2715 5218 2895 5272 omnia
2939 5233 3035 5289 per
3062 5216 3371 5283 Christum;
3402 5214 3639 5271 secunda

2040 5323 2287 5368 creatura
2335 5322 2516 5367 nostra
2563 5311 2615 5367 itt
2662 5310 2879 5368 Christo
2929 5310 3226 5367 secundum
3277 5310 3634 5379 baptismum,

2039 5403 2134 5460 sed
2185 5406 2238 5459 in
2286 5403 2534 5471 Christo,
2570 5415 2622 5462 et
2667 5404 2773 5460 alia
2823 5404 2875 5459 itt
2913 5402 3131 5460 Christo
3158 5404 3509 5459 commutatio
3559 5404 3635 5458 lit.

2039 5495 2195 5555 Unde
2226 5496 2297 5573 (ll
2323 5494 2443 5553 Cor.
2472 5514 2530 5564 ν,
2561 5498 2652 5573 i7)
2682 5500 2726 5553 si
2752 5515 2852 5569 qua
2890 5499 2941 5553 in
2970 5497 3172 5553 Christo
3215 5512 3342 5551 nova
3374 5507 3637 5564 creatura,

2038 5591 2239 5649 dictum
2268 5602 2352 5649 εει
2381 5611 2394 5648 :
2423 5592 2575 5663 Quod
2608 5605 2895 5663 antequam
2934 5601 3075 5649 esset
3106 5586 3353 5648 Christus
3402 5591 3452 5646 itt
3476 5606 3641 5647 carne

2038 5686 2203 5758 (Ibid.
2229 5686 2325 5762 21)
2351 5704 2364 5741 :
2401 5687 2501 5756 Qui
2527 5699 2787 5759 peccatum
2815 5702 2915 5741 non
2946 5694 3185 5749 noverat,
3227 5701 3318 5755 pro
3341 5683 3486 5738 nobis
3515 5699 3634 5752 pec.

2038 5791 2212 5839 catum
2241 5781 2382 5855 fecit.
2404 5780 2559 5850 Quod
2603 5780 2703 5837 fuit
2736 5792 2945 5854 tempus
2994 5781 3046 5835 in
3097 5792 3204 5851 quo
3227 5786 3502 5850 peccaturo
3533 5792 3638 5835 non

2039 5877 2307 5941 noverat?
2350 5880 2655 5952 Antequam
2696 5887 2842 5939 esset
2885 5875 2940 5936 itt
2982 5889 3181 5948 carne,
3231 5872 3298 5935 ad
3344 5871 3639 5953 Ephesios,
