4024 6306
326 6034 411 6095 ’τι

420 5854 564 5931 enim
611 5857 901 5927 Apostolus
948 5874 961 5910 :

476 275 619 334 1055

1718 273 1911 332 MABII
1954 271 2084 330 γιον]

2190 272 2294 331 lINl
2335 275 2495 332 ΛΡΜ
3618 285 3735 343 1056

475 397 631 469 Quod
663 406 948 471 antequam
993 406 1137 457 esset
1177 398 1428 456 Christus
1456 398 1508 455 in
1538 412 1704 455 carne
1754 397 1773 472 (
1800 395 1986 470 Ephes.
2017 412 2068 461 ι,
2098 395 2154 457 Α
2176 398 2307 451 servi
2333 398 2605 470 accipiens.
2635 397 2904 472 Numquid
2934 402 3077 458 enim
3106 401 3337 459 formam
3365 402 3536 460 solum
3558 407 3741 476 accepit

479 495 535 560 3,
561 489 640 567 4)
685 509 699 547 :
746 492 1055 549 Benedictus
1081 492 1242 549 Pater
1270 492 1478 549 Domini
1506 492 1669 548 nostri
1692 490 1821 548 Jesu
1851 489 2072 557 Christi,

481 588 567 656 qui
596 586 855 643 benedixit
884 596 975 643 nos
1001 591 1054 644 in
1084 588 1222 644 omni
1254 588 1604 643 benedictione
1631 586 1853 656 spiritali
1889 585 1942 640 in
1969 601 2072 641 cte-

479 680 709 747 lestibus,
739 682 795 737 in
823 681 1022 737 Christo
1050 681 1199 747 Iesu,
1231 682 1512 738 secundum
1534 681 1670 753 quod
1695 681 1955 752 prwelegit
1982 696 2076 734 nos

478 787 599 832 ante
623 778 1033 833 constitutionem
1080 777 1277 832 mundi.
1308 776 1462 846 Quod
1498 776 1597 832 fuit
1627 774 1876 832 Christus
1919 784 2075 831 ante-

481 884 641 942 quam
673 881 816 926 esset
848 873 899 927 in
930 886 1095 929 carne
1122 871 1347 947 (Ep/tes.
1378 888 1413 928 tt
1434 914 1449 938 ,
1484 870 1573 944 Η)
1607 891 1620 928 :
1657 871 1912 941 Quoniam
1954 876 2072 944 [ue-

480 964 609 1019 ratis
636 962 729 1018 illo
777 974 1003 1038 tempore
1029 966 1141 1021 sine
1168 964 1395 1033 Christo,
1424 964 1702 1020 abalienati
1730 982 1761 1019 a
1790 980 2078 1020 coauersa-

480 1058 620 1114 tione
648 1057 834 1115 Israel.
864 1060 1019 1131 Quod
1051 1060 1191 1116 Dens
1219 1058 1471 1116 Christus
1513 1057 1705 1134 (lbid.)
1745 1077 1756 1112 :
1790 1059 1948 1129 Spem
1975 1075 2077 1114 non

481 1153 757 1224 habentes,
794 1164 842 1210 et
884 1157 994 1210 sine
1021 1154 1152 1211 Deo.
1187 1155 1300 1211 [loc
1322 1163 1440 1222 est,
1476 1157 1598 1211 sine
1639 1154 1875 1209 Christo.
1921 1152 2076 1223 Quod

482 1246 705 1318 spiritus
734 1256 819 1303 est
862 1249 952 1320 qui
1001 1249 1182 1303 omnia
1233 1247 1455 1320 colligat
1485 1246 1701 1319 (Ephes.
1746 1263 1821 1312 tv,
1852 1248 1924 1312 3,
1974 1246 2031 1317 6)
2061 1264 2074 1299 :

482 1340 755 1414 Cupientes
796 1344 1057 1398 custodire
1101 1343 1351 1398 unitatem
1398 1342 1610 1414 spiritus
1655 1343 1709 1395 in
1749 1340 2078 1411 eolligatione

483 1437 645 1508 pacis.
681 1435 855 1492 Unum
880 1454 1089 1508 corpus,
1121 1447 1169 1493 et
1199 1456 1332 1493 unus
1359 1438 1593 1509 spiritus.
1629 1435 1774 1493 Unus
1803 1435 2073 1503 Dominus,

480 1545 585 1583 una
607 1529 771 1600 ﬁdes,
805 1547 964 1585 unum
1002 1530 1278 1604 baptisma.
1314 1531 1461 1588 Unus
1485 1530 1661 1596 Deus,
1692 1541 1739 1586 et
1778 1541 1924 1602 pater
1969 1548 2077 1585 om-

480 1623 646 1686 nium,
675 1624 766 1694 qui
785 1624 838 1678 in
859 1625 1112 1691 omnibus,
1145 1636 1191 1680 et
1219 1642 1310 1698 per
1334 1626 1530 1692 omnia,
1560 1636 1605 1680 et
1630 1627 1683 1680 in
1711 1625 1967 1681 omnibus.
1998 1623 2078 1680 Ad

488 1712 709 1772 Galatas
771 1716 915 1788 quod
963 1715 1209 1773 Christus
1258 1718 1401 1774 Deus
1445 1717 1588 1792 (Gal.
1639 1717 1823 1792 1,1):
1880 1716 2079 1773 Paulus

2182 487 2438 553 hominis,
2466 506 2573 546 non
2612 500 2669 547 et
2714 492 3073 549 substantiam
3126 495 3391 551 hominis?
3419 496 3590 553 Induit
3614 498 3737 554 enim

2181 588 2236 636 et
2287 596 2531 651 carnem,
2558 592 2615 639 et
2666 584 2718 640 in
2743 600 2908 642 carne
2958 586 3077 653 fuit,
3101 597 3153 643 et
3182 602 3372 658 passus
3398 599 3483 644 est
3508 592 3557 644 in
3580 607 3739 658 carne,

2178 684 2233 730 et
2266 675 2366 732 hoc
2393 687 2477 733 est
2499 680 2838 751 mysterium.
2864 691 2918 736 et
2943 681 3044 737 hoc
3069 683 3209 753 quod
3237 686 3472 740 salutare
3498 685 3567 741 sit
3591 686 3740 744 nobis.

2181 767 2239 826 Si
2269 768 2431 841 igitur
2459 772 2752 829 exinanirit
2779 789 2838 830 se
2866 774 3041 845 ipsum
3070 819 3086 843 ,
3118 786 3175 833 et
3221 777 3470 834 Christus
3517 780 3741 837 exinani-

2180 868 2257 919 vit
2287 881 2347 921 se
2372 868 2544 937 ipsum
2576 877 2631 924 et
2658 880 2949 941 antequam
2976 871 3027 926 in
3054 887 3221 928 carne
3246 882 3415 938 esset.
3449 874 3543 928 fuit
3581 874 3745 931 Chris-

2183 969 2287 1013 tus.
2321 958 2389 1014 Et
2418 964 2462 1015 si
2496 959 2596 1015 fuit
2617 972 2745 1018 ante
2768 962 2934 1030 istud,
2959 964 3213 1036 quoniam
3240 980 3299 1021 se
3324 966 3500 1037 ipsum
3524 967 3744 1023 exinani-

2181 1055 2277 1119 vit,
2310 1054 2424 1124 ipse
2452 1053 2626 1109 induit
2674 1070 2916 1110 carnem.
2957 1058 3137 1126 Quare
3178 1059 3321 1114 enim
3350 1076 3410 1115 se
3455 1060 3743 1129 exinanivit,

2182 1146 2248 1212 si,
2277 1155 2333 1203 ut
2360 1147 2515 1213 diris,
2546 1164 2580 1203 o
2603 1147 2870 1219 Marcelle,
2893 1164 2984 1207 aut
3004 1152 3250 1221 Photine,
3282 1157 3571 1224 assumpsit
3589 1155 3740 1208 homi-

2184 1256 2305 1300 nem
2333 1242 2482 1313 quasi
2512 1253 2761 1313 quartum
2815 1247 2996 1300 esset?
3035 1245 3333 1317 Oportebat
3358 1249 3501 1303 enim
3522 1249 3655 1322 λόγον
3672 1249 3747 1319 qui

2182 1345 2325 1391 esset
2354 1351 2598 1405 manere,
2627 1353 2908 1394 assumere
2935 1338 3244 1407 hominem,
3277 1354 3332 1397 et
3358 1341 3520 1397 modo
3544 1343 3747 1415 quodam

2183 1431 2448 1502 inSpirare
2476 1432 2723 1502 Spiritum
2753 1433 2819 1489 ad
2848 1437 3114 1492 actiones.
3153 1437 3259 1493 Sed
3299 1437 3472 1503 dixit,
3500 1437 3750 1493 exinaniait

2180 1544 2233 1583 se
2252 1528 2441 1597 ipsum.
2476 1527 2642 1585 Recte
2667 1547 2680 1583 :
2704 1531 2794 1601 qui
2819 1529 3053 1587 habebat
3076 1530 3301 1588 induere
3323 1531 3614 1588 hominem.
3634 1532 3751 1600 Quid

2181 1621 2344 1693 igitur
2372 1634 2489 1690 est,
2522 1624 2799 1678 exinanivit
2826 1624 2918 1680 se?
2947 1625 3311 1681 universalem
3343 1626 3487 1699 λόγον
3514 1641 3616 1681 non
3651 1640 3753 1682 esse

2187 1715 2543 1771 uuirersalem
2574 1716 2629 1771 in
2659 1732 2725 1771 eo
2748 1717 2889 1789 quod
2917 1727 3003 1773 est
3026 1732 3148 1773 esse
3172 1719 3340 1793 λόγος,
3368 1720 3571 1784 carnis,
3601 1732 3651 1774 et
3669 1719 3751 1776 lie-

482 1805 780 1878 Aposlolus,
812 1824 914 1863 non
945 1808 1008 1863 ab
1038 1810 1345 1879 hominibus,
1377 1827 1538 1881 neque
1567 1829 1656 1883 per
1682 1813 1959 1877 hominem,
1991 1811 2080 1865 sed
2107 1802 2158 1866 Β
2186 1817 2267 1863 ret
2294 1822 2444 1865 caro.
2477 1808 2592 1864 Non
2636 1809 2798 1881 igitur
2823 1811 3118 1881 assumpsit
3137 1812 3440 1879 hominem,
3472 1812 3564 1867 sed
3606 1809 3755 1868 factus

483 1918 574 1972 per
598 1900 777 1958 Iesum
800 1902 1079 1972 Christum,
1102 1914 1149 1959 et
1178 1904 1339 1960 Deum
1363 1916 1580 1977 patrem.
1610 1906 1674 1960 Et
1699 1921 1887 1962 rursus
1911 1901 2075 1980 (Ibid.

483 1996 575 2061 Η,
610 1994 742 2068 19.):
774 1994 1113 2071 Evangelium
1152 1999 1292 2072 quod
1320 2000 1727 2072 euangelizatum
1766 2010 1840 2056 est
1885 2018 1917 2055 a
1966 2017 2075 2067 me,

482 2105 584 2146 non
614 2100 690 2147 est
722 2095 881 2164 juxta
906 2091 1200 2158 hominem;
1243 2110 1344 2148 non
1374 2094 1507 2148 enim
1536 2110 1627 2166 ego
1665 2094 1728 2148 ab
1765 2093 1968 2148 homine
1993 2109 2081 2149 ae-

481 2185 592 2254 cepi
619 2185 809 2254 ipsum,
843 2185 933 2241 sed
953 2201 1043 2258 per
1070 2186 1427 2242 reuelationem
1447 2185 1574 2243 Jesu
1596 2185 1809 2242 Christi.
1843 2186 1922 2243 Ad
1953 2185 2079 2242 Phi-

484 2277 791 2350 lippenses,
843 2279 985 2350 quod
1026 2281 1275 2338 Christus
1303 2280 1538 2352 Spiritus
1568 2281 1830 2356 (Philipp.
1862 2297 1910 2348 ι,
1943 2282 2033 2356 19)
2064 2300 2078 2338 :

485 2371 555 2429 Et
601 2373 654 2428 in
699 2373 1168 2431 subministratione
1214 2374 1445 2447 Spiritus
1488 2376 1617 2432 Jesu
1656 2376 1870 2433 Christi.
1924 2377 2078 2446 Quod

482 2466 771 2544 όμοούσιος,
798 2479 853 2523 et
880 2469 1038 2525 simul
1068 2470 1203 2537 patri
1230 2469 1373 2527 filius
1394 2469 1654 2545 (Philipp.
1684 2487 1745 2539 ιι,
1778 2471 1833 2539 5,
1860 2470 1916 2545 7)
1948 2491 1961 2527 :
1997 2471 2082 2526 ls-

484 2560 577 2614 tud
605 2562 738 2616 enim
767 2562 930 2633 sapite
954 2563 1006 2618 in
1038 2563 1116 2619 his
1142 2564 1281 2636 quod
1307 2575 1356 2619 et
1379 2565 1434 2620 in
1461 2564 1685 2631 Christo,
1715 2568 1802 2637 qui
1831 2568 1884 2621 in
1913 2569 2083 2639 forma

486 2650 583 2708 Dei
610 2653 850 2719 existens,
878 2671 980 2710 non
1033 2658 1270 2727 rapinam
1295 2658 1573 2715 arbitratus
1596 2668 1669 2715 est
1698 2676 1807 2715 esse
1832 2660 2083 2732 aequalem

493 2744 635 2814 Deo,
664 2746 755 2803 sed
795 2750 1119 2818 semetipsum
1158 2751 1458 2817 exinaniuit,
1509 2754 1729 2826 formam
1787 2754 1916 2807 servi
1945 2753 2083 2808 acci-

489 2841 663 2911 piens,
707 2842 760 2896 in
791 2842 1175 2899 similitudinem
1205 2844 1425 2899 hominis
1452 2843 1686 2912 e/fcctus,
1726 2856 1772 2901 et
1798 2847 1966 2917 figura
1998 2846 2078 2900 in~

484 2946 662 2991 ventus
708 2937 861 2992 sicuti
885 2938 1059 2993 homo.
1107 2939 1344 2995 Primum
1375 2940 1624 3008 Photini,
1666 2942 1819 2997 etab
1861 2944 1998 3011 isto,
2029 2951 2085 2998 et

486 3041 613 3088 ante
644 3032 828 3100 istum,
858 3035 947 3105 qui
984 3033 1257 3090 hominem
1294 3035 1484 3091 dicunt
1512 3035 1695 3093 Jcsnm
1724 3045 1782 3093 et
1805 3038 1979 3092 solum
2016 3036 2085 3092 ab

488 3125 707 3181 homine
734 3125 956 3194 factum,
986 3138 1321 3198 cognoscant
1349 3129 1570 3199 impiam
1605 3129 2002 3201 blasphemiam
2033 3132 2082 3185 in

2185 1911 2266 1956 eet
2295 1899 2477 1956 homo.
2513 1899 2607 1955 Est
2638 1902 2800 1971 igitur
2829 1900 3003 1957 forma
3024 1902 3345 1968 substantia,
3375 1920 3501 1959 cum
3529 1904 3752 1959 substan-

2186 1995 2278 2059 tia,
2306 1995 2360 2051 in
2387 2010 2492 2067 qua
2523 2007 2606 2053 est
2643 1998 2812 2051 torma
2846 2039 2860 2061 ,
2890 1997 3162 2072 όμοούσιος
3207 1998 3365 2069 igitur
3414 1997 3602 2053 fortine
3649 1996 3756 2053 sub.

2184 2091 2399 2145 stantia.-
2444 2089 2764 2162 principali,
2798 2100 2853 2147 et
2881 2090 3251 2162 potentialiter
3279 2091 3476 2163 priori,
3507 2091 3641 2163 quod
3668 2091 3753 2146 ista

2186 2192 2411 2255 praestat
2440 2182 2629 2238 forma:
2654 2197 2796 2250 esse,
2827 2194 2882 2239 et
2911 2184 2963 2240 iu
2992 2185 3349 2240 substantiam
3377 2200 3527 2257 esse,
3557 2194 3610 2240 et
3635 2199 3755 2240 seni-

2187 2295 2283 2350 per
2307 2279 2470 2337 simul
2514 2295 2636 2336 esse
2666 2297 2677 2333 :
2711 2279 2831 2337 sine
2861 2280 3003 2335 enim
3040 2279 3217 2336 altero
3266 2281 3501 2336 alterum
3546 2296 3645 2335 non
3667 2289 3751 2334 est.

2184 2373 2492 2431 Secundum
2525 2374 2686 2445 igitur
2715 2373 2858 2444 quod
2893 2373 3064 2428 forma
3092 2389 3121 2428 a
3151 2373 3460 2430 substantia
3480 2415 3496 2440 ,
3529 2372 3753 2430 substan-

2188 2469 2257 2525 tia
2286 2481 2370 2527 est
2400 2470 2570 2527 forma
2597 2486 2719 2542 qua:
2745 2471 2816 2527 sit
2843 2471 3185 2535 substantiae,
3212 2470 3356 2526 istud
3381 2470 3482 2526 Dei
3511 2469 3645 2525 filius
3669 2478 3754 2526 est.

2184 2563 2338 2632 Quod
2371 2563 2543 2620 forma
2566 2565 2891 2627 substantia,
2922 2564 3064 2637 quod
3087 2574 3266 2621 autent
3289 2578 3513 2638 semper
3534 2563 3754 2619 substan-

2187 2659 2258 2714 tia
2286 2674 2408 2715 cnm
2444 2659 2614 2714 forma
2636 2700 2652 2727 ,
2682 2674 2901 2730 semper
2930 2668 3101 2726 pater,
3151 2673 3371 2730 semper
3399 2659 3545 2714 lilius
3583 2656 3644 2711 ad
3681 2670 3757 2726 pa-

2189 2759 2324 2807 trem
2347 2793 2361 2814 .
2398 2752 2501 2808 hoc
2524 2761 2635 2816 est,
2667 2753 2810 2825 λόγος
2852 2753 2917 2807 ad
2945 2753 3109 2807 Deum
3131 2795 3146 2813 .
3192 2752 3295 2808 hoc
3323 2762 3513 2808 autem
3548 2765 3753 2819 semper.

2186 2842 2292 2900 Sed
2321 2846 2573 2916 quoniam
2620 2844 2719 2901 ista
2760 2845 2931 2901 forma
2967 2845 3265 2901 substantia
3307 2855 3428 2913 est,
3458 2861 3578 2918 quae
3610 2846 3758 2914 imago

2188 2949 2293 3006 est,
2323 2949 2379 2994 et
2401 2940 2546 3014 λόγος
2577 2948 2691 3006 est,
2723 2954 2881 3010 quem
2907 2939 3077 2994 tilium
3113 2940 3205 2995 Dei
3233 2954 3355 2995 esse
3401 2939 3659 3004 dicimus,
3685 2951 3757 2992 se-

2189 3030 2423 3086 cundum
2452 3031 2592 3102 quod
2619 3032 2767 3104 λόγος
2795 3040 2880 3087 est
2905 3033 3146 3087 omnium
3175 3044 3299 3103 quae
3326 3043 3494 3098 sunt,
3520 3030 3652 3106 λόγος
3673 3039 3756 3085 eSI.

2191 3123 2528 3181 Universalis
2575 3126 2718 3181 enim
2747 3127 2895 3199 λόγος
2921 3124 3062 3180 filius
3092 3124 3184 3181 Dei
3226 3135 3312 3182 est
3352 3126 3513 3196 cujus
3556 3123 3759 3195 potentia

490 3219 712 3276 Christo
733 3263 749 3287 ,
782 3220 872 3290 qui
931 3221 983 3276 in
1027 3223 1196 3277 forma
1238 3222 1329 3277 Dei
1374 3223 1638 3279 existens.
1666 3224 1893 3294 Quando
1941 3224 2086 3280 exis-
2116 3212 2161 3276 C
2196 3222 2541 3293 proveniunt.
2567 3230 2622 3277 et
2652 3222 2952 3292 procedunt
2981 3222 3031 3276 in
3061 3223 3479 3293 generationem
3504 3224 3693 3287 omnia,
3714 3227 3758 3274 et

490 3312 653 3367 tens?
682 3314 987 3383 Antequam
1018 3314 1229 3370 veniret
1256 3315 1309 3369 in
1333 3329 1528 3386 corpus
1554 3333 1567 3369 :
1600 3315 1919 3385 dixitenim,
1941 3317 2085 3388 quod

489 3406 849 3463 exinaniverit
878 3421 940 3463 se
978 3409 1151 3479 ipsum
1199 3417 1254 3463 et
1303 3410 1579 3479 acceperit
1621 3410 1848 3466 formam
1897 3411 2083 3468 servi:

490 3508 608 3554 erat
640 3498 803 3571 igitur
826 3510 879 3555 et
921 3512 1205 3573 antequam
1239 3501 1404 3558 homo
1428 3501 1599 3559 fleret.
1636 3504 1704 3560 Et
1730 3504 1905 3572 qualis
1930 3506 2087 3562 erat?

488 3592 636 3667 λόγος
665 3592 779 3661 Dei,
812 3592 981 3648 forma
1007 3593 1121 3650 Dei.
1155 3594 1293 3665 Quid
1323 3605 1409 3652 est
1455 3595 1630 3665 istud,
1663 3598 1889 3669 aequalis
1939 3598 2077 3654 exis-

493 3698 612 3744 tens
643 3686 788 3743 Deo?
811 3688 956 3760 quod
984 3701 1067 3746 est
1110 3691 1229 3762 ejus
1258 3691 1429 3764 ipsius
1466 3702 1522 3748 et
1553 3696 1809 3763 potentiae
1837 3694 2090 3751 substan-

492 3782 617 3838 tiae:
651 3782 789 3838 dixit
828 3783 975 3840 enim
1020 3786 1280 3858 asqnalem
1330 3802 1475 3843 esse.
1524 3787 1739 3844 Etenim
1787 3791 1994 3861 :equale
2035 3799 2089 3845 et

490 3874 910 3947 magnitudinis,
943 3885 997 3932 et
1021 3880 1343 3949 quantitatis
1370 3889 1454 3935 est
1480 3880 1879 3937 declaratit'um
1911 3898 1928 3938 :
1978 3897 2090 3937 ma-

489 3967 715 4039 gnitudo
743 3981 923 4025 autem
950 3970 1269 4028 substantia:
1298 3974 1456 4028 molis
1485 3975 1800 4047 magnitudo
1822 3985 1927 4043 est,
1959 3992 2089 4047 qua-

492 4064 615 4120 litas
641 4066 800 4121 enitn'
831 4081 937 4121 non
970 4063 1133 4122 habet
1165 4068 1613 4139 nmgnitudinem,
1669 4085 1847 4142 neque
1891 4087 1918 4123 a
1964 4071 2088 4126 snh-

492 4160 691 4215 stantia
721 4159 865 4231 quod
898 4169 983 4217 est
1026 4176 1148 4217 esse
1176 4161 1357 4218 habet.
1387 4162 1576 4219 Solum
1617 4173 1796 4219 autem
1827 4174 2088 4235 quantum

493 4254 834 4325 substantiae,
887 4257 1259 4325 magnitudine
1301 4269 1560 4330 quantum
1609 4268 1714 4316 est.
1772 4258 1842 4314 Et
1886 4259 2091 4315 idcirco

492 4348 777 4407 declarans
824 4351 1014 4407 beatus
1072 4352 1270 4408 Paulus
1325 4351 1417 4408 Dei
1464 4353 1857 4422 substantiam,
1910 4356 2091 4409 omnia

494 4456 694 4518 quanta
725 4447 855 4504 dicit
889 4447 1110 4525 (Ep/tes.
1138 4464 1220 4517 ιιι,
1258 4448 1346 4520 18)
1383 4467 1396 4504 :
1433 4447 1500 4505 Ut
1532 4448 1630 4504 Dei
1658 4457 1979 4521 cognoscatis
2009 4449 2089 4505 al-

495 4540 782 4607 titudinent,
806 4541 1201 4613 longitudinem.
1231 4541 1577 4606 latitudinem,
1607 4543 1944 4614 profundum.

2189 3314 2513 3370 consistunt.
2545 3313 2720 3387 Ipsius
2745 3330 2876 3387 ergo
2908 3316 3168 3387 potentia,
3205 3317 3515 3387 procedens
3538 3326 3591 3372 et
3626 3312 3759 3369 simul

2190 3409 2433 3465 existens
2457 3423 2575 3464 cum
2616 3418 2794 3481 patre,
2845 3408 2971 3464 facit
2997 3411 3177 3466 omnia
3220 3419 3276 3465 et
3311 3419 3561 3481 generat,
3592 3419 3642 3464 et
3665 3393 3759 3479 ipsa

2191 3503 2309 3560 haec
2340 3504 2575 3575 potentia
2606 3505 2656 3559 in
2689 3519 2756 3560 eo
2783 3503 2925 3574 quod
2956 3513 3041 3560 est
3069 3505 3120 3562 ei
3149 3504 3487 3576 praecedere,
3518 3518 3634 3576 quae
3667 3499 3762 3572 qui-

2191 3598 2314 3654 dem
2345 3599 2488 3654 actio
2518 3597 2739 3664 dicitur,
2773 3598 2887 3669 ipsa
2920 3597 3121 3667 patitur
3146 3598 3192 3652 si
3221 3596 3351 3669 quid
3384 3600 3609 3668 patitur.
3634 3595 3759 3665 juxta

2192 3692 2449 3747 materias
2474 3700 2529 3746 et
2556 3690 2887 3747 substantias
2906 3732 2923 3757 ,
2951 3689 3146 3761 quibus
3171 3699 3393 3762 praestat
3422 3690 3685 3763 propriqu
3707 3685 3760 3741 ad

2196 3784 2272 3851 id,
2298 3786 2443 3856 quod
2470 3796 2549 3840 est
2591 3783 2696 3839 illis
2731 3800 2876 3853 esse,
2900 3783 3214 3839 inversabili
3236 3794 3291 3840 et
3314 3783 3625 3856 impassihili
3646 3781 3763 3837 esis-

2197 3888 2341 3934 tente
2386 3878 2675 3935 universali
2714 3877 2844 3955 λόγῳ
2882 3878 2975 3949 qui
3019 3892 3237 3948 semper
3260 3886 3345 3934 est
3385 3879 3453 3932 ad
3481 3880 3763 3948 μευ-ειη,οι

2192 3977 2485 4052 aperibo-tog.
2518 3974 2584 4029 Et
2606 3974 2804 4030 idcirco
2833 3974 2900 4029 de
2930 3973 3038 4029 lilio
3069 3973 3286 4040 dicitur,
3313 3972 3463 4043 quod
3492 3983 3575 4027 est
3597 3973 3760 4040 impas-

2194 4070 2368 4127 sihilis
2395 4080 2449 4125 et
2478 4069 2767 4140 passibilis,
2798 4067 2890 4125 sed
2924 4069 2977 4124 in
3006 4083 3296 4140 progressu
3328 4068 3533 4140 passio,
3564 4064 3761 4126 maxime

2194 4175 2373 4219 autem
2409 4164 2459 4218 iu
2486 4170 2732 4218 extremo
2757 4162 3183 4234 progressionis,
3216 4162 3319 4217 hoc
3343 4170 3450 4227 est,
3475 4175 3595 4217 cum
3617 4157 3759 4213 fuitin

2193 4272 2361 4313 carne
2391 4274 2404 4314 :
2439 4257 2545 4312 illa:
2573 4259 2717 4313 enim
2750 4255 3033 4327 passiones
3073 4272 3178 4311 non
3211 4254 3489 4319 dicnntur,
3520 4249 3760 4325 generatio

2194 4366 2222 4406 a
2252 4361 2402 4421 patre
2420 4393 2435 4415 ,
2463 4362 2642 4406 lllOlllS
2668 4350 2905 4423 primus,
2953 4359 3009 4405 et
3036 4356 3340 4404 creatorem
3367 4362 3492 4404 eSse
3510 4347 3755 4401 omnium:

2194 4446 2294 4501 ista
2322 4444 2466 4502 enim
2514 4444 2891 4500 substantialia
2936 4460 3059 4501 cum
3085 4445 3215 4512 sint,
3247 4444 3419 4513 magis
3448 4453 3620 4498 autem
3655 4437 3757 4494 sult-

2198 4540 2409 4595 stantite
2452 4557 2465 4593 :
2514 4538 2650 4613 λόγοι
2698 4538 2842 4593 enim
2882 4536 3227 4593 existentinnt
3268 4538 3445 4607 juxta,
3491 4532 3753 4609 potentiam

568 4631 735 4687 XXII.
779 4634 1088 4690 Secundum
1140 4636 1240 4690 ista
1303 4650 1436 4707 ergo
1481 4634 1706 4707 mqualis
1756 4636 1866 4692 Deo
1914 4637 2095 4693 existit
2120 4620 2177 4683 D
2200 4632 2512 4688 substantia:
2544 4642 2666 4686 sunt
2698 4631 2936 4701 ipsorum
2965 4648 2977 4684 :
3009 4644 3114 4686 n0n
3148 4621 3309 4700 igitur
3337 4629 3631 4701 passiones.

496 4725 769 4783 Christus.
802 4728 918 4784 Non
946 4731 1095 4786 enim
1121 4729 1260 4785 dixit
1288 4730 1482 4786 similis
1513 4729 1656 4797 Deo,
1689 4731 1834 4803 quod
1871 4748 1977 4787 non
2023 4733 2098 4788 si-

496 4821 717 4892 guil‘u-at
742 4821 1125 4889 suhsmutiam,
1151 4827 1244 4882 sed
1276 4826 1327 4880 in
1355 4826 1655 4882 substantia
1682 4826 1914 4882 alterum
1942 4825 2092 4897 quid,

499 4916 566 4971 ad
621 4914 1031 4972 similitudinem
1081 4917 1232 4989 juxta
1279 4919 1552 4985 accidens,
1580 4918 1737 4974 sicuti
1792 4919 2090 4976 secundum

498 5008 905 5091 similitudinem
960 5010 1121 5065 homo
1176 5012 1242 5066 ad
1300 5011 1503 5080 Deum,
1538 5011 1642 5068 alia
1677 5027 1800 5068 cum
1850 5011 1922 5068 sit
1963 5012 2093 5080 Dei,

496 5104 599 5160 alia
631 5103 867 5159 hominis
893 5102 1218 5160 substantia.
1248 5104 1326 5159 Ex
1354 5105 1456 5160 hoc
1482 5104 1638 5161 nefas
1665 5117 1749 5161 est
1772 5105 1954 5161 dicere
1985 5107 2082 5158 ho-

497 5199 699 5254 minem
730 5198 995 5270 mqnalem
1018 5210 1141 5252 esse
1179 5196 1312 5251 Deo.
1346 5196 1401 5252 Si
1442 5197 1604 5268 igitur
1633 5195 1881 5254 Christus
1921 5196 2094 5253 forma

498 5300 581 5349 est
615 5293 730 5357 Dei,
765 5290 935 5346 forma
962 5299 1144 5346 autem
1193 5289 1495 5344 substantia
1528 5300 1634 5357 est,
1666 5291 1718 5345 id
1744 5291 1921 5362 ipsum
1948 5292 2094 5347 enim

499 5387 667 5444 forma
699 5394 755 5442 et
786 5385 964 5456 imago
989 5403 1002 5439 :
1025 5395 1108 5439 est
1127 5396 1306 5439 autem
1337 5384 1506 5438 forma
1531 5392 1587 5437 et
1613 5384 1787 5454 imago
1817 5386 1906 5440 Dei
1926 5386 2092 5462 λόγος,

500 5492 556 5541 et
583 5498 800 5554 semper
834 5482 979 5557 λόγος
1013 5480 1080 5535 ad
1114 5478 1315 5543 Deum,
1345 5475 1614 5551 ὁμοούσιος
1653 5479 1801 5552 λόγος
1842 5479 1989 5550 Deo,
2029 5481 2096 5538 ad

500 5594 660 5651 quem
688 5588 744 5635 et
771 5580 822 5633 in
857 5575 1126 5648 principio
1146 5618 1159 5640 ,
1191 5583 1249 5631 et
1294 5589 1513 5643 semper
1537 5584 1616 5628 eet
1643 5573 1808 5646 λόγος.
1845 5575 1974 5630 Esse
2003 5590 2100 5631 au-

503 5684 611 5731 tem
641 5673 928 5744 imaginem
955 5684 1007 5727 et
1028 5670 1410 5738 substantiam,
1436 5677 1490 5723 et
1510 5667 1670 5725 simul
1696 5683 1817 5723 cum
1846 5669 2101 5725 substan-

506 5766 602 5831 tia,
628 5765 770 5836 quod
797 5764 1066 5838 ὁμοοὺσιον
1085 5762 1305 5831 dicitur,
1331 5776 1399 5817 ex
1427 5760 1533 5817 hoc
1557 5759 1926 5817 manifestum.
1958 5761 2103 5817 Dixit

1015 5856 1357 5925 Semrtipsum
1428 5854 1821 5926 eminanirit,f
1902 5871 2098 5912 orntum

2268 4725 2464 4782 XXIII.
2497 4725 2605 4781 Sed
2636 4725 2754 4779 ista.
2784 4723 2854 4779 Et
2879 4738 3088 4791 rursus,
3113 4725 3240 4795 quid
3265 4726 3427 4795 igitur
3449 4722 3629 4778 dicunt
3650 4716 3760 4774 Pho-

2199 4818 2420 4874 tiuiani?
2447 4822 2492 4874 si
2537 4818 2801 4893 ὁμοούσιος
2844 4815 3011 4873 Filius
3057 4816 3222 4885 Patri,
3267 4816 3539 4888 quomodo
3567 4815 3690 4871 Dens
3707 4823 3758 4865 ex

2199 4914 2368 4970 Maria
2398 4914 2670 4969 hominem
2705 4923 2885 4967 natum
2934 4911 3099 4967 tilium
3124 4911 3351 4967 habuit?
3377 4910 3516 4980 Quid
3546 4910 3760 4965 autemet

2201 5007 2385 5062 Ariani
2432 5005 2656 5061 dicunt?
2699 5005 2744 5060 si
2780 5004 3054 5075 όμοούσιος
3098 5016 3151 5059 et
3198 5004 3376 5078 λόγος,
3415 5016 3468 5060 et
3500 4996 3757 5059 substantia

2200 5100 2358 5155 simul
2389 5108 2469 5154 est
2500 5098 2640 5153 ﬁlius
2659 5112 2782 5153 cum
2818 5099 3003 5167 patre?
3034 5096 3197 5153 Nefas
3227 5101 3372 5154 enim
3402 5099 3579 5154 dicere
3606 5093 3755 5151 istud:

2201 5190 2335 5247 Erat
2359 5191 2575 5261 quando
2599 5206 2705 5246 non
2731 5198 2870 5247 erat.
2898 5191 2963 5246 Et
2990 5190 3130 5246 istud
3155 5190 3307 5247 nefas
3333 5209 3347 5247 :
3370 5191 3438 5247 de
3455 5192 3519 5246 iis
3541 5205 3649 5256 qum
3673 5201 3757 5242 non

2201 5296 2329 5343 sunt
2354 5303 2495 5342 esse.
2526 5286 2675 5356 [mpii
2720 5295 2775 5341 et
2802 5285 2877 5340 illi
2911 5301 3130 5351 rursus,
3177 5287 3268 5357 qui
3309 5285 3497 5342 dicunt
3526 5280 3756 5360 ὁμοούσεον

2202 5397 2326 5439 esse
2366 5381 2531 5437 filium
2582 5379 2739 5450 patri.
2768 5379 3084 5435 SuhStantia
3130 5381 3275 5435 enim
3319 5381 3607 5436 secundum
3644 5371 3757 5448 quod

2204 5476 2507 5532 substantia
2534 5483 2638 5540 est,
2668 5488 2778 5528 non
2806 5480 2891 5527 est
2918 5472 3046 5541 alia,
3078 5481 3136 5527 ut
3182 5473 3253 5528 sit
3281 5472 3475 5528 simiiis
3497 5474 3560 5528 ad
3588 5469 3753 5526 aliam:

2204 5570 2394 5628 eadem
2435 5569 2582 5625 enim
2619 5577 2704 5624 est
2748 5568 2800 5623 in
2830 5567 3078 5634 duobus,
3114 5576 3169 5623 et
3213 5582 3319 5622 nou
3360 5579 3442 5625 est
3461 5567 3656 5631 similis,
3681 5560 3754 5617 sed

2206 5667 2344 5737 ipsa.
2373 5664 2479 5721 Sed
2510 5663 2615 5719 alia
2636 5678 2759 5719 cum
2782 5661 2874 5730 sit,
2900 5677 3007 5718 ltOn
3033 5677 3140 5731 quo
3165 5661 3464 5718 substantia
3493 5673 3573 5717 eSt
3597 5657 3754 5714 similis

2207 5760 2428 5827 dicitur,
2450 5758 2545 5815 sed
2575 5756 2875 5815 secundum
2896 5755 3185 5828 quamdam
3212 5757 3539 5827 qualitatem.
3586 5752 3753 5823 Impos-

2206 5853 2362 5910 sihile
2385 5868 2512 5922 ergo
2537 5861 2588 5908 et
2607 5853 2959 5921 incongruum
2980 5848 3256 5913 ὁμοοὺσιον
3278 5864 3402 5908 esse
3420 5846 3624 5921 aliquid.
3640 5845 3751 5899 Pru-
