4024 6306
251 214 385 273 1057
426 214 429 217 ’

1408 210 1772 269 ADVERSUS
1808 209 2030 268 ARIUM
2070 212 2271 269 LIBER
2311 212 2347 269 1.

3400 210 3541 270 i058

249 342 393 389 terea
427 331 604 387 simile
634 330 775 402 quod
805 331 857 387 in
887 330 1155 388 alteritate
1181 338 1287 398 est,
1316 329 1487 385 autin
1515 327 1704 385 eadem
1733 336 1834 394 est,
1865 328 1920 391 Α
1946 328 2079 397 (Col.
2104 332 2220 395 1.15
2253 330 2380 399 20):
2407 331 2506 398 Qui
2527 331 2710 402 eripuit
2730 346 2822 386 nos
2843 330 2905 386 de
2929 338 3175 401 potestate
3194 330 3549 395 tenebrarum,

247 426 414 481 divisa
448 426 499 479 in
527 425 662 480 duas
686 434 865 494 partes
889 424 1210 489 subsmntia,
1229 422 1386 480 autin
1410 422 1515 477 alia
1543 437 1679 491 :quo
1700 421 1844 476 enim

249 519 565 590 receptibile
594 529 678 575 est
707 519 971 575 dissimile
994 534 1114 575 esse
1133 561 1148 585 ,
1177 517 1283 574 hoc
1305 516 1621 586 receptibile
1656 524 1740 571 est
1770 514 1846 571 si-

251 613 428 669 milem
461 627 583 669 esse
616 629 629 665 :
659 612 956 668 substantia
987 621 1166 666 autem
1213 609 1508 666 secundum
1539 606 1682 680 quod
1722 607 1848 662 sub-

256 709 451 766 stantia
472 716 577 774 est,
605 723 710 763 non
739 706 929 777 recipit
957 706 1186 761 similem
1211 718 1354 769 esse,
1381 699 1805 758 autdissimilem
1830 715 1844 755 :

249 802 399 874 juxta
432 800 575 872 quod
606 810 790 857 autem
831 799 1160 871 reeeptibilis
1191 806 1300 866 est,
1354 794 1630 868 qualitatis
1658 792 1851 850 similis

249 907 341 954 aut
380 895 663 952 dissimilis
702 894 901 950 dicitur
924 936 940 959 ,
968 896 1019 949 in
1048 890 1288 964 potentia
1330 905 1426 945 sua
1457 889 1539 945 vel
1565 885 1852 943 existentia

252 998 505 1047 manente
530 989 854 1055 substantia,
883 988 967 1043 vel
996 987 1186 1042 eadem
1217 984 1299 1039 vel
1327 983 1561 1039 diversa.
1594 979 1733 1050 Quid
1757 995 1852 1034 au-

255 1092 361 1141 tem
384 1099 514 1140 vero
542 1083 635 1139 illa
671 1082 974 1140 substantia
1005 1080 1091 1136 vel
1122 1079 1236 1147 Dei,
1267 1077 1352 1134 vel
1380 1083 1472 1135 τοῦ
1515 1076 1668 1151 λόγου
1696 1088 1852 1129 ιιυιη-

254 1177 378 1251 quid
401 1176 734 1248 receptibilis
762 1184 845 1233 est
868 1173 1343 1240 dissimilitudinis,
1378 1181 1437 1227 ut
1460 1169 1671 1227 dicatur
1699 1169 1852 1225 simio

254 1270 323 1326 lis
350 1269 512 1327 esse?
539 1267 646 1325 Sed
674 1268 1026 1339 impossibile,
1061 1281 1160 1323 nec
1184 1264 1381 1322 similis
1411 1279 1570 1334 ergo,
1602 1277 1708 1317 non
1757 1259 1854 1332 igi-

256 1369 341 1419 tur
367 1360 657 1437 ὁμοούσιον.
682 1361 970 1417 Videamus
1002 1360 1164 1432 igitur
1190 1370 1241 1416 et
1271 1357 1415 1414 istud
1442 1375 1456 1413 :
1481 1356 1529 1413 si
1554 1356 1728 1412 simile
1761 1361 1855 1410 aut

256 1457 308 1514 in
337 1456 528 1513 eodem
558 1470 757 1527 genere
784 1452 1083 1510 substantia
1109 1461 1215 1519 est,
1248 1461 1307 1506 ut
1333 1449 1572 1506 hominis
1597 1456 1691 1504 aut
1731 1446 1851 1502 ani-

259 1552 415 1607 malis
443 1566 459 1607 :
486 1548 681 1607 similis
702 1549 846 1605 enim
874 1534 959 1604 est
999 1557 1054 1603 et
1081 1549 1243 1602 homo
1267 1543 1509 1612 homini,
1555 1554 1609 1599 et
1650 1539 1854 1597 animal

257 1644 476 1700 animali
502 1660 519 1701 :
547 1653 638 1699 aut
662 1644 714 1698 in
744 1642 850 1697 alio
889 1655 1121 1711 genere,
1154 1638 1305 1695 velut
1335 1636 1542 1693 homini
1580 1635 1739 1704 lapis,
1763 1642 1855 1688 aut

1951 431 1997 476 et
2032 424 2294 477 transtulit
2324 425 2378 478 in
2403 440 2613 494 regnum
2642 424 2739 494 ﬁlii
2761 424 3048 480 dilectionis
3072 438 3211 489 sure;
3242 424 3294 479 in
3321 440 3420 492 quo
3449 423 3545 477 Ita-

1949 513 2123 570 bemus
2152 517 2555 586 redemptionem
2595 526 2641 573 et
2667 500 3015 573 remissionem
3045 526 3371 589 peccatorum
3411 515 3548 586 :qui

1949 617 2024 663 est
2070 609 2240 681 imago
2285 608 2384 666 Dei
2421 610 2725 678 invisibilis,
2777 611 3142 683 primogenitus
3186 620 3306 664 ante
3345 624 3549 665 omnem

1952 710 2262 758 creaturam.
2296 702 2551 773 Quoniam
2578 703 2632 759 in
2654 705 2767 776 ipso
2792 714 2961 760 creato
2991 703 3193 769 omnia,
3223 716 3338 773 qut:
3358 703 3412 755 in
3443 716 3547 757 co:-

1951 793 2016 847 lis
2044 802 2092 847 et
2116 810 2229 863 qute
2250 794 2304 849 in
2334 796 2483 850 terris
2505 836 2521 863 ,
2552 796 2803 863 visibilia,
2836 806 2882 851 et
2908 794 3183 852 invisibilia
3200 838 3214 861 ,
3240 795 3345 851 sive
3369 793 3512 851 sedes
3529 835 3547 863 ,

1951 886 2055 940 sive
2099 887 2501 953 dominationes,
2551 891 2656 945 sive
2683 891 3038 962 principatus,
3089 891 3191 946 sive
3235 900 3552 962 potestates:

1954 979 2127 1034 omnia
2156 996 2244 1051 per
2268 983 2436 1050 ipsum
2456 1025 2470 1050 ,
2500 992 2545 1039 et
2570 983 2624 1038 in
2653 984 2765 1055 ipso
2792 985 3070 1040 constituta
3094 993 3234 1052 sunt,
3267 994 3314 1040 et
3338 985 3450 1055 ipse
3475 991 3548 1039 est

1953 1082 2071 1128 ante
2099 1075 2294 1143 omnia,
2326 1084 2371 1131 et
2401 1077 2572 1131 omnia
2596 1078 2651 1132 in
2671 1077 2783 1147 ipso
2804 1079 3085 1133 consistunt
3112 1093 3133 1132 :
3161 1077 3271 1148 ipse
3296 1087 3371 1132 est
3391 1082 3547 1148 caput

1963 1169 2194 1237 corporis
2224 1167 2474 1225 Ecclesiae
2500 1187 2613 1241 qua:
2639 1181 2712 1226 est
2743 1172 3084 1243 principium,
3119 1171 3487 1244 primogenitus
3516 1185 3551 1226 α

1957 1260 2194 1327 mortuis,
2223 1269 2281 1317 ut
2306 1264 2448 1328 ﬁeret
2471 1263 2524 1319 in
2555 1265 2788 1320 omnibus
2818 1265 2930 1336 ipse
2956 1266 3233 1337 primarius
3261 1280 3280 1320 :
3305 1264 3548 1337 quoniant

1956 1355 2011 1409 in
2036 1356 2150 1428 ipso
2192 1357 2500 1429 complacuit
2540 1374 2740 1412 onmem
2766 1358 3133 1430 plenitudinem
3175 1357 3462 1414 inhabitare
3500 1365 3551 1414 et

1956 1466 2048 1522 per
2074 1450 2242 1521 ipsum
2268 1451 2619 1520 reconciliare,
2646 1461 2694 1507 et
2720 1463 3064 1508 reconvertere
3083 1453 3255 1507 omnia
3279 1452 3331 1507 in
3362 1451 3553 1525 ipsum,

1959 1545 2236 1616 paciﬁcans
2266 1563 2358 1618 per
2385 1547 2685 1618 sanguinem
2712 1548 2876 1602 crucis
2897 1548 3011 1614 eius
3032 1547 3137 1604 sive
3160 1564 3218 1603 ea
3247 1563 3360 1616 qute
3378 1548 3432 1602 in
3456 1558 3558 1602 ter-

1958 1638 2049 1704 ris,
2098 1640 2201 1694 sive
2230 1655 2289 1693 ea
2327 1655 2440 1705 qua:
2479 1640 2533 1694 in
2575 1640 2734 1696 caelis.
2775 1639 2971 1696 Totum
3016 1639 3331 1712 mysterium
3370 1638 3425 1695 itt
3453 1637 3559 1695 ista

258 1750 434 1796 statua
460 1754 620 1810 equo.
650 1737 934 1808 Quomodo
980 1736 1142 1809 igitur
1175 1735 1361 1791 dicunt
1393 1735 1492 1790 ista
1532 1732 1639 1788 duo
1667 1728 1850 1805 ὁμοού-
1884 1729 1932 1792 Β
1959 1730 2297 1798 eXpositione
2322 1731 2525 1786 dictum
2562 1740 2665 1797 est,
2695 1733 2836 1803 quod
2864 1732 3154 1807 ὁμοούσιον,
3182 1732 3314 1789 dit-it
3349 1748 3415 1789 ex
3451 1731 3559 1789 isto

259 1857 350 1892 σια
374 1837 528 1891 esse?
560 1834 603 1888 si
652 1833 704 1889 in
742 1832 933 1889 eodem
978 1845 1210 1901 genere,
1245 1840 1300 1885 ut
1333 1829 1384 1883 in
1417 1826 1661 1888 animali.
1686 1825 1855 1897 magis

261 1926 516 2000 pra-cedit
542 1926 845 1982 substantia
872 1942 885 1979 :
915 1924 961 1979 si
986 1932 1162 1979 autem
1202 1922 1255 1978 in
1280 1923 1392 1991 ipsa
1417 1920 1740 1983 substantia,
1766 1927 1854 1972 aut

263 2021 435 2077 divisa
463 2029 558 2076 aut
577 2018 682 2076 alia
710 2016 989 2089 superiore
1018 2015 1316 2072 substantia
1343 2022 1497 2080 nata;
1528 2011 1622 2068 sed
1650 2019 1859 2067 utrum-

261 2129 366 2186 que
386 2123 478 2168 aut
506 2112 876 2168 subalternum
904 2121 1018 2177 est,
1053 2119 1109 2166 et
1133 2110 1360 2166 alterum
1384 2106 1683 2179 subjectum
1705 2146 1721 2171 ,
1761 2104 1859 2160 sed

263 2207 456 2273 divisa,
489 2222 666 2279 neque
698 2206 751 2261 in
773 2204 1026 2277 aequalia,
1058 2218 1233 2275 neque
1262 2202 1315 2257 in
1342 2200 1627 2271 inaequalia
1649 2241 1664 2263 ,
1697 2197 1863 2254 habet

265 2298 493 2355 altermn
540 2294 869 2368 perfectum,
902 2294 994 2350 sed
1024 2293 1132 2349 duo
1161 2292 1397 2364 perfecta
1418 2334 1433 2360 ,
1466 2299 1521 2347 et
1563 2305 1591 2345 a
1622 2290 1860 2361 perfecto

267 2390 589 2465 perfectum.
618 2387 737 2446 Non
758 2390 918 2461 igitur
945 2388 998 2444 in
1022 2386 1136 2458 ipsa
1163 2384 1517 2441 similitudine
1536 2426 1552 2451 ,
1582 2384 1778 2455 quippe
1808 2390 1863 2439 et

265 2486 598 2544 similitudo:
623 2485 671 2543 si
708 2484 874 2546 istud.
917 2483 997 2539 sic
1027 2495 1249 2539 necesse
1297 2490 1382 2537 est
1427 2480 1480 2535 in
1508 2478 1616 2534 alio
1641 2491 1860 2550 genere.

266 2579 421 2637 Unde
446 2579 627 2653 igitur,
668 2593 738 2633 an
772 2576 1007 2633 alterum
1038 2573 1207 2648 quid?
1236 2572 1316 2629 Ex
1351 2571 1520 2627 nihilo
1542 2571 1742 2642 igitur:
1771 2578 1865 2625 aut

264 2673 373 2731 duo
399 2672 694 2745 principia,
742 2669 839 2727 sed
881 2667 1015 2725 nihil
1039 2668 1231 2723 horum
1267 2682 1282 2722 :
1311 2664 1565 2738 quoniam
1606 2670 1664 2720 et
1697 2677 1862 2719 unum

266 2755 608 2839 principium,
639 2774 695 2820 et
723 2778 909 2820 eorum
933 2776 1056 2834 quae
1092 2768 1218 2816 sunt
1246 2760 1427 2815 omnia
1472 2772 1658 2814 causa.
1706 2756 1867 2814 Pater

267 2858 563 2916 secundum
590 2859 675 2915 τὸν
698 2857 872 2932 λόγον,
906 2855 995 2927 qui
1025 2857 1075 2909 in
1107 2852 1371 2925 principio
1401 2859 1550 2917 erat,
1580 2859 1635 2907 et
1663 2848 1865 2906 idcirco

265 2966 483 3022 semper
511 2959 666 3008 erat:
698 2965 807 3005 non
829 2963 959 3021 ergo
985 2963 1049 3003 ex
1085 2946 1258 3004 nihilo
1298 2955 1437 3001 erat.
1468 2944 1524 3003 Si
1557 2960 1685 3001 vero
1710 2951 1765 3000 et
1789 2944 1862 2999 is-

269 3046 384 3112 tud,
413 3060 588 3117 neque
609 3054 661 3100 et
687 3044 738 3099 in
763 3057 831 3099 eo
851 3041 997 3114 quod
1023 3040 1253 3096 alterum
1273 3054 1442 3111 genus
1463 3048 1515 3094 et
1544 3037 1862 3093 similitudo.

1960 1822 2051 1895 qui
2073 1833 2155 1879 est
2176 1823 2350 1894 imago
2368 1823 2656 1881 invisibilis
2682 1823 2798 1889 Dei,
2819 1827 2960 1897 quod
2987 1823 3128 1880 lilitts
3145 1822 3557 1897 primugenitus,

1960 1917 2100 1988 quod
2144 1934 2248 1972 non
2290 1929 2506 1974 creatus
2546 1930 2671 1974 ante
2709 1934 2925 1976 omnem
2967 1928 3272 1974 creaturam
3313 1915 3561 1980 dixit;si

1960 2011 2102 2067 enim
2130 2022 2185 2068 et
2208 2010 2325 2080 ipse
2355 2022 2574 2068 creatus
2596 2023 2763 2080 esset,
2793 2029 2898 2069 non
2923 2012 3152 2079 diceret,
3174 2021 3300 2068 ante
3339 2027 3558 2068 omnem

1961 2114 2263 2161 creaturam
2292 2123 2305 2159 :
2337 2116 2391 2161 et
2415 2105 2632 2178 proprie
2659 2106 2796 2162 divit
2820 2104 3210 2178 primogenitus
3227 2106 3369 2179 quod
3392 2113 3476 2162 est
3495 2103 3564 2161 de

1963 2197 2095 2254 ﬁlio.
2124 2197 2424 2270 iungamus
2454 2216 2587 2273 ergo
2611 2215 2832 2258 sensum
2860 2216 2874 2253 :
2904 2200 3273 2273 primogenitus
3303 2209 3423 2255 ante
3449 2215 3558 2254 om-

1963 2308 2078 2347 nem
2106 2301 2413 2347 creaturam.
2448 2292 2592 2364 Ergo
2631 2292 2720 2349 hic
2746 2293 2961 2364 genitus
2998 2303 3053 2349 ut
3084 2293 3257 2360 ﬁlius;
3290 2292 3379 2349 illa
3409 2307 3565 2350 crea-

1967 2391 2117 2451 tura,
2159 2394 2220 2440 ιιι
2264 2400 2385 2456 quae
2414 2393 2599 2442 creata
2624 2386 2695 2442 sit
2726 2404 2740 2442 :
2773 2400 2882 2442 non
2926 2395 3107 2441 autem
3140 2385 3286 2457 quod
3311 2395 3362 2443 et
3390 2386 3557 2443 alium

1964 2488 2155 2551 postea
2183 2479 2392 2547 genuit,
2419 2479 2515 2537 sed
2543 2480 2687 2553 quod
2715 2490 2842 2538 ante
2870 2495 3088 2538 omnem
3118 2491 3422 2538 creaturam
3455 2480 3565 2552 pri-

1965 2573 2290 2645 mogenitus.
2326 2574 2617 2632 Estautem
2645 2576 2821 2632 omnis
2846 2585 3094 2632 creatura
3124 2586 3178 2631 et
3223 2591 3412 2632 eorum
3442 2591 3566 2648 qua:

1967 2666 2021 2723 in
2052 2666 2227 2734 catlis,
2262 2675 2319 2724 et
2345 2682 2532 2724 eorum
2563 2684 2683 2741 quae
2714 2670 2766 2725 in
2809 2670 2992 2733 terris,
3021 2668 3312 2725 visibilium
3337 2676 3395 2727 et
3423 2668 3565 2726 invi-

1968 2764 2229 2820 sibilium.
2276 2763 2406 2821 Sine
2446 2772 2694 2821 creatura
2721 2780 2852 2836 ergo
2878 2764 3055 2832 illius;
3098 2773 3290 2821 natura
3321 2764 3484 2838 igitur
3510 2774 3569 2823 et

1967 2858 2317 2930 generatione
2347 2856 2512 2915 illius.
2553 2857 2707 2927 Quod
2732 2858 2981 2915 Christus
3009 2860 3157 2935 λόγος
3192 2867 3306 2928 εει,
3339 2871 3393 2916 ει
3422 2857 3566 2932 quod

1967 2954 2113 3029 λόγος
2164 2952 2407 3009 omnium
2450 2969 2571 3025 qua:
2612 2963 2773 3019 sunt,
2827 2953 2894 3011 ad
2921 2953 2973 3010 id
3006 2963 3063 3011 ut
3086 2953 3230 3022 sint,
3275 2969 3473 3022 causa;
3505 2962 3567 3012 et

1970 3045 2171 3101 ideirco
2196 3045 2399 3100 dictum
2431 3056 2537 3114 εει,
2572 3044 2713 3116 quod
2745 3045 2798 3100 in
2827 3044 2949 3117 ipso
2978 3045 3193 3102 condita
3223 3053 3350 3102 sunt
3379 3047 3562 3103 omnia

267 3140 550 3213 Quomodo
569 3149 749 3197 autem
779 3139 913 3195 dicit
940 3154 1046 3194 non
1075 3136 1218 3209 quod
1245 3135 1406 3192 Jesus
1439 3134 1729 3191 arbitratus
1778 3144 1857 3195 est
1889 3135 1936 3200 C
1967 3147 2017 3194 et
2042 3154 2137 3209 per
2159 3140 2332 3209 ipsum
2363 3137 2581 3194 condita
2610 3156 2622 3194 :
2653 3139 2800 3216 λόγος
2827 3138 2971 3193 enim
3000 3146 3054 3193 et
3095 3152 3257 3194 causa
3291 3148 3377 3195 est
3405 3138 3472 3194 ad
3510 3137 3567 3195 id

265 3235 615 3304 semetipsum
644 3232 907 3305 aequalem
935 3245 1056 3287 esse
1088 3231 1219 3297 Deo,
1247 3229 1341 3285 sed
1371 3228 1513 3299 quod
1565 3243 1667 3281 non
1711 3226 1860 3297 rapi-

266 3345 387 3384 nam
412 3327 689 3382 arbitrutus
710 3335 780 3381 est
807 3326 1055 3396 aqualem
1082 3339 1208 3378 esse.
1255 3322 1329 3377 Ea
1352 3322 1494 3378 enim
1522 3336 1643 3393 quae
1673 3330 1862 3375 natura

265 3429 395 3478 sunt
434 3419 699 3492 aequalia,
750 3433 855 3474 non
905 3433 999 3488 per
1027 3416 1367 3472 divinitatem
1415 3413 1724 3486 propriam,
1769 3412 1864 3470 sed

269 3529 392 3586 qua:
415 3512 569 3585 juxta
598 3513 868 3567 fortunam
900 3509 1037 3565 facta
1060 3517 1187 3565 sunt
1212 3506 1462 3577 atqualia,
1491 3507 1646 3578 quasi
1678 3506 1863 3575 rapina

271 3607 496 3677 arqualia
525 3613 669 3660 sunt.
694 3603 878 3675 Magna
909 3601 1073 3674 igitur
1097 3600 1442 3664 conlidentia,
1477 3608 1533 3656 et
1558 3613 1683 3654 vere
1708 3608 1869 3653 natu-

270 3700 401 3757 ralis
429 3699 680 3756 divinitas
706 3698 773 3754 ad
818 3697 870 3753 id
898 3696 1041 3768 quod
1083 3704 1167 3752 est
1189 3694 1453 3766 aequalem
1476 3708 1618 3762 esse,
1649 3706 1753 3748 non
1777 3707 1865 3747 ar-

265 3792 457 3851 bitrari
488 3794 731 3865 rapinam
764 3791 875 3848 Deo
900 3791 1162 3862 mqualem
1186 3804 1327 3846 esse.

337 3885 533 3943 XXIV.
576 3886 681 3943 Sed
716 3887 837 3942 ista.
886 3884 951 3941 Et
982 3900 1171 3941 rursus
1219 3882 1286 3939 ad
1330 3881 1686 3939 Colossenses
1735 3877 1865 3952 quid

263 3980 393 4039 dicit
423 3997 437 4035 :
468 3980 609 4051 quod
638 3977 857 4053 (Coloss.
890 3994 938 4047 ι,
970 3976 1060 4052 1⁸2)
1090 3986 1206 4033 ante
1232 3976 1405 4032 omnia
1433 3976 1637 4047 primus
1679 3972 1859 4030 Jesus.

263 4075 472 4148 Duplex
502 4074 647 4132 enim
675 4074 952 4143 generatio
990 4072 1107 4145 ejus
1133 4091 1148 4129 :
1180 4086 1286 4128 una
1312 4070 1526 4143 quidem
1571 4071 1624 4125 in
1668 4066 1866 4125 divini-

262 4180 428 4228 tatem
458 4178 514 4226 et
539 4167 891 4235 tilialiouem,
920 4167 1131 4224 occulta
1150 4209 1164 4232 ,
1193 4164 1397 4231 divina,
1429 4175 1485 4221 et
1510 4181 1630 4237 qua:
1655 4165 1760 4220 lide
1781 4163 1865 4220 in-

262 4262 531 4331 telligatur
560 4262 703 4320 :alia
749 4271 927 4317 autem
967 4260 1022 4317 in
1085 4274 1305 4317 carnem
1355 4257 1578 4326 venire,
1618 4266 1674 4315 et
1721 4256 1865 4314 ferre

261 4370 506 4413 carnem.
536 4355 630 4411 llla
675 4353 893 4424 quidem
932 4353 1045 4409 sola
1076 4350 1359 4425 generatio
1384 4367 1416 4407 a
1465 4351 1577 4407 Deo
1607 4350 1863 4423 potentiae

259 4447 625 4507 manifestatio
649 4466 661 4500 :
688 4446 790 4503 ism
830 4458 1007 4502 autem
1053 4445 1297 4517 acceptio
1334 4443 1504 4516 magis
1528 4443 1728 4510 carnis,
1754 4459 1862 4499 non

1966 3233 2108 3305 quod
2128 3243 2211 3289 est
2232 3248 2376 3299 esse,
2390 3231 2456 3288 iis
2474 3248 2594 3304 quae
2615 3242 2762 3299 sunt,
2786 3241 2840 3288 et
2857 3243 2939 3288 est
2957 3232 3352 3303 receptaculum
3378 3247 3567 3289 eorum

1967 3342 2090 3400 qua:
2117 3329 2167 3383 in
2194 3328 2312 3400 ipso
2333 3337 2478 3383 sunt.
2506 3326 2661 3395 Quod
2697 3336 2876 3383 autem
2919 3327 3099 3383 omnia
3138 3324 3191 3383 in
3223 3327 3361 3398 ipso,
3392 3327 3568 3399 ipsum

1966 3423 2363 3495 receptaculum
2382 3423 2684 3494 completur
2704 3420 2957 3479 omnibus
2985 3438 3106 3495 qua:
3134 3426 3357 3488 sunt,‘et
3386 3423 3564 3496 ipsum

1966 3526 2050 3572 est
2088 3527 2142 3572 et
2192 3515 2468 3588 plenitudo
2501 3533 2513 3571 :
2543 3526 2597 3572 et
2632 3514 2833 3571 idcirco
2856 3514 2878 3589 (
2905 3515 3054 3572 Rom.
3092 3532 3165 3580 st.
3217 3516 3288 3573 56
3317 3515 3362 3588 ),
3392 3516 3567 3574 omnia

1969 3626 2059 3681 per
2080 3610 2271 3677 ipsum,
2303 3620 2349 3665 et
2379 3612 2551 3664 omnia
2575 3609 2629 3664 in
2649 3608 2818 3680 ipsum
2839 3650 2855 3675 ,
2885 3618 2933 3664 et
2959 3610 3132 3665 omnia
3162 3611 3214 3665 in
3241 3611 3375 3682 ipso.

2037 3700 2206 3758 XXV.
2249 3701 2303 3756 Si
2326 3702 2486 3772 igitur
2511 3717 2577 3757 ex
2608 3701 2776 3758 nihilo
2795 3712 2911 3758 erat
2933 3701 3100 3770 ﬁlius,
3127 3702 3399 3775 quomodo
3428 3702 3571 3759 ista?

1966 3796 2095 3852 Sine
2126 3795 2229 3852 lide
2268 3795 2429 3868 igitur
2471 3804 2526 3851 et
2563 3794 2899 3866 impossibile
2934 3797 3014 3852 sic
3044 3799 3145 3852 ista
3176 3796 3299 3853 talia
3326 3811 3468 3853 esse.
3500 3797 3569 3854 Et

1967 3906 2177 3956 rursus,
2199 3890 2243 3945 si
2271 3907 2374 3945 non
2402 3888 2696 3964 ὁμοούσιον,
2725 3889 2998 3961 quomodo
3027 3900 3081 3946 et
3110 3899 3263 3961 pater
3288 3889 3570 3962 plenitudo

1967 3995 2019 4041 et
2052 3982 2230 4039 illius?
2260 3981 2422 4039 simul
2451 3985 2594 4039 enim
2640 3982 2820 4038 omnia
2860 3981 3171 4055 plenitudo;
3201 3990 3257 4040 et
3291 3998 3359 4039 an
3387 3981 3569 4057 ὁμοού-

1969 4099 2076 4137 σιον
2107 4073 2386 4147 plenitudo
2407 4074 2552 4130 velut
2576 4073 2804 4141 animm,
2835 4084 2888 4130 et
2914 4074 3019 4130 alia
3042 4090 3162 4146 quin
3191 4083 3372 4131 creata
3400 4074 3569 4131 sunt?

1968 4170 2199 4227 Omnino
2226 4166 2576 4239 impossibile.
2610 4165 2821 4223 Etenim
2843 4166 3147 4240 ὁμοούσιον,
3179 4166 3335 4223 sicuti
3364 4166 3567 4224 dictum

1967 4264 2019 4320 in
2068 4261 2335 4319 alteritate
2371 4270 2493 4319 est:
2526 4260 2662 4316 alter
2697 4261 2841 4317 enim
2881 4260 3072 4316 similis
3118 4259 3417 4317 substantia
3458 4275 3568 4316 non

1967 4366 2143 4427 potest
2170 4355 2305 4422 dici,
2340 4355 2441 4411 nisi
2474 4354 2525 4411 in
2567 4354 2682 4425 ipsa
2712 4338 2820 4409 non
2852 4353 2921 4409 sit
2943 4396 2958 4421 ,
2993 4352 3134 4409 illius
3166 4362 3345 4410 autem
3378 4362 3570 4426 poten-

1969 4449 2054 4504 tia:
2081 4448 2126 4504 si
2154 4448 2323 4504 altera
2352 4448 2648 4504 substantia
2680 4457 2764 4504 est
2788 4490 2805 4516 ,
2846 4454 2900 4503 et
2928 4447 2997 4503 ab
3035 4446 3152 4518 ipsa
3177 4446 3320 4519 quod
3350 4455 3434 4504 est
3458 4445 3568 4504 illis

259 4541 565 4615 generatio.
595 4541 655 4598 Si
674 4539 838 4612 igitur
866 4552 950 4597 est
971 4539 1143 4612 prior,
1171 4555 1277 4596 non
1309 4539 1378 4595 ab
1401 4538 1618 4594 homine
1640 4550 1723 4595 est
1743 4537 1863 4595 Sal-
1889 4534 1939 4596 D
1965 4557 2085 4599 esse
2118 4542 2316 4597 habent
2352 4539 2534 4597 omnia
2562 4556 2681 4611 quae
2714 4551 2841 4597 sunt
2867 4582 2882 4608 ,
2926 4540 3261 4611 impossibile
3287 4551 3367 4597 est
3402 4556 3569 4599 unum

259 4650 459 4695 valor:
492 4637 541 4693 si
564 4636 843 4709 generatio
869 4647 984 4703 est,
1027 4653 1133 4693 non
1177 4644 1262 4693 est
1304 4637 1617 4708 figmentum
1650 4653 1665 4691 :
1697 4634 1745 4692 si
1767 4652 1866 4691 au-

260 4735 371 4789 tem
396 4745 428 4785 a
471 4731 581 4787 Deo
608 4729 920 4802 generatio,
967 4743 1075 4785 non
1110 4729 1178 4784 de
1220 4727 1389 4784 nihilo
1418 4748 1433 4785 :
1477 4728 1525 4784 si
1554 4727 1733 4799 imago
1764 4726 1860 4783 Dei

262 4823 445 4890 Jesus,
478 4823 753 4899 ὁμοούσιος
796 4833 880 4880 εει
916 4842 929 4878 ;
965 4823 1140 4895 imago
1184 4822 1350 4888 enim,
1392 4821 1692 4879 substantia
1740 4836 1860 4877 cum

261 4917 588 4984 subsutntia,
620 4919 774 4990 cujus
793 4930 842 4974 et
867 4916 921 4972 in
954 4933 1056 4987 qua
1079 4925 1161 4973 e~t
1185 4914 1386 4987 imago.
1419 4915 1484 4971 Et
1512 4916 1653 4986 quod
1683 4913 1863 4985 imago

261 5011 586 5077 subst-auia,
619 5028 650 5068 a
677 5011 975 5068 substantia
1013 5011 1130 5081 ejus
1154 5010 1210 5065 in
1243 5025 1348 5082 qua
1377 5019 1462 5067 est
1488 5009 1574 5065 vel
1617 5009 1869 5066 subsistit

259 5108 480 5181 genita,
508 5107 563 5163 in
591 5107 1009 5165 declarationem
1039 5105 1183 5161 intus
1224 5104 1477 5176 potentia:
1504 5122 1518 5160 :
1545 5102 1672 5160 hinc
1714 5115 1867 5174 pater

259 5201 357 5274 qui
386 5200 564 5264 intus,
606 5199 730 5256 hinc
761 5199 902 5256 Illius
938 5197 1032 5270 qui
1082 5192 1236 5253 foris.
1286 5198 1492 5253 Rursus
1531 5196 1676 5268 quod
1725 5194 1867 5251 illius

257 5296 430 5372 λόγος,
456 5307 534 5350 est
560 5293 613 5350 in
637 5293 901 5350 actionem
927 5292 1186 5349 festinans
1206 5291 1506 5350 substantia
1534 5334 1550 5357 ,
1581 5290 1684 5346 vita
1717 5290 1863 5347 enim

256 5387 422 5464 λόγος,
448 5400 500 5444 et
525 5386 873 5459 intelligentia
898 5387 1069 5459 λό)ος,
1117 5384 1378 5456 processit
1425 5385 1480 5440 in
1508 5383 1861 5441 substantiam

258 5492 455 5538 eorum
471 5495 588 5550 qua!
604 5491 722 5535 sunt
741 5477 1213 5544 intellectibilinm,
1233 5487 1288 5532 et
1304 5476 1623 5547 hylicorum,
1643 5488 1693 5533 et
1708 5474 1867 5532 idcir-

259 5590 333 5634 co
353 5574 497 5630 actio
513 5573 683 5645 ipsius
707 5581 801 5632 τοῦ
813 5575 986 5651 λογον,
1013 5582 1229 5642 propter
1244 5570 1669 5627 imbecillitatem
1688 5569 1868 5643 perci-

261 5668 526 5743 pientinm
559 5668 758 5740 ipsum,
785 5678 841 5725 et
878 5666 1144 5740 passibilis
1168 5676 1271 5732 est,
1309 5667 1391 5722 vel
1422 5665 1599 5736 potius
1637 5663 1869 5735 passibi-

262 5761 338 5823 lis
393 5762 592 5822 dicitur
633 5781 648 5819 :
694 5762 824 5820 dicit
849 5761 991 5821 enim
1047 5760 1236 5819 beatus
1289 5759 1487 5817 Paulus
1541 5757 1611 5817 de
1651 5757 1869 5819 Christo

1967 4650 2089 4693 esse
2109 4649 2270 4692 omne
2291 4652 2304 4690 :
2328 4650 2472 4691 nunc
2493 4648 2622 4690 vero
2645 4633 2759 4689 Deo
2783 4642 2933 4705 patre
2954 4642 3008 4688 et
3029 4631 3138 4689 lilio
3159 4634 3293 4710 λόγῳ
3313 4633 3568 4711 ὁμοουσίῳ

1968 4728 2261 4796 existente,
2294 4729 2549 4798 quoniam
2578 4742 2672 4798 per
2692 4728 2837 4804 λόγον
2867 4726 3045 4782 omnia
3083 4727 3136 4783 in
3167 4744 3331 4784 unum
3371 4744 3568 4786 vocan-

1968 4831 2075 4887 tur,
2103 4831 2158 4877 et
2186 4828 2312 4876 sunt
2334 4837 2364 4875 a
2397 4821 2505 4876 Deo
2530 4820 2729 4885 omnia,
2762 4828 2817 4875 et
2839 4819 2980 4876 Deus
3002 4819 3186 4875 omnia
3214 4820 3267 4876 in
3294 4821 3567 4892 omnibus,

1967 4916 2083 4971 sine
2110 4913 2357 4985 passione
2401 4922 2550 4983 patre
2578 4912 2844 4970 existente
2865 4952 2880 4979 ,
2914 4912 3053 4969 sicut
3095 4912 3237 4969 idem
3294 4923 3567 4971 monstra-

1970 5018 2079 5065 tum
2112 5019 2212 5064 est.
2263 5007 2416 5076 Quod
2464 5019 2642 5064 autem
2690 5006 2848 5064 Jesus
2891 5008 3070 5082 λόγος,
3101 5007 3191 5079 qui
3231 5014 3289 5062 et
3327 5007 3568 5063 omnium

1969 5118 2090 5174 quae
2130 5111 2256 5157 sunt
2295 5101 2517 5172 spiritus
2546 5111 2629 5157 est
2660 5100 2938 5159 viviﬁcans
2959 5144 2974 5170 ,
3004 5101 3129 5158 ibus
3157 5103 3279 5157 vita:
3312 5114 3531 5158 aeterna:
3552 5141 3568 5169 ,

1970 5195 2265 5253 secundum
2295 5196 2611 5269 mysterium
2640 5198 2863 5255 veniens
2889 5198 2940 5254 in
2969 5213 3210 5264 carnem,
3233 5210 3283 5255 et
3316 5198 3367 5254 in
3396 5207 3572 5255 morte

1971 5301 2315 5363 peccatorum
2348 5290 2475 5347 vicit
2503 5302 2751 5353 mortem.
2784 5302 2839 5349 et
2867 5292 2919 5347 in
2947 5301 3206 5347 :etcrnam
3236 5291 3399 5347 vitam
3428 5307 3573 5348 mor-

1971 5392 2058 5439 tua
2091 5383 2389 5440 suscitavit.
2432 5384 2585 5455 Quod
2616 5395 2794 5441 autem
2838 5384 2976 5441 Deus
3016 5385 3254 5455 potentia
3292 5394 3375 5442 est
3406 5384 3574 5450 ipsius

1970 5474 2207 5532 fontanae
2257 5486 2476 5533 aeterna:
2514 5477 2637 5532 vitae
2659 5518 2676 5542 ,
2706 5485 2760 5533 et
2799 5485 3081 5548 propterea
3112 5476 3251 5531 illius
3287 5485 3371 5532 est
3400 5476 3572 5553 λόγος,

1974 5566 2093 5625 fons
2124 5569 2248 5624 vita:
2278 5579 2533 5636 aeternae,
2563 5568 2804 5625 existens
2849 5568 3086 5640 potentia
3124 5568 3293 5640 patria
3319 5609 3334 5634 ,
3368 5571 3573 5638 primo-

1974 5663 2188 5736 genitus
2216 5679 2245 5720 a
2277 5663 2542 5732 mortuis,
2572 5672 2628 5720 et
2667 5662 2871 5720 idcirco
2909 5661 3086 5719 omnia
3130 5662 3184 5719 in
3221 5661 3397 5734 ipsum
3438 5678 3576 5719 con-

1973 5771 2130 5816 versa
2175 5771 2341 5815 unum
2385 5756 2517 5816 ﬁent
2537 5798 2552 5825 ,
2577 5754 2678 5813 hoc
2704 5762 2790 5813 est
2821 5754 3079 5829 spiritalia
3109 5772 3125 5814 :
3152 5769 3284 5829 ergo
3308 5753 3578 5829 ὁμοούσιος
