4024 6306
510 147 649 221 4031)

1740 148 1935 215 manu
1962 132 2318 217 VICTQRINI
2357 130 2519 215 Mitti

3641 146 3748 218 itlt'iti

510 273 604 328 Dei
655 269 832 339 tilias,
864 267 1007 341 quod
1036 274 1256 325 :eternre
1297 266 1427 323 vitae
1474 266 1595 323 fons
1621 273 1742 333 est,
1773 266 1930 323 sicuti
1967 276 2116 337 pater
2140 278 2191 347 Α
2221 262 2505 320 descensio
2531 268 2620 320 τοῦ
2644 260 2817 339 λόγου,
2842 260 2987 335 quod
3011 262 3262 335 quoniam
3285 278 3316 322 a
3338 271 3479 339 patre
3503 268 3677 335 exiens,
3702 273 3750 327 iis

508 364 746 435 putentia
778 362 980 434 ipsius,
1011 370 1067 417 et
1095 360 1237 434 quod
1271 376 1367 433 per
1393 361 1565 433 ipsum
1596 360 1763 414 lilium
1795 375 1959 413 unum
1985 358 2112 414 fient

505 456 716 520 omnia,
759 455 1012 529 quoniam
1054 469 1147 524 per
1179 454 1351 533 ipsum
1381 456 1582 513 omnia.
1614 451 1767 520 Quod
1795 450 1983 518 Jesns,
2011 449 2118 507 hoc

505 549 753 626 εειλόγος
780 557 834 605 ει
864 564 1048 604 semen
1080 556 1200 618 est,
1247 558 1299 604 et
1331 548 1470 604 velut
1516 545 1843 603 elementum
1874 544 2114 599 omnium

504 661 625 716 quae
654 655 799 713 sunt,
834 646 1065 701 maxime
1095 654 1271 700 autem
1301 642 1410 714 jaut
1463 642 1515 697 in
1545 642 1741 721 ἐνεργίᾳ
1765 651 1820 697 ει
1857 640 2116 696 manifes-

510 740 711 794 tatione
748 754 934 794 eorum
966 753 1085 809 qua:
1120 746 1275 799 sunt,
1308 734 1449 806 quod
1492 734 1545 788 in
1577 732 1920 788 eoinltabitat
1953 730 2117 786 onmis

509 833 778 905 plenitudo
804 833 1084 889 divinitatis
1111 831 1449 904 corporaliter
1471 828 1690 905 (Cotoss.
1726 828 1883 902 tt,9),
1917 828 2015 882 hoc
2032 835 2118 882 est

506 926 564 982 in
586 927 899 999 operatione
920 924 1342 1005 subslantialiter
1368 942 1381 978 :
1416 925 1468 980 in
1504 934 1652 995 patre
1678 923 1821 979 enim
1848 920 2115 994 potentia-

504 1018 631 1076 liter
655 1020 832 1075 omnia
860 1018 1176 1083 inhabitant.
1198 1017 1258 1071 Et
1278 1016 1476 1072 idcirco
1496 1014 1653 1072 Iesus
1670 1014 1816 1091 λόγος
1844 1014 2017 1089 imago
2035 1019 2118 1069 est

505 1114 675 1185 patris
708 1114 819 1179 Dei,
857 1111 960 1168 hnc
990 1112 1166 1185 ipsum
1192 1108 1333 1187 quod
1358 1117 1461 1177 est,
1493 1108 1726 1185 potentia
1756 1117 1860 1173 est,
1879 1106 1989 1178 jam
2016 1105 2118 1161 hoc

504 1209 646 1282 quod
667 1219 747 1264 est
774 1209 1041 1265 actionem
1065 1222 1215 1264 esse:
1237 1221 1398 1262 omne
1424 1205 1568 1261 enim
1597 1202 1739 1276 quod
1770 1202 1821 1259 in
1850 1202 2117 1257 actionem

501 1302 651 1371 exit,
682 1313 737 1358 ει
764 1302 939 1373 imago
962 1310 1045 1356 est
1067 1298 1185 1373 ejus
1211 1297 1350 1370 quod
1380 1307 1463 1353 est
1494 1295 1883 1370 potentialiter,
1913 1300 1969 1349 et
1999 1292 2118 1364 ejus

504 1393 646 1468 quod
662 1403 744 1450 est
770 1394 1129 1465 potentialiter
1146 1392 1284 1448 lilins
1307 1402 1386 1447 est
1402 1391 1542 1464 quod
1558 1390 1611 1446 in
1626 1390 1837 1445 actione
1850 1396 1953 1457 est,
1973 1403 2037 1442 ex
2054 1386 2118 1442 iis

500 1490 646 1545 filius
671 1500 724 1546 et
754 1499 905 1563 pater
930 1488 1217 1564 ὁμοούσιον.
1249 1486 1401 1555 Quod
1429 1500 1496 1542 ex
1518 1483 1646 1541 Jesu
1679 1483 1882 1548 omnia,
1910 1491 1967 1537 et
1996 1480 2118 1537 ideo

504 1598 569 1637 ex
603 1584 712 1638 Deo
741 1582 917 1635 omnia
939 1623 952 1645 ,
1000 1580 1182 1635 omnia
1223 1578 1343 1634 dico
1372 1590 1725 1650 quaecumque
1753 1584 1909 1640 sunt,
1939 1583 1988 1630 et
2015 1588 2118 1626 non

2218 359 2309 432 qui
2345 359 2396 413 in
2430 356 2585 414 caelis
2614 366 2761 426 sunt,
2790 365 2843 412 et
2870 358 3111 431 Angelis,
3134 367 3223 413 aut
3247 359 3468 428 thronis,
3491 362 3567 418 vel
3588 363 3749 435 gloriis,

2218 462 2273 507 et
2305 450 2611 518 hujusmodi
2644 466 2762 523 qua:
2788 460 2945 517 sunt,
2979 451 3131 507 dedit
3158 467 3312 508 suam
3353 455 3598 528 prapriant
3625 458 3752 517 vitam

2220 545 2454 618 potentia
2497 545 2665 625 patria
2693 564 2705 600 :
2738 545 2882 625 λόγος
2923 547 3068 601 enim
3103 548 3347 603 omnium
3372 556 3488 615 est,
3511 564 3596 621 per
3631 566 3754 625 quem

2217 638 2359 695 facta
2387 646 2515 694 sunt
2550 638 2752 694 omnia.
2785 639 2849 695 Et
2876 654 3096 707 rursus,
3124 641 3266 712 quod
3301 657 3404 697 non
3436 653 3569 701 esset
3594 643 3755 710 vivefa-

2218 748 2379 804 cere,
2413 735 2515 789 nisi
2544 744 2688 790 esset
2734 734 2956 789 materia
2990 734 3057 791 ad
3097 736 3393 807 potentiam
3424 735 3758 808 vivefaciendi,

2218 824 2408 880 clIecta
2433 835 2513 880 est
2537 825 2756 881 materia
2783 835 2991 882 mortua
3020 837 3247 894 naturze,
3273 844 3391 900 quae
3417 828 3649 887 vivefaCta
3666 845 3761 887 suas

2219 916 2439 973 militias
2469 919 2649 974 emisit
2675 917 3036 975 viviﬁeatione
3059 919 3239 974 divina
3257 962 3271 985 ,
3295 930 3349 977 et
3370 924 3593 995 corrupit
3616 923 3759 980 boario

2218 1026 2342 1068 nem
2369 1054 2384 1081 ,
2414 1011 2508 1067 sed
2535 1012 2706 1089 λόγος,
2737 1013 2842 1068 vita
2878 1012 3115 1084 perfecta
3144 1014 3431 1086 complevit
3459 1017 3759 1089 mysterium,

2218 1118 2270 1165 et
2295 1109 2545 1181 apparuit
2571 1107 2625 1165 in
2655 1108 2909 1175 materia,
2942 1107 3046 1169 hoc
3079 1117 3164 1165 est
3193 1109 3245 1165 in
3278 1125 3440 1167 carne
3468 1119 3519 1167 et
3550 1112 3597 1171 in
3646 1120 3765 1168 tene-

2220 1199 2350 1255 bris.
2395 1199 2678 1271 Quomodo
2724 1201 2868 1258 enim
2912 1211 3030 1257 erat
3077 1201 3333 1275 possibile
3371 1218 3616 1275 apparere
3653 1203 3765 1276 quod

2218 1289 2413 1347 fuisset
2437 1332 2452 1357 ,
2488 1293 2590 1348 nisi
2619 1292 2670 1348 in
2701 1308 2897 1363 carne,
2930 1292 3033 1350 hoc
3071 1304 3185 1361 est,
3218 1295 3270 1350 in
3296 1309 3456 1352 sensu
3488 1297 3765 1369 appareret!

2220 1382 2414 1441 Omnia
2444 1399 2573 1455 ergo
2600 1384 2825 1442 eli‘ectus
2848 1385 2993 1461 λόγος
3013 1428 3028 1453 ,
3058 1396 3110 1443 ει
3157 1387 3211 1443 in
3241 1389 3520 1455 omnibus,
3555 1400 3603 1447 et
3623 1390 3767 1463 genuit

2219 1477 2422 1549 omnia,
2448 1479 2695 1549 salvavit,
2730 1490 2783 1536 et
2813 1482 3075 1551 regnavit.
3111 1480 3219 1537 vita
3247 1491 3448 1538 :cterua
3498 1483 3707 1542 existens
3727 1486 3769 1541 in

2219 1571 2410 1644 spiritu
2433 1589 2447 1625 :
2472 1571 2617 1645 Ergo
2629 1575 2760 1648 justi
2766 1575 2951 1642 ﬁcatus
2971 1585 3067 1642 est,
3087 1577 3331 1650 apparuit
3351 1577 3572 1650 Angelis,
3593 1580 3771 1635 veniens

504 1685 677 1729 tenens
718 1682 870 1745 caput
912 1672 1145 1739 Christi,
1190 1688 1254 1727 ea:
1294 1687 1396 1743 quo
1425 1686 1573 1725 omne
1613 1684 1800 1740 corpus
1843 1682 1932 1740 per
1970 1673 2114 1720 actus
2144 1675 2192 1739 Β
2220 1682 2348 1741 ergo
2377 1669 2683 1739 praedicatus
2711 1680 2783 1725 est
2804 1670 3055 1743 gentibus.
3087 1669 3207 1728 Fuit
3230 1673 3392 1745 igitur
3418 1683 3677 1747 antequam
3697 1689 3770 1731 ve-

506 1778 552 1823 ct
602 1767 984 1840 coniunctiones
1021 1766 1465 1831 subministratum
1513 1772 1561 1819 et
1615 1762 1959 1834 productum,
2008 1774 2117 1812 cre-

503 1864 597 1918 scit
655 1866 706 1918 in
762 1864 1127 1918 incrementum
1184 1860 1277 1915 Dei
1320 1858 1509 1932 (Ibid.
1563 1856 1629 1914 19
1657 1856 1713 1929 );
1761 1871 1923 1912 unmn
1971 1854 2114 1910 enim

507 1948 720 2025 otnnia,
781 1958 991 2013 etiamsi
1041 1954 1343 2012 ditferentia
1389 1952 1535 2019 sint,
1591 1967 1713 2024 qua:
1767 1958 1891 2004 sunt
1939 1966 1952 2004 :
2009 1962 2115 2003 non

506 2053 652 2111 enim
680 2067 880 2122 corpus
928 2052 1091 2106 totius
1133 2047 1367 2105 universi
1408 2047 1558 2103 velut
1599 2059 1825 2101 acervus
1869 2052 1950 2098 est
1976 2084 1992 2110 ,
2023 2041 2115 2115 qui

509 2160 738 2219 acervus
768 2153 910 2203 tactu
933 2144 1073 2199 inter
1097 2157 1159 2198 se
1186 2141 1301 2197 solo
1326 2155 1617 2213 granorum
1639 2153 1836 2209 corpus
1858 2135 2114 2202 efticitur,

507 2238 603 2294 sed
647 2237 880 2293 maxime
909 2252 1016 2309 quo
1047 2232 1326 2289 alternatis
1367 2233 1421 2287 in
1461 2247 1522 2287 se
1568 2230 1796 2285 invicem
1830 2226 2069 2300 partibus
2097 2267 2114 2294 ,

509 2344 565 2387 ut
595 2340 782 2386 catena
821 2331 1109 2385 continens
1156 2340 1353 2397 corpus
1393 2335 1476 2381 est
1503 2341 1516 2379 :
1541 2332 1732 2383 catena
1763 2323 1908 2377 enim
1936 2319 2112 2384 Deus,

506 2423 664 2480 Jesus
697 2422 961 2496 Spiritus,
990 2429 1105 2485 νοῦς
1132 2420 1312 2477 anima
1343 2417 1521 2492 angeli
1545 2426 1600 2473 et
1633 2414 1831 2472 deinde
1860 2426 2118 2486 corpora-

508 2518 579 2574 lia
652 2516 832 2572 omnia
886 2516 1314 2572 subministrata.
1367 2512 1535 2589 lgitur
1581 2510 1859 2589 plenitudo
1919 2509 2118 2583 quippe

508 2609 769 2683 producta
801 2621 905 2667 est.

582 2703 773 2761 XXVI.
817 2703 874 2759 Si
897 2703 1058 2776 igitur
1078 2702 1259 2761 omnia
1283 2716 1468 2771 unum,
1491 2699 1689 2773 quippe
1710 2700 1763 2755 in
1788 2695 2111 2764 substantia,

509 2798 681 2855 multo
713 2796 884 2868 magis
931 2797 1071 2853 Deus
1105 2804 1162 2851 et
1187 2795 1358 2864 ﬁlius,
1390 2810 1496 2849 non
1521 2793 1697 2851 solum
1725 2791 2115 2847 insubstautia-

512 2900 646 2957 tum,
669 2889 765 2946 sed
797 2889 1343 2949 consubstantiatum.
1375 2884 1795 2944 lnsubstautiata
1820 2884 1965 2940 enim
1990 2889 2118 2937 sunt

511 2984 688 3041 omnia
716 2980 839 3042 ὄντα
866 2985 918 3039 in
948 2982 1096 3053 Jesu,
1134 2982 1238 3039 hoc
1266 2992 1370 3049 est,
1403 2984 1451 3037 ἐν
1480 2991 1555 3057 τῷ
1578 2982 1709 3058 λόγῳ
1735 2979 1892 3036 sicuti
1913 2979 2115 3034 dictum

2221 1760 2364 1816 niret
2387 1778 2399 1815 :
2426 1760 2661 1817 Creditus
2684 1773 2754 1818 est
2776 1765 2827 1817 in
2856 1763 3068 1829 mundo,
3092 1765 3171 1820 sic
3197 1767 3341 1821 enim
3367 1775 3423 1821 et
3446 1765 3599 1824 Isaias
3618 1767 3773 1821 fatetur

2220 1854 2549 1926 prophetans
2575 1875 2589 1912 :
2618 1855 2892 1914 Laboravit
2931 1857 3195 1934 :Eggptus
3214 1903 3229 1925 ,
3258 1871 3315 1923 et
3352 1862 3661 1919 mercimonio
3693 1858 3773 1917 Δῖ-

2218 1948 2472 2020 thiOpium
2497 1959 2543 2006 et
2568 1949 2781 2007 Sabaim
2809 1969 2828 2013 :
2872 1951 2980 2009 Viri
3014 1956 3254 2013 altissimi
3281 1956 3334 2012 in
3365 1966 3417 2013 te
3451 1956 3769 2026 atrtbttlabunt,

2218 2052 2266 2098 et
2294 2042 2384 2097 tibi
2412 2055 2559 2101 erunt
2585 2048 2735 2114 servi,
2765 2060 2813 2106 et
2838 2060 2976 2105 retro
2997 2061 3043 2111 te
3063 2063 3334 2123 sequentur
3351 2054 3499 2129 ligati
3517 2055 3720 2123 manicis,
3736 2062 3773 2110 tt

2218 2147 2267 2195 te
2287 2141 2658 2198 venerabantur
2682 2154 2727 2200 et
2756 2154 2803 2201 te
2836 2146 3209 2217 precabantur,
3232 2149 3370 2221 quod
3398 2151 3452 2211 in
3480 2159 3526 2211 te
3552 2149 3672 2211 Deus
3691 2158 3771 2218 est,

2218 2242 2389 2289 etnon
2410 2245 2482 2293 est
2516 2234 2651 2292 Deus
2677 2247 2823 2295 extra
2851 2248 2898 2295 te
2926 2256 2939 2292 :
2968 2250 3023 2297 tu
3050 2257 3104 2296 es
3129 2243 3265 2301 enim
3293 2242 3438 2301 Deus
3454 2287 3471 2315 ,
3496 2252 3542 2303 et
3563 2261 3651 2309 non
3677 2245 3774 2307 stis-

2219 2325 2430 2396 bamus,
2463 2328 2598 2389 Deus
2647 2328 2813 2389 Israel
2842 2332 2975 2411 (lsa.
3010 2351 3143 2405 XLV,
3180 2338 3290 2410 14).
3331 2337 3651 2401 Ρι-ωιιὶειιιιιε
3674 2352 3773 2410 ergo

2217 2420 2273 2476 in
2304 2421 2539 2492 mundo,
2572 2434 2821 2497 receptus
2853 2428 2906 2485 in
2934 2429 3105 2501 gloria
3137 2429 3440 2495 divinitatis
3462 2443 3516 2490 et
3538 2431 3601 2497 ab
3623 2432 3773 2499 initio,

2219 2523 2275 2570 et
2302 2514 2486 2585 initio,
2515 2526 2572 2577 ει
2600 2529 2788 2591 postea
2811 2562 2826 2587 ,
2853 2530 2909 2585 et
2934 2536 3150 2596 semper
3177 2524 3248 2585 ab
3274 2528 3528 2601 aeternis,
3553 2536 3604 2589 et
3626 2527 3674 2585 in
3692 2541 3773 2591 sa:-

2219 2607 2345 2665 cula
2379 2609 2724 2675 saeculorum.
2761 2617 2956 2673 Amen.

2293 2698 2511 2761 XXVII.
2552 2701 2689 2767 Vide
2714 2713 2891 2769 autem
2914 2715 2969 2765 et
2991 2707 3135 2766 istud
3162 2708 3232 2771 ad
3260 2709 3532 2791 ὁμφύσιον
3553 2710 3776 2784 quomodo

2219 2792 2443 2865 spiritus
2476 2794 2607 2853 dicit
2634 2795 2783 2855 [snite
2811 2815 2824 2855 ς
2851 2797 2922 2855 In
2952 2810 3000 2856 te
3029 2799 3203 2871 Deus,
3246 2813 3292 2867 et
3321 2821 3431 2867 nou
3464 2814 3534 2867 est
3563 2804 3684 2867 Deus
3704 2820 3775 2865 av

2218 2893 2301 2941 tra
2330 2895 2419 2943 te:
2446 2889 2589 2959 quod
2635 2890 2746 2949 ﬁlio
2786 2892 2915 2951 dicit
2956 2893 3187 2959 Domino
3226 2907 3454 2973 nostro,
3481 2900 3777 2967 manifestum

2218 2975 2272 3029 in
2318 2988 2366 3033 te
2404 2974 2577 3046 Deus,
2608 2983 2709 3038 hoc
2737 2993 2822 3041 est
2841 3026 2855 3052 ,
2886 2988 3029 3058 quod
3057 2988 3260 3053 dictum
3292 3003 3377 3053 est
3407 3011 3420 3047 :
3454 2993 3603 3057 Pater
3624 2995 3670 3055 in
3698 3010 3773 3050 ste.

512 3090 595 3135 εει
623 3096 639 3137 :
670 3076 856 3135 Omnia
880 3079 932 3134 in
959 3080 1055 3134 isto
1081 3088 1198 3133 sunt
1224 3078 1428 3133 condita
1451 3073 1672 3149 (Coloss.
1709 3072 1863 3147 1,16)
1890 3091 1903 3128 :
1936 3073 2112 3149 ὁμοού-
2143 3082 2190 3147 c
2222 3068 2380 3124 Aliud
2425 3080 2603 3129 autem
2624 3115 2639 3142 ,
2670 3084 2718 3132 et
2756 3093 2858 3133 non
2881 3088 2953 3135 est
2984 3078 3123 3136 Deus
3148 3093 3293 3147 extra
3319 3095 3368 3147 te
3401 3102 3422 3147 ;
3448 3088 3503 3147 in
3531 3089 3625 3145 ista
3648 3087 3778 3151 verba

516 3193 607 3227 σια
638 3180 815 3226 autem
867 3170 968 3235 ista
1016 3186 1121 3225 non
1168 3178 1311 3227 sunt.
1353 3167 1469 3224 Non
1501 3169 1644 3223 enim
1674 3168 1826 3243 quasi
1858 3166 2005 3221 οὐσία
2032 3173 2115 3220 εει

513 3262 644 3319 illud
661 3265 889 3335 primum
918 3278 1038 3320 esse
1059 3263 1201 3336 quod
1217 3272 1302 3318 est
1326 3262 1487 3329 Deus,
1506 3276 1681 3331 neque
1702 3268 1878 3315 autem
1904 3269 1961 3314 ut
1987 3257 2115 3314 sub-

519 3357 713 3411 Stantia
736 3355 1075 3431 imago,qnod
1098 3368 1181 3411 est
1203 3353 1464 3421 filius,sed
1483 3356 1640 3411 simul
1665 3354 1836 3410 solum
1862 3355 2110 3419 istorum,

516 3449 658 3523 quod
687 3459 909 3511 estesse
936 3449 1230 3504 divinitatis
1268 3447 1334 3504 ad
1360 3463 1601 3516 causam,
1629 3457 1712 3506 est
1740 3463 1861 3504 esse
1901 3447 1966 3503 iis
1995 3460 2114 3516 qua:

515 3544 801 3600 suutzsola
838 3543 997 3613 igitur
1035 3542 1284 3619 ὁμοούσια
1329 3541 1468 3596 Deus
1494 3541 1660 3618 λόγος,
1675 3540 1740 3595 ad
1770 3538 2110 3598 Timotheum

516 3642 685 3713 prima
705 3659 717 3695 :
741 3639 942 3697 Etenim
958 3640 1269 3710 conﬁdenter
1290 3655 1533 3713 magnum
1547 3637 1805 3710 quoddam
1819 3647 1893 3692 est
1911 3636 2114 3708 pietatis

513 3735 968 3807 mgsterium,quod
981 3734 1360 3800 manifestatum
1373 3733 1508 3790 estin
1520 3748 1692 3790 carne.
1700 3734 1730 3808 j
1735 3732 1833 3786 usti
1836 3731 2044 3803 ﬁcatum
2060 3730 2114 3786 in

511 3828 720 3899 spiritu,
735 3828 973 3902 apparuit
992 3827 1219 3900 Angelis,
1236 3827 1577 3901 praedicatum
1588 3834 1661 3880 est
1678 3824 1932 3897 gentibus,
1951 3825 2114 3880 credi—

511 3930 619 3977 tum
635 3922 689 3976 in
708 3921 922 3987 mundo,
950 3931 1206 3994 receptum
1221 3921 1273 3975 in
1301 3916 1512 3994 gloria(
1540 3919 1560 3975 Ι
1589 3917 1723 3975 Tim.
1758 3935 1839 3986 lli,
1857 3919 1970 3990 16).
1999 3916 2115 3974 Hoc

513 4031 619 4075 non
662 4024 746 4071 est
781 4013 851 4069 de
890 4014 1059 4091 prima
1107 4012 1457 4086 generatione
1496 4010 1591 4067 sed
1623 4011 1689 4067 de
1715 4011 1987 4069 secunda:
2013 4010 2115 4065 hoc

513 4108 655 4163 enim
674 4115 1021 4179 estmagnum
1036 4107 1373 4181 mysterium,
1389 4104 1530 4180 quod
1557 4104 1696 4161 Deus
1717 4103 2013 4160 exinanivit
2029 4118 2114 4159 se-

511 4201 801 4270 metipsum
821 4214 941 4257 cum
965 4198 1177 4254 essetin
1198 4198 1293 4254 Dei
1320 4197 1513 4265 forma;
1533 4196 1728 4254 deinde
1758 4198 1897 4270 quod
1924 4212 2114 4273 passus

510 4303 615 4359 est,
656 4294 884 4365 primum
917 4294 969 4348 in
999 4308 1162 4349 carne
1183 4308 1242 4349 se
1271 4308 1413 4359 esse,
1446 4302 1502 4349 et
1530 4294 1779 4348 humana:
1806 4292 2114 4365 generatio-

508 4393 594 4447 nis
624 4388 787 4449 fatnm
821 4388 1021 4445 habere
1040 4428 1056 4455 ,
1077 4398 1133 4444 et
1159 4387 1211 4443 in
1239 4401 1456 4443 crucem
1490 4385 1625 4441 tolli.
1654 4384 1773 4441 Non
1802 4397 1983 4441 autem
2006 4385 2100 4441 lie-

2220 3179 2410 3220 omnes
2440 3165 2674 3226 haereses
2704 3172 2964 3242 praedicit.
2998 3176 3078 3233 Ad
3104 3177 3244 3235 istud
3266 3180 3398 3251 quid
3429 3181 3609 3245 dicunt
3626 3194 3779 3243 omnes

2216 3255 2434 3313 Judaei?
2462 3269 2517 3317 et
2557 3264 2644 3333 qni
2674 3262 2861 3321 dicunt
2901 3267 3176 3327 hominem
3216 3287 3338 3337 esse
3372 3275 3592 3339 desunt?
3617 3276 3674 3339 Et
3706 3275 3777 3348 qui

2216 3348 2401 3406 dicunt
2438 3367 2505 3409 ex
2536 3354 2740 3412 nihilo?
2765 3367 2820 3414 et
2845 3356 2945 3415 fuit
2977 3362 3194 3434 quando
3225 3379 3334 3421 non
3372 3366 3514 3429 fuit?
3539 3377 3647 3433 erat
3664 3368 3778 3429 eain

2217 3443 2363 3500 Deus
2405 3455 2460 3505 et
2485 3462 2705 3519 semper
2747 3467 2885 3511 unus
2929 3454 3089 3512 Deus.
3123 3455 3180 3513 Si
3222 3460 3367 3517 enim
3400 3460 3558 3521 Iesus
3588 3462 3709 3537 λόγος
3738 3471 3778 3521 et

2215 3537 2362 3613 λόγος
2405 3555 2622 3613 semper
2651 3542 2719 3601 ad
2754 3545 2957 3616 Deum;
2998 3557 3054 3605 et
3072 3550 3218 3627 λόγος
3252 3567 3394 3615 unus
3424 3556 3590 3622 Deus;
3616 3566 3665 3613 et
3697 3568 3779 3613 non

2215 3640 2301 3724 est
2346 3633 2518 3702 alius,
2570 3634 2843 3709 ὁμοούσιον
2884 3655 3015 3714 ergo
3059 3643 3222 3701 Deus.
3273 3647 3339 3707 Et
3369 3648 3521 3724 λόγος
3559 3663 3718 3709 rursus
3744 3645 3779 3703 si

2218 3722 2361 3780 Deus
2399 3736 2482 3781 est
2529 3730 2669 3799 quod
2712 3742 2796 3786 est
2830 3748 2982 3801 esse,
3017 3735 3177 3810 hujus
3224 3748 3409 3797 autem
3444 3722 3580 3809 Dei,
3607 3750 3656 3797 ει
3688 3737 3779 3812 eius

2215 3816 2358 3887 quod
2380 3826 2462 3873 est
2487 3833 2626 3891 esse,
2654 3824 2825 3881 virtus
2845 3835 2901 3883 et
2922 3828 3186 3898 sapientia
3211 3829 3394 3900 Iesus,
3426 3833 3527 3891 hoc
3548 3845 3627 3895 est
3646 3834 3776 3910 λόγος,

2216 3927 2357 3967 υηυε
2389 3913 2529 3973 Deus
2549 3956 2566 3983 ,
2616 3926 2671 3973 et
2709 3933 2816 3975 non
2847 3930 2933 3979 est
2962 3921 3119 3980 alter.
3159 3924 3409 3987 Unalitas
3440 3944 3568 4003 ergo
3592 3929 3718 4004 λόγος
3738 3935 3781 3987 ei

2216 4004 2378 4073 Deus,
2409 4015 2465 4064 et
2487 4009 2659 4082 ipsum
2690 4013 2833 4085 quod
2858 4024 2942 4072 εει
2960 4031 3113 4086 εεεε,
3145 4029 3199 4077 ct
3234 4020 3387 4096 λόγος
3413 4037 3556 4091 esse,
3577 4023 3700 4085 idem
3722 4020 3779 4081 εἰν

2215 4102 2323 4156 nml
2359 4101 2409 4156 in
2443 4118 2509 4160 eo
2538 4105 2683 4178 quod
2714 4117 2799 4164 est
2827 4124 2949 4169 esse
2969 4114 3301 4182 subsistens,
3327 4127 3384 4179 et
3412 4119 3610 4177 idcirco
3629 4116 3779 4193 ipsod-

2216 4216 2343 4251 σιον.
2370 4196 2524 4265 Quod
2553 4212 2732 4261 autem
2761 4202 2908 4280 λόγον
2929 4220 3049 4263 εεεε
3074 4217 3178 4277 est,
3201 4207 3426 4283 honest,
3450 4215 3607 4276 vitam
3624 4221 3673 4268 et
3692 4216 3781 4273 νοῦν

2216 4303 2340 4346 εεεε
2365 4307 2378 4345 :
2406 4292 2506 4347 ista
2546 4294 2689 4350 enim
2732 4307 2857 4357 sunt.
2903 4299 3079 4357 virtus
3114 4311 3167 4363 et
3206 4305 3478 4379 sapientia
3526 4300 3782 4377 Dei,quod

2215 4392 2301 4438 est
2330 4382 2579 4442 Salvator
2607 4385 2785 4457 Jesus,
2819 4394 3126 4465 progressio
3156 4406 3239 4453 est
3270 4408 3325 4459 et
3353 4399 3645 4470 generatio.
3667 4406 3716 4461 et
3737 4395 3779 4450 ἱιὶ

508 4492 633 4539 rent
661 4482 759 4537 ista
806 4479 1066 4539 mirabilia
1092 4520 1107 4546 ,
1154 4478 1200 4535 si
1242 4476 1473 4534 fuissent
1516 4476 1621 4534 illa:
1650 4486 1744 4533 aut
1782 4492 1847 4532 ex
1891 4478 2109 4534 homine
2136 4491 2191 4553 Ι)
2216 4474 2572 4538 substantiam
2618 4478 2811 4539 lilietas
2843 4487 3116 4555 processio
3139 4528 3159 4556 ,
3189 4499 3242 4544 et
3271 4491 3324 4547 in
3355 4494 3620 4555 actionem
3654 4488 3779 4548 cliul-

509 4577 683 4632 solum
709 4616 723 4642 ,
753 4586 843 4633 aut
883 4590 949 4632 ex
985 4572 1157 4630 nihilo
1182 4614 1197 4639 ,
1228 4582 1318 4627 aut
1347 4587 1414 4627 ex
1458 4571 1570 4627 Deo
1600 4569 1896 4629 secundum
1939 4571 2107 4628 tactu-

510 4684 650 4726 ratn.
693 4669 830 4738 Quid
859 4669 1002 4725 enim
1040 4667 1372 4737 exinanivit,
1407 4667 1452 4723 si
1491 4681 1598 4722 non
1659 4679 1777 4722 erat
1817 4674 2104 4738 antequam

510 4770 657 4819 esset
684 4764 734 4818 in
764 4762 970 4819 carne?
993 4762 1055 4817 Et
1077 4761 1204 4832 quid
1230 4768 1366 4825 erat,
1395 4760 1536 4833 quod
1563 4760 1695 4816 dixit
1723 4760 1932 4831 aqualis
1959 4759 2106 4815 Deo?

511 4852 757 4927 )Equalis
784 4864 962 4910 autem
984 4853 1275 4925 quomodo,
1300 4855 1390 4927 qui
1412 4870 1483 4910 ex
1509 4854 1676 4909 nihilo
1700 4853 1904 4910 factura
1936 4856 2105 4910 esset?

508 4947 716 5005 Idcirco
744 4964 872 5023 ergo
908 4965 1148 5022 magnum
1178 4948 1505 5021 mysterium,
1548 4948 1682 5020 quod
1719 4950 2104 5021 manifestatum

509 5033 583 5101 est
608 5046 659 5100 in
692 5060 864 5099 carne.
903 5041 1028 5098 Fuit
1057 5059 1185 5115 ergo
1210 5054 1496 5119 antequam
1522 5053 1668 5099 esset
1699 5044 1752 5098 in
1781 5058 1949 5100 carne
1971 5084 1985 5110 ,
2015 5041 2112 5099 sed

507 5134 907 5196 manifestatum
932 5136 1066 5191 dixit
1092 5136 1145 5192 in
1173 5151 1366 5192 carne:
1391 5133 1798 5208 intelligibiliter
1825 5135 1967 5192 enim
1996 5143 2113 5191 erat

508 5243 564 5290 et
592 5230 1046 5298 intellecmaliter;
1070 5213 1613 5284 sersibiliter'autem
1654 5236 1711 5283 et
1761 5227 2110 5283 incarnaliter

508 5332 637 5380 tunc
666 5324 1040 5380 manifestatus
1069 5330 1173 5378 est.
1206 5320 1452 5377 Potentia
1489 5320 1633 5375 enim
1662 5327 1754 5378 τοῦ
1781 5321 1927 5399 λόγου
1952 5321 2105 5395 juxta

506 5406 660 5477 suam
689 5419 1044 5477 substantiam
1087 5419 1211 5477 vita:
1247 5425 1328 5472 est
1349 5457 1364 5487 ,
1395 5429 1613 5491 semper
1642 5414 1939 5471 substantia
1962 5458 1977 5484 ,
2018 5430 2106 5473 se-

510 5516 746 5589 cundum
773 5514 917 5588 quod
943 5516 1075 5582 vita,
1101 5524 1154 5571 et
1180 5510 1450 5583 vivelacit,
1476 5519 1533 5573 et
1556 5510 1885 5581 revivet‘acit,
1915 5518 1970 5571 et
1997 5527 2102 5569 non

513 5612 773 5685 permittit
800 5625 920 5669 esse
947 5610 1002 5665 in
1028 5616 1203 5667 morte
1227 5619 1583 5678 quiscumque
1610 5603 1880 5665 vivel‘acit.
1906 5604 1965 5660 lu
1991 5606 2102 5679 pri-

513 5722 598 5766 ma
634 5706 791 5778 igitur
811 5704 1049 5762 motione
1072 5702 1253 5765 omnia
1274 5701 1330 5759 in
1352 5699 1519 5763 vitam
1544 5698 1783 5769 adduxit,
1807 5704 1862 5757 et
1894 5697 1994 5757 ista
2020 5710 2106 5761 est

2211 4570 2396 4639 gentia
2418 4579 2473 4625 et
2497 4569 2839 4643 refulgentia.
2875 4575 2985 4633 [loc
3013 4590 3191 4636 autem
3219 4597 3327 4643 non
3351 4584 3454 4647 fuit
3477 4583 3675 4657 quando
3698 4595 3779 4637 non

2207 4659 2347 4729 fuit,
2388 4662 2481 4718 sed
2518 4679 2734 4735 semper
2764 4670 2863 4729 iuit
2905 4688 2917 4725 :
2954 4686 3171 4749 seraper
3204 4690 3339 4749 ergo
3376 4689 3570 4753 pater,
3607 4688 3803 4747 semper.

2209 4754 2376 4810 filius.
2410 4754 2477 4812 Et
2515 4766 2667 4828 pater
2696 4768 2902 4823 tantum
2937 4774 3119 4833 pater.
3146 4776 3205 4823 et
3228 4769 3369 4829 filius
3400 4782 3605 4837 tantum
3630 4770 3779 4829 titius:

2209 4847 2278 4905 ad
2302 4858 2507 4922 patrem
2538 4862 2743 4927 autem,
2772 4857 3025 4928 quoniam
3076 4859 3128 4918 id
3172 4863 3316 4935 quod
3365 4876 3453 4924 est
3477 4881 3629 4935 esse.
3668 4856 3781 4936 quod

2208 4951 2292 4998 εει
2338 4943 2481 4999 Dens
2526 4952 2581 5005 et
2620 4957 2803 5017 pater,
2832 4965 2992 5015 causa
3037 4964 3120 5009 est
3197 4964 3273 5035 τῷ
3308 4958 3447 5035 λόγῳ
3496 4959 3563 5025 ad
3592 4958 3640 5019 id
3669 4950 3779 5028 quod

2215 5045 2301 5092 est
2339 5037 2388 5093 ei
2430 5053 2588 5107 esse,
2621 5056 2721 5106 nec
2761 5059 3039 5111 reversum
3071 5060 3293 5113 autem;
3326 5065 3381 5113 et
3427 5063 3513 5119 est
3549 5049 3779 5127 proprium

2216 5128 2333 5200 ejus
2358 5172 2373 5198 ,
2407 5131 2550 5209 quod
2597 5134 2827 5204 primum
2865 5147 2949 5201 est
2986 5156 3143 5217 esse,
3175 5144 3502 5219 quiescere;
3543 5155 3629 5207 τοῦ
3660 5145 3777 5219 λόγου

2215 5231 2397 5277 autem
2438 5227 2716 5296 proprium
2755 5244 2973 5288 movere
3018 5242 3077 5297 et
3113 5250 3273 5308 agere
3297 5281 3314 5307 ,
3341 5249 3398 5301 et
3436 5256 3547 5305 non
3582 5236 3780 5297 locath

2218 5312 2448 5382 moveri,
2466 5331 2639 5388 neque
2666 5318 2720 5374 in
2741 5321 2915 5385 locum
2941 5328 3421 5397 translatione,sed
3446 5333 3672 5397 motione
3687 5339 3780 5405 qua

2208 5404 2405 5505 anima:
2434 5410 2767 5505 est‘meliore
2783 5424 2838 5473 et
2858 5416 3122 5487 diviniure
3145 5465 3161 5490 ,
3192 5440 3312 5496 quae
3338 5427 3555 5505 propria
3583 5404 3778 5483 motione

2209 5507 2267 5553 et
2306 5496 2464 5553 vitam
2509 5498 2632 5563 dat.
2670 5513 2726 5560 et
2761 5506 3139 5585 intelligentias
3170 5516 3313 5585 parit
3336 5496 3631 5581 subsistens
3667 5518 3778 5573 inse

2210 5588 2345 5663 ipsa,
2374 5606 2428 5650 et
2443 5608 2549 5649 non
2577 5595 2802 5658 discissa
2820 5618 2851 5658 a
2878 5606 3092 5681 propria
3109 5613 3349 5680 potentia
3364 5611 3417 5671 in
3432 5610 3776 5685 operum

2284 5703 2525 5769 XXVIII.
2567 5699 2675 5765 Sed
2704 5699 2828 5759 ista.
2861 5702 2927 5763 Ει
2971 5718 3201 5763 rursus:
3231 5704 3372 5766 Sunt
3418 5706 3563 5764 enim
3605 5713 3656 5769 et
3695 5699 3774 5761 alii
