4024 6306
230 234 369 295 tusi
1388 215 1757 285 oncnsus
1800 206 2018 281 Αιιιιιιι
2065 215 2279 291 ιιιεειι
2316 208 2361 275 ι.
3404 208 3542 268 mss

228 356 283 412 in
327 368 479 413 sacra
532 349 850 421 Scriptura,
897 346 1039 420 quod
1082 347 1225 404 Deus
1268 345 1462 411 Jesus,
1514 343 1657 417 quod
1702 351 1828 399 ante
1855 339 2039 401 Anon
2082 348 2167 396 est
2214 352 2457 395 necesse.
2508 336 2652 393 Deus
2694 334 2841 391 enim
2878 342 2934 390 et
2959 331 3288 397 sub-nimia,
3329 340 3387 390 et
3416 332 3543 388 sub-

229 462 444 504 a'oncs:
476 443 619 517 quod
672 443 814 501 filius
837 484 852 509 ,
904 449 960 498 et
996 448 1185 499 natura
1233 438 1410 505 filius,
1467 447 1520 494 et
1571 438 1624 493 in
1669 448 1833 493 carne
1936 434 2152 489 stautim
2174 448 2334 490 causa
2361 440 2465 499 est,
2495 439 2550 487 et
2571 430 2821 487 omnibus
2849 445 2968 502 qua:
2998 436 3127 484 sunt
3148 424 3462 498 prmexistit,
3490 431 3545 483 et

232 540 415 603 ﬁlius,
472 547 525 592 ct
579 534 815 593 maxime
868 532 921 593 in
965 527 1127 590 carne
1188 529 1329 589 ﬁlius
1379 537 1637 595 vocatus,
1690 524 1832 599 quod
1937 527 2198 583 universm
2217 518 3546 592 existezttiaiiluli,elunivursatessemiaii:abipso

1937 622 2081 679 enim
2094 620 2273 677 omnia
2288 630 2343 676 et
2354 638 2413 677 ea
2430 636 2548 692 qnze
2566 628 2711 686 sunt,
2725 626 2781 675 et
2793 616 3026 674 nomina.
3044 616 3121 671 Es
3138 614 3247 671 isto
3261 612 3423 684 igitur
3438 613 3549 669 Deo

1937 713 2252 772 substantie
2272 712 2592 784 principium
2621 712 2713 785 qui
2727 720 2827 773 est.
2845 710 3033 768 etideo
3049 706 3143 781 qui
3162 703 3546 779 sitisubstantia

1939 808 2212 883 ὁμοούσιος
2237 808 2378 864 ftlius
2401 806 2456 862 in
2482 807 2600 878 ipso
2625 814 2820 871 etcum
2852 805 2991 876 ipso.
3009 802 3218 873 Quippe
3237 800 3406 856 forma
3432 797 3552 873 ejus

1938 902 2113 976 quisit
2134 910 2189 959 et
2206 901 2384 973 imago
2401 911 2457 958 et
2480 901 2784 965 character,
2806 898 2927 956 sine
2940 896 3135 968 quibus
3161 896 3305 951 Deus
3334 908 3439 948 non
3464 890 3547 947 in-

1942 996 2198 1069 telligitur
2227 1010 2328 1051 nec
2345 993 2751 1066 intelligentiam
2775 990 3047 1049 ascendit:
3068 1004 3174 1046 nou
3199 996 3378 1045 tamen
3404 984 3547 1058 quod

1943 1104 2052 1146 non
2091 1087 2194 1154 sit,
2226 1088 2368 1160 quod
2413 1095 2499 1144 est
2535 1085 2760 1158 simplex
2801 1086 2981 1141 Dens:
3024 1091 3080 1140 et
3118 1099 3226 1138 nun
3262 1079 3405 1152 quod
3448 1078 3552 1135 ista

1953 1184 2109 1257 quasi
2135 1183 2283 1240 aliud
2309 1227 2323 1247 .
2355 1183 2497 1254 quod
2526 1182 2584 1239 in
2614 1198 2673 1239 se
2702 1181 2821 1253 ipso
2850 1181 2987 1248 sint,
3021 1186 3114 1235 aut
3138 1187 3195 1234 ut
3212 1175 3508 1234 accidentia
3535 1216 3551 1243 ,

1945 1279 2041 1335 sed
2069 1276 2211 1334 istud
2249 1277 2425 1350 ipsum
2457 1277 2629 1333 Deum
2657 1292 2815 1334 esse:
2846 1284 2901 1332 et
2919 1274 2999 1331 sic.
3024 1289 3145 1331 esse
3175 1273 3451 1347 ὁμοεύσιον
3474 1276 3561 1326 εει

1942 1372 2085 1444 quod
2115 1383 2195 1427 est
2218 1388 2360 1440 esse,
2387 1381 2444 1428 et
2466 1380 2617 1443 pater
2639 1371 2783 1443 quod
2814 1380 3060 1428 estesse.
3085 1369 3238 1439 Quod
3270 1376 3450 1425 autem
3479 1367 3560 1424 sic

1948 1480 2072 1522 esse
2117 1464 2262 1529 (ilius
2290 1472 2406 1532 est,
2438 1466 2575 1522 Deus
2600 1465 2744 1521 enim
2775 1465 2920 1536 quod
2960 1471 3044 1520 εει
3070 1478 3193 1520 εεεε
3217 1503 3232 1531 ,
3263 1462 3342 1518 sic
3379 1472 3561 1519 autem

237 1568 380 1640 quod
409 1566 540 1625 inihi
560 1582 666 1622 non
697 1564 766 1625 ab
791 1577 961 1631 :eone,
987 1577 1161 1634 neque
1186 1577 1214 1614 a
1234 1561 1515 1633 praesentia
1538 1560 1718 1626 Jesus,
1743 1560 1839 1619 sed
1946 1574 2070 1617 esse
2095 1559 2239 1636 λόγος
2257 1601 2273 1626 ,
2307 1567 2365 1616 ει
2390 1560 2493 1617 hoc
2524 1558 2793 1631 significat
2820 1574 3035 1629 semper
3064 1558 3208 1631 quod
3239 1556 3373 1613 dicit
3401 1576 3413 1612 :
3449 1555 3563 1629 Ego

239 1661 367 1718 olim
400 1660 581 1717 datum
619 1659 690 1715 sit
716 1665 843 1717 ante
871 1670 1043 1712 annos
1069 1661 1309 1722 centum,
1342 1652 1607 1719 concedo,
1636 1660 1693 1709 et
1715 1653 1841 1724 piu-
1942 1662 1989 1706 et
2018 1664 2165 1723 pater
2192 1669 2352 1708 unum
2374 1669 2551 1709 sumus
2572 1651 2752 1725 (Joan.
2777 1669 2831 1719 χ,
2853 1650 2968 1726 50).
2993 1652 3090 1707 Et:
3123 1650 3281 1706 Pater
3306 1651 3359 1706 in
3388 1665 3488 1716 me,
3519 1657 3565 1704 et

240 1768 352 1811 res.
392 1751 495 1809 Ubi
542 1750 728 1807 latuit?
777 1749 868 1805 ubi
908 1746 1131 1805 dormiit
1177 1753 1303 1807 ante
1343 1745 1592 1805 undecim
1636 1745 1845 1810 annos?
1876 1746 1926 1811 Β
1953 1761 2044 1817 ego
2069 1747 2123 1800 in
2147 1756 2293 1817 patre
2316 1746 2499 1813 (Joan.
2530 1762 2644 1815 xrv,
2680 1746 2794 1818 10).
2821 1747 2889 1802 Ει
2916 1764 2928 1799 z
2959 1747 3004 1800 si
3019 1746 3131 1816 quis
3159 1762 3238 1800 nte
3266 1744 3411 1810 uidit,
3443 1743 3567 1798 vidit

242 1862 364 1903 cum
391 1845 443 1902 in
476 1844 573 1900 Nic
592 1860 651 1899 t-a
676 1842 895 1900 civitate
932 1840 1035 1897 fide
1064 1839 1381 1897 confirmata
1411 1854 1506 1917 per
1530 1838 1636 1895 500
1670 1839 1849 1908 plures
1955 1850 2003 1894 et
2033 1848 2251 1910 patrem,
2278 1840 2526 1914 ὁμωύσιιι
2564 1840 2731 1898 euim.
2761 1839 2949 1915 (Ibid,
2973 1840 3052 1913 9).
3081 1840 3218 1910 Quid
3242 1856 3370 1912 ergo
3412 1838 3565 1904 dicit,

233 640 361 695 tunc
403 628 629 687 salvavit
676 625 854 693 omnia
892 622 1049 691 ὄντα.
1083 634 1138 689 et
1183 632 1310 689 tunc
1352 623 1478 685 vicit
1529 619 1835 679 inimicitias

232 723 526 785 divinitatis
552 764 566 788 ,
590 729 648 781 et
676 734 889 782 omnem
921 730 1147 777 mortem
1176 758 1190 785 ,
1232 726 1286 775 et
1325 714 1468 787 quod
1500 716 1614 787 ipso
1645 725 1836 785 passus

234 818 306 876 sit
349 814 645 873 secundum
690 812 981 871 motionem
1022 820 1218 881 :pater
1261 823 1440 867 autem
1487 824 1597 871 non
1641 823 1839 869 secun-

232 911 359 967 dum
417 908 795 965 cessationem.
839 905 894 961 Si
926 907 1025 961 ista
1083 905 1162 961 sic
1209 912 1368 972 sunt,
1403 903 1503 959 hoc
1539 902 1691 960 deest
1743 918 1835 961 so-

235 1004 345 1060 lum
379 1000 646 1074 quomodo
677 997 1083 1070 intelligendum
1114 996 1386 1071 tantum.“
1405 1037 1418 1062 .
1449 1004 1540 1057 aut
1566 993 1840 1070 ὁμοοόσιον

234 1111 357 1154 esse
380 1096 546 1152 lilium
580 1094 716 1167 patri
742 1111 755 1148 :
784 1094 887 1149 hoc
916 1093 1059 1150 cnim
1090 1091 1284 1163 dogma
1316 1107 1457 1154 nunc
1482 1088 1838 1163 expergefac‘

236 1202 348 1251 tum
379 1200 493 1256 εει,
525 1203 578 1245 ει
613 1187 829 1262 quidem
874 1187 1001 1243 olim
1033 1186 1341 1245 rumoribus
1367 1186 1658 1259 iactatum,
1693 1187 1838 1259 quod

236 1299 344 1347 nou
388 1291 633 1354 oporteat
674 1279 779 1341 dici
824 1280 1090 1358 ὁμοούσιον
1114 1321 1131 1349 ,
1177 1278 1272 1336 sed
1320 1280 1490 1351 magis
1527 1280 1836 1355 ὁμοούσιονε

236 1391 379 1434 ιιιιιιε
407 1375 680 1431 inventum
709 1373 813 1431 hoc
837 1373 1054 1446 dogma.
1085 1372 1299 1428 Audent
1325 1380 1504 1431 autem
1538 1381 1594 1428 et
1625 1374 1727 1434 hoc
1752 1375 1837 1431 di.-

237 1486 385 1536 cere,
409 1468 549 1541 quod
574 1467 726 1537 olim,
758 1482 861 1523 non
890 1466 1011 1523 dico
1038 1465 1255 1539 quando
1277 1465 1406 1521 olim
1431 1482 1443 1520 :
1466 1464 1671 1529 sufﬁcit
1692 1466 1838 1525 enim

244 1940 543 2016 Episcopus
562 1979 577 2007 ,
604 1936 877 1995 Arionitas
906 1933 1255 1995 excludentes
1273 1974 1289 2000 ,
1323 1931 1377 1993 in
1401 1947 1505 2004 qua
1531 1930 1738 2003 synodo
1761 1929 1853 1984 isq-

246 2042 422 2090 torum
451 2032 687 2089 virorum
719 2027 977 2089 Ecclesia:
998 2028 1165 2083 tutius
1205 2026 1353 2082 orbis
1382 2025 1582 2085 lumina
1611 2023 1850 2087 fuerunt.

246 2127 414 2185 Vetus
464 2126 623 2197 igitur
666 2123 859 2195 dogma
906 2119 1049 2199 quod
1098 2120 1306 2193 fugerat
1356 2137 1369 2176 :
1427 2120 1472 2177 si
1537 2135 1643 2175 nou
1717 2118 1851 2184 fuit,

247 2218 552 2276 cuuvictum
576 2223 678 2283 est,
701 2221 758 2271 et
778 2228 918 2271 nunc
946 2212 1112 2284 creuit
1136 2230 1149 2271 :
1179 2213 1222 2271 si
1255 2209 1375 2279 fuit,
1395 2220 1489 2267 aut
1508 2210 1856 2271 contentione

249 2314 435 2379 siluit,
468 2317 560 2365 aut
589 2307 907 2379 cognitionis
939 2313 996 2361 et
1030 2304 1271 2361 veritatis
1309 2305 1576 2367 sententia
1619 2302 1857 2377 fugatum

252 2412 372 2462 cst:
401 2404 537 2460 forte
584 2410 709 2457 tunc
752 2407 807 2459 tu
856 2408 1081 2471 patrone
1126 2397 1393 2473 dogmatis
1443 2411 1547 2461 non
1587 2396 1765 2459 solum
1803 2395 1856 2459 in

252 2502 360 2553 vita
385 2540 397 2559 ,
430 2494 523 2555 sed
556 2494 840 2567 cpiscOpus
871 2490 1016 2547 fuisti
1060 2506 1074 2545 :
1109 2491 1324 2551 tacuisti
1355 2496 1410 2544 et
1439 2496 1493 2544 tu
1514 2529 1531 2557 ,
1561 2495 1617 2551 et
1646 2487 1779 2552 socii
1807 2494 1862 2543 ει

255 2588 544 2659 discipuli,
576 2593 633 2643 et
675 2584 1034 2641 conductores
1055 2624 1069 2651 ,
1103 2589 1159 2639 et
1196 2590 1309 2645 toto
1349 2589 1593 2654 tempore
1634 2588 1818 2661 postea
1842 2620 1859 2645 ,

260 2697 537 2755 nsquequo
584 2679 878 2751 imperator
935 2677 1123 2733 Romae
1170 2675 1308 2744 fuit,
1372 2691 1609 2749 przesens
1666 2674 1864 2735 audisti

260 2775 429 2829 nmlta
459 2772 749 2835 contraria.
780 2770 1005 2825 conviva
1035 2768 1275 2826 existens
1328 2769 1553 2831 istorum
1585 2768 1864 2831 hominum

262 2883 398 2939 quos
442 2880 585 2921 nunc
624 2863 1047 2921 anathematizas
1080 2880 1092 2915 :
1122 2861 1290 2918 iratus
1338 2862 1420 2919 vel
1467 2861 1612 2935 quod
1660 2862 1778 2919 sine
1815 2868 1868 2923 te

266 2959 425 3015 fidem
455 2960 807 3030 scripserunt.
840 2955 923 3012 Au
945 2963 1167 3012 coactus
1187 2972 1217 3011 a
1250 2957 1519 3027 magistris
1551 2955 1759 3028 legatus
1781 2972 1870 3013 ve-

268 3056 390 3110 nisti
431 3054 485 3109 in
530 3051 896 3108 defensionem
941 3049 1298 3123 proditionis?
1329 3049 1437 3105 Sed
1482 3049 1606 3123 quid
1648 3048 1867 3116 diﬁ'ert,

1954 1931 2143 1991 dicens
2173 1949 2188 1988 :
2218 1932 2515 2003 prteexistit
2553 1932 2887 2003 substantia",
2937 1932 3208 2008 ὁμοούσιον
3255 1933 3379 1990 εειῖ
3429 1931 3568 2003 Quid

1956 2040 2089 2085 vero
2113 2024 2162 2083 si
2181 2025 2459 2100 ὁμοσύσιον
2495 2034 2599 2093 est,
2634 2043 2740 2084 non
2772 2042 2996 2084 necesse
3024 2033 3110 2084 est
3154 2025 3234 2084 sic
3269 2026 3572 2100 intelligere

1958 2118 2101 2189 quod
2153 2119 2465 2190 prauexistat
2491 2120 2812 2188 substantia,
2846 2137 2875 2176 ιι
2920 2137 3028 2194 quo
3054 2122 3164 2177 duo
3190 2121 3293 2178 ista
3323 2123 3573 2178 substan-

1962 2209 2036 2267 tia
2068 2209 2265 2275 similia
2296 2212 2437 2271 fscta
2478 2213 2630 2270 siuti
2655 2222 2713 2271 et
2750 2217 3048 2272 secundum
3083 2223 3230 2271 tuam
3273 2214 3534 2271 rationem
3557 2256 3571 2282 ,

1962 2311 2018 2363 et
2043 2312 2097 2363 tu
2129 2304 2184 2367 in
2212 2305 2442 2377 idipsttm
2480 2306 2713 2364 incurris
2735 2350 2750 2375 ,
2784 2308 2926 2380 quod
2975 2310 3170 2365 metuis
3190 2307 3246 2365 in
3280 2309 3571 2383 ὀμοούσιον.

1965 2398 2049 2455 An
2082 2397 2182 2463 tihi
2219 2400 2324 2459 soli
2367 2400 2494 2459 licet
2539 2400 2840 2474 intelligere
2882 2401 3188 2477 ὁμοοόσιον,
3220 2411 3373 2475 patro
3413 2402 3577 2459 dante

1965 2490 2324 2555 substantiam
2356 2491 2503 2561 tilio;
2535 2492 2693 2551 nobis
2722 2500 2905 2551 autem
2954 2510 3061 2551 non
3101 2504 3186 2551 cst
3224 2493 3326 2550 ista
3353 2494 3579 2565 excogi-

1967 2582 2099 2647 tatio
2136 2584 2406 2659 ὁμοούσιον
2452 2602 2614 2655 esse,
2661 2596 2810 2659 patre
2844 2604 3007 2648 causa
3049 2589 3316 2653 existente
3359 2589 3426 2646 ad
3476 2590 3581 2646 hoc

1970 2687 2029 2741 ut
2071 2678 2143 2743 sit
2171 2680 2319 2745 titius
2342 2722 2359 2747 ,
2398 2681 2756 2744 substantiam
2806 2684 2973 2745 Deum
3016 2699 3139 2742 esse
3162 2727 3176 2751 ,
3209 2694 3265 2740 et
3304 2694 3358 2741 tu
3395 2683 3581 2741 fateris

1969 2773 2240 2847 ὁμαιύσιεν
2273 2794 2286 2830 :
2315 2791 2441 2837 esse
2469 2776 2612 2834 enim
2633 2777 2852 2836 diciset
2877 2788 3085 2850 patrem
3111 2791 3164 2837 et
3194 2780 3387 2838 illium.
3420 2780 3576 2851 Quis,

1971 2865 2061 2933 cui
2090 2866 2331 2929 similis?
2360 2870 2657 2931 semiudum
2682 2871 3000 2945 dignitatem
3019 2917 3034 2942 ,
3061 2884 3118 2932 et
3140 2875 3455 2947 dignitatem
3484 2890 3583 2931 no-

1975 2958 2179 3027 minum
2211 2961 2356 3027 filius
2397 2964 2576 3035 patri?
2595 2965 2691 3023 sed
2715 2978 2894 3031 tamen
2917 2977 2971 3025 et
2996 2979 3146 3040 pater
3167 2970 3313 3026 tilio:
3335 2971 3416 3027 sic
3436 2970 3580 3027 enim

1973 3063 2100 3109 sunt
2128 3053 2310 3119 nuntia
2334 3056 2405 3117 ad.
2424 3056 2638 3143 aliquid
2659 3100 2674 3125 ,
2699 3059 2748 3116 si
2773 3059 2918 3117 istud
2951 3069 3037 3118 est
3064 3062 3392 3131 similitudo,
3421 3072 3477 3120 et
3503 3063 3587 3120 di-

268 3150 382 3205 sive
408 3148 627 3220 triginta
647 3190 661 3216 ,
687 3147 799 3201 sive
824 3144 1155 3218 septuaginta
1184 3186 1197 3215 ,
1231 3144 1346 3201 sive
1370 3143 1600 3211 umidius
1624 3187 1639 3213 ,
1669 3155 1723 3201 et
1756 3145 1869 3203 sive
1897 3151 1947 3217 ρ
1975 3147 2147 3215 cimus
2174 3150 2479 3231 ipsaista»,
2510 3155 2746 3215 similem
2774 3173 2897 3214 esse
2935 3159 3166 3217 dicimus
3190 3161 3361 3218 illium
3403 3161 3583 3234 patri;

270 3244 470 3315 sepius
515 3240 701 3296 eadem
746 3239 880 3296 fides
922 3239 976 3294 in
1020 3237 1443 3295 destructionem
1472 3238 1698 3301 aliarum
1738 3240 1877 3319 αἱρέ-

274 3359 406 3395 σεων
429 3334 617 3392 ell'ecta
641 3333 765 3390 est?
792 3348 893 3389 una
925 3348 1047 3389 cum
1079 3333 1169 3401 sit,
1198 3340 1255 3389 et
1281 3333 1348 3387 ab
1377 3347 1487 3388 uno
1514 3333 1797 3405 incipiens,
1822 3342 1880 3391 et

273 3438 494 3506 operata
531 3444 699 3503 usque
738 3442 901 3485 nunc.
935 3426 1017 3483 'l‘u
1049 3433 1228 3482 autem
1267 3426 1459 3484 scribis
1489 3426 1587 3482 ista
1615 3433 1672 3485 et
1698 3425 1873 3491 dicis:

274 3540 396 3599 qn:e
421 3522 805 3580 Samosatenus
835 3521 1059 3586 Paulus,
1090 3528 1145 3575 et
1175 3520 1486 3589 Marcellus,
1516 3529 1571 3577 et
1594 3521 1876 3590 Photinus,

276 3626 332 3674 et
360 3632 502 3673 nunc
528 3615 726 3670 Valens
751 3622 806 3670 et
834 3612 1108 3680 Ursacius,
1128 3620 1182 3668 et
1206 3611 1296 3668 alii
1322 3611 1481 3671 istius
1511 3612 1657 3677 modi
1686 3612 1738 3667 in
1769 3614 1881 3671 itte-

277 3711 387 3769 resi
407 3708 638 3783 religiosi
662 3707 866 3765 inventi
885 3706 1145 3763 destructi
1164 3715 1308 3763 Sunt.
1328 3705 1593 3780 Numquid
1618 3705 1883 3781 ὁμοούσιον

279 3805 560 3864 dicentes?
588 3806 721 3861 Non.
756 3802 1040 3874 Quomodo
1066 3809 1245 3859 autem
1271 3801 1751 3874 blasphemantes?
1785 3802 1881 3859 Sa-

282 3907 593 3957 mosatenus
617 3896 777 3953 sicuti
795 3895 956 3953 Arius
982 3912 995 3951 :
1028 3911 1093 3951 ex
1122 3894 1312 3967 nihilo,
1344 3902 1400 3953 et
1427 3894 1569 3972 quod
1601 3893 1884 3966 fuitqnan-

282 3995 355 4051 do
382 4010 485 4051 nou
521 3994 646 4053 fuit,
676 3992 815 4064 quod
856 3990 1058 4047 factura
1090 3988 1230 4045 filius
1249 4030 1267 4059 ,
1294 3997 1347 4047 et
1372 3988 1596 4047 omnino
1620 3989 1886 4053 omnimo-

284 4088 369 4143 dis
416 4085 695 4144 dissimilis
747 4083 908 4156 patri.
950 4082 1089 4151 Quid
1145 4082 1430 4145 Marcellus
1478 4091 1534 4140 et
1585 4082 1887 4147 Photinus?

287 4182 519 4239 Tantum
550 4178 821 4236 hominem
847 4194 912 4235 ex
938 4176 1155 4237 homine
1178 4177 1387 4245 Jesum,
1412 4184 1606 4235 etesse
1635 4176 1887 4243 Triadem

290 4285 439 4334 extra
470 4275 674 4332 1ιεειιιιι.
724 4273 794 4329 Et
833 4288 976 4329 nunc
1011 4271 1204 4331 Valens
1241 4279 1298 4329 et
1344 4270 1597 4337 Ursacius
1648 4270 1890 4344 reliquiae

291 4371 426 4430 Arii.
463 4370 684 4443 Propria
721 4384 850 4445 ergo
892 4367 1221 4440 blasphemia
1248 4409 1264 4437 ,
1298 4374 1518 4443 propter
1536 4383 1698 4447 quam
1730 4367 1891 4440 ejecti

1978 3252 2035 3299 ot
2084 3245 2357 3314 quomodo
2400 3248 2727 3320 accipiemus
2764 3252 2917 3309 Isaia:
2945 3253 3150 3311 dictum
3183 3273 3196 3310 :
3230 3255 3361 3312 dicit
3389 3255 3534 3313 enim
3570 3275 3585 3313 :

1980 3335 2114 3397 Ante
2129 3354 2210 3403 me
2233 3355 2337 3397 nuit
2362 3341 2463 3413 (uit
2489 3342 2628 3399 alius
2653 3341 2820 3413 Deus,
2837 3356 2886 3401 et
2911 3355 3027 3419 post
3047 3364 3128 3403 me
3151 3365 3255 3404 non
3279 3350 3375 3406 erit
3402 3348 3589 3407 similis

1982 3426 2119 3500 (Ira.
2151 3445 2311 3499 ιιιιι,
2341 3431 2452 3505 Ill).

2054 3521 2224 3587 XXX.
2257 3526 2398 3593 Quid
2423 3542 2555 3599 ergo
2572 3530 2752 3606 λόγοςῗ
2780 3541 2907 3589 ante
2936 3534 3127 3604 Deum,
3157 3550 3224 3592 an
3248 3547 3369 3609 post
3394 3537 3587 3608 Deum,

1982 3631 2050 3679 an
2077 3632 2200 3680 cum
2237 3620 2384 3676 Deo?
2414 3622 2459 3678 si
2490 3633 2617 3679 ante
2645 3625 2809 3680 Deum
2832 3669 2846 3693 ,
2881 3643 2988 3683 non
3022 3630 3290 3701 ingenitus
3320 3632 3461 3687 Deus
3491 3646 3594 3687 nec

1984 3721 2136 3782 pater
2169 3713 2341 3781 Deus,
2390 3732 2490 3772 ιιεε
2522 3718 2839 3790 principium
2880 3724 3265 3794 principiorum
3292 3744 3306 3778 :
3337 3728 3383 3782 si
3410 3735 3593 3783 autem

1987 3815 2104 3877 post
2148 3808 2315 3869 Deum
2359 3811 2451 3865 οὐκ
2494 3809 2699 3885 ὅμοιος,
2731 3815 2828 3871 scd
2870 3818 3062 3874 similis
3099 3820 3238 3877 allus
3285 3820 3442 3878 Deus.
3486 3822 3596 3880 Sed

1986 3902 2031 3965 si
2070 3900 2211 3965 istud
2256 3901 2411 3959 nefas
2446 3904 2611 3968 diuis.
2643 3922 2753 3964 non
2791 3911 2967 3966 solum
3004 3915 3271 3982 potentia,
3302 3914 3593 3988 dignitate,

1987 3993 2222 4060 doitate.
2262 3994 2361 4053 sed
2391 4007 2449 4055 et
2474 3999 2774 4056 substantia
2809 4003 2994 4074 zzquid
3024 4015 3109 4062 est
3136 4022 3259 4064 esse
3277 4009 3599 4081 [substantia

1987 4086 2206 4151 simile?
2233 4087 2314 4149 Ex
2342 4090 2460 4161 ipss
2490 4092 2594 4149 ista
2627 4094 2929 4153 substantia
2948 4141 2965 4165 ,
2996 4100 3292 4161 secundum
3321 4103 3465 4175 quod
3497 4104 3600 4160 ista

1988 4180 2103 4250 ipsa
2132 4180 2430 4239 substantia
2457 4194 2561 4253 est,
2581 4185 2724 4244 idem
2755 4197 2857 4258 est,
2884 4206 2990 4248 non
3017 4194 3197 4252 simile
3222 4214 3234 4251 :
3265 4197 3444 4253 simile
3457 4198 3600 4255 enim

1988 4274 2245 4345 qualitate
2264 4275 2518 4347 efﬁcitur,
2536 4296 2658 4352 qua:
2676 4282 2973 4347 similitudo
2989 4288 3192 4359 colore,
3212 4288 3418 4360 habitu,
3437 4292 3604 4351 affec-

1993 4369 2159 4433 tione,
2188 4370 2405 4439 virtttte.
2431 4371 2603 4433 forma
2624 4376 2922 4436 similitudo
2947 4390 3050 4437 est.
3080 4382 3240 4442 Jews
3269 4395 3470 4455 autem,
3502 4387 3607 4445 hoc

292 4474 437 4522 sunt.
465 4464 599 4521 Tum
628 4471 804 4519 autem
836 4459 1038 4517 idcirco
1068 4460 1247 4519 vicisti
1292 4477 1408 4533 eos,
1432 4461 1573 4537 quod
1618 4460 1891 4536 ὁμοούσιον
1923 4547 1967 4553 _
1990 4473 2108 4529 est,
2140 4463 2315 4540 λόγος,
2359 4466 2536 4540 nugo
2560 4477 2648 4526 est
2677 4470 2767 4527 Dei
2812 4488 2920 4529 non
2950 4475 3264 4535 sitnilitudo.
3296 4479 3477 4553 Imago
3508 4481 3606 4540 Dei

293 4560 447 4629 dicis,
476 4575 580 4615 non
604 4557 747 4614 enim
780 4556 1030 4615 dixerunt
1063 4555 1336 4632 ὁμοούσιον
1360 4597 1377 4621 .
1405 4562 1460 4621 ει
1485 4555 1566 4615 sic
1592 4555 1720 4611 victi
1751 4564 1896 4617 sunt.
1923 4547 1981 4611 D
2004 4554 2219 4621 dicitur.
2253 4573 2364 4619 non
2401 4562 2549 4618 enim
2582 4562 2727 4619 Deus
2753 4565 2960 4639 imago,
2992 4568 3088 4624 sed
3118 4570 3256 4626 Deus
3284 4547 3521 4645 imagine
3555 4585 3611 4633 et

366 4653 564 4712 XXIX.
608 4651 897 4709 Videamus
923 4665 1051 4722 ergo
1079 4648 1242 4705 etiam
1270 4656 1327 4704 et
1352 4649 1454 4707 hoc
1486 4647 1629 4727 quod
1658 4647 1814 4716 dicis,
1849 4658 1906 4707 et

295 4748 565 4823 quomodo
580 4745 738 4802 dicis:
766 4744 845 4800 sic
859 4742 1075 4816 sapiunt
1089 4750 1143 4798 et
1158 4740 1295 4809 Afri,
1310 4741 1677 4805 etOrientales
1692 4758 1904 4813 nunties;

298 4859 466 4916 quare
487 4840 648 4914 igitur
659 4838 853 4899 scribis
865 4839 930 4894 ad
949 4838 1160 4905 illos,ut
1179 4836 1397 4908 ejiciant
1410 4852 1439 4891 a
1459 4844 1647 4901 sancta
1667 4838 1909 4903 Ecclesia

299 4934 613 5013 ὁμοούσιονῖ
654 4933 847 4989 Dicunt
870 4947 997 5004 ergo
1027 4930 1169 4987 istud
1200 4947 1214 4988 :
1247 4929 1364 4993 Non
1406 4931 1645 5001 oportuit
1688 4932 1756 4995 ad
1813 4947 1909 4989 eos

301 5028 494 5088 scribi:
515 5027 562 5083 si
591 5025 827 5099 oportuit
854 5023 1053 5093 scribi,
1084 5023 1323 5097 oportuit
1342 5031 1397 5081 et
1425 5024 1749 5101 persuadere
1776 5024 1907 5094 illis,

303 5140 413 5181 non
431 5120 883 5192 solumjussioue,
908 5117 1005 5175 sed
1032 5116 1331 5174 rationibus
1349 5125 1405 5177 et
1420 5116 1589 5175 sacris
1601 5116 1905 5192 scripturis:

304 5219 506 5275 debeas
535 5215 675 5273 enim
710 5231 816 5270 non
853 5214 1026 5269 solum
1062 5210 1329 5286 ὁμοοῦσιον
1366 5210 1648 5273 destruere
1672 5253 1689 5281 ,
1721 5210 1818 5271 sed
1855 5220 1911 5268 et

307 5310 575 5395 ὁμοοόσιον
601 5310 900 5369 adstruere.
920 5305 1072 5363 Nunc
1093 5314 1274 5365 autem
1294 5322 1454 5383 supra
1479 5304 1619 5367 infra
1642 5305 1696 5369 in
1724 5304 1911 5382 ὁμοούο

309 5430 426 5466 σιον
450 5403 856 5479 perver.~ionem
887 5400 1020 5458 nihil
1047 5400 1188 5456 aliud
1213 5399 1349 5457 dicis
1366 5441 1384 5469 ,
1412 5415 1572 5473 quam
1600 5400 1744 5474 quod
1764 5401 1911 5465 istud

311 5504 554 5560 dicentes
601 5512 821 5559 necesse
860 5495 932 5553 sit
963 5493 1213 5553 conﬁteri
1259 5492 1615 5559 substantiam
1657 5495 1914 5567 ρεφειίες

313 5605 465 5664 tere,
492 5601 549 5652 et
574 5592 654 5651 sic
679 5590 960 5667 explosum
987 5595 1195 5665 patrem
1225 5594 1281 5647 et
1305 5586 1474 5653 ﬁlium
1503 5601 1645 5653 esse.
1674 5586 1913 5657 Primum

2004 4649 2309 4713 substantia
2351 4652 2530 4720 Deus,
2570 4670 2676 4713 non
2707 4668 2765 4712 ut
2797 4657 2936 4726 duo,
2968 4675 3074 4717 una
3101 4661 3247 4719 enim
3277 4664 3607 4738 substantia,

2008 4756 2061 4801 et
2083 4762 2190 4807 una
2216 4746 2414 4819 imago,
2444 4748 2586 4807 unde
2611 4766 2752 4808 unus
2778 4752 2939 4821 Deus,
2967 4765 3023 4811 et
3048 4773 3186 4814 unus
3205 4759 3370 4835 λόγος,
3393 4770 3449 4818 ει
3468 4777 3612 4819 unus

2008 4847 2186 4911 pater.
2216 4856 2357 4901 titius
2382 4841 2547 4911 iiiius,
2577 4852 2633 4900 et
2661 4844 2764 4902 ista
2795 4863 2959 4904 unum
2987 4866 3001 4904 :
3033 4865 3198 4908 unum
3224 4854 3366 4910 enim
3390 4863 3445 4911 et
3470 4855 3613 4912 istud

2012 4946 2212 5001 unum,
2240 4934 2522 4994 nuntius:
2558 4946 2615 4993 et
2649 4937 2773 4995 ideo
2801 4942 2996 5010 simul,
3029 4953 3085 5000 et
3107 4945 3406 5005 substantia
3435 4948 3613 5021 ipsum

2013 5024 2155 5095 quod
2194 5034 2279 5083 est
2315 5028 2547 5087 alterum
2585 5046 2787 5100 unum,
2824 5044 2882 5091 et
2920 5035 3042 5093 ideo
3072 5038 3211 5095 istud
3244 5057 3355 5097 non
3380 5042 3612 5100 alterum

2016 5134 2213 5187 unum.
2248 5122 2345 5179 sed
2374 5124 2544 5195 magis
2569 5134 2626 5181 et
2653 5127 2831 5183 solum
2858 5146 3043 5186 unum.
3088 5133 3196 5190 Sed
3223 5135 3348 5193 ista.
3390 5137 3458 5192 Et
3498 5153 3619 5193 rur-

2014 5225 2136 5280 sus,
2169 5214 2296 5285 quid
2333 5214 2566 5275 dicimus
2602 5233 2724 5276 esse
2761 5221 3136 5295 snlistantiam,
3165 5228 3321 5285 sicuti
3346 5229 3618 5301 sapientes

2013 5315 2069 5362 et
2092 5306 2299 5379 antiqui
2327 5308 2693 5369 definierunt?
2714 5313 2860 5384 quod
2884 5317 3209 5390 subiectum,
3235 5322 3381 5395 quod
3407 5332 3490 5379 est
3517 5323 3619 5379 ali-

2014 5399 2164 5471 quid.
2190 5400 2336 5471 quod
2368 5411 2454 5460 est
2483 5403 2539 5461 in
2563 5404 2669 5465 alio
2698 5423 2805 5463 neu
2843 5423 2994 5478 esse;
3025 5420 3080 5469 et
3107 5412 3238 5471 dum
3258 5414 3616 5474 differentiam

2015 5491 2317 5557 existentes
2350 5504 2406 5555 et
2437 5497 2785 5569 substantia,
2816 5510 2876 5559 et
2915 5503 3259 5564 existentiam
3300 5509 3516 5583 quidem
3567 5520 3623 5568 et

2016 5588 2512 5652 existentiaiitatem
2554 5594 2988 5664 prmistontetn
3036 5599 3438 5661 subsistentiam
3501 5604 3623 5664 sine

1672 5684 2039 5753 YABIOBUM
2065 5686 2304 5749 ΝΟΤΕ.

396 5788 712 5853 ϐοηυὶσιεηι.
745 5783 906 5851 Forte
925 5782 1225 5863 conﬁctam,
1250 5788 1345 5849 aut
1371 5796 1508 5839 nunc
1535 5779 1753 5860 tam.
