  <div class='ocr_page' id='page_1' title='image "/cluster/home/n/w/nwhite01/storage/ocr_20150623/8/hvd.32044015471253/539.png"; bbox 0 0 4024 6306; ppageno 0'>
   <div class='ocr_carea' id='block_1_1' title="bbox 511 222 648 280">
    <p class='ocr_par' dir='ltr' id='par_1_1' title="bbox 511 222 648 280">
     <span class='ocr_line' id='line_1_1' title="bbox 511 222 648 280; baseline 0.015 -2"><span class='ocrx_word' id='word_1_1' title='bbox 511 222 648 280; x_wconf 77' lang='grc'><strong>1065</strong></span> 
     </span>
    </p>
   </div>
   <div class='ocr_carea' id='block_1_2' title="bbox 1687 210 2471 270">
    <p class='ocr_par' dir='ltr' id='par_1_2' title="bbox 1687 210 2471 270">
     <span class='ocr_line' id='line_1_2' title="bbox 1687 210 2471 270; baseline 0.001 -2"><span class='ocrx_word' id='word_1_2' title='bbox 1687 212 1882 268; x_wconf 77' lang='lat' dir='ltr'><strong>MAR“</strong></span> <span class='ocrx_word' id='word_1_3' title='bbox 1924 210 2267 269; x_wconf 72' lang='lat' dir='ltr'><strong>VlC&#39;l&#39;OlllNl</strong></span> <span class='ocrx_word' id='word_1_4' title='bbox 2309 212 2471 270; x_wconf 72' lang='grc' dir='ltr'><strong>ΔΕΜ</strong></span> 
     </span>
    </p>
   </div>
   <div class='ocr_carea' id='block_1_3' title="bbox 3645 219 3761 276">
    <p class='ocr_par' dir='ltr' id='par_1_3' title="bbox 3645 219 3761 276">
     <span class='ocr_line' id='line_1_3' title="bbox 3645 219 3761 276; baseline 0.009 -1"><span class='ocrx_word' id='word_1_5' title='bbox 3645 219 3761 276; x_wconf 75' lang='grc' dir='ltr'>ιυϐι</span> 
     </span>
    </p>
   </div>
   <div class='ocr_carea' id='block_1_4' title="bbox 505 327 3763 402">
    <p class='ocr_par' dir='ltr' id='par_1_4' title="bbox 505 327 3763 402">
     <span class='ocr_line' id='line_1_4' title="bbox 505 327 3763 402; baseline -0.002 -11"><span class='ocrx_word' id='word_1_6' title='bbox 505 334 888 401; x_wconf 86' lang='lat' dir='ltr'><strong>accidentibus,</strong></span> <span class='ocrx_word' id='word_1_7' title='bbox 936 331 1084 401; x_wconf 88' lang='lat' dir='ltr'><strong>puris</strong></span> <span class='ocrx_word' id='word_1_8' title='bbox 1126 340 1181 388; x_wconf 90' lang='lat' dir='ltr'><strong>et</strong></span> <span class='ocrx_word' id='word_1_9' title='bbox 1229 329 1358 386; x_wconf 91' lang='lat' dir='ltr'><strong>solis</strong></span> <span class='ocrx_word' id='word_1_10' title='bbox 1406 329 1535 400; x_wconf 92' lang='lat' dir='ltr'><strong>ipsis</strong></span> <span class='ocrx_word' id='word_1_11' title='bbox 1584 344 1702 398; x_wconf 87' lang='lat' dir='ltr'><strong>quae</strong></span> <span class='ocrx_word' id='word_1_12' title='bbox 1747 337 1872 382; x_wconf 83' lang='lat' dir='ltr'><strong>sunt</strong></span> <span class='ocrx_word' id='word_1_13' title='bbox 1917 328 1967 381; x_wconf 91' lang='lat' dir='ltr'><strong>in</strong></span> <span class='ocrx_word' id='word_1_14' title='bbox 2006 342 2094 393; x_wconf 89' lang='lat' dir='ltr'><strong>eo,</strong></span> <span class='ocrx_word' id='word_1_15' title='bbox 2125 328 2170 387; x_wconf 77' lang='grc' dir='ltr'><strong>Α</strong></span> <span class='ocrx_word' id='word_1_16' title='bbox 2202 328 2413 400; x_wconf 83' lang='lat' dir='ltr'><strong>lumen,</strong></span> <span class='ocrx_word' id='word_1_17' title='bbox 2451 336 2506 383; x_wconf 90' lang='lat' dir='ltr'><strong>et</strong></span> <span class='ocrx_word' id='word_1_18' title='bbox 2540 328 2780 397; x_wconf 73' lang='lat' dir='ltr'><strong>spiritus.</strong></span> <span class='ocrx_word' id='word_1_19' title='bbox 2816 327 2960 400; x_wconf 90' lang='lat' dir='ltr'><strong>quod</strong></span> <span class='ocrx_word' id='word_1_20' title='bbox 2995 335 3079 385; x_wconf 91' lang='lat' dir='ltr'><strong>est</strong></span> <span class='ocrx_word' id='word_1_21' title='bbox 3112 327 3341 401; x_wconf 82' lang='lat' dir='ltr'><strong>simplex</strong></span> <span class='ocrx_word' id='word_1_22' title='bbox 3379 340 3426 385; x_wconf 90' lang='lat' dir='ltr'><strong>et</strong></span> <span class='ocrx_word' id='word_1_23' title='bbox 3473 331 3763 402; x_wconf 80' lang='lat' dir='ltr'><strong>incomposi-</strong></span> 
     </span>
    </p>
   </div>
   <div class='ocr_carea' id='block_1_5' title="bbox 504 422 2100 502">
    <p class='ocr_par' dir='ltr' id='par_1_5' title="bbox 504 422 2100 502">
     <span class='ocr_line' id='line_1_5' title="bbox 504 422 2100 502; baseline -0.006 -19"><span class='ocrx_word' id='word_1_24' title='bbox 504 430 646 502; x_wconf 90' lang='lat' dir='ltr'><strong>quod</strong></span> <span class='ocrx_word' id='word_1_25' title='bbox 670 440 752 484; x_wconf 77' lang='lat' dir='ltr'><strong>est</strong></span> <span class='ocrx_word' id='word_1_26' title='bbox 777 429 945 483; x_wconf 87' lang='lat' dir='ltr'><strong>solam</strong></span> <span class='ocrx_word' id='word_1_27' title='bbox 977 442 1097 482; x_wconf 89' lang='lat' dir='ltr'><strong>esse</strong></span> <span class='ocrx_word' id='word_1_28' title='bbox 1125 424 1265 493; x_wconf 82' lang='lat' dir='ltr'><strong>quod</strong></span> <span class='ocrx_word' id='word_1_29' title='bbox 1296 425 1583 488; x_wconf 84' lang='lat' dir='ltr'><strong>subsiSIat;</strong></span> <span class='ocrx_word' id='word_1_30' title='bbox 1617 422 1972 478; x_wconf 89' lang='lat' dir='ltr'><strong>substantiam</strong></span> <span class='ocrx_word' id='word_1_31' title='bbox 2006 437 2100 475; x_wconf 94' lang='lat' dir='ltr'><strong>au-</strong></span> 
     </span>
    </p>
   </div>
   <div class='ocr_carea' id='block_1_6' title="bbox 504 505 2099 594">
    <p class='ocr_par' dir='ltr' id='par_1_6' title="bbox 504 505 2099 594">
     <span class='ocr_line' id='line_1_6' title="bbox 504 505 2099 594; baseline -0.005 -16"><span class='ocrx_word' id='word_1_32' title='bbox 504 531 612 580; x_wconf 92' lang='lat' dir='ltr'><strong>tem</strong></span> <span class='ocrx_word' id='word_1_33' title='bbox 650 522 952 594; x_wconf 73' lang='lat' dir='ltr'><strong>subjectum</strong></span> <span class='ocrx_word' id='word_1_34' title='bbox 992 537 1113 577; x_wconf 91' lang='lat' dir='ltr'><strong>cum</strong></span> <span class='ocrx_word' id='word_1_35' title='bbox 1157 520 1221 574; x_wconf 90' lang='lat' dir='ltr'><strong>iis</strong></span> <span class='ocrx_word' id='word_1_36' title='bbox 1260 519 1510 575; x_wconf 90' lang='lat' dir='ltr'><strong>onmibus</strong></span> <span class='ocrx_word' id='word_1_37' title='bbox 1538 533 1656 588; x_wconf 72' lang='lat' dir='ltr'><strong>qua:</strong></span> <span class='ocrx_word' id='word_1_38' title='bbox 1691 527 1816 571; x_wconf 92' lang='lat' dir='ltr'><strong>sunt</strong></span> <span class='ocrx_word' id='word_1_39' title='bbox 1845 505 2099 571; x_wconf 81' lang='lat' dir='ltr'><strong>acciden-</strong></span> 
     </span>
    </p>
   </div>
   <div class='ocr_carea' id='block_1_7' title="bbox 503 611 2098 687">
    <p class='ocr_par' dir='ltr' id='par_1_7' title="bbox 503 611 2098 687">
     <span class='ocr_line' id='line_1_7' title="bbox 503 611 2098 687; baseline -0.003 -15"><span class='ocrx_word' id='word_1_40' title='bbox 503 611 614 685; x_wconf 48' lang='lat' dir='ltr'><strong>tia,&#39;</strong></span> <span class='ocrx_word' id='word_1_41' title='bbox 641 618 694 674; x_wconf 90' lang='lat' dir='ltr'><strong>in</strong></span> <span class='ocrx_word' id='word_1_42' title='bbox 742 620 857 687; x_wconf 88' lang='lat' dir='ltr'><strong>ipsa</strong></span> <span class='ocrx_word' id='word_1_43' title='bbox 900 615 1271 687; x_wconf 89' lang='lat' dir='ltr'><strong>separabiliter</strong></span> <span class='ocrx_word' id='word_1_44' title='bbox 1311 612 1630 675; x_wconf 69' lang='lat' dir='ltr'><strong>existentia.</strong></span> <span class='ocrx_word' id='word_1_45' title='bbox 1663 611 1716 666; x_wconf 88' lang='lat' dir='ltr'><strong>in</strong></span> <span class='ocrx_word' id='word_1_46' title='bbox 1775 627 1873 668; x_wconf 90' lang='lat' dir='ltr'><strong>usu</strong></span> <span class='ocrx_word' id='word_1_47' title='bbox 1919 625 2098 667; x_wconf 88' lang='lat' dir='ltr'><strong>autem</strong></span> 
     </span>
    </p>
   </div>
   <div class='ocr_carea' id='block_1_8' title="bbox 502 706 2102 782">
    <p class='ocr_par' dir='ltr' id='par_1_8' title="bbox 502 706 2102 782">
     <span class='ocr_line' id='line_1_8' title="bbox 502 706 2102 782; baseline -0.004 -17"><span class='ocrx_word' id='word_1_48' title='bbox 502 711 818 782; x_wconf 87' lang='lat' dir='ltr'><strong>accipientia</strong></span> <span class='ocrx_word' id='word_1_49' title='bbox 854 719 909 768; x_wconf 88' lang='lat' dir='ltr'><strong>et</strong></span> <span class='ocrx_word' id='word_1_50' title='bbox 965 710 1329 773; x_wconf 87' lang='lat' dir='ltr'><strong>exitsentiam,</strong></span> <span class='ocrx_word' id='word_1_51' title='bbox 1361 716 1417 762; x_wconf 89' lang='lat' dir='ltr'><strong>et</strong></span> <span class='ocrx_word' id='word_1_52' title='bbox 1446 707 1825 773; x_wconf 86' lang='lat' dir='ltr'><strong>subSIantiam,</strong></span> <span class='ocrx_word' id='word_1_53' title='bbox 1859 706 2102 762; x_wconf 81' lang='lat' dir='ltr'><strong>ubicum-</strong></span> 
     </span>
    </p>
   </div>
   <div class='ocr_carea' id='block_1_9' title="bbox 501 799 2104 874">
    <p class='ocr_par' dir='ltr' id='par_1_9' title="bbox 501 799 2104 874">
     <span class='ocr_line' id='line_1_9' title="bbox 501 799 2104 874; baseline -0.002 -17"><span class='ocrx_word' id='word_1_54' title='bbox 501 817 608 874; x_wconf 87' lang='lat' dir='ltr'><strong>que</strong></span> <span class='ocrx_word' id='word_1_55' title='bbox 654 802 843 858; x_wconf 83' lang='lat' dir='ltr'><strong>eodem</strong></span> <span class='ocrx_word' id='word_1_56' title='bbox 896 802 1054 857; x_wconf 92' lang='lat' dir='ltr'><strong>modo</strong></span> <span class='ocrx_word' id='word_1_57' title='bbox 1093 817 1214 857; x_wconf 86' lang='lat' dir='ltr'><strong>esse</strong></span> <span class='ocrx_word' id='word_1_58' title='bbox 1262 800 1462 870; x_wconf 88' lang='lat' dir='ltr'><strong>aliquid</strong></span> <span class='ocrx_word' id='word_1_59' title='bbox 1503 799 1868 870; x_wconf 82' lang='lat' dir='ltr'><strong>signiﬁcantes</strong></span> <span class='ocrx_word' id='word_1_60' title='bbox 1903 800 2104 854; x_wconf 90' lang='lat' dir='ltr'><strong>utimur</strong></span> 
     </span>
    </p>
   </div>
   <div class='ocr_carea' id='block_1_10' title="bbox 500 893 2102 966">
    <p class='ocr_par' dir='ltr' id='par_1_10' title="bbox 500 893 2102 966">
     <span class='ocr_line' id='line_1_10' title="bbox 500 893 2102 966; baseline -0.003 -13"><span class='ocrx_word' id='word_1_61' title='bbox 500 897 619 954; x_wconf 86' lang='lat' dir='ltr'><strong>istis</strong></span> <span class='ocrx_word' id='word_1_62' title='bbox 647 897 976 954; x_wconf 90' lang='lat' dir='ltr'><strong>nominibus.</strong></span> <span class='ocrx_word' id='word_1_63' title='bbox 1012 897 1090 952; x_wconf 75' lang='lat' dir='ltr'><strong>Sit</strong></span> <span class='ocrx_word' id='word_1_64' title='bbox 1120 894 1276 966; x_wconf 81' lang='lat' dir='ltr'><strong>igitur</strong></span> <span class='ocrx_word' id='word_1_65' title='bbox 1305 895 1404 957; x_wconf 87' lang='lat' dir='ltr'><strong>sic,</strong></span> <span class='ocrx_word' id='word_1_66' title='bbox 1436 895 1550 950; x_wconf 92' lang='lat' dir='ltr'><strong>sive</strong></span> <span class='ocrx_word' id='word_1_67' title='bbox 1580 895 1630 948; x_wconf 92' lang='lat' dir='ltr'><strong>in</strong></span> <span class='ocrx_word' id='word_1_68' title='bbox 1657 893 1878 950; x_wconf 75' lang='lat' dir='ltr'><strong>:cternis</strong></span> <span class='ocrx_word' id='word_1_69' title='bbox 1905 896 2019 948; x_wconf 85' lang='lat' dir='ltr'><strong>sive</strong></span> <span class='ocrx_word' id='word_1_70' title='bbox 2047 893 2102 948; x_wconf 90' lang='lat' dir='ltr'><strong>in</strong></span> 
     </span>
    </p>
   </div>
   <div class='ocr_carea' id='block_1_11' title="bbox 501 987 2104 1053">
    <p class='ocr_par' dir='ltr' id='par_1_11' title="bbox 501 987 2104 1053">
     <span class='ocr_line' id='line_1_11' title="bbox 501 987 2104 1053; baseline -0.005 -5"><span class='ocrx_word' id='word_1_71' title='bbox 501 991 825 1048; x_wconf 78' lang='lat' dir='ltr'><strong>mundanis:</strong></span> <span class='ocrx_word' id='word_1_72' title='bbox 876 991 1000 1048; x_wconf 91' lang='lat' dir='ltr'><strong>licet</strong></span> <span class='ocrx_word' id='word_1_73' title='bbox 1043 991 1186 1044; x_wconf 89' lang='lat' dir='ltr'><strong>enim</strong></span> <span class='ocrx_word' id='word_1_74' title='bbox 1235 987 1340 1044; x_wconf 91' lang='lat' dir='ltr'><strong>dici</strong></span> <span class='ocrx_word' id='word_1_75' title='bbox 1391 987 1505 1043; x_wconf 87' lang='lat' dir='ltr'><strong>sive</strong></span> <span class='ocrx_word' id='word_1_76' title='bbox 1550 987 1934 1053; x_wconf 87' lang='lat' dir='ltr'><strong>existentiam,</strong></span> <span class='ocrx_word' id='word_1_77' title='bbox 1990 987 2104 1042; x_wconf 83' lang='lat' dir='ltr'><strong>sive</strong></span> 
     </span>
    </p>
   </div>
   <div class='ocr_carea' id='block_1_12' title="bbox 500 1080 2101 1154">
    <p class='ocr_par' dir='ltr' id='par_1_12' title="bbox 500 1080 2101 1154">
     <span class='ocr_line' id='line_1_12' title="bbox 500 1080 2101 1154; baseline -0.006 -11"><span class='ocrx_word' id='word_1_78' title='bbox 500 1086 888 1153; x_wconf 85' lang='lat' dir='ltr'><strong>substantiam,</strong></span> <span class='ocrx_word' id='word_1_79' title='bbox 918 1084 1033 1138; x_wconf 82' lang='lat' dir='ltr'><strong>sive</strong></span> <span class='ocrx_word' id='word_1_80' title='bbox 1060 1081 1202 1154; x_wconf 90' lang='lat' dir='ltr'><strong>quod</strong></span> <span class='ocrx_word' id='word_1_81' title='bbox 1245 1091 1327 1138; x_wconf 90' lang='lat' dir='ltr'><strong>est</strong></span> <span class='ocrx_word' id='word_1_82' title='bbox 1367 1095 1488 1138; x_wconf 91' lang='lat' dir='ltr'><strong>esse</strong></span> <span class='ocrx_word' id='word_1_83' title='bbox 1528 1095 1655 1136; x_wconf 82' lang='lat' dir='ltr'><strong>vere</strong></span> <span class='ocrx_word' id='word_1_84' title='bbox 1694 1080 2050 1134; x_wconf 79' lang='lat' dir='ltr'><strong>subSIantiam</strong></span> <span class='ocrx_word' id='word_1_85' title='bbox 2087 1096 2101 1133; x_wconf 91' lang='lat'><strong>:</strong></span> 
     </span>
    </p>
   </div>
   <div class='ocr_carea' id='block_1_13' title="bbox 504 1173 2104 1248">
    <p class='ocr_par' dir='ltr' id='par_1_13' title="bbox 504 1173 2104 1248">
     <span class='ocr_line' id='line_1_13' title="bbox 504 1173 2104 1248; baseline -0.005 -12"><span class='ocrx_word' id='word_1_86' title='bbox 504 1180 575 1236; x_wconf 86' lang='lat' dir='ltr'><strong>ibi</strong></span> <span class='ocrx_word' id='word_1_87' title='bbox 617 1180 784 1236; x_wconf 88' lang='lat' dir='ltr'><strong>motio</strong></span> <span class='ocrx_word' id='word_1_88' title='bbox 825 1187 942 1246; x_wconf 73' lang='lat' dir='ltr'><strong>est,</strong></span> <span class='ocrx_word' id='word_1_89' title='bbox 983 1186 1039 1233; x_wconf 90' lang='lat' dir='ltr'><strong>et</strong></span> <span class='ocrx_word' id='word_1_90' title='bbox 1077 1194 1182 1233; x_wconf 89' lang='lat' dir='ltr'><strong>non</strong></span> <span class='ocrx_word' id='word_1_91' title='bbox 1229 1176 1551 1248; x_wconf 70' lang='lat' dir='ltr'><strong>simpliciter</strong></span> <span class='ocrx_word' id='word_1_92' title='bbox 1591 1173 1893 1241; x_wconf 91' lang='lat' dir='ltr'><strong>motio,sed</strong></span> <span class='ocrx_word' id='word_1_93' title='bbox 1931 1173 2104 1244; x_wconf 89' lang='lat' dir='ltr'><strong>prima</strong></span> 
     </span>
    </p>
   </div>
   <div class='ocr_carea' id='block_1_14' title="bbox 499 1266 2105 1345">
    <p class='ocr_par' dir='ltr' id='par_1_14' title="bbox 499 1266 2105 1345">
     <span class='ocr_line' id='line_1_14' title="bbox 499 1266 2105 1345; baseline -0.006 -14"><span class='ocrx_word' id='word_1_94' title='bbox 499 1276 694 1340; x_wconf 86' lang='lat' dir='ltr'><strong>metio,</strong></span> <span class='ocrx_word' id='word_1_95' title='bbox 726 1289 845 1345; x_wconf 64' lang='lat' dir='ltr'><strong>qua:</strong></span> <span class='ocrx_word' id='word_1_96' title='bbox 889 1287 1059 1343; x_wconf 89' lang='lat' dir='ltr'><strong>genus</strong></span> <span class='ocrx_word' id='word_1_97' title='bbox 1095 1273 1165 1328; x_wconf 89' lang='lat' dir='ltr'><strong>sit</strong></span> <span class='ocrx_word' id='word_1_98' title='bbox 1199 1279 1254 1326; x_wconf 91' lang='lat' dir='ltr'><strong>et</strong></span> <span class='ocrx_word' id='word_1_99' title='bbox 1282 1271 1393 1342; x_wconf 90' lang='lat' dir='ltr'><strong>ipsa</strong></span> <span class='ocrx_word' id='word_1_100' title='bbox 1433 1278 1634 1335; x_wconf 91' lang='lat' dir='ltr'><strong>status,</strong></span> <span class='ocrx_word' id='word_1_101' title='bbox 1666 1281 1722 1324; x_wconf 91' lang='lat' dir='ltr'><strong>et</strong></span> <span class='ocrx_word' id='word_1_102' title='bbox 1753 1267 1954 1322; x_wconf 87' lang='lat' dir='ltr'><strong>idcirco</strong></span> <span class='ocrx_word' id='word_1_103' title='bbox 1990 1266 2105 1336; x_wconf 87' lang='lat' dir='ltr'><strong>ipsa</strong></span> 
     </span>
    </p>
   </div>
   <div class='ocr_carea' id='block_1_15' title="bbox 505 1359 2100 1434">
    <p class='ocr_par' dir='ltr' id='par_1_15' title="bbox 505 1359 2100 1434">
     <span class='ocr_line' id='line_1_15' title="bbox 505 1359 2100 1434; baseline -0.006 -12"><span class='ocrx_word' id='word_1_104' title='bbox 505 1366 821 1424; x_wconf 79' lang='lat' dir='ltr'><strong>substantia.</strong></span> <span class='ocrx_word' id='word_1_105' title='bbox 856 1365 962 1422; x_wconf 92' lang='lat' dir='ltr'><strong>Sed</strong></span> <span class='ocrx_word' id='word_1_106' title='bbox 995 1367 1092 1420; x_wconf 89' lang='lat' dir='ltr'><strong>ista</strong></span> <span class='ocrx_word' id='word_1_107' title='bbox 1120 1374 1172 1422; x_wconf 92' lang='lat' dir='ltr'><strong>et</strong></span> <span class='ocrx_word' id='word_1_108' title='bbox 1211 1362 1488 1434; x_wconf 76' lang='lat' dir='ltr'><strong>longioris,</strong></span> <span class='ocrx_word' id='word_1_109' title='bbox 1517 1373 1572 1418; x_wconf 91' lang='lat' dir='ltr'><strong>et</strong></span> <span class='ocrx_word' id='word_1_110' title='bbox 1593 1361 1814 1418; x_wconf 88' lang='lat' dir='ltr'><strong>alterius</strong></span> <span class='ocrx_word' id='word_1_111' title='bbox 1843 1359 2100 1430; x_wconf 64' lang='lat' dir='ltr'><strong>qua-Stiu-</strong></span> 
     </span>
    </p>
   </div>
   <div class='ocr_carea' id='block_1_16' title="bbox 499 1455 2106 1531">
    <p class='ocr_par' dir='ltr' id='par_1_16' title="bbox 499 1455 2106 1531">
     <span class='ocr_line' id='line_1_16' title="bbox 499 1455 2106 1531; baseline -0.004 -14"><span class='ocrx_word' id='word_1_112' title='bbox 499 1462 602 1518; x_wconf 90' lang='lat' dir='ltr'><strong>nis.</strong></span> <span class='ocrx_word' id='word_1_113' title='bbox 631 1460 784 1516; x_wconf 81' lang='lat' dir='ltr'><strong>Nunc</strong></span> <span class='ocrx_word' id='word_1_114' title='bbox 810 1469 988 1517; x_wconf 88' lang='lat' dir='ltr'><strong>autem</strong></span> <span class='ocrx_word' id='word_1_115' title='bbox 1018 1458 1249 1515; x_wconf 81' lang='lat' dir='ltr'><strong>fatemur</strong></span> <span class='ocrx_word' id='word_1_116' title='bbox 1264 1460 1404 1531; x_wconf 91' lang='lat' dir='ltr'><strong>quod</strong></span> <span class='ocrx_word' id='word_1_117' title='bbox 1439 1458 1509 1515; x_wconf 88' lang='lat' dir='ltr'><strong>sit</strong></span> <span class='ocrx_word' id='word_1_118' title='bbox 1534 1456 1607 1513; x_wconf 85' lang='lat' dir='ltr'><strong>ibi</strong></span> <span class='ocrx_word' id='word_1_119' title='bbox 1635 1455 1954 1521; x_wconf 88' lang='lat' dir='ltr'><strong>substantia,</strong></span> <span class='ocrx_word' id='word_1_120' title='bbox 1985 1469 2106 1525; x_wconf 71' lang='lat' dir='ltr'><strong>qua:</strong></span> 
     </span>
    </p>
   </div>
   <div class='ocr_carea' id='block_1_17' title="bbox 499 1547 2108 1625">
    <p class='ocr_par' dir='ltr' id='par_1_17' title="bbox 499 1547 2108 1625">
     <span class='ocr_line' id='line_1_17' title="bbox 499 1547 2108 1625; baseline -0.004 -14"><span class='ocrx_word' id='word_1_121' title='bbox 499 1554 660 1612; x_wconf 84' lang='lat' dir='ltr'><strong>habet</strong></span> <span class='ocrx_word' id='word_1_122' title='bbox 701 1554 991 1611; x_wconf 84' lang='lat' dir='ltr'><strong>secundum</strong></span> <span class='ocrx_word' id='word_1_123' title='bbox 1023 1552 1294 1625; x_wconf 89' lang='lat' dir='ltr'><strong>proprium</strong></span> <span class='ocrx_word' id='word_1_124' title='bbox 1325 1552 1682 1624; x_wconf 87' lang='lat' dir='ltr'><strong>signiﬁcatum</strong></span> <span class='ocrx_word' id='word_1_125' title='bbox 1725 1550 1828 1606; x_wconf 93' lang='lat' dir='ltr'><strong>hoc</strong></span> <span class='ocrx_word' id='word_1_126' title='bbox 1861 1568 1874 1603; x_wconf 89' lang='lat'><strong>:</strong></span> <span class='ocrx_word' id='word_1_127' title='bbox 1906 1547 2108 1620; x_wconf 87' lang='lat' dir='ltr'><strong>aliquid</strong></span> 
     </span>
    </p>
   </div>
   <div class='ocr_carea' id='block_1_18' title="bbox 499 1643 2109 1718">
    <p class='ocr_par' dir='ltr' id='par_1_18' title="bbox 499 1643 2109 1718">
     <span class='ocr_line' id='line_1_18' title="bbox 499 1643 2109 1718; baseline -0.004 -14"><span class='ocrx_word' id='word_1_128' title='bbox 499 1645 554 1704; x_wconf 81' lang='grc' dir='ltr'>ὃν</span> <span class='ocrx_word' id='word_1_129' title='bbox 583 1663 735 1717; x_wconf 86' lang='grc' dir='ltr'>εεεε;</span> <span class='ocrx_word' id='word_1_130' title='bbox 775 1647 1034 1705; x_wconf 87' lang='lat' dir='ltr'><strong>adversus</strong></span> <span class='ocrx_word' id='word_1_131' title='bbox 1071 1657 1250 1704; x_wconf 89' lang='lat' dir='ltr'><strong>autem</strong></span> <span class='ocrx_word' id='word_1_132' title='bbox 1281 1662 1377 1704; x_wconf 89' lang='lat' dir='ltr'><strong>eos</strong></span> <span class='ocrx_word' id='word_1_133' title='bbox 1415 1647 1504 1718; x_wconf 91' lang='lat' dir='ltr'><strong>qui</strong></span> <span class='ocrx_word' id='word_1_134' title='bbox 1542 1646 1725 1701; x_wconf 91' lang='lat' dir='ltr'><strong>dicunt</strong></span> <span class='ocrx_word' id='word_1_135' title='bbox 1757 1659 1950 1700; x_wconf 88' lang='lat' dir='ltr'><strong>nomen</strong></span> <span class='ocrx_word' id='word_1_136' title='bbox 1980 1643 2109 1699; x_wconf 90' lang='lat' dir='ltr'><strong>sub-</strong></span> 
     </span>
    </p>
   </div>
   <div class='ocr_carea' id='block_1_19' title="bbox 2205 422 3762 494">
    <p class='ocr_par' dir='ltr' id='par_1_19' title="bbox 2205 422 3762 494">
     <span class='ocr_line' id='line_1_19' title="bbox 2205 422 3762 494; baseline 0.003 -18"><span class='ocrx_word' id='word_1_137' title='bbox 2205 432 2354 488; x_wconf 91' lang='lat' dir='ltr'><strong>tum,</strong></span> <span class='ocrx_word' id='word_1_138' title='bbox 2386 439 2506 494; x_wconf 72' lang='lat' dir='ltr'><strong>qua:</strong></span> <span class='ocrx_word' id='word_1_139' title='bbox 2537 422 2606 477; x_wconf 86' lang='lat' dir='ltr'><strong>ibi</strong></span> <span class='ocrx_word' id='word_1_140' title='bbox 2639 432 2694 478; x_wconf 87' lang='lat' dir='ltr'><strong>et</strong></span> <span class='ocrx_word' id='word_1_141' title='bbox 2732 422 2870 477; x_wconf 86' lang='lat' dir='ltr'><strong>idem</strong></span> <span class='ocrx_word' id='word_1_142' title='bbox 2903 423 3082 478; x_wconf 85' lang='lat' dir='ltr'><strong>lumen</strong></span> <span class='ocrx_word' id='word_1_143' title='bbox 3120 433 3175 478; x_wconf 90' lang='lat' dir='ltr'><strong>et</strong></span> <span class='ocrx_word' id='word_1_144' title='bbox 3211 425 3427 494; x_wconf 90' lang='lat' dir='ltr'><strong>spiritus</strong></span> <span class='ocrx_word' id='word_1_145' title='bbox 3457 441 3470 476; x_wconf 89' lang='lat'><strong>:</strong></span> <span class='ocrx_word' id='word_1_146' title='bbox 3503 435 3584 480; x_wconf 88' lang='lat' dir='ltr'><strong>est</strong></span> <span class='ocrx_word' id='word_1_147' title='bbox 3610 438 3762 481; x_wconf 88' lang='lat' dir='ltr'><strong>autem</strong></span> 
     </span>
    </p>
   </div>
   <div class='ocr_carea' id='block_1_20' title="bbox 2203 519 3763 591">
    <p class='ocr_par' dir='ltr' id='par_1_20' title="bbox 2203 519 3763 591">
     <span class='ocr_line' id='line_1_20' title="bbox 2203 519 3763 591; baseline 0.001 -15"><span class='ocrx_word' id='word_1_148' title='bbox 2203 520 2398 576; x_wconf 79' lang='lat' dir='ltr'><strong>lumini</strong></span> <span class='ocrx_word' id='word_1_149' title='bbox 2425 531 2478 576; x_wconf 91' lang='lat' dir='ltr'><strong>et</strong></span> <span class='ocrx_word' id='word_1_150' title='bbox 2505 521 2713 590; x_wconf 82' lang='lat' dir='ltr'><strong>spiritui</strong></span> <span class='ocrx_word' id='word_1_151' title='bbox 2747 521 2958 591; x_wconf 91' lang='lat' dir='ltr'><strong>imago,</strong></span> <span class='ocrx_word' id='word_1_152' title='bbox 2988 536 3092 575; x_wconf 91' lang='lat' dir='ltr'><strong>non</strong></span> <span class='ocrx_word' id='word_1_153' title='bbox 3132 534 3164 574; x_wconf 91' lang='lat' dir='ltr'><strong>a</strong></span> <span class='ocrx_word' id='word_1_154' title='bbox 3199 519 3516 576; x_wconf 79' lang='lat' dir='ltr'><strong>necessitate</strong></span> <span class='ocrx_word' id='word_1_155' title='bbox 3558 532 3763 588; x_wconf 59' lang='lat' dir='ltr'><strong>natura,</strong></span> 
     </span>
    </p>
   </div>
   <div class='ocr_carea' id='block_1_21' title="bbox 2204 615 3767 687">
    <p class='ocr_par' dir='ltr' id='par_1_21' title="bbox 2204 615 3767 687">
     <span class='ocr_line' id='line_1_21' title="bbox 2204 615 3767 687; baseline -0.001 -17"><span class='ocrx_word' id='word_1_156' title='bbox 2204 615 2299 670; x_wconf 86' lang='lat' dir='ltr'><strong>sed</strong></span> <span class='ocrx_word' id='word_1_157' title='bbox 2341 615 2616 670; x_wconf 75' lang='lat' dir='ltr'><strong>voluntate</strong></span> <span class='ocrx_word' id='word_1_158' title='bbox 2662 615 3042 687; x_wconf 78' lang='lat' dir='ltr'><strong>magnitudinis</strong></span> <span class='ocrx_word' id='word_1_159' title='bbox 3073 615 3237 686; x_wconf 90' lang='lat' dir='ltr'><strong>patris</strong></span> <span class='ocrx_word' id='word_1_160' title='bbox 3269 633 3281 667; x_wconf 91' lang='lat'>:</span> <span class='ocrx_word' id='word_1_161' title='bbox 3315 616 3425 686; x_wconf 90' lang='lat' dir='ltr'><strong>ipse</strong></span> <span class='ocrx_word' id='word_1_162' title='bbox 3453 616 3593 670; x_wconf 90' lang='lat' dir='ltr'><strong>enim</strong></span> <span class='ocrx_word' id='word_1_163' title='bbox 3623 631 3675 670; x_wconf 90' lang='lat' dir='ltr'><strong>se</strong></span> <span class='ocrx_word' id='word_1_164' title='bbox 3703 619 3767 684; x_wconf 81' lang='lat' dir='ltr'><strong>ip-</strong></span> 
     </span>
    </p>
   </div>
   <div class='ocr_carea' id='block_1_22' title="bbox 2203 709 3769 784">
    <p class='ocr_par' dir='ltr' id='par_1_22' title="bbox 2203 709 3769 784">
     <span class='ocr_line' id='line_1_22' title="bbox 2203 709 3769 784; baseline 0.001 -19"><span class='ocrx_word' id='word_1_165' title='bbox 2203 725 2322 765; x_wconf 89' lang='lat' dir='ltr'><strong>smn</strong></span> <span class='ocrx_word' id='word_1_166' title='bbox 2363 711 2897 766; x_wconf 86' lang='lat' dir='ltr'><strong>circumtertninavit.</strong></span> <span class='ocrx_word' id='word_1_167' title='bbox 2938 711 3003 766; x_wconf 86' lang='lat' dir='ltr'><strong>Et</strong></span> <span class='ocrx_word' id='word_1_168' title='bbox 3051 711 3254 767; x_wconf 88' lang='lat' dir='ltr'><strong>idcirco</strong></span> <span class='ocrx_word' id='word_1_169' title='bbox 3284 709 3500 776; x_wconf 88' lang='lat' dir='ltr'><strong>dicitur,</strong></span> <span class='ocrx_word' id='word_1_170' title='bbox 3536 721 3588 766; x_wconf 90' lang='lat' dir='ltr'><strong>tu</strong></span> <span class='ocrx_word' id='word_1_171' title='bbox 3629 721 3676 766; x_wconf 87' lang='lat' dir='ltr'><strong>te</strong></span> <span class='ocrx_word' id='word_1_172' title='bbox 3704 712 3769 784; x_wconf 90' lang='lat' dir='ltr'><strong>ip-</strong></span> 
     </span>
    </p>
   </div>
   <div class='ocr_carea' id='block_1_23' title="bbox 2203 802 3770 875">
    <p class='ocr_par' dir='ltr' id='par_1_23' title="bbox 2203 802 3770 875">
     <span class='ocr_line' id='line_1_23' title="bbox 2203 802 3770 875; baseline 0.003 -19"><span class='ocrx_word' id='word_1_173' title='bbox 2203 817 2321 857; x_wconf 90' lang='lat' dir='ltr'><strong>sum</strong></span> <span class='ocrx_word' id='word_1_174' title='bbox 2355 802 2630 874; x_wconf 80' lang='lat' dir='ltr'><strong>intelligis,</strong></span> <span class='ocrx_word' id='word_1_175' title='bbox 2663 803 2756 857; x_wconf 90' lang='lat' dir='ltr'><strong>sed</strong></span> <span class='ocrx_word' id='word_1_176' title='bbox 2785 813 2840 857; x_wconf 92' lang='grc' dir='ltr'><strong>ει</strong></span> <span class='ocrx_word' id='word_1_177' title='bbox 2868 803 2979 857; x_wconf 91' lang='lat' dir='ltr'><strong>ﬁlio</strong></span> <span class='ocrx_word' id='word_1_178' title='bbox 3009 802 3374 872; x_wconf 89' lang='lat' dir='ltr'><strong>intelligibilis,</strong></span> <span class='ocrx_word' id='word_1_179' title='bbox 3415 803 3555 858; x_wconf 91' lang='lat' dir='ltr'><strong>ﬁlius</strong></span> <span class='ocrx_word' id='word_1_180' title='bbox 3589 820 3704 875; x_wconf 87' lang='lat' dir='ltr'><strong>ergo</strong></span> <span class='ocrx_word' id='word_1_181' title='bbox 3729 808 3770 860; x_wconf 92' lang='lat' dir='ltr'><strong>in</strong></span> 
     </span>
    </p>
   </div>
   <div class='ocr_carea' id='block_1_24' title="bbox 2207 896 3771 971">
    <p class='ocr_par' dir='ltr' id='par_1_24' title="bbox 2207 896 3771 971">
     <span class='ocr_line' id='line_1_24' title="bbox 2207 896 3771 971; baseline 0.004 -25"><span class='ocrx_word' id='word_1_182' title='bbox 2207 905 2357 966; x_wconf 87' lang='lat' dir='ltr'><strong>patre</strong></span> <span class='ocrx_word' id='word_1_183' title='bbox 2389 896 2584 966; x_wconf 79' lang='lat' dir='ltr'><strong>imago,</strong></span> <span class='ocrx_word' id='word_1_184' title='bbox 2614 907 2666 951; x_wconf 91' lang='lat' dir='ltr'><strong>et</strong></span> <span class='ocrx_word' id='word_1_185' title='bbox 2698 897 2866 950; x_wconf 81' lang='lat' dir='ltr'><strong>forma</strong></span> <span class='ocrx_word' id='word_1_186' title='bbox 2890 937 2904 962; x_wconf 89' lang='lat'><strong>,</strong></span> <span class='ocrx_word' id='word_1_187' title='bbox 2949 907 3002 952; x_wconf 91' lang='lat' dir='ltr'><strong>et</strong></span> <span class='ocrx_word' id='word_1_188' title='bbox 3032 896 3176 971; x_wconf 81' lang='grc' dir='ltr'><strong>λόγος</strong></span> <span class='ocrx_word' id='word_1_189' title='bbox 3197 937 3212 961; x_wconf 89' lang='lat'><strong>,</strong></span> <span class='ocrx_word' id='word_1_190' title='bbox 3243 908 3295 951; x_wconf 90' lang='lat' dir='ltr'><strong>et</strong></span> <span class='ocrx_word' id='word_1_191' title='bbox 3326 896 3570 952; x_wconf 75' lang='lat' dir='ltr'><strong>voluntas</strong></span> <span class='ocrx_word' id='word_1_192' title='bbox 3610 899 3771 966; x_wconf 81' lang='lat' dir='ltr'><strong>patris,</strong></span> 
     </span>
    </p>
   </div>
   <div class='ocr_carea' id='block_1_25' title="bbox 2199 987 3775 1061">
    <p class='ocr_par' dir='ltr' id='par_1_25' title="bbox 2199 987 3775 1061">
     <span class='ocr_line' id='line_1_25' title="bbox 2199 987 3775 1061; baseline 0.004 -20"><span class='ocrx_word' id='word_1_193' title='bbox 2199 987 2351 1060; x_wconf 80' lang='lat' dir='ltr'><strong>juxta</strong></span> <span class='ocrx_word' id='word_1_194' title='bbox 2380 988 2522 1060; x_wconf 87' lang='lat' dir='ltr'><strong>quod</strong></span> <span class='ocrx_word' id='word_1_195' title='bbox 2554 989 2802 1045; x_wconf 84' lang='lat' dir='ltr'><strong>voluntas</strong></span> <span class='ocrx_word' id='word_1_196' title='bbox 2829 990 2996 1059; x_wconf 82' lang='lat' dir='ltr'><strong>patris</strong></span> <span class='ocrx_word' id='word_1_197' title='bbox 3020 1031 3034 1053; x_wconf 90' lang='lat'><strong><em>.</em></strong></span> <span class='ocrx_word' id='word_1_198' title='bbox 3076 993 3228 1044; x_wconf 89' lang='lat' dir='ltr'><strong>alteri</strong></span> <span class='ocrx_word' id='word_1_199' title='bbox 3262 989 3413 1060; x_wconf 83' lang='lat' dir='ltr'><strong>juxta</strong></span> <span class='ocrx_word' id='word_1_200' title='bbox 3443 991 3584 1061; x_wconf 87' lang='lat' dir='ltr'><strong>quod</strong></span> <span class='ocrx_word' id='word_1_201' title='bbox 3615 994 3775 1047; x_wconf 80' lang='lat' dir='ltr'><strong>volun-</strong></span> 
     </span>
    </p>
   </div>
   <div class='ocr_carea' id='block_1_26' title="bbox 2207 1081 3772 1154">
    <p class='ocr_par' dir='ltr' id='par_1_26' title="bbox 2207 1081 3772 1154">
     <span class='ocr_line' id='line_1_26' title="bbox 2207 1081 3772 1154; baseline 0.001 -16"><span class='ocrx_word' id='word_1_202' title='bbox 2207 1093 2289 1138; x_wconf 89' lang='lat' dir='ltr'><strong>tas</strong></span> <span class='ocrx_word' id='word_1_203' title='bbox 2321 1081 2488 1152; x_wconf 86' lang='lat' dir='ltr'><strong>patris</strong></span> <span class='ocrx_word' id='word_1_204' title='bbox 2523 1081 2683 1138; x_wconf 88' lang='lat' dir='ltr'><strong>ﬁlitts.</strong></span> <span class='ocrx_word' id='word_1_205' title='bbox 2717 1081 2904 1139; x_wconf 90' lang='lat' dir='ltr'><strong>Omnis</strong></span> <span class='ocrx_word' id='word_1_206' title='bbox 2931 1083 3073 1138; x_wconf 91' lang='lat' dir='ltr'><strong>enim</strong></span> <span class='ocrx_word' id='word_1_207' title='bbox 3106 1083 3356 1139; x_wconf 86' lang='lat' dir='ltr'><strong>voluntas</strong></span> <span class='ocrx_word' id='word_1_208' title='bbox 3381 1086 3659 1154; x_wconf 85' lang='lat' dir='ltr'><strong>progenies</strong></span> <span class='ocrx_word' id='word_1_209' title='bbox 3687 1093 3772 1153; x_wconf 87' lang='lat' dir='ltr'><strong>est,</strong></span> 
     </span>
    </p>
   </div>
   <div class='ocr_carea' id='block_1_27' title="bbox 2201 1175 3777 1247">
    <p class='ocr_par' dir='ltr' id='par_1_27' title="bbox 2201 1175 3777 1247">
     <span class='ocr_line' id='line_1_27' title="bbox 2201 1175 3777 1247; baseline 0.004 -18"><span class='ocrx_word' id='word_1_210' title='bbox 2201 1175 2353 1245; x_wconf 81' lang='lat' dir='ltr'><strong>juxta</strong></span> <span class='ocrx_word' id='word_1_211' title='bbox 2393 1175 2536 1246; x_wconf 89' lang='lat' dir='ltr'><strong>quod</strong></span> <span class='ocrx_word' id='word_1_212' title='bbox 2581 1177 2899 1232; x_wconf 80' lang='lat' dir='ltr'><strong>universalis</strong></span> <span class='ocrx_word' id='word_1_213' title='bbox 2946 1177 3230 1241; x_wconf 85' lang='lat' dir='ltr'><strong>voluntas,</strong></span> <span class='ocrx_word' id='word_1_214' title='bbox 3269 1177 3592 1247; x_wconf 89' lang='lat' dir='ltr'><strong>unigenitus,</strong></span> <span class='ocrx_word' id='word_1_215' title='bbox 3632 1180 3777 1235; x_wconf 85' lang='lat' dir='ltr'><strong>semel</strong></span> 
     </span>
    </p>
   </div>
   <div class='ocr_carea' id='block_1_28' title="bbox 2207 1270 3779 1345">
    <p class='ocr_par' dir='ltr' id='par_1_28' title="bbox 2207 1270 3779 1345">
     <span class='ocr_line' id='line_1_28' title="bbox 2207 1270 3779 1345; baseline 0.001 -20"><span class='ocrx_word' id='word_1_216' title='bbox 2207 1270 2351 1325; x_wconf 83' lang='lat' dir='ltr'><strong>enim</strong></span> <span class='ocrx_word' id='word_1_217' title='bbox 2405 1271 2568 1326; x_wconf 91' lang='lat' dir='ltr'><strong>totius</strong></span> <span class='ocrx_word' id='word_1_218' title='bbox 2621 1270 2968 1341; x_wconf 89' lang='lat' dir='ltr'><strong>plenitudinis</strong></span> <span class='ocrx_word' id='word_1_219' title='bbox 3015 1271 3159 1345; x_wconf 78' lang='grc' dir='ltr'><strong>λόγος</strong></span> <span class='ocrx_word' id='word_1_220' title='bbox 3210 1271 3440 1341; x_wconf 90' lang='lat' dir='ltr'><strong>prosiliit</strong></span> <span class='ocrx_word' id='word_1_221' title='bbox 3493 1287 3523 1327; x_wconf 90' lang='lat' dir='ltr'><strong>e</strong></span> <span class='ocrx_word' id='word_1_222' title='bbox 3573 1272 3779 1341; x_wconf 85' lang='lat' dir='ltr'><strong>potentia</strong></span> 
     </span>
    </p>
   </div>
   <div class='ocr_carea' id='block_1_29' title="bbox 2211 1362 3778 1441">
    <p class='ocr_par' dir='ltr' id='par_1_29' title="bbox 2211 1362 3778 1441">
     <span class='ocr_line' id='line_1_29' title="bbox 2211 1362 3778 1441; baseline 0.004 -24"><span class='ocrx_word' id='word_1_223' title='bbox 2211 1362 2303 1418; x_wconf 89' lang='lat' dir='ltr'><strong>Dei</strong></span> <span class='ocrx_word' id='word_1_224' title='bbox 2338 1380 2352 1418; x_wconf 91' lang='lat'><strong>:</strong></span> <span class='ocrx_word' id='word_1_225' title='bbox 2387 1363 2486 1418; x_wconf 89' lang='lat' dir='ltr'><strong>ista</strong></span> <span class='ocrx_word' id='word_1_226' title='bbox 2522 1363 2756 1433; x_wconf 86' lang='lat' dir='ltr'><strong>potentia</strong></span> <span class='ocrx_word' id='word_1_227' title='bbox 2810 1365 2954 1440; x_wconf 76' lang='grc' dir='ltr'><strong>λόγος</strong></span> <span class='ocrx_word' id='word_1_228' title='bbox 2991 1366 3233 1420; x_wconf 65' lang='lat' dir='ltr'><strong>existens</strong></span> <span class='ocrx_word' id='word_1_229' title='bbox 3269 1368 3455 1436; x_wconf 86' lang='lat' dir='ltr'><strong>genuit</strong></span> <span class='ocrx_word' id='word_1_230' title='bbox 3494 1367 3658 1441; x_wconf 83' lang='grc' dir='ltr'><strong>λόγον,</strong></span> <span class='ocrx_word' id='word_1_231' title='bbox 3695 1365 3778 1423; x_wconf 86' lang='lat' dir='ltr'><strong>hoc</strong></span> 
     </span>
    </p>
   </div>
   <div class='ocr_carea' id='block_1_30' title="bbox 2207 1457 3780 1530">
    <p class='ocr_par' dir='ltr' id='par_1_30' title="bbox 2207 1457 3780 1530">
     <span class='ocr_line' id='line_1_30' title="bbox 2207 1457 3780 1530; baseline 0.001 -17"><span class='ocrx_word' id='word_1_232' title='bbox 2207 1469 2288 1513; x_wconf 78' lang='lat' dir='ltr'><strong>est</strong></span> <span class='ocrx_word' id='word_1_233' title='bbox 2309 1497 2324 1522; x_wconf 90' lang='lat'><strong>,</strong></span> <span class='ocrx_word' id='word_1_234' title='bbox 2359 1457 2412 1512; x_wconf 91' lang='lat' dir='ltr'><strong>in</strong></span> <span class='ocrx_word' id='word_1_235' title='bbox 2448 1458 2935 1514; x_wconf 86' lang='lat' dir='ltr'><strong>manil&#39;estationem</strong></span> <span class='ocrx_word' id='word_1_236' title='bbox 2971 1469 3026 1514; x_wconf 94' lang='lat' dir='ltr'><strong>et</strong></span> <span class='ocrx_word' id='word_1_237' title='bbox 3051 1459 3417 1530; x_wconf 81' lang='lat' dir='ltr'><strong>operationem</strong></span> <span class='ocrx_word' id='word_1_238' title='bbox 3449 1460 3678 1515; x_wconf 89' lang='lat' dir='ltr'><strong>adduxit.</strong></span> <span class='ocrx_word' id='word_1_239' title='bbox 3707 1459 3780 1516; x_wconf 88' lang='lat' dir='ltr'><strong>Sic</strong></span> 
     </span>
    </p>
   </div>
   <div class='ocr_carea' id='block_1_31' title="bbox 2207 1549 3782 1628">
    <p class='ocr_par' dir='ltr' id='par_1_31' title="bbox 2207 1549 3782 1628">
     <span class='ocr_line' id='line_1_31' title="bbox 2207 1549 3782 1628; baseline 0.002 -24"><span class='ocrx_word' id='word_1_240' title='bbox 2207 1549 2370 1621; x_wconf 78' lang='lat' dir='ltr'><strong>igitur</strong></span> <span class='ocrx_word' id='word_1_241' title='bbox 2399 1551 2672 1606; x_wconf 89' lang='lat' dir='ltr'><strong>voluntate</strong></span> <span class='ocrx_word' id='word_1_242' title='bbox 2705 1551 2903 1622; x_wconf 88' lang='lat' dir='ltr'><strong>patris,</strong></span> <span class='ocrx_word' id='word_1_243' title='bbox 2938 1551 3187 1606; x_wconf 89' lang='lat' dir='ltr'><strong>voluntas</strong></span> <span class='ocrx_word' id='word_1_244' title='bbox 3224 1553 3478 1621; x_wconf 83' lang='lat' dir='ltr'><strong>apparuit</strong></span> <span class='ocrx_word' id='word_1_245' title='bbox 3515 1552 3628 1623; x_wconf 83' lang='lat' dir='ltr'><strong>ipse</strong></span> <span class='ocrx_word' id='word_1_246' title='bbox 3659 1553 3782 1628; x_wconf 80' lang='grc' dir='ltr'><strong>λόγος</strong></span> 
     </span>
    </p>
   </div>
   <div class='ocr_carea' id='block_1_32' title="bbox 2210 1644 3782 1722">
    <p class='ocr_par' dir='ltr' id='par_1_32' title="bbox 2210 1644 3782 1722">
     <span class='ocr_line' id='line_1_32' title="bbox 2210 1644 3782 1722; baseline 0.003 -22"><span class='ocrx_word' id='word_1_247' title='bbox 2210 1644 2397 1701; x_wconf 92' lang='lat' dir='ltr'><strong>ﬁlios:</strong></span> <span class='ocrx_word' id='word_1_248' title='bbox 2439 1657 2522 1702; x_wconf 91' lang='lat' dir='ltr'><strong>est</strong></span> <span class='ocrx_word' id='word_1_249' title='bbox 2565 1647 2728 1718; x_wconf 86' lang='lat' dir='ltr'><strong>igitur</strong></span> <span class='ocrx_word' id='word_1_250' title='bbox 2770 1647 2864 1702; x_wconf 89' lang='lat' dir='ltr'><strong>Dei</strong></span> <span class='ocrx_word' id='word_1_251' title='bbox 2906 1648 3152 1703; x_wconf 87' lang='lat' dir='ltr'><strong>voluntas</strong></span> <span class='ocrx_word' id='word_1_252' title='bbox 3199 1648 3346 1722; x_wconf 83' lang='grc' dir='ltr'><strong>λόγος</strong></span> <span class='ocrx_word' id='word_1_253' title='bbox 3388 1663 3512 1704; x_wconf 93' lang='lat' dir='ltr'><strong>eum</strong></span> <span class='ocrx_word' id='word_1_254' title='bbox 3559 1649 3666 1718; x_wconf 88' lang='lat' dir='ltr'><strong>ipso</strong></span> <span class='ocrx_word' id='word_1_255' title='bbox 3708 1649 3782 1718; x_wconf 90' lang='lat' dir='ltr'><strong>qui</strong></span> 
     </span>
    </p>
   </div>
   <div class='ocr_carea' id='block_1_33' title="bbox 497 1728 3781 1812">
    <p class='ocr_par' dir='ltr' id='par_1_33' title="bbox 497 1728 3781 1812">
     <span class='ocr_line' id='line_1_33' title="bbox 497 1728 3781 1812; baseline 0 -16"><span class='ocrx_word' id='word_1_256' title='bbox 497 1728 707 1796; x_wconf 60' lang='lat' dir='ltr'><strong>stantia:</strong></span> <span class='ocrx_word' id='word_1_257' title='bbox 736 1757 841 1797; x_wconf 90' lang='lat' dir='ltr'><strong>non</strong></span> <span class='ocrx_word' id='word_1_258' title='bbox 875 1755 996 1797; x_wconf 89' lang='lat' dir='ltr'><strong>esse</strong></span> <span class='ocrx_word' id='word_1_259' title='bbox 1027 1740 1256 1812; x_wconf 63' lang='lat' dir='ltr'><strong>positum</strong></span> <span class='ocrx_word' id='word_1_260' title='bbox 1303 1740 1356 1795; x_wconf 92' lang='lat' dir='ltr'><strong>in</strong></span> <span class='ocrx_word' id='word_1_261' title='bbox 1407 1740 1612 1795; x_wconf 88' lang='lat' dir='ltr'><strong>sanctis</strong></span> <span class='ocrx_word' id='word_1_262' title='bbox 1642 1736 1945 1805; x_wconf 87' lang='lat' dir='ltr'><strong>scripturis.</strong></span> <span class='ocrx_word' id='word_1_263' title='bbox 1988 1735 2104 1791; x_wconf 84' lang='lat' dir='ltr'><strong>Non</strong></span> <span class='ocrx_word' id='word_1_264' title='bbox 2137 1736 2186 1798; x_wconf 90' lang='lat' dir='ltr'><strong>B</strong></span> <span class='ocrx_word' id='word_1_265' title='bbox 2212 1753 2427 1810; x_wconf 86' lang='lat' dir='ltr'><strong>semper</strong></span> <span class='ocrx_word' id='word_1_266' title='bbox 2469 1750 2553 1796; x_wconf 88' lang='lat' dir='ltr'><strong>est</strong></span> <span class='ocrx_word' id='word_1_267' title='bbox 2577 1782 2591 1808; x_wconf 98' lang='lat'><strong>,</strong></span> <span class='ocrx_word' id='word_1_268' title='bbox 2634 1751 2689 1796; x_wconf 89' lang='lat' dir='ltr'><strong>et</strong></span> <span class='ocrx_word' id='word_1_269' title='bbox 2725 1741 2790 1797; x_wconf 92' lang='lat' dir='ltr'><strong>ad</strong></span> <span class='ocrx_word' id='word_1_270' title='bbox 2833 1743 3004 1812; x_wconf 90' lang='lat' dir='ltr'><strong>ipsum</strong></span> <span class='ocrx_word' id='word_1_271' title='bbox 3053 1742 3164 1812; x_wconf 92' lang='lat' dir='ltr'><strong>ipsa</strong></span> <span class='ocrx_word' id='word_1_272' title='bbox 3193 1745 3442 1798; x_wconf 89' lang='lat' dir='ltr'><strong>voluntas</strong></span> <span class='ocrx_word' id='word_1_273' title='bbox 3472 1741 3648 1799; x_wconf 89' lang='lat' dir='ltr'><strong>ﬁliatio</strong></span> <span class='ocrx_word' id='word_1_274' title='bbox 3679 1752 3781 1797; x_wconf 86' lang='lat' dir='ltr'><strong>est:</strong></span> 
     </span>
    </p>
   </div>
   <div class='ocr_carea' id='block_1_34' title="bbox 496 1830 2108 1908">
    <p class='ocr_par' dir='ltr' id='par_1_34' title="bbox 496 1830 2108 1908">
     <span class='ocr_line' id='line_1_34' title="bbox 496 1830 2108 1908; baseline -0.004 -17"><span class='ocrx_word' id='word_1_275' title='bbox 496 1835 712 1908; x_wconf 90' lang='lat' dir='ltr'><strong>quidem</strong></span> <span class='ocrx_word' id='word_1_276' title='bbox 742 1836 1058 1890; x_wconf 69' lang='lat' dir='ltr'><strong>substantia:</strong></span> <span class='ocrx_word' id='word_1_277' title='bbox 1095 1834 1231 1890; x_wconf 79' lang='lat' dir='ltr'><strong>forte</strong></span> <span class='ocrx_word' id='word_1_278' title='bbox 1261 1849 1366 1890; x_wconf 89' lang='lat' dir='ltr'><strong>non</strong></span> <span class='ocrx_word' id='word_1_279' title='bbox 1390 1842 1502 1901; x_wconf 90' lang='lat' dir='ltr'><strong>est,</strong></span> <span class='ocrx_word' id='word_1_280' title='bbox 1532 1831 1875 1889; x_wconf 84' lang='lat' dir='ltr'><strong>denominata</strong></span> <span class='ocrx_word' id='word_1_281' title='bbox 1907 1846 1937 1884; x_wconf 92' lang='lat' dir='ltr'><strong>a</strong></span> <span class='ocrx_word' id='word_1_282' title='bbox 1975 1830 2108 1885; x_wconf 85' lang='lat' dir='ltr'><strong>sub-</strong></span> 
     </span>
    </p>
   </div>
   <div class='ocr_carea' id='block_1_35' title="bbox 497 1929 2105 1996">
    <p class='ocr_par' dir='ltr' id='par_1_35' title="bbox 497 1929 2105 1996">
     <span class='ocr_line' id='line_1_35' title="bbox 497 1929 2105 1996; baseline -0.006 -8"><span class='ocrx_word' id='word_1_283' title='bbox 497 1931 692 1988; x_wconf 88' lang='lat' dir='ltr'><strong>stantia</strong></span> <span class='ocrx_word' id='word_1_284' title='bbox 730 1938 886 1996; x_wconf 90' lang='lat' dir='ltr'><strong>sunt,</strong></span> <span class='ocrx_word' id='word_1_285' title='bbox 915 1930 1055 1986; x_wconf 87' lang='lat' dir='ltr'><strong>unde</strong></span> <span class='ocrx_word' id='word_1_286' title='bbox 1097 1931 1240 1986; x_wconf 90' lang='lat' dir='ltr'><strong>enim</strong></span> <span class='ocrx_word' id='word_1_287' title='bbox 1274 1929 1562 1986; x_wconf 92' lang='lat' dir='ltr'><strong>deductum</strong></span> <span class='ocrx_word' id='word_1_288' title='bbox 1592 1931 1855 1984; x_wconf 72' lang='grc' dir='ltr'><strong>ἐπιούσιον</strong></span> <span class='ocrx_word' id='word_1_289' title='bbox 1893 1943 2050 1996; x_wconf 80' lang='lat' dir='ltr'><strong>quam</strong></span> <span class='ocrx_word' id='word_1_290' title='bbox 2075 1941 2105 1980; x_wconf 91' lang='lat' dir='ltr'><strong>a</strong></span> 
     </span>
    </p>
   </div>
   <div class='ocr_carea' id='block_1_36' title="bbox 498 2020 2103 2098">
    <p class='ocr_par' dir='ltr' id='par_1_36' title="bbox 498 2020 2103 2098">
     <span class='ocr_line' id='line_1_36' title="bbox 498 2020 2103 2098; baseline -0.004 -18"><span class='ocrx_word' id='word_1_291' title='bbox 498 2023 792 2080; x_wconf 85' lang='lat' dir='ltr'><strong>subStantia</strong></span> <span class='ocrx_word' id='word_1_292' title='bbox 820 2022 1056 2098; x_wconf 54' lang='lat' dir='ltr'><strong>(Matth,</strong></span> <span class='ocrx_word' id='word_1_293' title='bbox 1075 2040 1151 2090; x_wconf 89' lang='lat' dir='ltr'><strong>vt,</strong></span> <span class='ocrx_word' id='word_1_294' title='bbox 1183 2024 1270 2094; x_wconf 82' lang='grc' dir='ltr'><strong>Η)</strong></span> <span class='ocrx_word' id='word_1_295' title='bbox 1297 2043 1309 2077; x_wconf 87' lang='grc'>;</span> <span class='ocrx_word' id='word_1_296' title='bbox 1345 2022 1423 2077; x_wconf 89' lang='lat' dir='ltr'><strong>Da</strong></span> <span class='ocrx_word' id='word_1_297' title='bbox 1450 2039 1634 2094; x_wconf 84' lang='lat' dir='ltr'><strong>panem</strong></span> <span class='ocrx_word' id='word_1_298' title='bbox 1654 2020 1801 2076; x_wconf 76' lang='lat' dir='ltr'><strong>nobis</strong></span> <span class='ocrx_word' id='word_1_299' title='bbox 1817 2022 2103 2084; x_wconf 75' lang='grc' dir='ltr'><strong>ἐπιούσιον,</strong></span> 
     </span>
    </p>
   </div>
   <div class='ocr_carea' id='block_1_37' title="bbox 499 2111 2109 2186">
    <p class='ocr_par' dir='ltr' id='par_1_37' title="bbox 499 2111 2109 2186">
     <span class='ocr_line' id='line_1_37' title="bbox 499 2111 2109 2186; baseline -0.004 -15"><span class='ocrx_word' id='word_1_300' title='bbox 499 2117 843 2172; x_wconf 78' lang='lat' dir='ltr'><strong>hodiernum?</strong></span> <span class='ocrx_word' id='word_1_301' title='bbox 870 2117 1130 2185; x_wconf 85' lang='lat' dir='ltr'><strong>Quoniam</strong></span> <span class='ocrx_word' id='word_1_302' title='bbox 1163 2115 1316 2173; x_wconf 83' lang='lat' dir='ltr'><strong>.lesus</strong></span> <span class='ocrx_word' id='word_1_303' title='bbox 1342 2115 1446 2171; x_wconf 91' lang='lat' dir='ltr'><strong>vita</strong></span> <span class='ocrx_word' id='word_1_304' title='bbox 1476 2125 1580 2181; x_wconf 88' lang='lat' dir='ltr'><strong>est,</strong></span> <span class='ocrx_word' id='word_1_305' title='bbox 1621 2125 1674 2170; x_wconf 91' lang='lat' dir='ltr'><strong>et</strong></span> <span class='ocrx_word' id='word_1_306' title='bbox 1702 2129 1899 2186; x_wconf 89' lang='lat' dir='ltr'><strong>corpus</strong></span> <span class='ocrx_word' id='word_1_307' title='bbox 1941 2111 2109 2182; x_wconf 88' lang='lat' dir='ltr'><strong>ipsius</strong></span> 
     </span>
    </p>
   </div>
   <div class='ocr_carea' id='block_1_38' title="bbox 497 2211 2106 2282">
    <p class='ocr_par' dir='ltr' id='par_1_38' title="bbox 497 2211 2106 2282">
     <span class='ocr_line' id='line_1_38' title="bbox 497 2211 2106 2282; baseline 0.001 -15"><span class='ocrx_word' id='word_1_308' title='bbox 497 2213 607 2268; x_wconf 89' lang='lat' dir='ltr'><strong>vita</strong></span> <span class='ocrx_word' id='word_1_309' title='bbox 637 2223 740 2281; x_wconf 88' lang='lat' dir='ltr'><strong>est,</strong></span> <span class='ocrx_word' id='word_1_310' title='bbox 771 2228 964 2282; x_wconf 88' lang='lat' dir='ltr'><strong>corpus</strong></span> <span class='ocrx_word' id='word_1_311' title='bbox 991 2221 1173 2267; x_wconf 78' lang='lat' dir='ltr'><strong>autem</strong></span> <span class='ocrx_word' id='word_1_312' title='bbox 1206 2211 1388 2282; x_wconf 90' lang='lat' dir='ltr'><strong>panis,</strong></span> <span class='ocrx_word' id='word_1_313' title='bbox 1429 2211 1584 2266; x_wconf 90' lang='lat' dir='ltr'><strong>sicuti</strong></span> <span class='ocrx_word' id='word_1_314' title='bbox 1623 2211 1822 2267; x_wconf 88' lang='lat' dir='ltr'><strong>dictum</strong></span> <span class='ocrx_word' id='word_1_315' title='bbox 1868 2222 1951 2268; x_wconf 87' lang='lat' dir='ltr'><strong>est</strong></span> <span class='ocrx_word' id='word_1_316' title='bbox 1980 2230 1992 2266; x_wconf 91' lang='lat'><strong>:</strong></span> <span class='ocrx_word' id='word_1_317' title='bbox 2031 2213 2106 2268; x_wconf 87' lang='lat' dir='ltr'><strong>Da</strong></span> 
     </span>
    </p>
   </div>
   <div class='ocr_carea' id='block_1_39' title="bbox 497 2303 2104 2379">
    <p class='ocr_par' dir='ltr' id='par_1_39' title="bbox 497 2303 2104 2379">
     <span class='ocr_line' id='line_1_39' title="bbox 497 2303 2104 2379; baseline -0.002 -16"><span class='ocrx_word' id='word_1_318' title='bbox 497 2307 656 2364; x_wconf 90' lang='lat' dir='ltr'><strong>nobis</strong></span> <span class='ocrx_word' id='word_1_319' title='bbox 691 2322 882 2379; x_wconf 90' lang='lat' dir='ltr'><strong>panem</strong></span> <span class='ocrx_word' id='word_1_320' title='bbox 921 2306 989 2363; x_wconf 90' lang='lat' dir='ltr'><strong>de</strong></span> <span class='ocrx_word' id='word_1_321' title='bbox 1033 2306 1196 2363; x_wconf 62' lang='lat' dir='ltr'><strong>coelo.</strong></span> <span class='ocrx_word' id='word_1_322' title='bbox 1245 2304 1523 2376; x_wconf 84' lang='lat' dir='ltr'><strong>Signiﬁcat</strong></span> <span class='ocrx_word' id='word_1_323' title='bbox 1561 2303 1823 2362; x_wconf 73' lang='grc' dir='ltr'>ἂπιούσιον</span> <span class='ocrx_word' id='word_1_324' title='bbox 1862 2322 1928 2361; x_wconf 84' lang='lat' dir='ltr'><strong>ex</strong></span> <span class='ocrx_word' id='word_1_325' title='bbox 1970 2305 2104 2376; x_wconf 90' lang='lat' dir='ltr'><strong>ipsa,</strong></span> 
     </span>
    </p>
   </div>
   <div class='ocr_carea' id='block_1_40' title="bbox 495 2399 2108 2474">
    <p class='ocr_par' dir='ltr' id='par_1_40' title="bbox 495 2399 2108 2474">
     <span class='ocr_line' id='line_1_40' title="bbox 495 2399 2108 2474; baseline -0.001 -16"><span class='ocrx_word' id='word_1_326' title='bbox 495 2403 666 2459; x_wconf 88' lang='lat' dir='ltr'><strong>autin</strong></span> <span class='ocrx_word' id='word_1_327' title='bbox 697 2402 813 2474; x_wconf 88' lang='lat' dir='ltr'><strong>ipsa</strong></span> <span class='ocrx_word' id='word_1_328' title='bbox 842 2400 1142 2457; x_wconf 81' lang='lat' dir='ltr'><strong>substantia</strong></span> <span class='ocrx_word' id='word_1_329' title='bbox 1164 2443 1179 2467; x_wconf 97' lang='lat'><strong>,</strong></span> <span class='ocrx_word' id='word_1_330' title='bbox 1211 2399 1315 2456; x_wconf 90' lang='lat' dir='ltr'><strong>hoc</strong></span> <span class='ocrx_word' id='word_1_331' title='bbox 1341 2411 1426 2457; x_wconf 85' lang='lat' dir='ltr'><strong>est</strong></span> <span class='ocrx_word' id='word_1_332' title='bbox 1464 2400 1590 2456; x_wconf 75' lang='lat' dir='ltr'><strong>vita:</strong></span> <span class='ocrx_word' id='word_1_333' title='bbox 1623 2416 1837 2471; x_wconf 88' lang='lat' dir='ltr'><strong>panem.</strong></span> <span class='ocrx_word' id='word_1_334' title='bbox 1868 2400 1957 2456; x_wconf 87' lang='lat' dir='ltr'><strong>Sic</strong></span> <span class='ocrx_word' id='word_1_335' title='bbox 1987 2416 2108 2456; x_wconf 90' lang='lat' dir='ltr'><strong>rur-</strong></span> 
     </span>
    </p>
   </div>
   <div class='ocr_carea' id='block_1_41' title="bbox 496 2492 2104 2569">
    <p class='ocr_par' dir='ltr' id='par_1_41' title="bbox 496 2492 2104 2569">
     <span class='ocr_line' id='line_1_41' title="bbox 496 2492 2104 2569; baseline -0.003 -16"><span class='ocrx_word' id='word_1_336' title='bbox 496 2512 590 2555; x_wconf 86' lang='lat' dir='ltr'><strong>sus</strong></span> <span class='ocrx_word' id='word_1_337' title='bbox 639 2507 695 2556; x_wconf 89' lang='lat' dir='ltr'><strong>et</strong></span> <span class='ocrx_word' id='word_1_338' title='bbox 736 2497 932 2554; x_wconf 85' lang='lat' dir='ltr'><strong>Paulus</strong></span> <span class='ocrx_word' id='word_1_339' title='bbox 983 2497 1035 2552; x_wconf 93' lang='lat' dir='ltr'><strong>in</strong></span> <span class='ocrx_word' id='word_1_340' title='bbox 1083 2495 1324 2565; x_wconf 79' lang='lat' dir='ltr'><strong>Epistula</strong></span> <span class='ocrx_word' id='word_1_341' title='bbox 1371 2495 1437 2550; x_wconf 91' lang='lat' dir='ltr'><strong>ad</strong></span> <span class='ocrx_word' id='word_1_342' title='bbox 1483 2495 1660 2550; x_wconf 90' lang='lat' dir='ltr'><strong>Titum</strong></span> <span class='ocrx_word' id='word_1_343' title='bbox 1691 2493 1842 2569; x_wconf 83' lang='lat' dir='ltr'><strong>(Tit.</strong></span> <span class='ocrx_word' id='word_1_344' title='bbox 1877 2492 2104 2568; x_wconf 64' lang='lat'><strong>11,14):</strong></span> 
     </span>
    </p>
   </div>
   <div class='ocr_carea' id='block_1_42' title="bbox 497 2587 2108 2668">
    <p class='ocr_par' dir='ltr' id='par_1_42' title="bbox 497 2587 2108 2668">
     <span class='ocr_line' id='line_1_42' title="bbox 497 2587 2108 2668; baseline -0.001 -24"><span class='ocrx_word' id='word_1_345' title='bbox 497 2587 764 2658; x_wconf 87' lang='lat' dir='ltr'><strong>Populum</strong></span> <span class='ocrx_word' id='word_1_346' title='bbox 789 2591 1100 2668; x_wconf 77' lang='grc' dir='ltr'><strong>περιούσιον,</strong></span> <span class='ocrx_word' id='word_1_347' title='bbox 1129 2587 1270 2644; x_wconf 87' lang='lat' dir='ltr'><strong>circa</strong></span> <span class='ocrx_word' id='word_1_348' title='bbox 1301 2587 1686 2654; x_wconf 88' lang='lat' dir='ltr'><strong>substantiam,</strong></span> <span class='ocrx_word' id='word_1_349' title='bbox 1716 2587 1820 2643; x_wconf 89' lang='lat' dir='ltr'><strong>hoc</strong></span> <span class='ocrx_word' id='word_1_350' title='bbox 1847 2596 1931 2642; x_wconf 91' lang='lat' dir='ltr'><strong>est</strong></span> <span class='ocrx_word' id='word_1_351' title='bbox 1962 2589 2108 2642; x_wconf 86' lang='lat' dir='ltr'><strong>circa</strong></span> 
     </span>
    </p>
   </div>
   <div class='ocr_carea' id='block_1_43' title="bbox 493 2683 2107 2756">
    <p class='ocr_par' dir='ltr' id='par_1_43' title="bbox 493 2683 2107 2756">
     <span class='ocr_line' id='line_1_43' title="bbox 493 2683 2107 2756; baseline 0.001 -16"><span class='ocrx_word' id='word_1_352' title='bbox 493 2683 659 2741; x_wconf 88' lang='lat' dir='ltr'><strong>vitam</strong></span> <span class='ocrx_word' id='word_1_353' title='bbox 690 2685 1074 2742; x_wconf 71' lang='lat' dir='ltr'><strong>consistentem</strong></span> <span class='ocrx_word' id='word_1_354' title='bbox 1105 2684 1394 2756; x_wconf 90' lang='lat' dir='ltr'><strong>populum,</strong></span> <span class='ocrx_word' id='word_1_355' title='bbox 1435 2684 1594 2740; x_wconf 86' lang='lat' dir='ltr'><strong>sicuti</strong></span> <span class='ocrx_word' id='word_1_356' title='bbox 1637 2692 1695 2740; x_wconf 91' lang='lat' dir='ltr'><strong>et</strong></span> <span class='ocrx_word' id='word_1_357' title='bbox 1733 2684 1786 2740; x_wconf 91' lang='lat' dir='ltr'><strong>in</strong></span> <span class='ocrx_word' id='word_1_358' title='bbox 1830 2684 2107 2742; x_wconf 86' lang='lat' dir='ltr'><strong>oblatione</strong></span> 
     </span>
    </p>
   </div>
   <div class='ocr_carea' id='block_1_44' title="bbox 495 2777 2107 2849">
    <p class='ocr_par' dir='ltr' id='par_1_44' title="bbox 495 2777 2107 2849">
     <span class='ocr_line' id='line_1_44' title="bbox 495 2777 2107 2849; baseline -0.001 -14"><span class='ocrx_word' id='word_1_359' title='bbox 495 2777 691 2835; x_wconf 89' lang='lat' dir='ltr'><strong>dicitur</strong></span> <span class='ocrx_word' id='word_1_360' title='bbox 725 2798 736 2833; x_wconf 91' lang='lat'><strong>:</strong></span> <span class='ocrx_word' id='word_1_361' title='bbox 772 2778 976 2834; x_wconf 77' lang='lat' dir='ltr'><strong>Munda</strong></span> <span class='ocrx_word' id='word_1_362' title='bbox 1006 2779 1097 2834; x_wconf 83' lang='lat' dir='ltr'><strong>tibi</strong></span> <span class='ocrx_word' id='word_1_363' title='bbox 1133 2779 1384 2849; x_wconf 81' lang='lat' dir='ltr'><strong>papulum</strong></span> <span class='ocrx_word' id='word_1_364' title='bbox 1420 2778 1610 2833; x_wconf 82' lang='lat' dir='ltr'><strong>circum</strong></span> <span class='ocrx_word' id='word_1_365' title='bbox 1649 2779 1852 2834; x_wconf 81' lang='lat' dir='ltr'><strong>vitalem</strong></span> <span class='ocrx_word' id='word_1_366' title='bbox 1889 2779 2107 2834; x_wconf 64' lang='lat' dir='ltr'><strong>tantula-</strong></span> 
     </span>
    </p>
   </div>
   <div class='ocr_carea' id='block_1_45' title="bbox 497 2873 2107 2945">
    <p class='ocr_par' dir='ltr' id='par_1_45' title="bbox 497 2873 2107 2945">
     <span class='ocr_line' id='line_1_45' title="bbox 497 2873 2107 2945; baseline 0 -17"><span class='ocrx_word' id='word_1_367' title='bbox 497 2882 657 2928; x_wconf 86' lang='lat' dir='ltr'><strong>torem</strong></span> <span class='ocrx_word' id='word_1_368' title='bbox 681 2874 930 2928; x_wconf 86' lang='lat' dir='ltr'><strong>bonorum</strong></span> <span class='ocrx_word' id='word_1_369' title='bbox 957 2890 1170 2945; x_wconf 84' lang='lat' dir='ltr'><strong>operum</strong></span> <span class='ocrx_word' id='word_1_370' title='bbox 1195 2874 1332 2928; x_wconf 87' lang='lat' dir='ltr'><strong>circa</strong></span> <span class='ocrx_word' id='word_1_371' title='bbox 1370 2882 1510 2926; x_wconf 86' lang='lat' dir='ltr'><strong>tuam</strong></span> <span class='ocrx_word' id='word_1_372' title='bbox 1536 2873 1876 2927; x_wconf 62' lang='lat' dir='ltr'><strong>substantiam</strong></span> <span class='ocrx_word' id='word_1_373' title='bbox 1900 2873 2107 2929; x_wconf 79' lang='lat' dir='ltr'><strong>venien-</strong></span> 
     </span>
    </p>
   </div>
   <div class='ocr_carea' id='block_1_46' title="bbox 496 2967 2102 3039">
    <p class='ocr_par' dir='ltr' id='par_1_46' title="bbox 496 2967 2102 3039">
     <span class='ocr_line' id='line_1_46' title="bbox 496 2967 2102 3039; baseline 0 -16"><span class='ocrx_word' id='word_1_374' title='bbox 496 2967 847 3024; x_wconf 83' lang='lat' dir='ltr'><strong>tem.Videtur</strong></span> <span class='ocrx_word' id='word_1_375' title='bbox 869 2968 998 3024; x_wconf 90' lang='lat' dir='ltr'><strong>mihi</strong></span> <span class='ocrx_word' id='word_1_376' title='bbox 1023 2967 1164 3025; x_wconf 88' lang='lat' dir='ltr'><strong>idem</strong></span> <span class='ocrx_word' id='word_1_377' title='bbox 1179 2968 1468 3039; x_wconf 86' lang='lat' dir='ltr'><strong>signiﬁcari</strong></span> <span class='ocrx_word' id='word_1_378' title='bbox 1489 2968 1540 3023; x_wconf 91' lang='lat' dir='ltr'><strong>in</strong></span> <span class='ocrx_word' id='word_1_379' title='bbox 1555 2967 1792 3024; x_wconf 71' lang='lat' dir='ltr'><strong>Ieremia</strong></span> <span class='ocrx_word' id='word_1_380' title='bbox 1821 2969 2102 3038; x_wconf 85' lang='lat' dir='ltr'><strong>propheta,</strong></span> 
     </span>
    </p>
   </div>
   <div class='ocr_carea' id='block_1_47' title="bbox 493 3060 2105 3133">
    <p class='ocr_par' dir='ltr' id='par_1_47' title="bbox 493 3060 2105 3133">
     <span class='ocr_line' id='line_1_47' title="bbox 493 3060 2105 3133; baseline 0 -17"><span class='ocrx_word' id='word_1_381' title='bbox 493 3062 585 3116; x_wconf 87' lang='lat' dir='ltr'><strong>ubi</strong></span> <span class='ocrx_word' id='word_1_382' title='bbox 611 3061 738 3126; x_wconf 75' lang='lat' dir='ltr'><strong>dicit</strong></span> <span class='ocrx_word' id='word_1_383' title='bbox 765 3060 923 3133; x_wconf 66' lang='lat' dir='ltr'><strong>(Jan,</strong></span> <span class='ocrx_word' id='word_1_384' title='bbox 950 3077 1102 3126; x_wconf 69' lang='lat' dir='ltr'><strong>xsttt,</strong></span> <span class='ocrx_word' id='word_1_385' title='bbox 1135 3063 1224 3127; x_wconf 72' lang='lat'><strong>18,</strong></span> <span class='ocrx_word' id='word_1_386' title='bbox 1252 3076 1366 3118; x_wconf 85' lang='lat' dir='ltr'><strong>sec.</strong></span> <span class='ocrx_word' id='word_1_387' title='bbox 1398 3063 1524 3132; x_wconf 70' lang='grc' dir='ltr'><strong>ιη)</strong></span> <span class='ocrx_word' id='word_1_388' title='bbox 1548 3077 1563 3114; x_wconf 87' lang='lat'><strong>:</strong></span> <span class='ocrx_word' id='word_1_389' title='bbox 1588 3062 1724 3130; x_wconf 84' lang='lat' dir='ltr'><strong>Quia</strong></span> <span class='ocrx_word' id='word_1_390' title='bbox 1753 3063 1868 3128; x_wconf 84' lang='lat' dir='ltr'><strong>quis</strong></span> <span class='ocrx_word' id='word_1_391' title='bbox 1894 3064 2029 3117; x_wconf 81' lang='lat' dir='ltr'><strong>stetit</strong></span> <span class='ocrx_word' id='word_1_392' title='bbox 2051 3063 2105 3116; x_wconf 84' lang='lat' dir='ltr'><strong>in</strong></span> 
     </span>
    </p>
   </div>
   <div class='ocr_carea' id='block_1_48' title="bbox 2214 1835 3786 1906">
    <p class='ocr_par' dir='ltr' id='par_1_48' title="bbox 2214 1835 3786 1906">
     <span class='ocr_line' id='line_1_48' title="bbox 2214 1835 3786 1906; baseline 0.004 -20"><span class='ocrx_word' id='word_1_393' title='bbox 2214 1845 2368 1905; x_wconf 91' lang='lat' dir='ltr'><strong>pater</strong></span> <span class='ocrx_word' id='word_1_394' title='bbox 2397 1850 2549 1906; x_wconf 75' lang='lat' dir='ltr'><strong>ergo,</strong></span> <span class='ocrx_word' id='word_1_395' title='bbox 2579 1835 2734 1906; x_wconf 91' lang='lat' dir='ltr'><strong>cujus</strong></span> <span class='ocrx_word' id='word_1_396' title='bbox 2766 1845 2850 1891; x_wconf 89' lang='lat' dir='ltr'><strong>est</strong></span> <span class='ocrx_word' id='word_1_397' title='bbox 2878 1836 3160 1902; x_wconf 82' lang='lat' dir='ltr'><strong>voluntas,</strong></span> <span class='ocrx_word' id='word_1_398' title='bbox 3192 1835 3333 1890; x_wconf 90' lang='lat' dir='ltr'><strong>ﬁlius</strong></span> <span class='ocrx_word' id='word_1_399' title='bbox 3362 1848 3546 1893; x_wconf 90' lang='lat' dir='ltr'><strong>autem</strong></span> <span class='ocrx_word' id='word_1_400' title='bbox 3576 1837 3786 1893; x_wconf 80' lang='lat' dir='ltr'><strong>voluntas</strong></span> 
     </span>
    </p>
   </div>
   <div class='ocr_carea' id='block_1_49' title="bbox 2211 1928 3784 2004">
    <p class='ocr_par' dir='ltr' id='par_1_49' title="bbox 2211 1928 3784 2004">
     <span class='ocr_line' id='line_1_49' title="bbox 2211 1928 3784 2004; baseline 0.001 -21"><span class='ocrx_word' id='word_1_401' title='bbox 2211 1939 2314 1994; x_wconf 81' lang='grc' dir='ltr'>εει,</span> <span class='ocrx_word' id='word_1_402' title='bbox 2345 1939 2400 1983; x_wconf 86' lang='grc' dir='ltr'><strong>ει</strong></span> <span class='ocrx_word' id='word_1_403' title='bbox 2430 1929 2678 1984; x_wconf 90' lang='lat' dir='ltr'><strong>voluntas</strong></span> <span class='ocrx_word' id='word_1_404' title='bbox 2707 1928 2822 2000; x_wconf 85' lang='lat' dir='ltr'><strong>ipse</strong></span> <span class='ocrx_word' id='word_1_405' title='bbox 2849 1941 2931 1986; x_wconf 90' lang='lat' dir='ltr'><strong>est</strong></span> <span class='ocrx_word' id='word_1_406' title='bbox 2957 1930 3100 2004; x_wconf 77' lang='grc' dir='ltr'><strong>λόγος</strong></span> <span class='ocrx_word' id='word_1_407' title='bbox 3131 1945 3143 1980; x_wconf 91' lang='lat'><strong>:</strong></span> <span class='ocrx_word' id='word_1_408' title='bbox 3178 1931 3323 2004; x_wconf 82' lang='grc' dir='ltr'><strong>λόγος</strong></span> <span class='ocrx_word' id='word_1_409' title='bbox 3350 1945 3485 2002; x_wconf 88' lang='lat' dir='ltr'><strong>ergo</strong></span> <span class='ocrx_word' id='word_1_410' title='bbox 3516 1931 3667 1985; x_wconf 85' lang='lat' dir='ltr'><strong>ﬁlius.</strong></span> <span class='ocrx_word' id='word_1_411' title='bbox 3692 1929 3784 1985; x_wconf 85' lang='lat' dir='ltr'><strong>Non</strong></span> 
     </span>
    </p>
   </div>
   <div class='ocr_carea' id='block_1_50' title="bbox 2211 2021 3785 2098">
    <p class='ocr_par' dir='ltr' id='par_1_50' title="bbox 2211 2021 3785 2098">
     <span class='ocr_line' id='line_1_50' title="bbox 2211 2021 3785 2098; baseline 0.002 -21"><span class='ocrx_word' id='word_1_412' title='bbox 2211 2021 2354 2077; x_wconf 86' lang='lat' dir='ltr'><strong>enim</strong></span> <span class='ocrx_word' id='word_1_413' title='bbox 2401 2024 2548 2098; x_wconf 82' lang='grc' dir='ltr'><strong>λόγος</strong></span> <span class='ocrx_word' id='word_1_414' title='bbox 2603 2024 2802 2079; x_wconf 88' lang='lat' dir='ltr'><strong>locutio</strong></span> <span class='ocrx_word' id='word_1_415' title='bbox 2847 2025 3091 2095; x_wconf 73' lang='lat' dir='ltr'><strong>qnzedam</strong></span> <span class='ocrx_word' id='word_1_416' title='bbox 3147 2036 3250 2087; x_wconf 87' lang='lat' dir='ltr'><strong>est.</strong></span> <span class='ocrx_word' id='word_1_417' title='bbox 3303 2025 3399 2080; x_wconf 86' lang='lat' dir='ltr'><strong>sed</strong></span> <span class='ocrx_word' id='word_1_418' title='bbox 3463 2026 3687 2096; x_wconf 84' lang='lat' dir='ltr'><strong>potentia</strong></span> <span class='ocrx_word' id='word_1_419' title='bbox 3732 2023 3785 2080; x_wconf 85' lang='lat' dir='ltr'><strong>ad</strong></span> 
     </span>
    </p>
   </div>
   <div class='ocr_carea' id='block_1_51' title="bbox 2211 2117 3786 2190">
    <p class='ocr_par' dir='ltr' id='par_1_51' title="bbox 2211 2117 3786 2190">
     <span class='ocr_line' id='line_1_51' title="bbox 2211 2117 3786 2190; baseline -0.001 -17"><span class='ocrx_word' id='word_1_420' title='bbox 2211 2118 2501 2174; x_wconf 86' lang='lat' dir='ltr'><strong>creandum</strong></span> <span class='ocrx_word' id='word_1_421' title='bbox 2548 2117 2780 2190; x_wconf 89' lang='lat' dir='ltr'><strong>aliquid,</strong></span> <span class='ocrx_word' id='word_1_422' title='bbox 2827 2118 3178 2173; x_wconf 81' lang='lat' dir='ltr'><strong>conl‘abulans</strong></span> <span class='ocrx_word' id='word_1_423' title='bbox 3229 2119 3292 2174; x_wconf 88' lang='lat' dir='ltr'><strong>iis</strong></span> <span class='ocrx_word' id='word_1_424' title='bbox 3335 2121 3538 2188; x_wconf 85' lang='lat' dir='ltr'><strong>quibus</strong></span> <span class='ocrx_word' id='word_1_425' title='bbox 3586 2119 3786 2173; x_wconf 80' lang='lat' dir='ltr'><strong>futurum</strong></span> 
     </span>
    </p>
   </div>
   <div class='ocr_carea' id='block_1_52' title="bbox 2211 2212 3786 2284">
    <p class='ocr_par' dir='ltr' id='par_1_52' title="bbox 2211 2212 3786 2284">
     <span class='ocr_line' id='line_1_52' title="bbox 2211 2212 3786 2284; baseline -0.001 -17"><span class='ocrx_word' id='word_1_426' title='bbox 2211 2221 2296 2267; x_wconf 90' lang='lat' dir='ltr'><strong>est</strong></span> <span class='ocrx_word' id='word_1_427' title='bbox 2323 2228 2446 2269; x_wconf 84' lang='lat' dir='ltr'><strong>esse</strong></span> <span class='ocrx_word' id='word_1_428' title='bbox 2478 2212 2774 2269; x_wconf 86' lang='lat' dir='ltr'><strong>secundum</strong></span> <span class='ocrx_word' id='word_1_429' title='bbox 2811 2214 3056 2274; x_wconf 83' lang='grc' dir='ltr'><strong>όντότητα</strong></span> <span class='ocrx_word' id='word_1_430' title='bbox 3088 2214 3337 2268; x_wconf 75' lang='lat' dir='ltr'><strong>virtutem</strong></span> <span class='ocrx_word' id='word_1_431' title='bbox 3370 2213 3657 2284; x_wconf 76' lang='lat' dir='ltr'><strong>unicuique</strong></span> <span class='ocrx_word' id='word_1_432' title='bbox 3684 2227 3786 2282; x_wconf 60' lang='lat' dir='ltr'><strong>pro.</strong></span> 
     </span>
    </p>
   </div>
   <div class='ocr_carea' id='block_1_53' title="bbox 2213 2309 3789 2384">
    <p class='ocr_par' dir='ltr' id='par_1_53' title="bbox 2213 2309 3789 2384">
     <span class='ocr_line' id='line_1_53' title="bbox 2213 2309 3789 2384; baseline 0.001 -24"><span class='ocrx_word' id='word_1_433' title='bbox 2213 2310 2382 2378; x_wconf 89' lang='lat' dir='ltr'><strong>priam</strong></span> <span class='ocrx_word' id='word_1_434' title='bbox 2410 2309 2798 2374; x_wconf 84' lang='lat' dir='ltr'><strong>substantiam,</strong></span> <span class='ocrx_word' id='word_1_435' title='bbox 2831 2319 2885 2364; x_wconf 91' lang='lat' dir='ltr'><strong>et</strong></span> <span class='ocrx_word' id='word_1_436' title='bbox 2917 2310 3029 2379; x_wconf 89' lang='lat' dir='ltr'><strong>ipse</strong></span> <span class='ocrx_word' id='word_1_437' title='bbox 3057 2309 3198 2384; x_wconf 83' lang='grc' dir='ltr'><strong>λόγος</strong></span> <span class='ocrx_word' id='word_1_438' title='bbox 3229 2309 3400 2365; x_wconf 76' lang='lat' dir='ltr'><strong>forma</strong></span> <span class='ocrx_word' id='word_1_439' title='bbox 3423 2351 3437 2375; x_wconf 87' lang='lat'><strong>,</strong></span> <span class='ocrx_word' id='word_1_440' title='bbox 3471 2325 3589 2380; x_wconf 76' lang='lat' dir='ltr'><strong>qua:</strong></span> <span class='ocrx_word' id='word_1_441' title='bbox 3622 2322 3789 2379; x_wconf 86' lang='lat' dir='ltr'><strong>cogno-</strong></span> 
     </span>
    </p>
   </div>
   <div class='ocr_carea' id='block_1_54' title="bbox 2210 2404 3787 2479">
    <p class='ocr_par' dir='ltr' id='par_1_54' title="bbox 2210 2404 3787 2479">
     <span class='ocr_line' id='line_1_54' title="bbox 2210 2404 3787 2479; baseline -0.001 -20"><span class='ocrx_word' id='word_1_442' title='bbox 2210 2406 2417 2460; x_wconf 90' lang='lat' dir='ltr'><strong>scentia</strong></span> <span class='ocrx_word' id='word_1_443' title='bbox 2455 2417 2538 2460; x_wconf 87' lang='grc' dir='ltr'><strong>εει</strong></span> <span class='ocrx_word' id='word_1_444' title='bbox 2578 2405 2668 2460; x_wconf 89' lang='lat' dir='ltr'><strong>Dei</strong></span> <span class='ocrx_word' id='word_1_445' title='bbox 2700 2422 2713 2458; x_wconf 91' lang='lat'><strong>:</strong></span> <span class='ocrx_word' id='word_1_446' title='bbox 2749 2420 2845 2476; x_wconf 91' lang='lat' dir='ltr'><strong>per</strong></span> <span class='ocrx_word' id='word_1_447' title='bbox 2871 2405 3011 2479; x_wconf 88' lang='grc' dir='ltr'><strong>λόγον</strong></span> <span class='ocrx_word' id='word_1_448' title='bbox 3041 2405 3184 2461; x_wconf 87' lang='lat' dir='ltr'><strong>enim</strong></span> <span class='ocrx_word' id='word_1_449' title='bbox 3222 2406 3398 2461; x_wconf 87' lang='lat' dir='ltr'><strong>solum</strong></span> <span class='ocrx_word' id='word_1_450' title='bbox 3443 2404 3787 2478; x_wconf 70' lang='lat' dir='ltr'><strong>cognoscentis</strong></span> 
     </span>
    </p>
   </div>
   <div class='ocr_carea' id='block_1_55' title="bbox 2211 2497 3786 2573">
    <p class='ocr_par' dir='ltr' id='par_1_55' title="bbox 2211 2497 3786 2573">
     <span class='ocr_line' id='line_1_55' title="bbox 2211 2497 3786 2573; baseline -0.002 -20"><span class='ocrx_word' id='word_1_451' title='bbox 2211 2497 2460 2554; x_wconf 85' lang='lat' dir='ltr'><strong>efﬁcitur.</strong></span> <span class='ocrx_word' id='word_1_452' title='bbox 2481 2499 2707 2569; x_wconf 85' lang='lat' dir='ltr'><strong>Propter</strong></span> <span class='ocrx_word' id='word_1_453' title='bbox 2727 2498 2870 2569; x_wconf 89' lang='lat' dir='ltr'><strong>quod</strong></span> <span class='ocrx_word' id='word_1_454' title='bbox 2892 2499 3095 2554; x_wconf 88' lang='lat' dir='ltr'><strong>dictum</strong></span> <span class='ocrx_word' id='word_1_455' title='bbox 3115 2509 3195 2553; x_wconf 79' lang='lat' dir='ltr'><strong>est</strong></span> <span class='ocrx_word' id='word_1_456' title='bbox 3221 2499 3369 2573; x_wconf 89' lang='grc' dir='ltr'><strong>λόγον</strong></span> <span class='ocrx_word' id='word_1_457' title='bbox 3391 2515 3518 2555; x_wconf 85' lang='lat' dir='ltr'><strong>esse</strong></span> <span class='ocrx_word' id='word_1_458' title='bbox 3536 2499 3599 2554; x_wconf 92' lang='lat' dir='ltr'><strong>ad</strong></span> <span class='ocrx_word' id='word_1_459' title='bbox 3630 2500 3786 2565; x_wconf 84' lang='lat' dir='ltr'><strong>Deum,</strong></span> 
     </span>
    </p>
   </div>
   <div class='ocr_carea' id='block_1_56' title="bbox 2211 2592 3788 2667">
    <p class='ocr_par' dir='ltr' id='par_1_56' title="bbox 2211 2592 3788 2667">
     <span class='ocr_line' id='line_1_56' title="bbox 2211 2592 3788 2667; baseline -0.003 -19"><span class='ocrx_word' id='word_1_460' title='bbox 2211 2601 2266 2648; x_wconf 92' lang='lat' dir='ltr'><strong>et</strong></span> <span class='ocrx_word' id='word_1_461' title='bbox 2295 2601 2379 2648; x_wconf 91' lang='lat' dir='ltr'><strong>est</strong></span> <span class='ocrx_word' id='word_1_462' title='bbox 2398 2593 2547 2667; x_wconf 82' lang='grc' dir='ltr'><strong>λόγος</strong></span> <span class='ocrx_word' id='word_1_463' title='bbox 2574 2592 2832 2655; x_wconf 89' lang='lat' dir='ltr'><strong>verbum,</strong></span> <span class='ocrx_word' id='word_1_464' title='bbox 2865 2593 3047 2647; x_wconf 90' lang='lat' dir='ltr'><strong>lumen</strong></span> <span class='ocrx_word' id='word_1_465' title='bbox 3076 2609 3106 2645; x_wconf 86' lang='lat' dir='ltr'><strong>a</strong></span> <span class='ocrx_word' id='word_1_466' title='bbox 3142 2593 3374 2660; x_wconf 88' lang='lat' dir='ltr'><strong>lumine,</strong></span> <span class='ocrx_word' id='word_1_467' title='bbox 3409 2602 3507 2646; x_wconf 89' lang='lat' dir='ltr'><strong>aut</strong></span> <span class='ocrx_word' id='word_1_468' title='bbox 3546 2593 3743 2663; x_wconf 78' lang='lat' dir='ltr'><strong>Spiritus</strong></span> <span class='ocrx_word' id='word_1_469' title='bbox 3765 2605 3788 2644; x_wconf 71' lang='grc' dir='ltr'><strong>ι</strong></span> 
     </span>
    </p>
   </div>
   <div class='ocr_carea' id='block_1_57' title="bbox 2216 2683 3788 2756">
    <p class='ocr_par' dir='ltr' id='par_1_57' title="bbox 2216 2683 3788 2756">
     <span class='ocr_line' id='line_1_57' title="bbox 2216 2683 3788 2756; baseline -0.001 -17"><span class='ocrx_word' id='word_1_470' title='bbox 2216 2683 2430 2755; x_wconf 90' lang='lat' dir='ltr'><strong>spiritu,</strong></span> <span class='ocrx_word' id='word_1_471' title='bbox 2461 2693 2515 2740; x_wconf 90' lang='lat' dir='ltr'><strong>et</strong></span> <span class='ocrx_word' id='word_1_472' title='bbox 2546 2684 2846 2740; x_wconf 88' lang='lat' dir='ltr'><strong>substantia</strong></span> <span class='ocrx_word' id='word_1_473' title='bbox 2874 2700 2906 2738; x_wconf 89' lang='lat' dir='ltr'><strong>a</strong></span> <span class='ocrx_word' id='word_1_474' title='bbox 2935 2683 3259 2748; x_wconf 89' lang='lat' dir='ltr'><strong>substantia,</strong></span> <span class='ocrx_word' id='word_1_475' title='bbox 3293 2701 3401 2740; x_wconf 91' lang='lat' dir='ltr'><strong>non</strong></span> <span class='ocrx_word' id='word_1_476' title='bbox 3439 2685 3605 2756; x_wconf 88' lang='lat' dir='ltr'><strong>prima</strong></span> <span class='ocrx_word' id='word_1_477' title='bbox 3638 2695 3687 2740; x_wconf 88' lang='lat' dir='ltr'><strong>et</strong></span> <span class='ocrx_word' id='word_1_478' title='bbox 3715 2700 3788 2740; x_wconf 89' lang='grc' dir='ltr'>εε-</span> 
     </span>
    </p>
   </div>
   <div class='ocr_carea' id='block_1_58' title="bbox 2209 2765 3785 2850">
    <p class='ocr_par' dir='ltr' id='par_1_58' title="bbox 2209 2765 3785 2850">
     <span class='ocr_line' id='line_1_58' title="bbox 2209 2765 3785 2850; baseline -0.001 -18"><span class='ocrx_word' id='word_1_479' title='bbox 2209 2776 2384 2833; x_wconf 90' lang='lat' dir='ltr'><strong>cunda</strong></span> <span class='ocrx_word' id='word_1_480' title='bbox 2415 2777 2710 2834; x_wconf 89' lang='lat' dir='ltr'><strong>secundum</strong></span> <span class='ocrx_word' id='word_1_481' title='bbox 2744 2765 2978 2848; x_wconf 88' lang='lat' dir='ltr'><strong>tempus,</strong></span> <span class='ocrx_word' id='word_1_482' title='bbox 3007 2778 3103 2834; x_wconf 92' lang='lat' dir='ltr'><strong>sed</strong></span> <span class='ocrx_word' id='word_1_483' title='bbox 3133 2779 3437 2834; x_wconf 83' lang='lat' dir='ltr'><strong>secundum</strong></span> <span class='ocrx_word' id='word_1_484' title='bbox 3485 2780 3622 2850; x_wconf 89' lang='lat' dir='ltr'><strong>quod</strong></span> <span class='ocrx_word' id='word_1_485' title='bbox 3654 2792 3785 2836; x_wconf 83' lang='lat' dir='ltr'><strong>causa</strong></span> 
     </span>
    </p>
   </div>
   <div class='ocr_carea' id='block_1_59' title="bbox 2211 2869 3786 2941">
    <p class='ocr_par' dir='ltr' id='par_1_59' title="bbox 2211 2869 3786 2941">
     <span class='ocr_line' id='line_1_59' title="bbox 2211 2869 3786 2941; baseline 0.001 -17"><span class='ocrx_word' id='word_1_486' title='bbox 2211 2877 2296 2924; x_wconf 90' lang='lat' dir='ltr'><strong>est</strong></span> <span class='ocrx_word' id='word_1_487' title='bbox 2321 2870 2441 2936; x_wconf 88' lang='lat' dir='ltr'><strong>alii,</strong></span> <span class='ocrx_word' id='word_1_488' title='bbox 2494 2881 2552 2924; x_wconf 90' lang='lat' dir='ltr'><strong>ut</strong></span> <span class='ocrx_word' id='word_1_489' title='bbox 2591 2869 2660 2924; x_wconf 91' lang='lat' dir='ltr'><strong>sit</strong></span> <span class='ocrx_word' id='word_1_490' title='bbox 2701 2869 2933 2938; x_wconf 88' lang='lat' dir='ltr'><strong>potentia</strong></span> <span class='ocrx_word' id='word_1_491' title='bbox 2979 2888 2992 2923; x_wconf 87' lang='lat'><strong>:</strong></span> <span class='ocrx_word' id='word_1_492' title='bbox 3039 2885 3256 2941; x_wconf 82' lang='lat' dir='ltr'><strong>semper</strong></span> <span class='ocrx_word' id='word_1_493' title='bbox 3283 2871 3490 2938; x_wconf 90' lang='lat' dir='ltr'><strong>simul,</strong></span> <span class='ocrx_word' id='word_1_494' title='bbox 3529 2889 3630 2928; x_wconf 92' lang='lat' dir='ltr'><strong>non</strong></span> <span class='ocrx_word' id='word_1_495' title='bbox 3668 2874 3786 2928; x_wconf 84' lang='lat' dir='ltr'><strong>enim</strong></span> 
     </span>
    </p>
   </div>
   <div class='ocr_carea' id='block_1_60' title="bbox 2208 2963 3786 3038">
    <p class='ocr_par' dir='ltr' id='par_1_60' title="bbox 2208 2963 3786 3038">
     <span class='ocr_line' id='line_1_60' title="bbox 2208 2963 3786 3038; baseline 0.001 -20"><span class='ocrx_word' id='word_1_496' title='bbox 2208 2964 2448 3020; x_wconf 86' lang='lat' dir='ltr'><strong>abscissa</strong></span> <span class='ocrx_word' id='word_1_497' title='bbox 2492 2973 2574 3020; x_wconf 88' lang='grc' dir='ltr'><strong>εει</strong></span> <span class='ocrx_word' id='word_1_498' title='bbox 2616 2963 2927 3034; x_wconf 81' lang='lat' dir='ltr'><strong>elfulgeutia</strong></span> <span class='ocrx_word' id='word_1_499' title='bbox 2973 2964 3222 3030; x_wconf 87' lang='lat' dir='ltr'><strong>luminis,</strong></span> <span class='ocrx_word' id='word_1_500' title='bbox 3257 2966 3351 3020; x_wconf 89' lang='lat' dir='ltr'><strong>sed</strong></span> <span class='ocrx_word' id='word_1_501' title='bbox 3393 2982 3610 3038; x_wconf 82' lang='lat' dir='ltr'><strong>semper</strong></span> <span class='ocrx_word' id='word_1_502' title='bbox 3643 2967 3691 3021; x_wconf 91' lang='lat' dir='ltr'><strong>in</strong></span> <span class='ocrx_word' id='word_1_503' title='bbox 3723 2966 3786 3020; x_wconf 90' lang='lat' dir='ltr'><strong>lu-</strong></span> 
     </span>
    </p>
   </div>
   <div class='ocr_carea' id='block_1_61' title="bbox 2211 3056 3787 3129">
    <p class='ocr_par' dir='ltr' id='par_1_61' title="bbox 2211 3056 3787 3129">
     <span class='ocr_line' id='line_1_61' title="bbox 2211 3056 3787 3129; baseline 0.001 -17"><span class='ocrx_word' id='word_1_504' title='bbox 2211 3056 2355 3112; x_wconf 92' lang='lat' dir='ltr'><strong>mine</strong></span> <span class='ocrx_word' id='word_1_505' title='bbox 2396 3067 2506 3122; x_wconf 87' lang='lat' dir='ltr'><strong>est,</strong></span> <span class='ocrx_word' id='word_1_506' title='bbox 2555 3065 2610 3112; x_wconf 82' lang='lat' dir='ltr'><strong>ct</strong></span> <span class='ocrx_word' id='word_1_507' title='bbox 2661 3057 2773 3127; x_wconf 88' lang='lat' dir='ltr'><strong>ipse</strong></span> <span class='ocrx_word' id='word_1_508' title='bbox 2813 3056 2995 3113; x_wconf 91' lang='lat' dir='ltr'><strong>lumen</strong></span> <span class='ocrx_word' id='word_1_509' title='bbox 3051 3059 3289 3114; x_wconf 79' lang='lat' dir='ltr'><strong>existens</strong></span> <span class='ocrx_word' id='word_1_510' title='bbox 3333 3070 3595 3129; x_wconf 87' lang='lat' dir='ltr'><strong>operatur</strong></span> <span class='ocrx_word' id='word_1_511' title='bbox 3639 3059 3787 3114; x_wconf 84' lang='lat' dir='ltr'><strong>omnia</strong></span> 
     </span>
    </p>
   </div>
   <div class='ocr_carea' id='block_1_62' title="bbox 491 3135 3788 3228">
    <p class='ocr_par' dir='ltr' id='par_1_62' title="bbox 491 3135 3788 3228">
     <span class='ocr_line' id='line_1_62' title="bbox 491 3135 3788 3228; baseline -0.001 -19"><span class='ocrx_word' id='word_1_512' title='bbox 491 3153 778 3210; x_wconf 79' lang='lat' dir='ltr'><strong>substantia</strong></span> <span class='ocrx_word' id='word_1_513' title='bbox 811 3153 1040 3220; x_wconf 84' lang='lat' dir='ltr'><strong>Domini,</strong></span> <span class='ocrx_word' id='word_1_514' title='bbox 1079 3164 1125 3209; x_wconf 83' lang='lat' dir='ltr'><strong>et</strong></span> <span class='ocrx_word' id='word_1_515' title='bbox 1165 3154 1291 3208; x_wconf 79' lang='lat' dir='ltr'><strong>vidit</strong></span> <span class='ocrx_word' id='word_1_516' title='bbox 1327 3155 1532 3210; x_wconf 80' lang='lat' dir='ltr'><strong>verbum</strong></span> <span class='ocrx_word' id='word_1_517' title='bbox 1557 3155 1716 3228; x_wconf 79' lang='lat' dir='ltr'><strong>ejus?</strong></span> <span class='ocrx_word' id='word_1_518' title='bbox 1747 3155 1861 3223; x_wconf 83' lang='lat' dir='ltr'><strong>quis</strong></span> <span class='ocrx_word' id='word_1_519' title='bbox 1891 3155 2104 3225; x_wconf 75' lang='lat' dir='ltr'><strong>prwbuit</strong></span> <span class='ocrx_word' id='word_1_520' title='bbox 2130 3135 2178 3199; x_wconf 72' lang='grc' dir='ltr'>Ο</span> <span class='ocrx_word' id='word_1_521' title='bbox 2209 3152 2352 3224; x_wconf 80' lang='grc' dir='ltr'><strong>λόγος</strong></span> <span class='ocrx_word' id='word_1_522' title='bbox 2393 3150 2664 3217; x_wconf 83' lang='lat' dir='ltr'><strong>existens,</strong></span> <span class='ocrx_word' id='word_1_523' title='bbox 2710 3167 2740 3206; x_wconf 88' lang='lat' dir='ltr'><strong>a</strong></span> <span class='ocrx_word' id='word_1_524' title='bbox 2802 3167 2862 3207; x_wconf 90' lang='lat' dir='ltr'><strong>se</strong></span> <span class='ocrx_word' id='word_1_525' title='bbox 2892 3167 3150 3216; x_wconf 89' lang='lat' dir='ltr'><strong>movens,</strong></span> <span class='ocrx_word' id='word_1_526' title='bbox 3192 3164 3248 3206; x_wconf 87' lang='lat' dir='ltr'><strong>et</strong></span> <span class='ocrx_word' id='word_1_527' title='bbox 3275 3170 3395 3226; x_wconf 79' lang='lat' dir='ltr'><strong>qua:</strong></span> <span class='ocrx_word' id='word_1_528' title='bbox 3439 3169 3649 3224; x_wconf 88' lang='lat' dir='ltr'><strong>semper</strong></span> <span class='ocrx_word' id='word_1_529' title='bbox 3696 3166 3788 3207; x_wconf 77' lang='grc' dir='ltr'><strong>ωο-</strong></span> 
     </span>
    </p>
   </div>
   <div class='ocr_carea' id='block_1_63' title="bbox 493 3245 2105 3320">
    <p class='ocr_par' dir='ltr' id='par_1_63' title="bbox 493 3245 2105 3320">
     <span class='ocr_line' id='line_1_63' title="bbox 493 3245 2105 3320; baseline 0 -19"><span class='ocrx_word' id='word_1_530' title='bbox 493 3263 670 3301; x_wconf 85' lang='lat' dir='ltr'><strong>aurem</strong></span> <span class='ocrx_word' id='word_1_531' title='bbox 704 3257 750 3301; x_wconf 84' lang='lat' dir='ltr'><strong>et</strong></span> <span class='ocrx_word' id='word_1_532' title='bbox 789 3247 1025 3301; x_wconf 84' lang='lat' dir='ltr'><strong>audivit?</strong></span> <span class='ocrx_word' id='word_1_533' title='bbox 1058 3247 1122 3302; x_wconf 86' lang='lat' dir='ltr'><strong>Et</strong></span> <span class='ocrx_word' id='word_1_534' title='bbox 1151 3257 1268 3314; x_wconf 88' lang='lat' dir='ltr'><strong>post</strong></span> <span class='ocrx_word' id='word_1_535' title='bbox 1298 3248 1566 3303; x_wconf 87' lang='lat' dir='ltr'><strong>modicum</strong></span> <span class='ocrx_word' id='word_1_536' title='bbox 1597 3247 1728 3303; x_wconf 90' lang='lat' dir='ltr'><strong>dicit</strong></span> <span class='ocrx_word' id='word_1_537' title='bbox 1758 3247 1949 3320; x_wconf 85' lang='lat' dir='ltr'><strong>(Ibid.,</strong></span> <span class='ocrx_word' id='word_1_538' title='bbox 1977 3245 2105 3319; x_wconf 68' lang='lat'><strong>22):</strong></span> 
     </span>
    </p>
   </div>
   <div class='ocr_carea' id='block_1_64' title="bbox 494 3339 2108 3408">
    <p class='ocr_par' dir='ltr' id='par_1_64' title="bbox 494 3339 2108 3408">
     <span class='ocr_line' id='line_1_64' title="bbox 494 3339 2108 3408; baseline 0.002 -14"><span class='ocrx_word' id='word_1_539' title='bbox 494 3340 565 3395; x_wconf 86' lang='lat' dir='ltr'><strong>Et</strong></span> <span class='ocrx_word' id='word_1_540' title='bbox 603 3341 647 3394; x_wconf 89' lang='lat' dir='ltr'><strong>si</strong></span> <span class='ocrx_word' id='word_1_541' title='bbox 691 3340 944 3395; x_wconf 74' lang='lat' dir='ltr'><strong>stetissent</strong></span> <span class='ocrx_word' id='word_1_542' title='bbox 981 3341 1036 3394; x_wconf 88' lang='lat' dir='ltr'><strong>in</strong></span> <span class='ocrx_word' id='word_1_543' title='bbox 1074 3339 1395 3408; x_wconf 73' lang='lat' dir='ltr'><strong>substantia,</strong></span> <span class='ocrx_word' id='word_1_544' title='bbox 1428 3339 1523 3395; x_wconf 87' lang='lat' dir='ltr'><strong>sed</strong></span> <span class='ocrx_word' id='word_1_545' title='bbox 1566 3341 1618 3396; x_wconf 91' lang='lat' dir='ltr'><strong>in</strong></span> <span class='ocrx_word' id='word_1_546' title='bbox 1648 3341 1947 3397; x_wconf 84' lang='lat' dir='ltr'><strong>substantia</strong></span> <span class='ocrx_word' id='word_1_547' title='bbox 1976 3342 2108 3397; x_wconf 90' lang='lat' dir='ltr'><strong>sub-</strong></span> 
     </span>
    </p>
   </div>
   <div class='ocr_carea' id='block_1_65' title="bbox 494 3432 2106 3504">
    <p class='ocr_par' dir='ltr' id='par_1_65' title="bbox 494 3432 2106 3504">
     <span class='ocr_line' id='line_1_65' title="bbox 494 3432 2106 3504; baseline -0.001 -14"><span class='ocrx_word' id='word_1_548' title='bbox 494 3433 694 3490; x_wconf 88' lang='lat' dir='ltr'><strong>stantia</strong></span> <span class='ocrx_word' id='word_1_549' title='bbox 721 3433 1003 3497; x_wconf 87' lang='lat' dir='ltr'><strong>scribunt,</strong></span> <span class='ocrx_word' id='word_1_550' title='bbox 1038 3448 1142 3487; x_wconf 89' lang='lat' dir='ltr'><strong>non</strong></span> <span class='ocrx_word' id='word_1_551' title='bbox 1176 3432 1554 3488; x_wconf 89' lang='lat' dir='ltr'><strong>insubstautia.</strong></span> <span class='ocrx_word' id='word_1_552' title='bbox 1587 3432 1693 3489; x_wconf 87' lang='lat' dir='ltr'><strong>Sed</strong></span> <span class='ocrx_word' id='word_1_553' title='bbox 1725 3434 1768 3488; x_wconf 91' lang='lat' dir='ltr'><strong>si</strong></span> <span class='ocrx_word' id='word_1_554' title='bbox 1801 3434 1920 3504; x_wconf 84' lang='lat' dir='ltr'><strong>quis</strong></span> <span class='ocrx_word' id='word_1_555' title='bbox 1945 3433 2106 3488; x_wconf 86' lang='lat' dir='ltr'><strong>intel-</strong></span> 
     </span>
    </p>
   </div>
   <div class='ocr_carea' id='block_1_66' title="bbox 492 3523 2104 3596">
    <p class='ocr_par' dir='ltr' id='par_1_66' title="bbox 492 3523 2104 3596">
     <span class='ocr_line' id='line_1_66' title="bbox 492 3523 2104 3596; baseline -0.002 -14"><span class='ocrx_word' id='word_1_556' title='bbox 492 3526 690 3582; x_wconf 87' lang='lat' dir='ltr'><strong>lectqu</strong></span> <span class='ocrx_word' id='word_1_557' title='bbox 717 3535 864 3581; x_wconf 90' lang='lat' dir='ltr'><strong>certe</strong></span> <span class='ocrx_word' id='word_1_558' title='bbox 905 3523 1170 3596; x_wconf 89' lang='lat' dir='ltr'><strong>intelligit,</strong></span> <span class='ocrx_word' id='word_1_559' title='bbox 1199 3524 1329 3579; x_wconf 86' lang='lat' dir='ltr'><strong>nihil</strong></span> <span class='ocrx_word' id='word_1_560' title='bbox 1356 3523 1496 3580; x_wconf 89' lang='lat' dir='ltr'><strong>aliud</strong></span> <span class='ocrx_word' id='word_1_561' title='bbox 1527 3525 1751 3590; x_wconf 87' lang='lat' dir='ltr'><strong>invenit,</strong></span> <span class='ocrx_word' id='word_1_562' title='bbox 1785 3526 1882 3580; x_wconf 91' lang='lat' dir='ltr'><strong>nisi</strong></span> <span class='ocrx_word' id='word_1_563' title='bbox 1911 3524 2052 3581; x_wconf 90' lang='lat' dir='ltr'><strong>istud</strong></span> <span class='ocrx_word' id='word_1_564' title='bbox 2091 3542 2104 3579; x_wconf 92' lang='lat'>:</span> 
     </span>
    </p>
   </div>
   <div class='ocr_carea' id='block_1_67' title="bbox 494 3619 2107 3694">
    <p class='ocr_par' dir='ltr' id='par_1_67' title="bbox 494 3619 2107 3694">
     <span class='ocr_line' id='line_1_67' title="bbox 494 3619 2107 3694; baseline -0.002 -15"><span class='ocrx_word' id='word_1_565' title='bbox 494 3621 552 3679; x_wconf 91' lang='lat' dir='ltr'><strong>Si</strong></span> <span class='ocrx_word' id='word_1_566' title='bbox 575 3622 696 3694; x_wconf 87' lang='lat' dir='ltr'><strong>quis</strong></span> <span class='ocrx_word' id='word_1_567' title='bbox 720 3620 772 3676; x_wconf 92' lang='lat' dir='ltr'><strong>in</strong></span> <span class='ocrx_word' id='word_1_568' title='bbox 795 3635 860 3677; x_wconf 90' lang='lat' dir='ltr'><strong>eo</strong></span> <span class='ocrx_word' id='word_1_569' title='bbox 875 3620 1016 3692; x_wconf 89' lang='lat' dir='ltr'><strong>quod</strong></span> <span class='ocrx_word' id='word_1_570' title='bbox 1049 3619 1145 3676; x_wconf 92' lang='lat' dir='ltr'><strong>Dei</strong></span> <span class='ocrx_word' id='word_1_571' title='bbox 1169 3628 1254 3676; x_wconf 72' lang='lat' dir='ltr'><strong>est</strong></span> <span class='ocrx_word' id='word_1_572' title='bbox 1281 3635 1400 3676; x_wconf 89' lang='lat' dir='ltr'><strong>esse</strong></span> <span class='ocrx_word' id='word_1_573' title='bbox 1421 3621 1648 3686; x_wconf 86' lang='lat' dir='ltr'><strong>steterit,</strong></span> <span class='ocrx_word' id='word_1_574' title='bbox 1670 3621 1773 3676; x_wconf 88' lang='lat' dir='ltr'><strong>hoc</strong></span> <span class='ocrx_word' id='word_1_575' title='bbox 1794 3631 1876 3677; x_wconf 92' lang='lat' dir='ltr'><strong>est</strong></span> <span class='ocrx_word' id='word_1_576' title='bbox 1899 3620 1948 3674; x_wconf 91' lang='lat' dir='ltr'><strong>in</strong></span> <span class='ocrx_word' id='word_1_577' title='bbox 1976 3619 2107 3676; x_wconf 89' lang='lat' dir='ltr'><strong>sub-</strong></span> 
     </span>
    </p>
   </div>
   <div class='ocr_carea' id='block_1_68' title="bbox 490 3713 2109 3791">
    <p class='ocr_par' dir='ltr' id='par_1_68' title="bbox 490 3713 2109 3791">
     <span class='ocr_line' id='line_1_68' title="bbox 490 3713 2109 3791; baseline -0.002 -18"><span class='ocrx_word' id='word_1_578' title='bbox 490 3716 711 3781; x_wconf 85' lang='lat' dir='ltr'><strong>stantia,</strong></span> <span class='ocrx_word' id='word_1_579' title='bbox 735 3715 877 3788; x_wconf 91' lang='lat' dir='ltr'><strong>quod</strong></span> <span class='ocrx_word' id='word_1_580' title='bbox 905 3715 957 3771; x_wconf 92' lang='lat' dir='ltr'><strong>in</strong></span> <span class='ocrx_word' id='word_1_581' title='bbox 989 3716 1100 3787; x_wconf 91' lang='lat' dir='ltr'><strong>ipsa</strong></span> <span class='ocrx_word' id='word_1_582' title='bbox 1131 3713 1395 3790; x_wconf 81' lang='grc' dir='ltr'>ὁμοούσιος</span> <span class='ocrx_word' id='word_1_583' title='bbox 1425 3715 1585 3783; x_wconf 85' lang='lat' dir='ltr'><strong>ﬁlius,</strong></span> <span class='ocrx_word' id='word_1_584' title='bbox 1614 3717 1793 3772; x_wconf 87' lang='lat' dir='ltr'><strong>statim</strong></span> <span class='ocrx_word' id='word_1_585' title='bbox 1819 3717 1961 3791; x_wconf 82' lang='grc' dir='ltr'><strong>λόγον</strong></span> <span class='ocrx_word' id='word_1_586' title='bbox 1988 3717 2109 3784; x_wconf 83' lang='lat' dir='ltr'><strong>ejus</strong></span> 
     </span>
    </p>
   </div>
   <div class='ocr_carea' id='block_1_69' title="bbox 495 3807 2106 3880">
    <p class='ocr_par' dir='ltr' id='par_1_69' title="bbox 495 3807 2106 3880">
     <span class='ocr_line' id='line_1_69' title="bbox 495 3807 2106 3880; baseline -0.001 -15"><span class='ocrx_word' id='word_1_587' title='bbox 495 3809 679 3874; x_wconf 78' lang='lat' dir='ltr'><strong>videt;</strong></span> <span class='ocrx_word' id='word_1_588' title='bbox 708 3809 969 3866; x_wconf 87' lang='lat' dir='ltr'><strong>debemus</strong></span> <span class='ocrx_word' id='word_1_589' title='bbox 988 3809 1131 3866; x_wconf 91' lang='lat' dir='ltr'><strong>enim</strong></span> <span class='ocrx_word' id='word_1_590' title='bbox 1162 3810 1304 3880; x_wconf 90' lang='lat' dir='ltr'><strong>quod</strong></span> <span class='ocrx_word' id='word_1_591' title='bbox 1345 3809 1568 3865; x_wconf 90' lang='lat' dir='ltr'><strong>ulterius</strong></span> <span class='ocrx_word' id='word_1_592' title='bbox 1596 3824 1700 3864; x_wconf 91' lang='lat' dir='ltr'><strong>non</strong></span> <span class='ocrx_word' id='word_1_593' title='bbox 1749 3818 1852 3873; x_wconf 91' lang='lat' dir='ltr'><strong>est,</strong></span> <span class='ocrx_word' id='word_1_594' title='bbox 1877 3807 2106 3863; x_wconf 88' lang='lat' dir='ltr'><strong>interius</strong></span> 
     </span>
    </p>
   </div>
   <div class='ocr_carea' id='block_1_70' title="bbox 490 3903 2107 3976">
    <p class='ocr_par' dir='ltr' id='par_1_70' title="bbox 490 3903 2107 3976">
     <span class='ocr_line' id='line_1_70' title="bbox 490 3903 2107 3976; baseline -0.002 -17"><span class='ocrx_word' id='word_1_595' title='bbox 490 3903 690 3976; x_wconf 88' lang='lat' dir='ltr'><strong>aliquid</strong></span> <span class='ocrx_word' id='word_1_596' title='bbox 723 3913 869 3960; x_wconf 90' lang='lat' dir='ltr'><strong>stare</strong></span> <span class='ocrx_word' id='word_1_597' title='bbox 897 3905 1073 3961; x_wconf 82' lang='lat' dir='ltr'><strong>facere</strong></span> <span class='ocrx_word' id='word_1_598' title='bbox 1095 3947 1110 3969; x_wconf 94' lang='lat'><strong>,</strong></span> <span class='ocrx_word' id='word_1_599' title='bbox 1141 3907 1228 3962; x_wconf 89' lang='grc' dir='ltr'><strong>τόν</strong></span> <span class='ocrx_word' id='word_1_600' title='bbox 1271 3911 1384 3960; x_wconf 84' lang='grc' dir='ltr'>νοῦν</span> <span class='ocrx_word' id='word_1_601' title='bbox 1413 3903 1792 3969; x_wconf 86' lang='lat' dir='ltr'><strong>insubSIantia,</strong></span> <span class='ocrx_word' id='word_1_602' title='bbox 1821 3903 2107 3957; x_wconf 81' lang='lat' dir='ltr'><strong>substantia</strong></span> 
     </span>
    </p>
   </div>
   <div class='ocr_carea' id='block_1_71' title="bbox 492 3997 2106 4068">
    <p class='ocr_par' dir='ltr' id='par_1_71' title="bbox 492 3997 2106 4068">
     <span class='ocr_line' id='line_1_71' title="bbox 492 3997 2106 4068; baseline -0.002 -12"><span class='ocrx_word' id='word_1_603' title='bbox 492 3999 612 4066; x_wconf 89' lang='lat' dir='ltr'><strong>Dei,</strong></span> <span class='ocrx_word' id='word_1_604' title='bbox 637 3998 738 4055; x_wconf 93' lang='lat' dir='ltr'><strong>hoc</strong></span> <span class='ocrx_word' id='word_1_605' title='bbox 758 4007 842 4055; x_wconf 89' lang='lat' dir='ltr'><strong>est</strong></span> <span class='ocrx_word' id='word_1_606' title='bbox 872 4000 923 4054; x_wconf 91' lang='lat' dir='ltr'><strong>in</strong></span> <span class='ocrx_word' id='word_1_607' title='bbox 953 3999 1274 4066; x_wconf 86' lang='lat' dir='ltr'><strong>substantia,</strong></span> <span class='ocrx_word' id='word_1_608' title='bbox 1306 4006 1362 4053; x_wconf 89' lang='lat' dir='ltr'><strong>et</strong></span> <span class='ocrx_word' id='word_1_609' title='bbox 1390 3997 1569 4054; x_wconf 83' lang='lat' dir='ltr'><strong>statim</strong></span> <span class='ocrx_word' id='word_1_610' title='bbox 1597 3997 2106 4068; x_wconf 83' lang='lat' dir='ltr'><strong>comprehendimus</strong></span> 
     </span>
    </p>
   </div>
   <div class='ocr_carea' id='block_1_72' title="bbox 491 4091 2108 4170">
    <p class='ocr_par' dir='ltr' id='par_1_72' title="bbox 491 4091 2108 4170">
     <span class='ocr_line' id='line_1_72' title="bbox 491 4091 2108 4170; baseline -0.002 -18"><span class='ocrx_word' id='word_1_611' title='bbox 491 4103 549 4152; x_wconf 90' lang='lat' dir='ltr'><strong>et</strong></span> <span class='ocrx_word' id='word_1_612' title='bbox 592 4095 784 4165; x_wconf 91' lang='lat' dir='ltr'><strong>Deum,</strong></span> <span class='ocrx_word' id='word_1_613' title='bbox 822 4103 879 4152; x_wconf 89' lang='lat' dir='ltr'><strong>et</strong></span> <span class='ocrx_word' id='word_1_614' title='bbox 922 4095 1085 4170; x_wconf 89' lang='grc' dir='ltr'><strong>λόγον,</strong></span> <span class='ocrx_word' id='word_1_615' title='bbox 1131 4092 1394 4169; x_wconf 77' lang='grc' dir='ltr'>ὁμοούσιον</span> <span class='ocrx_word' id='word_1_616' title='bbox 1442 4093 1619 4161; x_wconf 86' lang='lat' dir='ltr'><strong>enim,</strong></span> <span class='ocrx_word' id='word_1_617' title='bbox 1659 4103 1714 4149; x_wconf 91' lang='lat' dir='ltr'><strong>et</strong></span> <span class='ocrx_word' id='word_1_618' title='bbox 1751 4091 1910 4155; x_wconf 89' lang='lat' dir='ltr'><strong>simul</strong></span> <span class='ocrx_word' id='word_1_619' title='bbox 1948 4091 2108 4148; x_wconf 91' lang='lat' dir='ltr'><strong>ambo</strong></span> 
     </span>
    </p>
   </div>
   <div class='ocr_carea' id='block_1_73' title="bbox 493 4203 686 4245">
    <p class='ocr_par' dir='ltr' id='par_1_73' title="bbox 493 4203 686 4245">
     <span class='ocr_line' id='line_1_73' title="bbox 493 4203 686 4245; baseline -0.016 0"><span class='ocrx_word' id='word_1_620' title='bbox 493 4203 686 4245; x_wconf 88' lang='lat' dir='ltr'><strong>ununn.</strong></span> 
     </span>
    </p>
   </div>
   <div class='ocr_carea' id='block_1_74' title="bbox 565 4279 2105 4354">
    <p class='ocr_par' dir='ltr' id='par_1_74' title="bbox 565 4279 2105 4354">
     <span class='ocr_line' id='line_1_74' title="bbox 565 4279 2105 4354; baseline -0.003 -17"><span class='ocrx_word' id='word_1_621' title='bbox 565 4280 764 4337; x_wconf 81' lang='lat' dir='ltr'><strong>XXXI.</strong></span> <span class='ocrx_word' id='word_1_622' title='bbox 803 4279 909 4337; x_wconf 92' lang='lat' dir='ltr'><strong>Sed</strong></span> <span class='ocrx_word' id='word_1_623' title='bbox 955 4280 1174 4336; x_wconf 89' lang='lat' dir='ltr'><strong>videris.</strong></span> <span class='ocrx_word' id='word_1_624' title='bbox 1215 4281 1594 4354; x_wconf 88' lang='lat' dir='ltr'><strong>Supponamus</strong></span> <span class='ocrx_word' id='word_1_625' title='bbox 1635 4280 1818 4337; x_wconf 90' lang='lat' dir='ltr'><strong>dicere</strong></span> <span class='ocrx_word' id='word_1_626' title='bbox 1854 4279 2105 4336; x_wconf 88' lang='lat' dir='ltr'><strong>substan-</strong></span> 
     </span>
    </p>
   </div>
   <div class='ocr_carea' id='block_1_75' title="bbox 496 4371 2108 4444">
    <p class='ocr_par' dir='ltr' id='par_1_75' title="bbox 496 4371 2108 4444">
     <span class='ocr_line' id='line_1_75' title="bbox 496 4371 2108 4444; baseline -0.001 -15"><span class='ocrx_word' id='word_1_627' title='bbox 496 4373 626 4430; x_wconf 89' lang='lat' dir='ltr'><strong>tiatn</strong></span> <span class='ocrx_word' id='word_1_628' title='bbox 668 4374 758 4430; x_wconf 90' lang='lat' dir='ltr'><strong>Dei</strong></span> <span class='ocrx_word' id='word_1_629' title='bbox 791 4373 842 4429; x_wconf 89' lang='lat' dir='ltr'><strong>id</strong></span> <span class='ocrx_word' id='word_1_630' title='bbox 868 4372 999 4430; x_wconf 89' lang='lat' dir='ltr'><strong>illud</strong></span> <span class='ocrx_word' id='word_1_631' title='bbox 1031 4371 1174 4444; x_wconf 89' lang='lat' dir='ltr'><strong>quod</strong></span> <span class='ocrx_word' id='word_1_632' title='bbox 1213 4381 1296 4429; x_wconf 90' lang='lat' dir='ltr'><strong>est</strong></span> <span class='ocrx_word' id='word_1_633' title='bbox 1318 4383 1530 4439; x_wconf 87' lang='lat' dir='ltr'><strong>esse,et</strong></span> <span class='ocrx_word' id='word_1_634' title='bbox 1559 4381 1651 4430; x_wconf 80' lang='grc' dir='ltr'><strong>τοῦ</strong></span> <span class='ocrx_word' id='word_1_635' title='bbox 1680 4381 1830 4434; x_wconf 68' lang='lat' dir='ltr'><strong>Inani)</strong></span> <span class='ocrx_word' id='word_1_636' title='bbox 1852 4373 1992 4442; x_wconf 90' lang='lat' dir='ltr'><strong>quod</strong></span> <span class='ocrx_word' id='word_1_637' title='bbox 2023 4381 2108 4428; x_wconf 88' lang='lat' dir='ltr'><strong>est</strong></span> 
     </span>
    </p>
   </div>
   <div class='ocr_carea' id='block_1_76' title="bbox 494 4466 2103 4537">
    <p class='ocr_par' dir='ltr' id='par_1_76' title="bbox 494 4466 2103 4537">
     <span class='ocr_line' id='line_1_76' title="bbox 494 4466 2103 4537; baseline -0.001 -14"><span class='ocrx_word' id='word_1_638' title='bbox 494 4481 616 4523; x_wconf 86' lang='lat' dir='ltr'><strong>esse</strong></span> <span class='ocrx_word' id='word_1_639' title='bbox 638 4507 653 4528; x_wconf 93' lang='lat'><strong><em>.</em></strong></span> <span class='ocrx_word' id='word_1_640' title='bbox 682 4481 805 4524; x_wconf 80' lang='lat' dir='ltr'><strong>esse</strong></span> <span class='ocrx_word' id='word_1_641' title='bbox 831 4466 1021 4530; x_wconf 89' lang='lat' dir='ltr'><strong>Deum,</strong></span> <span class='ocrx_word' id='word_1_642' title='bbox 1050 4475 1105 4522; x_wconf 93' lang='lat' dir='ltr'><strong>et</strong></span> <span class='ocrx_word' id='word_1_643' title='bbox 1135 4466 1331 4537; x_wconf 90' lang='lat' dir='ltr'><strong>pietas,</strong></span> <span class='ocrx_word' id='word_1_644' title='bbox 1367 4475 1422 4521; x_wconf 92' lang='lat' dir='ltr'><strong>et</strong></span> <span class='ocrx_word' id='word_1_645' title='bbox 1451 4467 1725 4522; x_wconf 80' lang='lat' dir='ltr'><strong>confessio</strong></span> <span class='ocrx_word' id='word_1_646' title='bbox 1749 4484 1764 4522; x_wconf 88' lang='lat'><strong>:</strong></span> <span class='ocrx_word' id='word_1_647' title='bbox 1792 4481 1913 4536; x_wconf 76' lang='lat' dir='ltr'><strong>qua:</strong></span> <span class='ocrx_word' id='word_1_648' title='bbox 1942 4466 2103 4537; x_wconf 89' lang='lat' dir='ltr'><strong>igitur</strong></span> 
     </span>
    </p>
   </div>
   <div class='ocr_carea' id='block_1_77' title="bbox 2212 3243 2953 3316">
    <p class='ocr_par' dir='ltr' id='par_1_77' title="bbox 2212 3243 2953 3316">
     <span class='ocr_line' id='line_1_77' title="bbox 2212 3243 2953 3316; baseline 0 -18"><span class='ocrx_word' id='word_1_649' title='bbox 2212 3259 2378 3311; x_wconf 76' lang='lat' dir='ltr'><strong>vens,</strong></span> <span class='ocrx_word' id='word_1_650' title='bbox 2420 3244 2630 3316; x_wconf 90' lang='lat' dir='ltr'><strong>copiam</strong></span> <span class='ocrx_word' id='word_1_651' title='bbox 2687 3243 2892 3300; x_wconf 90' lang='lat' dir='ltr'><strong>habens</strong></span> <span class='ocrx_word' id='word_1_652' title='bbox 2940 3261 2953 3298; x_wconf 92' lang='lat'><strong>:</strong></span> 
     </span>
    </p>
   </div>
   <div class='ocr_carea' id='block_1_78' title="bbox 2210 3353 2352 3394">
    <p class='ocr_par' dir='ltr' id='par_1_78' title="bbox 2210 3353 2352 3394">
     <span class='ocr_line' id='line_1_78' title="bbox 2210 3353 2352 3394; baseline -0.014 0"><span class='ocrx_word' id='word_1_653' title='bbox 2210 3353 2352 3394; x_wconf 90' lang='lat' dir='ltr'><strong>esse.</strong></span> 
     </span>
    </p>
   </div>
   <div class='ocr_carea' id='block_1_79' title="bbox 2280 3431 3786 3508">
    <p class='ocr_par' dir='ltr' id='par_1_79' title="bbox 2280 3431 3786 3508">
     <span class='ocr_line' id='line_1_79' title="bbox 2280 3431 3786 3508; baseline 0.001 -20"><span class='ocrx_word' id='word_1_654' title='bbox 2280 3431 2498 3488; x_wconf 78' lang='lat' dir='ltr'><strong>XXXII.</strong></span> <span class='ocrx_word' id='word_1_655' title='bbox 2531 3432 2663 3500; x_wconf 71' lang='lat' dir='ltr'><strong>Quae</strong></span> <span class='ocrx_word' id='word_1_656' title='bbox 2717 3433 2878 3503; x_wconf 76' lang='lat' dir='ltr'><strong>igitur</strong></span> <span class='ocrx_word' id='word_1_657' title='bbox 2925 3433 3014 3489; x_wconf 92' lang='lat' dir='ltr'><strong>hic</strong></span> <span class='ocrx_word' id='word_1_658' title='bbox 3050 3435 3380 3502; x_wconf 89' lang='lat' dir='ltr'><strong>similitudo,</strong></span> <span class='ocrx_word' id='word_1_659' title='bbox 3431 3453 3551 3508; x_wconf 63' lang='lat' dir='ltr'><strong>quae</strong></span> <span class='ocrx_word' id='word_1_660' title='bbox 3596 3435 3786 3492; x_wconf 74' lang='lat' dir='ltr'><strong>consilio</strong></span> 
     </span>
    </p>
   </div>
   <div class='ocr_carea' id='block_1_80' title="bbox 2210 3527 3784 3601">
    <p class='ocr_par' dir='ltr' id='par_1_80' title="bbox 2210 3527 3784 3601">
     <span class='ocr_line' id='line_1_80' title="bbox 2210 3527 3784 3601; baseline 0.001 -19"><span class='ocrx_word' id='word_1_661' title='bbox 2210 3537 2265 3582; x_wconf 95' lang='lat' dir='ltr'><strong>ut</strong></span> <span class='ocrx_word' id='word_1_662' title='bbox 2292 3527 2560 3582; x_wconf 80' lang='lat' dir='ltr'><strong>efﬁciatur</strong></span> <span class='ocrx_word' id='word_1_663' title='bbox 2591 3536 2647 3583; x_wconf 89' lang='lat' dir='ltr'><strong>et</strong></span> <span class='ocrx_word' id='word_1_664' title='bbox 2680 3537 2994 3598; x_wconf 83' lang='lat' dir='ltr'><strong>generetur,</strong></span> <span class='ocrx_word' id='word_1_665' title='bbox 3030 3538 3086 3583; x_wconf 93' lang='lat' dir='ltr'><strong>ut</strong></span> <span class='ocrx_word' id='word_1_666' title='bbox 3115 3528 3251 3584; x_wconf 87' lang='lat' dir='ltr'><strong>dicis</strong></span> <span class='ocrx_word' id='word_1_667' title='bbox 3271 3571 3286 3594; x_wconf 87' lang='lat'><strong>,</strong></span> <span class='ocrx_word' id='word_1_668' title='bbox 3319 3529 3384 3584; x_wconf 88' lang='lat' dir='ltr'><strong>ad</strong></span> <span class='ocrx_word' id='word_1_669' title='bbox 3415 3531 3784 3601; x_wconf 84' lang='lat' dir='ltr'><strong>generationem</strong></span> 
     </span>
    </p>
   </div>
   <div class='ocr_carea' id='block_1_81' title="bbox 2209 3621 3781 3698">
    <p class='ocr_par' dir='ltr' id='par_1_81' title="bbox 2209 3621 3781 3698">
     <span class='ocr_line' id='line_1_81' title="bbox 2209 3621 3781 3698; baseline -0.001 -21"><span class='ocrx_word' id='word_1_670' title='bbox 2209 3621 2422 3678; x_wconf 79' lang='lat' dir='ltr'><strong>ﬁlii?A</strong></span> <span class='ocrx_word' id='word_1_671' title='bbox 2461 3637 2520 3680; x_wconf 88' lang='lat' dir='ltr'><strong>se</strong></span> <span class='ocrx_word' id='word_1_672' title='bbox 2568 3638 2794 3679; x_wconf 87' lang='lat' dir='ltr'><strong>movens</strong></span> <span class='ocrx_word' id='word_1_673' title='bbox 2837 3632 3010 3694; x_wconf 91' lang='lat' dir='ltr'><strong>pater,</strong></span> <span class='ocrx_word' id='word_1_674' title='bbox 3041 3639 3072 3678; x_wconf 88' lang='lat' dir='ltr'><strong>a</strong></span> <span class='ocrx_word' id='word_1_675' title='bbox 3121 3640 3180 3680; x_wconf 92' lang='lat' dir='ltr'><strong>se</strong></span> <span class='ocrx_word' id='word_1_676' title='bbox 3229 3641 3289 3681; x_wconf 90' lang='lat' dir='ltr'><strong>se</strong></span> <span class='ocrx_word' id='word_1_677' title='bbox 3323 3641 3593 3698; x_wconf 83' lang='lat' dir='ltr'><strong>generatis</strong></span> <span class='ocrx_word' id='word_1_678' title='bbox 3643 3625 3781 3689; x_wconf 84' lang='lat' dir='ltr'><strong>ﬁlius;</strong></span> 
     </span>
    </p>
   </div>
   <div class='ocr_carea' id='block_1_82' title="bbox 2207 3715 3782 3791">
    <p class='ocr_par' dir='ltr' id='par_1_82' title="bbox 2207 3715 3782 3791">
     <span class='ocr_line' id='line_1_82' title="bbox 2207 3715 3782 3791; baseline 0.005 -27"><span class='ocrx_word' id='word_1_679' title='bbox 2207 3715 2302 3772; x_wconf 83' lang='lat' dir='ltr'><strong>sed</strong></span> <span class='ocrx_word' id='word_1_680' title='bbox 2346 3717 2582 3785; x_wconf 84' lang='lat' dir='ltr'><strong>potentia</strong></span> <span class='ocrx_word' id='word_1_681' title='bbox 2619 3717 2783 3786; x_wconf 90' lang='lat' dir='ltr'><strong>patris</strong></span> <span class='ocrx_word' id='word_1_682' title='bbox 2823 3730 2882 3770; x_wconf 89' lang='lat' dir='ltr'><strong>se</strong></span> <span class='ocrx_word' id='word_1_683' title='bbox 2918 3733 2986 3791; x_wconf 78' lang='grc' dir='ltr'><strong>εε⁸</strong></span> <span class='ocrx_word' id='word_1_684' title='bbox 3016 3732 3284 3789; x_wconf 73' lang='lat' dir='ltr'><strong>gent-rans</strong></span> <span class='ocrx_word' id='word_1_685' title='bbox 3322 3719 3470 3776; x_wconf 91' lang='lat' dir='ltr'><strong>ﬁlius</strong></span> <span class='ocrx_word' id='word_1_686' title='bbox 3514 3739 3527 3774; x_wconf 92' lang='lat'>:</span> <span class='ocrx_word' id='word_1_687' title='bbox 3569 3719 3782 3774; x_wconf 78' lang='lat' dir='ltr'><strong>voluntas</strong></span> 
     </span>
    </p>
   </div>
   <div class='ocr_carea' id='block_1_83' title="bbox 2210 3807 3783 3883">
    <p class='ocr_par' dir='ltr' id='par_1_83' title="bbox 2210 3807 3783 3883">
     <span class='ocr_line' id='line_1_83' title="bbox 2210 3807 3783 3883; baseline 0 -19"><span class='ocrx_word' id='word_1_688' title='bbox 2210 3809 2354 3864; x_wconf 89' lang='lat' dir='ltr'><strong>enim</strong></span> <span class='ocrx_word' id='word_1_689' title='bbox 2384 3807 2528 3864; x_wconf 90' lang='lat' dir='ltr'><strong>ﬁlius</strong></span> <span class='ocrx_word' id='word_1_690' title='bbox 2552 3849 2567 3872; x_wconf 92' lang='lat'><strong>,</strong></span> <span class='ocrx_word' id='word_1_691' title='bbox 2601 3807 2742 3864; x_wconf 89' lang='lat' dir='ltr'><strong>unde</strong></span> <span class='ocrx_word' id='word_1_692' title='bbox 2770 3809 2914 3865; x_wconf 92' lang='lat' dir='ltr'><strong>enim</strong></span> <span class='ocrx_word' id='word_1_693' title='bbox 2948 3810 2994 3865; x_wconf 90' lang='lat' dir='ltr'><strong>si</strong></span> <span class='ocrx_word' id='word_1_694' title='bbox 3027 3811 3140 3883; x_wconf 91' lang='lat' dir='ltr'><strong>ipsa</strong></span> <span class='ocrx_word' id='word_1_695' title='bbox 3173 3813 3428 3868; x_wconf 87' lang='lat' dir='ltr'><strong>voluntas</strong></span> <span class='ocrx_word' id='word_1_696' title='bbox 3459 3829 3564 3869; x_wconf 92' lang='lat' dir='ltr'><strong>non</strong></span> <span class='ocrx_word' id='word_1_697' title='bbox 3589 3823 3662 3869; x_wconf 76' lang='lat' dir='ltr'><strong>est</strong></span> <span class='ocrx_word' id='word_1_698' title='bbox 3688 3829 3712 3864; x_wconf 90' lang='lat' dir='ltr'><strong>a</strong></span> <span class='ocrx_word' id='word_1_699' title='bbox 3736 3824 3783 3864; x_wconf 84' lang='lat' dir='ltr'><strong>se</strong></span> 
     </span>
    </p>
   </div>
   <div class='ocr_carea' id='block_1_84' title="bbox 2208 3903 3782 3977">
    <p class='ocr_par' dir='ltr' id='par_1_84' title="bbox 2208 3903 3782 3977">
     <span class='ocr_line' id='line_1_84' title="bbox 2208 3903 3782 3977; baseline -0.001 -19"><span class='ocrx_word' id='word_1_700' title='bbox 2208 3917 2267 3958; x_wconf 89' lang='lat' dir='ltr'><strong>se</strong></span> <span class='ocrx_word' id='word_1_701' title='bbox 2293 3917 2595 3974; x_wconf 79' lang='lat' dir='ltr'><strong>generatis,</strong></span> <span class='ocrx_word' id='word_1_702' title='bbox 2626 3917 2728 3958; x_wconf 90' lang='lat' dir='ltr'><strong>nec</strong></span> <span class='ocrx_word' id='word_1_703' title='bbox 2755 3903 3003 3958; x_wconf 79' lang='lat' dir='ltr'><strong>voluntas</strong></span> <span class='ocrx_word' id='word_1_704' title='bbox 3031 3914 3114 3959; x_wconf 92' lang='lat' dir='ltr'><strong>est</strong></span> <span class='ocrx_word' id='word_1_705' title='bbox 3149 3922 3162 3959; x_wconf 92' lang='lat'>:</span> <span class='ocrx_word' id='word_1_706' title='bbox 3195 3906 3290 3962; x_wconf 85' lang='lat' dir='ltr'><strong>sed</strong></span> <span class='ocrx_word' id='word_1_707' title='bbox 3321 3908 3578 3977; x_wconf 87' lang='lat' dir='ltr'><strong>quoniam</strong></span> <span class='ocrx_word' id='word_1_708' title='bbox 3611 3906 3692 3962; x_wconf 86' lang='lat' dir='ltr'><strong>Dei</strong></span> <span class='ocrx_word' id='word_1_709' title='bbox 3717 3911 3782 3960; x_wconf 87' lang='lat' dir='ltr'><strong>est</strong></span> 
     </span>
    </p>
   </div>
   <div class='ocr_carea' id='block_1_85' title="bbox 2209 3995 3780 4073">
    <p class='ocr_par' dir='ltr' id='par_1_85' title="bbox 2209 3995 3780 4073">
     <span class='ocr_line' id='line_1_85' title="bbox 2209 3995 3780 4073; baseline 0.003 -24"><span class='ocrx_word' id='word_1_710' title='bbox 2209 3996 2483 4062; x_wconf 87' lang='lat' dir='ltr'><strong>voluntas,</strong></span> <span class='ocrx_word' id='word_1_711' title='bbox 2519 3996 2769 4066; x_wconf 87' lang='lat' dir='ltr'><strong>equidem</strong></span> <span class='ocrx_word' id='word_1_712' title='bbox 2801 3995 2914 4067; x_wconf 88' lang='lat' dir='ltr'><strong>ipsa</strong></span> <span class='ocrx_word' id='word_1_713' title='bbox 2955 4013 3077 4068; x_wconf 74' lang='lat' dir='ltr'><strong>qua:</strong></span> <span class='ocrx_word' id='word_1_714' title='bbox 3105 3997 3175 4053; x_wconf 89' lang='lat' dir='ltr'><strong>sit</strong></span> <span class='ocrx_word' id='word_1_715' title='bbox 3203 4002 3780 4073; x_wconf 46' lang='lat' dir='ltr'><strong>generansxgeneratur</strong></span> 
     </span>
    </p>
   </div>
   <div class='ocr_carea' id='block_1_86' title="bbox 2207 4086 3776 4164">
    <p class='ocr_par' dir='ltr' id='par_1_86' title="bbox 2207 4086 3776 4164">
     <span class='ocr_line' id='line_1_86' title="bbox 2207 4086 3776 4164; baseline 0 -20"><span class='ocrx_word' id='word_1_716' title='bbox 2207 4089 2259 4144; x_wconf 91' lang='lat' dir='ltr'><strong>in</strong></span> <span class='ocrx_word' id='word_1_717' title='bbox 2298 4089 2427 4144; x_wconf 80' lang='lat' dir='ltr'><strong>Deo.</strong></span> <span class='ocrx_word' id='word_1_718' title='bbox 2479 4086 2548 4144; x_wconf 86' lang='lat' dir='ltr'><strong>Et</strong></span> <span class='ocrx_word' id='word_1_719' title='bbox 2596 4088 2720 4144; x_wconf 86' lang='lat' dir='ltr'><strong>ideo</strong></span> <span class='ocrx_word' id='word_1_720' title='bbox 2750 4089 2893 4146; x_wconf 85' lang='lat' dir='ltr'><strong>Deus</strong></span> <span class='ocrx_word' id='word_1_721' title='bbox 2941 4101 3112 4161; x_wconf 84' lang='lat' dir='ltr'><strong>pater,</strong></span> <span class='ocrx_word' id='word_1_722' title='bbox 3160 4093 3414 4150; x_wconf 85' lang='lat' dir='ltr'><strong>voluntas</strong></span> <span class='ocrx_word' id='word_1_723' title='bbox 3444 4096 3612 4164; x_wconf 90' lang='lat' dir='ltr'><strong>ﬁlius,</strong></span> <span class='ocrx_word' id='word_1_724' title='bbox 3645 4106 3776 4148; x_wconf 90' lang='lat' dir='ltr'><strong>unum</strong></span> 
     </span>
    </p>
   </div>
   <div class='ocr_carea' id='block_1_87' title="bbox 2208 4184 3775 4256">
    <p class='ocr_par' dir='ltr' id='par_1_87' title="bbox 2208 4184 3775 4256">
     <span class='ocr_line' id='line_1_87' title="bbox 2208 4184 3775 4256; baseline 0.001 -18"><span class='ocrx_word' id='word_1_725' title='bbox 2208 4193 2518 4254; x_wconf 78' lang='lat' dir='ltr'><strong>utrumque,</strong></span> <span class='ocrx_word' id='word_1_726' title='bbox 2565 4184 2738 4256; x_wconf 89' lang='lat' dir='ltr'><strong>magis</strong></span> <span class='ocrx_word' id='word_1_727' title='bbox 2780 4192 2962 4240; x_wconf 89' lang='lat' dir='ltr'><strong>autem</strong></span> <span class='ocrx_word' id='word_1_728' title='bbox 3003 4194 3059 4240; x_wconf 91' lang='lat' dir='ltr'><strong>et</strong></span> <span class='ocrx_word' id='word_1_729' title='bbox 3099 4201 3265 4241; x_wconf 91' lang='lat' dir='ltr'><strong>unum</strong></span> <span class='ocrx_word' id='word_1_730' title='bbox 3284 4230 3308 4256; x_wconf 94' lang='lat'><strong>,.</strong></span> <span class='ocrx_word' id='word_1_731' title='bbox 3341 4201 3398 4244; x_wconf 90' lang='lat' dir='ltr'><strong>et</strong></span> <span class='ocrx_word' id='word_1_732' title='bbox 3436 4192 3607 4245; x_wconf 87' lang='lat' dir='ltr'><strong>solum</strong></span> <span class='ocrx_word' id='word_1_733' title='bbox 3643 4201 3775 4243; x_wconf 85' lang='lat' dir='ltr'><strong>unum</strong></span> 
     </span>
    </p>
   </div>
   <div class='ocr_carea' id='block_1_88' title="bbox 2207 4275 3777 4355">
    <p class='ocr_par' dir='ltr' id='par_1_88' title="bbox 2207 4275 3777 4355">
     <span class='ocr_line' id='line_1_88' title="bbox 2207 4275 3777 4355; baseline 0.003 -24"><span class='ocrx_word' id='word_1_734' title='bbox 2207 4291 2312 4331; x_wconf 91' lang='lat' dir='ltr'><strong>non</strong></span> <span class='ocrx_word' id='word_1_735' title='bbox 2344 4275 2654 4332; x_wconf 89' lang='lat' dir='ltr'><strong>counitione</strong></span> <span class='ocrx_word' id='word_1_736' title='bbox 2677 4316 2692 4343; x_wconf 93' lang='lat'><strong>,</strong></span> <span class='ocrx_word' id='word_1_737' title='bbox 2725 4275 2822 4332; x_wconf 87' lang='lat' dir='ltr'><strong>sed</strong></span> <span class='ocrx_word' id='word_1_738' title='bbox 2849 4277 3198 4349; x_wconf 88' lang='lat' dir='ltr'><strong>simplicitate</strong></span> <span class='ocrx_word' id='word_1_739' title='bbox 3229 4299 3244 4337; x_wconf 91' lang='lat'><strong>:</strong></span> <span class='ocrx_word' id='word_1_740' title='bbox 3276 4297 3560 4355; x_wconf 88' lang='lat' dir='ltr'><strong>progressa</strong></span> <span class='ocrx_word' id='word_1_741' title='bbox 3594 4281 3777 4355; x_wconf 83' lang='lat' dir='ltr'><strong>quidem</strong></span> 
     </span>
    </p>
   </div>
   <div class='ocr_carea' id='block_1_89' title="bbox 2206 4370 3777 4442">
    <p class='ocr_par' dir='ltr' id='par_1_89' title="bbox 2206 4370 3777 4442">
     <span class='ocr_line' id='line_1_89' title="bbox 2206 4370 3777 4442; baseline 0.003 -17"><span class='ocrx_word' id='word_1_742' title='bbox 2206 4371 2480 4427; x_wconf 84' lang='lat' dir='ltr'><strong>voluntate</strong></span> <span class='ocrx_word' id='word_1_743' title='bbox 2523 4370 2578 4427; x_wconf 90' lang='lat' dir='ltr'><strong>in</strong></span> <span class='ocrx_word' id='word_1_744' title='bbox 2621 4372 2916 4442; x_wconf 89' lang='lat' dir='ltr'><strong>potentiam</strong></span> <span class='ocrx_word' id='word_1_745' title='bbox 2969 4384 3285 4442; x_wconf 90' lang='lat' dir='ltr'><strong>actuosam,</strong></span> <span class='ocrx_word' id='word_1_746' title='bbox 3337 4392 3448 4434; x_wconf 89' lang='lat' dir='ltr'><strong>non</strong></span> <span class='ocrx_word' id='word_1_747' title='bbox 3494 4376 3777 4433; x_wconf 79' lang='lat' dir='ltr'><strong>abscedente</strong></span> 
     </span>
    </p>
   </div>
   <div class='ocr_carea' id='block_1_90' title="bbox 2207 4463 3775 4536">
    <p class='ocr_par' dir='ltr' id='par_1_90' title="bbox 2207 4463 3775 4536">
     <span class='ocr_line' id='line_1_90' title="bbox 2207 4463 3775 4536; baseline 0.004 -18"><span class='ocrx_word' id='word_1_748' title='bbox 2207 4471 2384 4518; x_wconf 88' lang='lat' dir='ltr'><strong>tamen</strong></span> <span class='ocrx_word' id='word_1_749' title='bbox 2428 4480 2457 4517; x_wconf 89' lang='lat' dir='ltr'><strong>a</strong></span> <span class='ocrx_word' id='word_1_750' title='bbox 2495 4463 2794 4520; x_wconf 83' lang='lat' dir='ltr'><strong>substantia</strong></span> <span class='ocrx_word' id='word_1_751' title='bbox 2839 4465 3056 4536; x_wconf 90' lang='lat' dir='ltr'><strong>propria</strong></span> <span class='ocrx_word' id='word_1_752' title='bbox 3086 4476 3143 4522; x_wconf 93' lang='lat' dir='ltr'><strong>et</strong></span> <span class='ocrx_word' id='word_1_753' title='bbox 3172 4468 3364 4525; x_wconf 84' lang='lat' dir='ltr'><strong>eadem</strong></span> <span class='ocrx_word' id='word_1_754' title='bbox 3405 4473 3635 4526; x_wconf 90' lang='lat' dir='ltr'><strong>motione</strong></span> <span class='ocrx_word' id='word_1_755' title='bbox 3658 4488 3669 4517; x_wconf 76' lang='grc' dir='ltr'><strong><em>τ</em></strong></span> <span class='ocrx_word' id='word_1_756' title='bbox 3695 4469 3775 4524; x_wconf 79' lang='lat' dir='ltr'><strong>ista</strong></span> 
     </span>
    </p>
   </div>
   <div class='ocr_carea' id='block_1_91' title="bbox 3007 3244 3786 3318">
    <p class='ocr_par' dir='ltr' id='par_1_91' title="bbox 3007 3244 3786 3318">
     <span class='ocr_line' id='line_1_91' title="bbox 3007 3244 3786 3318; baseline -0.001 -19"><span class='ocrx_word' id='word_1_757' title='bbox 3007 3244 3134 3300; x_wconf 86' lang='lat' dir='ltr'><strong>illud</strong></span> <span class='ocrx_word' id='word_1_758' title='bbox 3176 3245 3344 3316; x_wconf 90' lang='lat' dir='ltr'><strong>patris</strong></span> <span class='ocrx_word' id='word_1_759' title='bbox 3393 3250 3786 3318; x_wconf 78' lang='lat' dir='ltr'><strong>omnipotentem</strong></span> 
     </span>
    </p>
   </div>
   <div class='ocr_carea' id='block_1_92' title="bbox 494 4531 3776 4630">
    <p class='ocr_par' dir='ltr' id='par_1_92' title="bbox 494 4531 3776 4630">
     <span class='ocr_line' id='line_1_92' title="bbox 494 4531 3776 4630; baseline 0 -14"><span class='ocrx_word' id='word_1_760' title='bbox 494 4560 796 4616; x_wconf 87' lang='lat' dir='ltr'><strong>substantia</strong></span> <span class='ocrx_word' id='word_1_761' title='bbox 835 4561 968 4616; x_wconf 83' lang='lat' dir='ltr'><strong>Dei?</strong></span> <span class='ocrx_word' id='word_1_762' title='bbox 1018 4561 1074 4617; x_wconf 88' lang='lat' dir='ltr'><strong>Si</strong></span> <span class='ocrx_word' id='word_1_763' title='bbox 1117 4531 1418 4618; x_wconf 79' lang='lat' dir='ltr'><strong>substantia</strong></span> <span class='ocrx_word' id='word_1_764' title='bbox 1465 4559 1662 4615; x_wconf 92' lang='lat' dir='ltr'><strong>dicitur</strong></span> <span class='ocrx_word' id='word_1_765' title='bbox 1700 4560 1754 4615; x_wconf 93' lang='lat' dir='ltr'><strong>in</strong></span> <span class='ocrx_word' id='word_1_766' title='bbox 1793 4531 2097 4624; x_wconf 75' lang='lat' dir='ltr'><strong>mundanis,</strong></span> <span class='ocrx_word' id='word_1_767' title='bbox 2125 4531 2182 4594; x_wconf 78' lang='lat' dir='ltr'><strong>D</strong></span> <span class='ocrx_word' id='word_1_768' title='bbox 2205 4558 2346 4612; x_wconf 92' lang='lat' dir='ltr'><strong>enim</strong></span> <span class='ocrx_word' id='word_1_769' title='bbox 2379 4556 2477 4612; x_wconf 89' lang='lat' dir='ltr'><strong>tria</strong></span> <span class='ocrx_word' id='word_1_770' title='bbox 2506 4555 2579 4613; x_wconf 91' lang='lat' dir='ltr'><strong>ibi</strong></span> <span class='ocrx_word' id='word_1_771' title='bbox 2612 4573 2774 4612; x_wconf 92' lang='lat' dir='ltr'><strong>unum</strong></span> <span class='ocrx_word' id='word_1_772' title='bbox 2805 4531 2964 4624; x_wconf 71' lang='lat' dir='ltr'><strong>sunt,</strong></span> <span class='ocrx_word' id='word_1_773' title='bbox 3006 4559 3344 4630; x_wconf 86' lang='lat' dir='ltr'><strong>substantia,</strong></span> <span class='ocrx_word' id='word_1_774' title='bbox 3387 4563 3584 4628; x_wconf 71' lang='lat' dir='ltr'><strong>modo,</strong></span> <span class='ocrx_word' id='word_1_775' title='bbox 3621 4561 3776 4616; x_wconf 86' lang='lat' dir='ltr'><strong>volun-</strong></span> 
     </span>
    </p>
   </div>
   <div class='ocr_carea' id='block_1_93' title="bbox 496 4651 2100 4722">
    <p class='ocr_par' dir='ltr' id='par_1_93' title="bbox 496 4651 2100 4722">
     <span class='ocr_line' id='line_1_93' title="bbox 496 4651 2100 4722; baseline -0.001 -13"><span class='ocrx_word' id='word_1_776' title='bbox 496 4661 556 4709; x_wconf 91' lang='lat' dir='ltr'><strong>ut</strong></span> <span class='ocrx_word' id='word_1_777' title='bbox 596 4655 826 4722; x_wconf 89' lang='lat' dir='ltr'><strong>animal,</strong></span> <span class='ocrx_word' id='word_1_778' title='bbox 873 4664 930 4709; x_wconf 90' lang='lat' dir='ltr'><strong>ut</strong></span> <span class='ocrx_word' id='word_1_779' title='bbox 971 4653 1166 4722; x_wconf 92' lang='lat' dir='ltr'><strong>homo,</strong></span> <span class='ocrx_word' id='word_1_780' title='bbox 1216 4668 1438 4710; x_wconf 90' lang='lat' dir='ltr'><strong>necesse</strong></span> <span class='ocrx_word' id='word_1_781' title='bbox 1464 4663 1546 4710; x_wconf 90' lang='lat' dir='ltr'><strong>est</strong></span> <span class='ocrx_word' id='word_1_782' title='bbox 1575 4652 1757 4710; x_wconf 91' lang='lat' dir='ltr'><strong>dicere</strong></span> <span class='ocrx_word' id='word_1_783' title='bbox 1799 4651 1852 4707; x_wconf 91' lang='lat' dir='ltr'><strong>in</strong></span> <span class='ocrx_word' id='word_1_784' title='bbox 1884 4653 2100 4708; x_wconf 66' lang='lat' dir='ltr'><strong>asternis</strong></span> 
     </span>
    </p>
   </div>
   <div class='ocr_carea' id='block_1_94' title="bbox 495 4745 2097 4818">
    <p class='ocr_par' dir='ltr' id='par_1_94' title="bbox 495 4745 2097 4818">
     <span class='ocr_line' id='line_1_94' title="bbox 495 4745 2097 4818; baseline -0.003 -13"><span class='ocrx_word' id='word_1_785' title='bbox 495 4749 850 4807; x_wconf 85' lang='lat' dir='ltr'><strong>substantiam</strong></span> <span class='ocrx_word' id='word_1_786' title='bbox 880 4763 1002 4805; x_wconf 88' lang='lat' dir='ltr'><strong>esse</strong></span> <span class='ocrx_word' id='word_1_787' title='bbox 1030 4749 1222 4816; x_wconf 87' lang='lat' dir='ltr'><strong>Deum,</strong></span> <span class='ocrx_word' id='word_1_788' title='bbox 1245 4748 1342 4805; x_wconf 89' lang='lat' dir='ltr'><strong>sed</strong></span> <span class='ocrx_word' id='word_1_789' title='bbox 1375 4748 1523 4804; x_wconf 87' lang='lat' dir='ltr'><strong>vides</strong></span> <span class='ocrx_word' id='word_1_790' title='bbox 1551 4747 1723 4818; x_wconf 85' lang='lat' dir='ltr'><strong>ipsum</strong></span> <span class='ocrx_word' id='word_1_791' title='bbox 1757 4746 1923 4802; x_wconf 91' lang='lat' dir='ltr'><strong>Deum</strong></span> <span class='ocrx_word' id='word_1_792' title='bbox 1946 4745 2097 4815; x_wconf 81' lang='lat' dir='ltr'><strong>juxta</strong></span> 
     </span>
    </p>
   </div>
   <div class='ocr_carea' id='block_1_95' title="bbox 496 4841 2092 4912">
    <p class='ocr_par' dir='ltr' id='par_1_95' title="bbox 496 4841 2092 4912">
     <span class='ocr_line' id='line_1_95' title="bbox 496 4841 2092 4912; baseline -0.003 -13"><span class='ocrx_word' id='word_1_793' title='bbox 496 4842 628 4899; x_wconf 90' lang='lat' dir='ltr'><strong>illud</strong></span> <span class='ocrx_word' id='word_1_794' title='bbox 659 4856 799 4906; x_wconf 87' lang='lat' dir='ltr'><strong>esse.</strong></span> <span class='ocrx_word' id='word_1_795' title='bbox 845 4842 987 4912; x_wconf 88' lang='lat' dir='ltr'><strong>quod</strong></span> <span class='ocrx_word' id='word_1_796' title='bbox 1029 4843 1281 4908; x_wconf 89' lang='lat' dir='ltr'><strong>dicimus,</strong></span> <span class='ocrx_word' id='word_1_797' title='bbox 1327 4852 1421 4899; x_wconf 89' lang='lat' dir='ltr'><strong>aut</strong></span> <span class='ocrx_word' id='word_1_798' title='bbox 1450 4843 1628 4898; x_wconf 82' lang='lat' dir='ltr'><strong>lumen</strong></span> <span class='ocrx_word' id='word_1_799' title='bbox 1651 4884 1666 4908; x_wconf 95' lang='lat'><strong>,</strong></span> <span class='ocrx_word' id='word_1_800' title='bbox 1700 4850 1793 4896; x_wconf 92' lang='lat' dir='ltr'><strong>aut</strong></span> <span class='ocrx_word' id='word_1_801' title='bbox 1822 4841 2092 4910; x_wconf 79' lang='lat' dir='ltr'><strong>Spiritum,</strong></span> 
     </span>
    </p>
   </div>
   <div class='ocr_carea' id='block_1_96' title="bbox 496 4935 2098 5006">
    <p class='ocr_par' dir='ltr' id='par_1_96' title="bbox 496 4935 2098 5006">
     <span class='ocr_line' id='line_1_96' title="bbox 496 4935 2098 5006; baseline -0.002 -14"><span class='ocrx_word' id='word_1_802' title='bbox 496 4948 588 4992; x_wconf 90' lang='lat' dir='ltr'><strong>aut</strong></span> <span class='ocrx_word' id='word_1_803' title='bbox 611 4936 785 5004; x_wconf 82' lang='lat' dir='ltr'><strong>ipsum</strong></span> <span class='ocrx_word' id='word_1_804' title='bbox 809 4949 952 4998; x_wconf 85' lang='lat' dir='ltr'><strong>esse,</strong></span> <span class='ocrx_word' id='word_1_805' title='bbox 979 4943 1072 4990; x_wconf 90' lang='lat' dir='ltr'><strong>aut</strong></span> <span class='ocrx_word' id='word_1_806' title='bbox 1100 4937 1388 5002; x_wconf 85' lang='lat' dir='ltr'><strong>potentiam</strong></span> <span class='ocrx_word' id='word_1_807' title='bbox 1414 4938 1533 5006; x_wconf 91' lang='lat' dir='ltr'><strong>ejus</strong></span> <span class='ocrx_word' id='word_1_808' title='bbox 1553 4935 1696 5004; x_wconf 83' lang='lat' dir='ltr'><strong>quod</strong></span> <span class='ocrx_word' id='word_1_809' title='bbox 1717 4945 1801 4990; x_wconf 90' lang='lat' dir='ltr'><strong>est</strong></span> <span class='ocrx_word' id='word_1_810' title='bbox 1829 4949 1972 4999; x_wconf 90' lang='lat' dir='ltr'><strong>esse,</strong></span> <span class='ocrx_word' id='word_1_811' title='bbox 2005 4942 2098 4988; x_wconf 88' lang='lat' dir='ltr'><strong>aut</strong></span> 
     </span>
    </p>
   </div>
   <div class='ocr_carea' id='block_1_97' title="bbox 496 5027 2098 5100">
    <p class='ocr_par' dir='ltr' id='par_1_97' title="bbox 496 5027 2098 5100">
     <span class='ocr_line' id='line_1_97' title="bbox 496 5027 2098 5100; baseline -0.004 -15"><span class='ocrx_word' id='word_1_812' title='bbox 496 5029 904 5100; x_wconf 89' lang='lat' dir='ltr'><strong>intelligentiam</strong></span> <span class='ocrx_word' id='word_1_813' title='bbox 937 5028 1330 5092; x_wconf 88' lang='lat' dir='ltr'><strong>universalem,</strong></span> <span class='ocrx_word' id='word_1_814' title='bbox 1375 5036 1466 5084; x_wconf 87' lang='lat' dir='ltr'><strong>aut</strong></span> <span class='ocrx_word' id='word_1_815' title='bbox 1495 5028 1787 5097; x_wconf 88' lang='lat' dir='ltr'><strong>potentiam</strong></span> <span class='ocrx_word' id='word_1_816' title='bbox 1821 5027 2098 5082; x_wconf 88' lang='lat' dir='ltr'><strong>universa-</strong></span> 
     </span>
    </p>
   </div>
   <div class='ocr_carea' id='block_1_98' title="bbox 495 5120 2094 5192">
    <p class='ocr_par' dir='ltr' id='par_1_98' title="bbox 495 5120 2094 5192">
     <span class='ocr_line' id='line_1_98' title="bbox 495 5120 2094 5192; baseline -0.002 -15"><span class='ocrx_word' id='word_1_817' title='bbox 495 5121 562 5177; x_wconf 90' lang='lat' dir='ltr'><strong>lis</strong></span> <span class='ocrx_word' id='word_1_818' title='bbox 609 5121 1014 5192; x_wconf 63' lang='lat' dir='ltr'><strong>intelligentite,</strong></span> <span class='ocrx_word' id='word_1_819' title='bbox 1065 5130 1156 5176; x_wconf 88' lang='lat' dir='ltr'><strong>aut</strong></span> <span class='ocrx_word' id='word_1_820' title='bbox 1202 5121 1520 5177; x_wconf 83' lang='lat' dir='ltr'><strong>universalis</strong></span> <span class='ocrx_word' id='word_1_821' title='bbox 1559 5122 1683 5176; x_wconf 79' lang='lat' dir='ltr'><strong>vitae</strong></span> <span class='ocrx_word' id='word_1_822' title='bbox 1724 5126 1805 5176; x_wconf 92' lang='lat' dir='ltr'><strong>vel</strong></span> <span class='ocrx_word' id='word_1_823' title='bbox 1848 5120 2094 5186; x_wconf 86' lang='lat' dir='ltr'><strong>actionis,</strong></span> 
     </span>
    </p>
   </div>
   <div class='ocr_carea' id='block_1_99' title="bbox 495 5213 2100 5283">
    <p class='ocr_par' dir='ltr' id='par_1_99' title="bbox 495 5213 2100 5283">
     <span class='ocr_line' id='line_1_99' title="bbox 495 5213 2100 5283; baseline -0.001 -15"><span class='ocrx_word' id='word_1_824' title='bbox 495 5224 588 5269; x_wconf 92' lang='lat' dir='ltr'><strong>aut</strong></span> <span class='ocrx_word' id='word_1_825' title='bbox 631 5215 856 5270; x_wconf 89' lang='lat' dir='ltr'><strong>aliorum</strong></span> <span class='ocrx_word' id='word_1_826' title='bbox 895 5213 1196 5269; x_wconf 90' lang='lat' dir='ltr'><strong>istiusmodi</strong></span> <span class='ocrx_word' id='word_1_827' title='bbox 1233 5214 1286 5268; x_wconf 92' lang='lat' dir='ltr'><strong>in</strong></span> <span class='ocrx_word' id='word_1_828' title='bbox 1330 5229 1436 5283; x_wconf 90' lang='lat' dir='ltr'><strong>quo</strong></span> <span class='ocrx_word' id='word_1_829' title='bbox 1473 5214 1578 5280; x_wconf 92' lang='lat' dir='ltr'><strong>sit,</strong></span> <span class='ocrx_word' id='word_1_830' title='bbox 1609 5214 1809 5269; x_wconf 81' lang='lat' dir='ltr'><strong>fontem</strong></span> <span class='ocrx_word' id='word_1_831' title='bbox 1835 5227 1958 5269; x_wconf 90' lang='lat' dir='ltr'><strong>esse</strong></span> <span class='ocrx_word' id='word_1_832' title='bbox 1982 5228 2100 5268; x_wconf 79' lang='lat' dir='ltr'><strong>om-</strong></span> 
     </span>
    </p>
   </div>
   <div class='ocr_carea' id='block_1_100' title="bbox 497 5306 2097 5380">
    <p class='ocr_par' dir='ltr' id='par_1_100' title="bbox 497 5306 2097 5380">
     <span class='ocr_line' id='line_1_100' title="bbox 497 5306 2097 5380; baseline -0.003 -14"><span class='ocrx_word' id='word_1_833' title='bbox 497 5309 644 5366; x_wconf 89' lang='lat' dir='ltr'><strong>nium</strong></span> <span class='ocrx_word' id='word_1_834' title='bbox 681 5324 869 5365; x_wconf 90' lang='lat' dir='ltr'><strong>eorum</strong></span> <span class='ocrx_word' id='word_1_835' title='bbox 895 5323 1019 5380; x_wconf 64' lang='lat' dir='ltr'><strong>quae</strong></span> <span class='ocrx_word' id='word_1_836' title='bbox 1048 5322 1176 5363; x_wconf 87' lang='lat' dir='ltr'><strong>vere</strong></span> <span class='ocrx_word' id='word_1_837' title='bbox 1204 5317 1364 5373; x_wconf 92' lang='lat' dir='ltr'><strong>sunt,</strong></span> <span class='ocrx_word' id='word_1_838' title='bbox 1396 5315 1488 5362; x_wconf 91' lang='lat' dir='ltr'><strong>aut</strong></span> <span class='ocrx_word' id='word_1_839' title='bbox 1525 5322 1647 5378; x_wconf 66' lang='lat' dir='ltr'><strong>quae</strong></span> <span class='ocrx_word' id='word_1_840' title='bbox 1681 5316 1827 5364; x_wconf 87' lang='lat' dir='ltr'><strong>sunt.</strong></span> <span class='ocrx_word' id='word_1_841' title='bbox 1868 5306 1975 5363; x_wconf 82' lang='lat' dir='ltr'><strong>Sed</strong></span> <span class='ocrx_word' id='word_1_842' title='bbox 2015 5306 2097 5362; x_wconf 84' lang='lat' dir='ltr'><strong>di-</strong></span> 
     </span>
    </p>
   </div>
   <div class='ocr_carea' id='block_1_101' title="bbox 495 5399 2099 5471">
    <p class='ocr_par' dir='ltr' id='par_1_101' title="bbox 495 5399 2099 5471">
     <span class='ocr_line' id='line_1_101' title="bbox 495 5399 2099 5471; baseline -0.002 -13"><span class='ocrx_word' id='word_1_843' title='bbox 495 5413 622 5458; x_wconf 92' lang='lat' dir='ltr'><strong>cunt</strong></span> <span class='ocrx_word' id='word_1_844' title='bbox 647 5402 931 5471; x_wconf 68' lang='lat' dir='ltr'><strong>scripturae</strong></span> <span class='ocrx_word' id='word_1_845' title='bbox 959 5401 1138 5456; x_wconf 92' lang='lat' dir='ltr'><strong>lumen</strong></span> <span class='ocrx_word' id='word_1_846' title='bbox 1162 5413 1282 5455; x_wconf 91' lang='lat' dir='ltr'><strong>esse</strong></span> <span class='ocrx_word' id='word_1_847' title='bbox 1310 5399 1503 5466; x_wconf 76' lang='lat' dir='ltr'><strong>Deum,</strong></span> <span class='ocrx_word' id='word_1_848' title='bbox 1520 5399 1767 5469; x_wconf 74' lang='lat' dir='ltr'><strong>Spiritum</strong></span> <span class='ocrx_word' id='word_1_849' title='bbox 1796 5415 1918 5456; x_wconf 91' lang='lat' dir='ltr'><strong>esse</strong></span> <span class='ocrx_word' id='word_1_850' title='bbox 1945 5418 1957 5454; x_wconf 93' lang='lat'>:</span> <span class='ocrx_word' id='word_1_851' title='bbox 1983 5399 2099 5455; x_wconf 62' lang='lat' dir='ltr'><strong>haec</strong></span> 
     </span>
    </p>
   </div>
   <div class='ocr_carea' id='block_1_102' title="bbox 497 5491 2093 5565">
    <p class='ocr_par' dir='ltr' id='par_1_102' title="bbox 497 5491 2093 5565">
     <span class='ocr_line' id='line_1_102' title="bbox 497 5491 2093 5565; baseline -0.003 -14"><span class='ocrx_word' id='word_1_852' title='bbox 497 5505 677 5551; x_wconf 76' lang='lat' dir='ltr'><strong>autem</strong></span> <span class='ocrx_word' id='word_1_853' title='bbox 717 5495 1074 5551; x_wconf 87' lang='lat' dir='ltr'><strong>substantiam</strong></span> <span class='ocrx_word' id='word_1_854' title='bbox 1115 5491 1450 5565; x_wconf 81' lang='lat' dir='ltr'><strong>signiﬁcant,</strong></span> <span class='ocrx_word' id='word_1_855' title='bbox 1483 5505 1588 5548; x_wconf 73' lang='lat' dir='ltr'><strong>noli</strong></span> <span class='ocrx_word' id='word_1_856' title='bbox 1629 5491 1773 5546; x_wconf 88' lang='lat' dir='ltr'><strong>enim</strong></span> <span class='ocrx_word' id='word_1_857' title='bbox 1814 5492 2093 5558; x_wconf 90' lang='lat' dir='ltr'><strong>accidens;</strong></span> 
     </span>
    </p>
   </div>
   <div class='ocr_carea' id='block_1_103' title="bbox 498 5583 2098 5658">
    <p class='ocr_par' dir='ltr' id='par_1_103' title="bbox 498 5583 2098 5658">
     <span class='ocr_line' id='line_1_103' title="bbox 498 5583 2098 5658; baseline -0.003 -14"><span class='ocrx_word' id='word_1_858' title='bbox 498 5589 583 5644; x_wconf 87' lang='lat' dir='ltr'><strong>eui</strong></span> <span class='ocrx_word' id='word_1_859' title='bbox 617 5587 789 5658; x_wconf 87' lang='lat' dir='ltr'><strong>primo</strong></span> <span class='ocrx_word' id='word_1_860' title='bbox 817 5587 961 5658; x_wconf 91' lang='lat' dir='ltr'><strong>quod</strong></span> <span class='ocrx_word' id='word_1_861' title='bbox 1000 5597 1083 5644; x_wconf 91' lang='lat' dir='ltr'><strong>est</strong></span> <span class='ocrx_word' id='word_1_862' title='bbox 1112 5601 1233 5643; x_wconf 88' lang='lat' dir='ltr'><strong>esse</strong></span> <span class='ocrx_word' id='word_1_863' title='bbox 1267 5585 1495 5649; x_wconf 90' lang='lat' dir='ltr'><strong>accidit,</strong></span> <span class='ocrx_word' id='word_1_864' title='bbox 1539 5584 1584 5639; x_wconf 91' lang='lat' dir='ltr'><strong>si</strong></span> <span class='ocrx_word' id='word_1_865' title='bbox 1622 5583 1765 5639; x_wconf 84' lang='lat' dir='ltr'><strong>istud</strong></span> <span class='ocrx_word' id='word_1_866' title='bbox 1806 5583 2098 5640; x_wconf 85' lang='lat' dir='ltr'><strong>accidens?</strong></span> 
     </span>
    </p>
   </div>
   <div class='ocr_carea' id='block_1_104' title="bbox 500 5677 2100 5753">
    <p class='ocr_par' dir='ltr' id='par_1_104' title="bbox 500 5677 2100 5753">
     <span class='ocr_line' id='line_1_104' title="bbox 500 5677 2100 5753; baseline -0.003 -17"><span class='ocrx_word' id='word_1_867' title='bbox 500 5679 607 5737; x_wconf 89' lang='lat' dir='ltr'><strong>Sed</strong></span> <span class='ocrx_word' id='word_1_868' title='bbox 634 5680 767 5736; x_wconf 90' lang='lat' dir='ltr'><strong>nulli</strong></span> <span class='ocrx_word' id='word_1_869' title='bbox 797 5698 810 5734; x_wconf 91' lang='lat'><strong>:</strong></span> <span class='ocrx_word' id='word_1_870' title='bbox 844 5680 1177 5753; x_wconf 89' lang='lat' dir='ltr'><strong>impossibile</strong></span> <span class='ocrx_word' id='word_1_871' title='bbox 1203 5679 1346 5736; x_wconf 87' lang='lat' dir='ltr'><strong>enim</strong></span> <span class='ocrx_word' id='word_1_872' title='bbox 1382 5678 1522 5734; x_wconf 92' lang='lat' dir='ltr'><strong>ultra</strong></span> <span class='ocrx_word' id='word_1_873' title='bbox 1567 5691 1688 5735; x_wconf 87' lang='lat' dir='ltr'><strong>esse</strong></span> <span class='ocrx_word' id='word_1_874' title='bbox 1713 5677 1913 5748; x_wconf 85' lang='lat' dir='ltr'><strong>aliquid</strong></span> <span class='ocrx_word' id='word_1_875' title='bbox 1939 5692 2100 5749; x_wconf 88' lang='lat' dir='ltr'><strong>supra</strong></span> 
     </span>
    </p>
   </div>
   <div class='ocr_carea' id='block_1_105' title="bbox 500 5769 2101 5845">
    <p class='ocr_par' dir='ltr' id='par_1_105' title="bbox 500 5769 2101 5845">
     <span class='ocr_line' id='line_1_105' title="bbox 500 5769 2101 5845; baseline 0 -16"><span class='ocrx_word' id='word_1_876' title='bbox 500 5772 643 5845; x_wconf 86' lang='lat' dir='ltr'><strong>quod</strong></span> <span class='ocrx_word' id='word_1_877' title='bbox 682 5782 766 5830; x_wconf 86' lang='lat' dir='ltr'><strong>est</strong></span> <span class='ocrx_word' id='word_1_878' title='bbox 793 5789 934 5832; x_wconf 86' lang='lat' dir='ltr'><strong>esse.</strong></span> <span class='ocrx_word' id='word_1_879' title='bbox 976 5774 1120 5844; x_wconf 81' lang='lat' dir='ltr'><strong>Ergo</strong></span> <span class='ocrx_word' id='word_1_880' title='bbox 1151 5773 1450 5831; x_wconf 85' lang='lat' dir='ltr'><strong>substantia</strong></span> <span class='ocrx_word' id='word_1_881' title='bbox 1473 5812 1488 5843; x_wconf 94' lang='lat'><strong>,</strong></span> <span class='ocrx_word' id='word_1_882' title='bbox 1515 5771 1669 5844; x_wconf 85' lang='lat' dir='ltr'><strong>juxta</strong></span> <span class='ocrx_word' id='word_1_883' title='bbox 1697 5769 1841 5843; x_wconf 90' lang='lat' dir='ltr'><strong>quod</strong></span> <span class='ocrx_word' id='word_1_884' title='bbox 1871 5778 2101 5830; x_wconf 81' lang='lat' dir='ltr'><strong>estesse</strong></span> 
     </span>
    </p>
   </div>
   <div class='ocr_carea' id='block_1_106' title="bbox 2201 4651 3775 4728">
    <p class='ocr_par' dir='ltr' id='par_1_106' title="bbox 2201 4651 3775 4728">
     <span class='ocr_line' id='line_1_106' title="bbox 2201 4651 3775 4728; baseline 0.002 -21"><span class='ocrx_word' id='word_1_885' title='bbox 2201 4661 2300 4708; x_wconf 88' lang='lat' dir='ltr'><strong>tas.</strong></span> <span class='ocrx_word' id='word_1_886' title='bbox 2332 4651 2649 4709; x_wconf 89' lang='lat' dir='ltr'><strong>Snbstantia</strong></span> <span class='ocrx_word' id='word_1_887' title='bbox 2681 4661 2853 4723; x_wconf 90' lang='lat' dir='ltr'><strong>pater,</strong></span> <span class='ocrx_word' id='word_1_888' title='bbox 2874 4653 3026 4725; x_wconf 89' lang='lat' dir='ltr'><strong>juxta</strong></span> <span class='ocrx_word' id='word_1_889' title='bbox 3057 4654 3110 4710; x_wconf 91' lang='lat' dir='ltr'><strong>id</strong></span> <span class='ocrx_word' id='word_1_890' title='bbox 3139 4656 3314 4728; x_wconf 90' lang='lat' dir='ltr'><strong>ipsum</strong></span> <span class='ocrx_word' id='word_1_891' title='bbox 3348 4661 3515 4715; x_wconf 92' lang='lat' dir='ltr'><strong>motio</strong></span> <span class='ocrx_word' id='word_1_892' title='bbox 3540 4669 3591 4715; x_wconf 90' lang='lat' dir='ltr'><strong>et</strong></span> <span class='ocrx_word' id='word_1_893' title='bbox 3619 4656 3775 4713; x_wconf 84' lang='lat' dir='ltr'><strong>volun—</strong></span> 
     </span>
    </p>
   </div>
   <div class='ocr_carea' id='block_1_107' title="bbox 2199 4745 3772 4824">
    <p class='ocr_par' dir='ltr' id='par_1_107' title="bbox 2199 4745 3772 4824">
     <span class='ocr_line' id='line_1_107' title="bbox 2199 4745 3772 4824; baseline 0.003 -26"><span class='ocrx_word' id='word_1_894' title='bbox 2199 4752 2283 4800; x_wconf 87' lang='lat' dir='ltr'><strong>tas</strong></span> <span class='ocrx_word' id='word_1_895' title='bbox 2325 4763 2337 4799; x_wconf 90' lang='lat'>:</span> <span class='ocrx_word' id='word_1_896' title='bbox 2368 4761 2556 4802; x_wconf 91' lang='lat' dir='ltr'><strong>rursus</strong></span> <span class='ocrx_word' id='word_1_897' title='bbox 2591 4745 2731 4800; x_wconf 90' lang='lat' dir='ltr'><strong>ﬁlius</strong></span> <span class='ocrx_word' id='word_1_898' title='bbox 2773 4746 2942 4802; x_wconf 91' lang='lat' dir='ltr'><strong>motio</strong></span> <span class='ocrx_word' id='word_1_899' title='bbox 2967 4757 3021 4803; x_wconf 92' lang='lat' dir='ltr'><strong>et</strong></span> <span class='ocrx_word' id='word_1_900' title='bbox 3056 4748 3338 4816; x_wconf 88' lang='lat' dir='ltr'><strong>voluntas,</strong></span> <span class='ocrx_word' id='word_1_901' title='bbox 3373 4762 3428 4808; x_wconf 91' lang='lat' dir='ltr'><strong>et</strong></span> <span class='ocrx_word' id='word_1_902' title='bbox 3450 4751 3596 4824; x_wconf 70' lang='lat' dir='ltr'><strong>juxta</strong></span> <span class='ocrx_word' id='word_1_903' title='bbox 3631 4749 3676 4807; x_wconf 86' lang='lat' dir='ltr'><strong>id</strong></span> <span class='ocrx_word' id='word_1_904' title='bbox 3707 4748 3772 4818; x_wconf 86' lang='lat' dir='ltr'><strong>ip-</strong></span> 
     </span>
    </p>
   </div>
   <div class='ocr_carea' id='block_1_108' title="bbox 2199 4839 3772 4918">
    <p class='ocr_par' dir='ltr' id='par_1_108' title="bbox 2199 4839 3772 4918">
     <span class='ocr_line' id='line_1_108' title="bbox 2199 4839 3772 4918; baseline 0.003 -26"><span class='ocrx_word' id='word_1_905' title='bbox 2199 4855 2315 4895; x_wconf 87' lang='lat' dir='ltr'><strong>sum</strong></span> <span class='ocrx_word' id='word_1_906' title='bbox 2345 4848 2401 4895; x_wconf 92' lang='lat' dir='ltr'><strong>et</strong></span> <span class='ocrx_word' id='word_1_907' title='bbox 2437 4839 2735 4897; x_wconf 88' lang='lat' dir='ltr'><strong>substantia</strong></span> <span class='ocrx_word' id='word_1_908' title='bbox 2759 4882 2772 4903; x_wconf 92' lang='lat'><strong>,</strong></span> <span class='ocrx_word' id='word_1_909' title='bbox 2815 4851 2871 4896; x_wconf 90' lang='lat' dir='ltr'><strong>et</strong></span> <span class='ocrx_word' id='word_1_910' title='bbox 2907 4843 3011 4898; x_wconf 90' lang='lat' dir='ltr'><strong>hoc</strong></span> <span class='ocrx_word' id='word_1_911' title='bbox 3050 4853 3134 4898; x_wconf 89' lang='lat' dir='ltr'><strong>est</strong></span> <span class='ocrx_word' id='word_1_912' title='bbox 3177 4844 3468 4918; x_wconf 83' lang='grc' dir='ltr'>όμοούσιυν.</span> <span class='ocrx_word' id='word_1_913' title='bbox 3511 4846 3772 4902; x_wconf 83' lang='lat' dir='ltr'><strong>Habeamus</strong></span> 
     </span>
    </p>
   </div>
   <div class='ocr_carea' id='block_1_109' title="bbox 2199 4932 3769 5008">
    <p class='ocr_par' dir='ltr' id='par_1_109' title="bbox 2199 4932 3769 5008">
     <span class='ocr_line' id='line_1_109' title="bbox 2199 4932 3769 5008; baseline 0.001 -21"><span class='ocrx_word' id='word_1_914' title='bbox 2199 4932 2431 5001; x_wconf 86' lang='lat' dir='ltr'><strong>exempli</strong></span> <span class='ocrx_word' id='word_1_915' title='bbox 2477 4935 2646 5004; x_wconf 86' lang='lat' dir='ltr'><strong>gratia</strong></span> <span class='ocrx_word' id='word_1_916' title='bbox 2694 4933 2837 4989; x_wconf 89' lang='lat' dir='ltr'><strong>istnd</strong></span> <span class='ocrx_word' id='word_1_917' title='bbox 2878 4935 3019 5006; x_wconf 87' lang='lat' dir='ltr'><strong>quod</strong></span> <span class='ocrx_word' id='word_1_918' title='bbox 3049 4951 3150 5008; x_wconf 85' lang='lat' dir='ltr'><strong>ego</strong></span> <span class='ocrx_word' id='word_1_919' title='bbox 3180 4953 3324 4994; x_wconf 92' lang='lat' dir='ltr'><strong>nunc</strong></span> <span class='ocrx_word' id='word_1_920' title='bbox 3348 4940 3472 4996; x_wconf 91' lang='lat' dir='ltr'><strong>dico</strong></span> <span class='ocrx_word' id='word_1_921' title='bbox 3514 4958 3526 4995; x_wconf 92' lang='lat'><strong>:</strong></span> <span class='ocrx_word' id='word_1_922' title='bbox 3559 4942 3631 4996; x_wconf 91' lang='lat' dir='ltr'><strong>sic</strong></span> <span class='ocrx_word' id='word_1_923' title='bbox 3655 4936 3769 4994; x_wconf 86' lang='lat' dir='ltr'><strong>enim</strong></span> 
     </span>
    </p>
   </div>
   <div class='ocr_carea' id='block_1_110' title="bbox 2202 5025 3769 5099">
    <p class='ocr_par' dir='ltr' id='par_1_110' title="bbox 2202 5025 3769 5099">
     <span class='ocr_line' id='line_1_110' title="bbox 2202 5025 3769 5099; baseline 0.003 -20"><span class='ocrx_word' id='word_1_924' title='bbox 2202 5039 2346 5080; x_wconf 90' lang='lat' dir='ltr'><strong>nunc</strong></span> <span class='ocrx_word' id='word_1_925' title='bbox 2371 5035 2588 5095; x_wconf 85' lang='lat' dir='ltr'><strong>oportet</strong></span> <span class='ocrx_word' id='word_1_926' title='bbox 2615 5025 2827 5094; x_wconf 91' lang='lat' dir='ltr'><strong>dicere,</strong></span> <span class='ocrx_word' id='word_1_927' title='bbox 2857 5031 3111 5098; x_wconf 86' lang='lat' dir='ltr'><strong>quoniam</strong></span> <span class='ocrx_word' id='word_1_928' title='bbox 3145 5033 3298 5086; x_wconf 90' lang='lat' dir='ltr'><strong>multi</strong></span> <span class='ocrx_word' id='word_1_929' title='bbox 3332 5035 3383 5087; x_wconf 91' lang='lat' dir='ltr'><strong>in</strong></span> <span class='ocrx_word' id='word_1_930' title='bbox 3412 5035 3584 5088; x_wconf 89' lang='lat' dir='ltr'><strong>anima</strong></span> <span class='ocrx_word' id='word_1_931' title='bbox 3609 5044 3769 5099; x_wconf 85' lang='lat' dir='ltr'><strong>corpus</strong></span> 
     </span>
    </p>
   </div>
   <div class='ocr_carea' id='block_1_111' title="bbox 2201 5119 3767 5184">
    <p class='ocr_par' dir='ltr' id='par_1_111' title="bbox 2201 5119 3767 5184">
     <span class='ocr_line' id='line_1_111' title="bbox 2201 5119 3767 5184; baseline 0.003 -11"><span class='ocrx_word' id='word_1_932' title='bbox 2201 5132 2320 5173; x_wconf 76' lang='lat' dir='ltr'><strong>esse</strong></span> <span class='ocrx_word' id='word_1_933' title='bbox 2345 5119 2552 5184; x_wconf 89' lang='lat' dir='ltr'><strong>dicunt,</strong></span> <span class='ocrx_word' id='word_1_934' title='bbox 2590 5119 2686 5174; x_wconf 91' lang='lat' dir='ltr'><strong>sed</strong></span> <span class='ocrx_word' id='word_1_935' title='bbox 2719 5136 2861 5174; x_wconf 90' lang='lat' dir='ltr'><strong>nunc</strong></span> <span class='ocrx_word' id='word_1_936' title='bbox 2887 5122 3184 5178; x_wconf 89' lang='lat' dir='ltr'><strong>secundum</strong></span> <span class='ocrx_word' id='word_1_937' title='bbox 3211 5123 3424 5181; x_wconf 88' lang='lat' dir='ltr'><strong>dicendi</strong></span> <span class='ocrx_word' id='word_1_938' title='bbox 3453 5143 3600 5182; x_wconf 91' lang='lat' dir='ltr'><strong>usum</strong></span> <span class='ocrx_word' id='word_1_939' title='bbox 3625 5123 3767 5178; x_wconf 78' lang='lat' dir='ltr'><strong>anima</strong></span> 
     </span>
    </p>
   </div>
   <div class='ocr_carea' id='block_1_112' title="bbox 2201 5209 3767 5289">
    <p class='ocr_par' dir='ltr' id='par_1_112' title="bbox 2201 5209 3767 5289">
     <span class='ocr_line' id='line_1_112' title="bbox 2201 5209 3767 5289; baseline 0.003 -23"><span class='ocrx_word' id='word_1_940' title='bbox 2201 5209 2274 5266; x_wconf 90' lang='lat' dir='ltr'><strong>sit</strong></span> <span class='ocrx_word' id='word_1_941' title='bbox 2300 5210 2350 5265; x_wconf 93' lang='lat' dir='ltr'><strong>in</strong></span> <span class='ocrx_word' id='word_1_942' title='bbox 2381 5225 2629 5279; x_wconf 88' lang='lat' dir='ltr'><strong>corpore.</strong></span> <span class='ocrx_word' id='word_1_943' title='bbox 2660 5211 2854 5268; x_wconf 86' lang='lat' dir='ltr'><strong>Anima</strong></span> <span class='ocrx_word' id='word_1_944' title='bbox 2891 5213 2943 5268; x_wconf 93' lang='lat' dir='ltr'><strong>in</strong></span> <span class='ocrx_word' id='word_1_945' title='bbox 2972 5213 3211 5272; x_wconf 88' lang='lat' dir='ltr'><strong>humano</strong></span> <span class='ocrx_word' id='word_1_946' title='bbox 3233 5233 3462 5289; x_wconf 88' lang='lat' dir='ltr'><strong>corpore</strong></span> <span class='ocrx_word' id='word_1_947' title='bbox 3499 5232 3579 5276; x_wconf 88' lang='lat' dir='ltr'><strong>est</strong></span> <span class='ocrx_word' id='word_1_948' title='bbox 3599 5263 3614 5285; x_wconf 95' lang='lat'><strong>,</strong></span> <span class='ocrx_word' id='word_1_949' title='bbox 3641 5218 3687 5272; x_wconf 90' lang='lat' dir='ltr'><strong>in</strong></span> <span class='ocrx_word' id='word_1_950' title='bbox 3715 5227 3767 5271; x_wconf 85' lang='lat' dir='ltr'><strong>eo</strong></span> 
     </span>
    </p>
   </div>
   <div class='ocr_carea' id='block_1_113' title="bbox 2201 5305 3766 5386">
    <p class='ocr_par' dir='ltr' id='par_1_113' title="bbox 2201 5305 3766 5386">
     <span class='ocr_line' id='line_1_113' title="bbox 2201 5305 3766 5386; baseline 0.006 -27"><span class='ocrx_word' id='word_1_951' title='bbox 2201 5305 2343 5377; x_wconf 88' lang='lat' dir='ltr'><strong>quod</strong></span> <span class='ocrx_word' id='word_1_952' title='bbox 2375 5305 2555 5360; x_wconf 88' lang='lat' dir='ltr'><strong>anima</strong></span> <span class='ocrx_word' id='word_1_953' title='bbox 2594 5316 2710 5371; x_wconf 89' lang='lat' dir='ltr'><strong>est,</strong></span> <span class='ocrx_word' id='word_1_954' title='bbox 2748 5307 3044 5364; x_wconf 87' lang='lat' dir='ltr'><strong>substantia</strong></span> <span class='ocrx_word' id='word_1_955' title='bbox 3075 5320 3178 5375; x_wconf 86' lang='lat' dir='ltr'><strong>est,</strong></span> <span class='ocrx_word' id='word_1_956' title='bbox 3225 5311 3382 5369; x_wconf 88' lang='lat' dir='ltr'><strong>sicuti</strong></span> <span class='ocrx_word' id='word_1_957' title='bbox 3411 5314 3493 5369; x_wconf 85' lang='lat' dir='ltr'><strong>vel</strong></span> <span class='ocrx_word' id='word_1_958' title='bbox 3532 5307 3766 5386; x_wconf 63' lang='lat' dir='ltr'><strong>ltyle,vel</strong></span> 
     </span>
    </p>
   </div>
   <div class='ocr_carea' id='block_1_114' title="bbox 2205 5398 3764 5468">
    <p class='ocr_par' dir='ltr' id='par_1_114' title="bbox 2205 5398 3764 5468">
     <span class='ocr_line' id='line_1_114' title="bbox 2205 5398 3764 5468; baseline 0.001 -14"><span class='ocrx_word' id='word_1_959' title='bbox 2205 5413 2419 5468; x_wconf 90' lang='lat' dir='ltr'><strong>corpus.</strong></span> <span class='ocrx_word' id='word_1_960' title='bbox 2449 5398 2568 5452; x_wconf 55' lang='lat' dir='ltr'><strong>Istae</strong></span> <span class='ocrx_word' id='word_1_961' title='bbox 2594 5400 2738 5452; x_wconf 91' lang='lat' dir='ltr'><strong>enim</strong></span> <span class='ocrx_word' id='word_1_962' title='bbox 2781 5399 3070 5458; x_wconf 86' lang='lat' dir='ltr'><strong>mundanis</strong></span> <span class='ocrx_word' id='word_1_963' title='bbox 3099 5402 3222 5459; x_wconf 70' lang='lat' dir='ltr'><strong>dum</strong></span> <span class='ocrx_word' id='word_1_964' title='bbox 3257 5405 3584 5461; x_wconf 71' lang='lat' dir='ltr'><strong>substantirc.</strong></span> <span class='ocrx_word' id='word_1_965' title='bbox 3622 5403 3678 5458; x_wconf 85' lang='lat' dir='ltr'><strong>Et</strong></span> <span class='ocrx_word' id='word_1_966' title='bbox 3705 5401 3764 5456; x_wconf 85' lang='lat' dir='ltr'><strong>si-</strong></span> 
     </span>
    </p>
   </div>
   <div class='ocr_carea' id='block_1_115' title="bbox 2204 5491 3764 5569">
    <p class='ocr_par' dir='ltr' id='par_1_115' title="bbox 2204 5491 3764 5569">
     <span class='ocr_line' id='line_1_115' title="bbox 2204 5491 3764 5569; baseline 0.003 -21"><span class='ocrx_word' id='word_1_967' title='bbox 2204 5491 2314 5548; x_wconf 89' lang='lat' dir='ltr'><strong>cuti</strong></span> <span class='ocrx_word' id='word_1_968' title='bbox 2345 5491 2470 5563; x_wconf 81' lang='lat' dir='ltr'><strong>hyle</strong></span> <span class='ocrx_word' id='word_1_969' title='bbox 2499 5492 2724 5546; x_wconf 81' lang='lat' dir='ltr'><strong>formam</strong></span> <span class='ocrx_word' id='word_1_970' title='bbox 2759 5492 2941 5558; x_wconf 85' lang='lat' dir='ltr'><strong>habet,</strong></span> <span class='ocrx_word' id='word_1_971' title='bbox 2971 5494 3077 5552; x_wconf 90' lang='lat' dir='ltr'><strong>hoc</strong></span> <span class='ocrx_word' id='word_1_972' title='bbox 3104 5507 3186 5552; x_wconf 88' lang='lat' dir='ltr'><strong>est</strong></span> <span class='ocrx_word' id='word_1_973' title='bbox 3207 5499 3465 5569; x_wconf 90' lang='lat' dir='ltr'><strong>speciem,</strong></span> <span class='ocrx_word' id='word_1_974' title='bbox 3493 5509 3548 5553; x_wconf 91' lang='lat' dir='ltr'><strong>ut</strong></span> <span class='ocrx_word' id='word_1_975' title='bbox 3571 5511 3643 5554; x_wconf 91' lang='lat' dir='ltr'><strong>est</strong></span> <span class='ocrx_word' id='word_1_976' title='bbox 3668 5510 3764 5552; x_wconf 81' lang='lat' dir='ltr'><strong>cor-</strong></span> 
     </span>
    </p>
   </div>
   <div class='ocr_carea' id='block_1_116' title="bbox 2207 5586 3760 5664">
    <p class='ocr_par' dir='ltr' id='par_1_116' title="bbox 2207 5586 3760 5664">
     <span class='ocr_line' id='line_1_116' title="bbox 2207 5586 3760 5664; baseline 0.003 -23"><span class='ocrx_word' id='word_1_977' title='bbox 2207 5601 2337 5657; x_wconf 90' lang='lat' dir='ltr'><strong>pus,</strong></span> <span class='ocrx_word' id='word_1_978' title='bbox 2383 5594 2477 5641; x_wconf 90' lang='lat' dir='ltr'><strong>aut</strong></span> <span class='ocrx_word' id='word_1_979' title='bbox 2516 5586 2661 5642; x_wconf 91' lang='lat' dir='ltr'><strong>aliud</strong></span> <span class='ocrx_word' id='word_1_980' title='bbox 2701 5588 2943 5660; x_wconf 90' lang='lat' dir='ltr'><strong>aliquid;</strong></span> <span class='ocrx_word' id='word_1_981' title='bbox 2989 5606 3154 5648; x_wconf 88' lang='lat' dir='ltr'><strong>unum</strong></span> <span class='ocrx_word' id='word_1_982' title='bbox 3195 5593 3411 5664; x_wconf 89' lang='lat' dir='ltr'><strong>quidem</strong></span> <span class='ocrx_word' id='word_1_983' title='bbox 3437 5595 3609 5656; x_wconf 76' lang='grc' dir='ltr'><strong>ὑλικῶς</strong></span> <span class='ocrx_word' id='word_1_984' title='bbox 3630 5601 3698 5648; x_wconf 87' lang='lat' dir='ltr'><strong>est</strong></span> <span class='ocrx_word' id='word_1_985' title='bbox 3717 5589 3760 5643; x_wconf 85' lang='lat' dir='ltr'><strong>in</strong></span> 
     </span>
    </p>
   </div>
   <div class='ocr_carea' id='block_1_117' title="bbox 2209 5680 3758 5759">
    <p class='ocr_par' dir='ltr' id='par_1_117' title="bbox 2209 5680 3758 5759">
     <span class='ocr_line' id='line_1_117' title="bbox 2209 5680 3758 5759; baseline 0.002 -25"><span class='ocrx_word' id='word_1_986' title='bbox 2209 5680 2406 5736; x_wconf 89' lang='lat' dir='ltr'><strong>molem</strong></span> <span class='ocrx_word' id='word_1_987' title='bbox 2435 5689 2770 5738; x_wconf 89' lang='lat' dir='ltr'><strong>concretum.</strong></span> <span class='ocrx_word' id='word_1_988' title='bbox 2801 5680 3040 5741; x_wconf 84' lang='lat' dir='ltr'><strong>Necesse</strong></span> <span class='ocrx_word' id='word_1_989' title='bbox 3075 5694 3159 5742; x_wconf 91' lang='lat' dir='ltr'><strong>est</strong></span> <span class='ocrx_word' id='word_1_990' title='bbox 3200 5685 3348 5744; x_wconf 89' lang='lat' dir='ltr'><strong>enim</strong></span> <span class='ocrx_word' id='word_1_991' title='bbox 3387 5687 3577 5759; x_wconf 89' lang='lat' dir='ltr'><strong>aliquid</strong></span> <span class='ocrx_word' id='word_1_992' title='bbox 3603 5699 3758 5757; x_wconf 86' lang='lat' dir='ltr'><strong>quam-</strong></span> 
     </span>
    </p>
   </div>
   <div class='ocr_carea' id='block_1_118' title="bbox 2208 5773 3758 5857">
    <p class='ocr_par' dir='ltr' id='par_1_118' title="bbox 2208 5773 3758 5857">
     <span class='ocr_line' id='line_1_118' title="bbox 2208 5773 3758 5857; baseline 0.002 -26"><span class='ocrx_word' id='word_1_993' title='bbox 2208 5773 2332 5831; x_wconf 88' lang='lat' dir='ltr'><strong>dam</strong></span> <span class='ocrx_word' id='word_1_994' title='bbox 2369 5775 2720 5846; x_wconf 88' lang='lat' dir='ltr'><strong>quantitatem</strong></span> <span class='ocrx_word' id='word_1_995' title='bbox 2763 5792 2887 5835; x_wconf 89' lang='lat' dir='ltr'><strong>esse</strong></span> <span class='ocrx_word' id='word_1_996' title='bbox 2927 5797 2940 5835; x_wconf 89' lang='lat'><strong>:</strong></span> <span class='ocrx_word' id='word_1_997' title='bbox 2987 5789 3480 5857; x_wconf 87' lang='lat' dir='ltr'><strong>quantumcumque</strong></span> <span class='ocrx_word' id='word_1_998' title='bbox 3524 5782 3666 5855; x_wconf 81' lang='lat' dir='ltr'><strong>igitur</strong></span> <span class='ocrx_word' id='word_1_999' title='bbox 3694 5784 3758 5834; x_wconf 82' lang='lat' dir='ltr'><strong>est</strong></span> 
     </span>
    </p>
   </div>
  </div>
