4024 6306
280 202 424 262 1065

1498 210 1866 271 ADVERSUS
1902 213 2121 274 ARlUM
2160 174 2383 278 LIBER.
2407 222 2447 278 I.

3447 241 3587 302 1066

274 317 419 389 quod
458 325 548 391 est
592 317 828 393 Itylicum
876 338 890 374 =
941 320 1032 377 Sic
1078 321 1221 377 enim
1274 322 1569 394 quantitate
1616 325 1951 390 deﬁniturA
2052 330 2293 391 XXXIII.
2333 336 2438 393 Sed
2483 337 2585 394 ista
2628 338 2771 397 sicut
2821 342 2873 398 in
2927 330 3425 412 similitttdinche
3475 358 3587 415 Deo

277 411 425 482 hyle,
455 421 515 468 ut
539 414 828 483 subsistat,
857 425 912 471 et
935 417 1234 472 substantia
1264 417 1387 483 ﬁat,
1412 418 1523 488 jam
1554 420 1756 492 aliquid
1783 437 1878 476 ex-

276 502 465 562 istens.
519 505 631 563 isto
664 508 827 564 modo
856 517 911 565 et
940 511 1120 566 anima
1144 552 1161 579 ,
1191 510 1487 568 substantia
1525 514 1879 585 incorporalis

276 613 398 669 quas
439 600 542 667 sit,
591 600 958 660 deﬁnitionem
1000 613 1057 661 et
1096 606 1381 678 imaginem
1423 607 1584 664 habet
1615 627 1628 663 :
1658 610 1876 666 vitalem

276 695 572 764 potentiam
598 705 653 752 et
683 697 1143 769 intelligentialem
1166 741 1181 764 ,
1214 700 1466 771 bipatens
1492 703 1658 771 enim,
1699 715 1752 759 et
1780 719 1875 775 ge-

274 788 407 845 mini
439 789 656 846 luminis
684 809 698 847 :
727 792 928 849 etenim
967 803 1020 850 et
1058 794 1293 851 viviﬁcat
1317 797 1477 852 vitam
1506 797 1641 853 dans
1666 799 1877 856 anima-

277 881 418 939 libus
440 923 454 947 ,
485 894 541 940 et
570 883 733 941 habet
757 887 1158 957 coinquinatum
1188 889 1274 945 τὸν
1297 895 1446 957 νοῦν,
1487 899 1542 945 ει
1572 890 1840 964 ὁμοούσιον
1859 934 1875 962 ,

275 984 331 1031 et
359 975 559 1033 idcirco
583 974 837 1051 ὁμοοῦσια
862 980 1043 1034 omnia
1077 998 1089 1033 :
1132 980 1290 1036 simul
1317 982 1462 1037 enim
1494 982 1797 1039 substantia
1824 995 1880 1041 et

274 1078 457 1129 motus
482 1070 535 1126 id
561 1072 734 1141 ipsum
757 1087 879 1128 cum
904 1073 993 1138 sit,
1019 1073 1316 1129 secundum
1346 1075 1649 1146 subjectum
1673 1076 1874 1145 anima,

269 1164 424 1236 juxta
451 1164 597 1235 quod
624 1165 763 1220 vivit
789 1174 844 1221 ct.
870 1167 1112 1221 viviﬁcat
1137 1183 1151 1233 ;
1180 1177 1235 1223 et
1254 1167 1408 1238 juxta
1435 1168 1575 1240 quod
1604 1169 1876 1241 intelligit,

274 1266 333 1315 et
354 1258 708 1329 intelligentia
731 1269 814 1313 est
836 1274 938 1313 una
972 1259 1211 1317 motione
1230 1302 1244 1325 ,
1275 1270 1333 1316 ut
1367 1277 1469 1316 una
1498 1264 1613 1333 ipsa
1637 1277 1758 1317 cum
1787 1265 1875 1331 sit,

272 1368 395 1425 qua:
445 1353 654 1424 species
696 1361 782 1410 est
830 1355 1027 1425 ipsius,
1073 1356 1328 1411 deﬁnitur
1356 1356 1501 1413 enim
1529 1358 1796 1427 motione,
1826 1369 1881 1416 ct

273 1446 460 1502 existit
494 1460 663 1501 unum
703 1443 793 1514 ὂν,
852 1446 1052 1516 duplici
1099 1448 1339 1518 potentia
1368 1449 1419 1503 in
1461 1465 1570 1506 uno
1603 1461 1749 1507 motu
1786 1467 1881 1507 ex-

276 1539 474 1597 istente
522 1559 535 1596 :
588 1541 710 1597 vita:
762 1550 818 1597 ct
894 1532 1261 1613 intelligentiae
1310 1561 1326 1598 :
1368 1544 1880 1615 impassionabilitcr

274 1634 493 1706 quidem
525 1635 625 1691 ista
647 1676 662 1701 ,
692 1635 747 1690 in
773 1635 987 1692 actione
1024 1636 1133 1691 duo
1154 1680 1168 1704 ,
1200 1637 1253 1692 in
1282 1653 1385 1693 una
1410 1640 1668 1705 motione.
1692 1640 1746 1696 id
1774 1651 1873 1711 est,

1983 424 2151 521 enim,
2182 436 2237 482 et
2258 428 2326 485 de
2351 431 2499 505 λόγῳ,
2528 431 2629 489 hoc
2660 443 2763 500 est,
2796 435 2935 491 Filio
2960 439 3085 496 Jesu
3118 442 3351 512 Christo,
3378 457 3434 503 et
3459 450 3585 521 Spi-

1980 517 2087 573 ritu
2119 529 2305 576 sancto
2332 523 2597 581 diviniore
2636 526 2991 602 intelligentia
3028 541 3278 603 utentes,
3321 517 3584 610 suscipia-

1981 627 2101 667 mus
2145 613 2368 671 istorum
2409 617 2673 692 ὁμοούσιον
2711 622 2989 681 unitatem.
3021 626 3261 685 Primum
3304 630 3586 704 inquiren-

1982 703 2131 770 dum,
2150 705 2198 762 si
2221 706 2362 763 idem
2391 717 2476 765 est
2506 711 2667 778 Deus,
2692 721 2747 768 et
2770 714 2880 771 Deo
2904 731 3046 785 esse,
3076 718 3141 774 an
3168 721 3315 777 aliud
3344 703 3588 795 aliquid?

1982 795 2041 852 Si
2074 796 2240 867 idem,
2277 800 2388 871 jam
2431 810 2487 858 et
2523 818 2645 860 esse
2679 814 2794 873 est,
2827 816 2882 862 et
2915 826 3074 882 agere
3106 831 3118 868 ;
3154 812 3201 867 si
3233 824 3410 873 autem
3442 818 3588 875 aliud

1982 890 2095 947 Deo
2117 907 2264 961 esse,
2302 894 2446 950 aliud
2490 896 2656 953 Deum
2688 915 2828 962 esse.
2863 905 3319 972 prmexistentiale
3345 920 3429 967 est
3479 914 3591 971 Deo

1982 997 2128 1050 esse,
2154 985 2352 1057 quippe
2374 986 2427 1043 in
2448 991 2686 1059 potentia
2714 992 2955 1051 existens
2981 998 3047 1052 ad
3073 998 3125 1052 id
3148 1002 3287 1068 quod
3323 1011 3406 1059 est
3443 1020 3587 1073 esse,

1982 1075 2124 1147 quod
2152 1093 2280 1134 vere
2309 1080 2480 1152 magis
2508 1082 2561 1137 id
2592 1092 2675 1139 est
2700 1086 2843 1155 quod
2865 1096 2949 1142 est
2973 1082 3096 1146 εεεε
3126 1110 3139 1144 τ
3168 1095 3411 1164 potentia
3442 1098 3586 1153 enim

1981 1170 2163 1225 omnia
2192 1173 2544 1243 przeexistens
2568 1184 2624 1231 et
2672 1178 2992 1249 principium
3017 1225 3031 1249 ,
3062 1192 3119 1240 et
3156 1193 3283 1241 ante
3309 1195 3393 1244 est
3423 1206 3584 1260 quam

1981 1278 2111 1320 vere
2131 1262 2205 1320 ὅν.
2234 1266 2338 1322 Sed
2362 1267 2505 1324 istud
2535 1269 2706 1337 beate,
2744 1272 2796 1327 in
2820 1275 2998 1346 quiete
3029 1293 3148 1334 esse
3174 1283 3445 1337 :cstimant
3474 1302 3592 1341 om-

1983 1356 2113 1412 nino
2164 1358 2487 1415 omnimodis
2528 1380 2542 1415 :
2585 1354 2653 1418 in.
2685 1372 2833 1420 motu
2876 1368 3050 1424 solum
3124 1374 3287 1444 quod.
3314 1392 3477 1433 causa
3522 1378 3595 1435 sit

1982 1449 2322 1506 omnibusin
2363 1455 2739 1528 qualicumque
2795 1460 3033 1518 motione
3085 1465 3468 1526 existentibus.
3522 1471 3595 1528 Et

1982 1541 2169 1598 dicunt
2203 1543 2344 1600 istud
2378 1549 2767 1616 praenoscentia
2794 1552 3033 1624 concipi,
3067 1572 3187 1627 qua:
3222 1559 3337 1631 ipsa
3370 1579 3465 1631 per
3504 1578 3593 1620 sc-

1983 1643 2097 1690 met
2119 1636 2255 1691 nihil
2281 1644 2385 1706 est,
2414 1638 2511 1694 sed
2569 1644 2923 1713 conceptione
2963 1649 3105 1717 quod
3144 1654 3427 1720 praexistit
3474 1673 3596 1713 sus-

274 1728 417 1799 quod
446 1738 755 1800 generatur,
779 1739 833 1786 et
858 1729 1027 1786 Filius
1051 1732 1359 1801 unigenitus
1385 1732 1580 1790 animae
1606 1734 1723 1805 ipse
1747 1735 1878 1800 vita,
1909 1733 1957 1794 B
1985 1728 2202 1798 ficitur.
2251 1730 2357 1786 Sed
2402 1733 2691 1802 scriptura,
2720 1744 2777 1790 et
2817 1739 2991 1793 omnis
3034 1740 3386 1815 intelligentia
3432 1748 3593 1805 istum

273 1823 394 1894 ipse
443 1829 563 1887 νοῦς
601 1824 842 1879 existens
864 1864 880 1891 ,
925 1834 980 1879 et
1016 1824 1183 1895 prima
1214 1826 1450 1894 potentia
1480 1841 1601 1881 cum
1634 1839 1710 1883 ‘co
1739 1828 1878 1898 quod

275 1916 325 1972 ei
348 1932 470 1973 esse
504 1917 611 1972 vita
652 1926 737 1973 est
774 1934 788 1970 :
834 1933 941 1988 quo
982 1919 1124 1973 enim
1167 1927 1284 1985 εει,
1342 1919 1445 1974 Ιιοε
1490 1928 1575 1975 εει
1615 1920 1757 1991 quod
1800 1928 1883 1976 est

275 2012 384 2067 vita
415 2029 429 2065 :
462 2011 593 2068 illud
622 2013 765 2067 enim
795 2027 918 2069 esse
945 2014 1031 2069 isti
1059 2014 1158 2084 ipsi
1180 2014 1322 2086 quod
1361 2014 1665 2070 substantia
1691 2022 1797 2080 est,
1827 2022 1883 2071 et

274 2105 385 2161 vita
429 2113 531 2171 est,
573 2114 628 2161 et
655 2120 818 2176 supra
844 2108 1009 2162 vitam
1037 2117 1156 2175 est;
1204 2122 1310 2163 non
1354 2108 1498 2163 enim
1529 2106 1675 2163 aliud
1705 2106 1880 2162 vivifi-

277 2207 398 2264 cat,
445 2212 620 2269 neque
674 2199 1025 2270 semetipsum
1063 2217 1078 2255 :
1118 2215 1225 2256 non
1270 2200 1413 2255 enim
1466 2200 1535 2256 ab
1575 2200 1683 2254 alio
1730 2199 1882 2270 quasi

277 2290 426 2346 aliud
453 2290 671 2361 accipit,
704 2290 807 2348 hoc
834 2292 978 2348 enim
1010 2292 1179 2364 ipsius
1204 2292 1346 2364 quod
1375 2301 1461 2350 est
1484 2308 1637 2362 esse,
1668 2292 1774 2363 ipsi
1799 2300 1884 2349 est

278 2378 512 2451 moveri,
554 2394 609 2441 et
640 2386 931 2442 motionem
973 2402 1127 2453 esse;
1175 2398 1231 2443 et
1274 2387 1417 2459 quod
1448 2396 1533 2443 est
1562 2388 1746 2455 motio,
1781 2386 1883 2441 hoc

280 2477 388 2534 vita
416 2486 529 2545 est;
561 2486 616 2535 et
650 2478 792 2550 quod
834 2480 939 2536 vita
978 2491 1081 2547 est,
1113 2480 1218 2536 hoc
1256 2490 1343 2538 est
1369 2482 1743 2554 intelligentia.
1778 2480 1883 2538 Ista

279 2571 424 2628 enim
451 2570 826 2628 substantialia
853 2572 978 2628 dico
1000 2615 1014 2636 ,
1046 2573 1334 2641 motiones,
1359 2574 1548 2641 vitam,
1574 2574 1877 2646 intelligen-

283 2665 442 2731 tiam,
485 2664 686 2721 nullam
721 2665 938 2735 dicens,
978 2667 1315 2723 sensibilium
1354 2669 1652 2723 motionum
1699 2683 1799 2724 nec
1829 2668 1881 2724 in

281 2758 462 2816 locum
484 2760 764 2816 transitum
792 2778 805 2815 :
830 2761 939 2818 duo
967 2776 1097 2833 ergo
1126 2762 1262 2830 lucc,
1290 2762 1400 2816 vita
1426 2771 1480 2819 et
1504 2762 1880 2834 intelligentia,

282 2854 535 2928 ὁμοούο-ια
558 2864 682 2913 sunt
711 2856 761 2912 ei
786 2856 927 2928 quod
959 2868 1045 2913 est
1071 2872 1212 2922 esse,
1248 2857 1353 2913 hoc
1378 2866 1483 2924 est,
1513 2858 1729 2914 animm.
1752 2859 1885 2928 Quae

281 2948 392 3005 duo
415 2965 518 3004 una
544 2958 630 3005 est
655 2950 823 3006 motio
841 2991 858 3019 ,
887 2966 1008 3022 quas
1042 2951 1261 3021 quidem
1289 2953 1460 3022 prima
1492 2953 1733 3023 potentia
1761 2955 1885 3010 vitae

282 3049 388 3109 est,
410 3040 581 3097 forma
599 3042 741 3098 enim
758 3057 825 3098 eo
844 3042 987 3115 quod
1005 3050 1090 3100 est
1111 3057 1254 3109 esse,
1267 3044 1377 3099 vita
1396 3054 1497 3102 est.
1521 3044 1716 3100 Detlnit
1737 3046 1882 3102 enim

1988 1821 2154 1877 Deum
2202 1830 2260 1879 et
2293 1838 2414 1881 esse
2447 1824 2598 1892 dicit,
2622 1835 2678 1882 et
2716 1836 2840 1884 ante
2874 1829 3048 1897 ipsum
3076 1834 3205 1890 nihil
3238 1853 3380 1904 esse,
3412 1841 3501 1911 qui
3543 1850 3599 1897 et

1984 1911 2039 1967 id
2069 1921 2154 1969 est
2176 1914 2318 1985 quod
2353 1924 2439 1972 est
2465 1930 2606 1983 esse,
2636 1927 2691 1975 et
2717 1920 2769 1974 id
2798 1922 2938 1991 quod
2963 1927 3196 1995 onerari.
3224 1927 3390 1985 Istum
3425 1933 3596 1989 Deum

1985 2006 2306 2066 conﬁtemur
2327 2016 2381 2064 et
2396 2011 2642 2078 colimus,
2665 2013 2991 2086 principium
3020 2019 3261 2075 omnium
3283 2039 3404 2094 quas
3425 2035 3553 2083 sunt
3581 2046 3595 2082 :

1987 2101 2200 2159 actione
2243 2104 2386 2160 enim
2427 2114 2567 2171 sunt,
2609 2124 2728 2178 qua:
2763 2116 2887 2164 sunt
2928 2128 2941 2163 :
2981 2121 3106 2167 ante
3146 2113 3289 2169 enim
3330 2118 3598 2177 actionem

1984 2196 2220 2252 nondum
2263 2206 2421 2263 sunt;
2465 2207 2744 2255 actuosum
2776 2201 2920 2257 enim
2950 2204 3117 2260 Deum
3148 2206 3473 2278 accipimus,
3519 2213 3599 2268 si-

1985 2297 2078 2346 cut
2103 2290 2157 2344 in
2182 2289 2446 2361 principio
2476 2292 2605 2348 fecit
2647 2294 2786 2350 Deus
2814 2297 3011 2352 ctelnm
3042 2307 3099 2354 et
3128 2307 3349 2369 terram,
3383 2311 3438 2359 et
3473 2305 3603 2362 fecit

1986 2382 2242 2454 Angelos,
2295 2383 2603 2453 hominem,
2652 2394 2708 2441 et
2744 2387 2924 2443 omnia
2968 2389 3020 2442 in
3052 2391 3204 2446 caelis
3234 2401 3290 2449 et
3330 2394 3385 2449 in
3428 2404 3595 2454 terra.

1986 2473 2093 2531 Iste
2122 2474 2284 2546 igitur
2313 2492 2475 2532 verus
2504 2478 2646 2535 Deus
2674 2487 2731 2535 et
2760 2480 2904 2535 solus
2933 2482 3096 2549 Dens,
3128 2484 3255 2555 quia
3279 2495 3334 2542 et
3358 2491 3601 2559 potentia

1986 2578 2043 2626 et
2067 2570 2280 2627 actione
2304 2570 2469 2640 Dens,
2491 2571 2586 2628 sed
2617 2571 2672 2628 in
2707 2582 2907 2631 acterna
2933 2593 2945 2629 :
2979 2585 3039 2631 ut
3062 2576 3311 2636 Christus
3334 2590 3389 2637 et
3412 2593 3601 2653 poten-

1985 2663 2060 2719 tia
2088 2673 2146 2720 et
2184 2666 2425 2731 actione,
2459 2665 2555 2723 sed
2594 2667 2701 2737 jam
2735 2667 2868 2723 foris
2898 2677 2954 2725 et
2992 2678 3198 2741 aperta.
3234 2674 3392 2731 Pater
3431 2677 3601 2748 igitur

1988 2757 2131 2814 Deus
2167 2759 2337 2829 prima
2363 2759 2525 2826 actio,
2556 2768 2611 2816 et
2634 2760 2804 2832 prima
2861 2762 3153 2820 existentia
3183 2775 3239 2823 et
3262 2770 3595 2841 substantia,

1987 2860 2044 2908 et
2070 2852 2365 2923 principale
2392 2856 2451 2911 τὸ
2479 2852 2560 2920 ὂν,
2590 2854 2805 2911 actione
2832 2871 2860 2909 a
2889 2872 2949 2911 se
2975 2872 3070 2912 sua
3099 2874 3219 2915 sese
3256 2862 3351 2931 qui
3374 2873 3601 2935 generet

1988 2947 2109 3003 sine
2160 2948 2426 3019 principio
2447 2991 2462 3013 ,
2491 2963 2706 3020 semper
2733 2951 2974 3007 existens
3000 2968 3031 3007 a
3061 2969 3141 3021 se,
3172 2956 3411 3014 existens
3469 2961 3595 3016 inﬁ-

1990 3039 2167 3109 nitns,
2221 3041 2550 3098 omnimodis
2611 3043 2914 3112 perfectus,
2966 3047 3338 3123 omnipotens,
3403 3052 3598 3110 immu-

282 3133 549 3190 inﬁnitum
579 3150 723 3204 esse,
744 3136 888 3208 quod
915 3146 997 3193 est
1026 3138 1195 3207 prima
1228 3139 1466 3208 potentia
1491 3138 1765 3205 motionis,
1790 3154 1879 3196 se-

1986 3132 2198 3200 tabilis,
2237 3149 2452 3204 semper
2491 3134 2570 3191 sic
2607 3144 2660 3192 et
2699 3136 2888 3193 eodem
2932 3139 3094 3194 modo
3150 3143 3422 3214 existens,
3463 3148 3595 3203 sub-

282 3229 463 3286 eunda
481 3237 659 3285 autem
692 3231 929 3302 potentia
961 3231 1073 3302 ipsa
1102 3233 1302 3300 motio;
1334 3233 1591 3303 quoniam
1620 3232 1763 3304 quod
1788 3232 1883 3289 de-

282 3324 490 3392 ﬁnitur,
516 3332 573 3382 et
591 3325 943 3397 intelligentia
965 3326 1444 3398 comprehenditur
1472 3343 1503 3382 a
1540 3328 1669 3392 vita,
1699 3329 1883 3384 innata

282 3419 638 3491 intelligentia
673 3420 1081 3493 substantiaque
1108 3422 1198 3490 sit,
1223 3422 1375 3494 juxta
1400 3422 1542 3493 quod
1574 3433 1657 3480 est
1683 3423 1884 3481 intelli-
1931 3464 1945 3495 ν-

281 3512 464 3584 gentia
500 3521 554 3568 ει
582 3513 903 3583 subsistens,
951 3524 1007 3570 et
1048 3530 1144 3586 per
1200 3515 1544 3586 semetipsam
1582 3516 1807 3574 deducta
1850 3532 1881 3573 ιι

282 3606 582 3663 substantia
609 3607 755 3664 vitae.
786 3606 964 3665 Unum
991 3608 1106 3665 haec
1129 3608 1267 3674 duo,
1309 3618 1364 3664 et
1394 3625 1555 3665 unum
1578 3611 1729 3679 juxta
1760 3625 1882 3667 mo-

285 3709 396 3756 tum
423 3701 564 3757 ﬁlius
591 3711 677 3758 est
695 3743 711 3769 ,
740 3702 1047 3773 unigenilus
1074 3702 1298 3769 animae,
1326 3702 1457 3758 nihil
1487 3705 1754 3774 passionis
1788 3721 1883 3776 pa-

282 3796 467 3852 tientis
482 3796 635 3867 juxta
663 3796 807 3868 quod
842 3797 1034 3851 anima:
1062 3803 1181 3852 est:
1209 3796 1312 3852 hoc
1339 3805 1518 3853 autem
1544 3807 1627 3854 εει
1655 3798 1737 3853 vel
1769 3814 1883 3853 ma-

284 3898 385 3957 ter,
429 3874 514 3944 vel
552 3896 705 3960 pater
746 3888 1006 3960 unigeniti
1050 3889 1183 3960 lilii,
1229 3889 1468 3946 motione
1510 3890 1565 3945 in
1610 3890 1878 3961 duplicem

280 3983 581 4064 potentiam
606 3984 954 4055 procedente,
986 4000 1108 4055 qute
1133 3985 1246 4040 sola
1273 3985 1509 4055 patitur:
1542 3984 1709 4041 motio
1734 3985 1878 4043 enim

283 4077 502 4150 passio,
530 4085 587 4133 et
607 4076 845 4133 motione
872 4076 1085 4148 passio,
1114 4076 1168 4132 in
1202 4076 1441 4135 motione
1466 4078 1609 4137 enim
1636 4081 1806 4137 motio
1827 4087 1883 4137 et

280 4182 456 4231 status
480 4186 495 4223 :
525 4180 723 4228 statum
749 4180 926 4229 autem
945 4186 1067 4228 esse
1087 4171 1142 4228 in
1166 4171 1402 4229 tnotione
1426 4173 1606 4245 passio
1625 4184 1728 4244 est,
1753 4187 1805 4233 et
1824 4175 1880 4232 in

283 4268 527 4325 motione
563 4283 685 4325 esse
715 4283 747 4324 a
776 4276 918 4324 statu
945 4275 1030 4324 est
1053 4267 1266 4339 passio,
1295 4282 1425 4339 ergo
1452 4280 1508 4325 et
1534 4270 1737 4327 motio:
1768 4287 1882 4329 mo-

281 4362 429 4417 tione
458 4359 621 4432 igitur
649 4359 824 4416 omnis
854 4359 1054 4430 passio.
1084 4359 1210 4415 Harc
1237 4372 1414 4416 autem
1443 4360 1662 4431 duplex,
1690 4378 1885 4420 secun-

281 4452 410 4509 dum
433 4453 596 4508 vitam
627 4458 683 4508 et
700 4451 1103 4524 intelligentiam
1131 4471 1143 4506 :
1169 4452 1461 4510 secundum
1490 4453 1650 4511 vitam
1668 4455 1881 4528 quidem

1984 3226 2251 3282 stantialis
2306 3228 2357 3281 in
2430 3228 2768 3299 semetipso:
2807 3231 2953 3306 λόγος
3006 3233 3244 3291 existens
3294 3236 3359 3291 ad
3433 3239 3486 3294 id
3534 3248 3597 3296 ιιι

1985 3322 2096 3378 sint
2120 3322 2325 3392 omnia,
2359 3338 2464 3377 non
2495 3332 2554 3379 ut
2579 3324 2724 3380 aliud
2754 3325 2979 3397 aliquid,
3007 3336 3099 3384 aut
3126 3340 3176 3384 ut
3206 3331 3458 3400 alterum,
3495 3335 3595 3391 sed

1983 3419 2148 3476 simul
2172 3419 2518 3490 simplicitate
2539 3422 2872 3489 coexistens,
2902 3432 2958 3476 et
3007 3423 3253 3482 unitlone
3278 3443 3444 3482 unum
3470 3438 3591 3485 est:

1986 3512 2091 3567 hoc
2114 3511 2257 3567 enim
2286 3510 2429 3582 quod
2455 3511 2597 3585 λόγος
2623 3519 2739 3577 εει,
2773 3511 2825 3565 id
2853 3512 3027 3583 ipsum
3059 3525 3144 3571 est
3166 3516 3308 3587 quod
3335 3529 3417 3574 est
3443 3534 3589 3587 esse,

1983 3615 2039 3663 et
2084 3606 2201 3677 ipso
2249 3604 2394 3676 quod
2439 3615 2524 3661 est
2570 3620 2721 3671 esse,
2760 3606 2904 3681 λόγος
2949 3617 3032 3663 εει
3072 3626 3085 3662 :
3128 3608 3243 3680 ipse
3273 3612 3416 3666 enim
3445 3613 3592 3687 λόγος

1984 3699 2125 3755 Deus
2169 3706 2287 3764 εει,
2328 3713 2492 3754 ιιιιιιιη
2530 3713 2659 3769 ergo
2697 3708 2749 3754 et
2780 3699 3047 3773 ὁμοούσιον
3090 3720 3103 3755 :
3151 3717 3256 3759 non
3287 3705 3430 3760 enim
3464 3708 3584 3763 sine

1983 3793 2198 3848 actione
2228 3792 2390 3856 Deus,
2417 3791 2512 3848 sed
2540 3800 2796 3862 operatur
2827 3792 2989 3859 Dens,
3022 3793 3180 3849 sicuti
3205 3796 3431 3853 dictum.

2056 3885 2300 3941 XXXIV.
2329 3882 2637 3942 Substantia
2662 3894 2841 3941 autem
2874 3884 2963 3940 Dei
2994 3884 3172 3957 imago
3200 3897 3303 3956 est,
3332 3891 3494 3957 actio,
3526 3894 3588 3948 fl-

1984 3978 2196 4049 liusque
2220 3988 2339 4045 εει,
2367 3991 2466 4048 per
2494 3991 2653 4045 quam
2683 3975 3016 4047 intelligitur,
3054 3987 3111 4034 et
3137 3979 3279 4050 quod
3306 3981 3376 4037 sit
3400 3982 3586 4039 decla-

1983 4081 2134 4128 ratur
2163 4071 2344 4145 (Jomt.
2364 4112 2380 4136 ,
2413 4084 2526 4138 XIV,
2555 4068 2614 4141 9)
2652 4086 2666 4123 :
2699 4068 2800 4135 Qui
2837 4087 2915 4124 me
2938 4070 3092 4139 vidit,
3123 4073 3246 4126 vidit
3273 4082 3319 4128 et
3352 4073 3582 4133 Patrem.

1984 4167 2054 4223 Et
2099 4167 2211 4238 ipsa
2257 4163 2557 4221 subSIantia
2598 4163 2874 4230 existens,
2909 4162 3112 4221 habens
3169 4181 3320 4231 esse,
3351 4178 3405 4224 et
3440 4185 3467 4222 a
3500 4186 3580 4226 se.

1984 4259 2249 4330 Quoniam
2296 4266 2474 4314 autem
2518 4271 2681 4313 causa
2717 4255 2817 4327 ipsi
2859 4256 3017 4312 estid
3045 4256 3098 4311 in
3132 4274 3237 4326 quo
3262 4269 3368 4327 est,
3408 4261 3586 4334 imago

1983 4352 2102 4424 ipsa
2134 4351 2274 4407 ﬁlius
2303 4360 2387 4407 est
2411 4350 2551 4423 ejus,
2587 4350 2637 4403 in
2665 4364 2773 4419 quo
2813 4357 2899 4404 est
2925 4347 3184 4406 ineffabili
3210 4355 3582 4422 generatione,

1986 4456 2039 4503 et
2071 4446 2304 4503 maxime
2337 4443 2687 4516 ingenerabili
2723 4444 3105 4514 generatione,
3129 4454 3221 4499 aut
3247 4448 3416 4519 magis
3444 4464 3591 4507 sem-

284 4544 483 4618 passio,
521 4544 661 4616 quod
699 4544 873 4600 adhuc
900 4544 1103 4616 indiget
1131 4545 1350 4602 alterius
1377 4546 1516 4617 quod
1543 4549 1657 4603 vult
1686 4548 1886 4605 vivefa—
1909 4537 1963 4598 Ι)
1992 4558 2085 4613 per
2113 4549 2406 4613 generante
2431 4538 2781 4611 generatione
2805 4556 2817 4593 :
2846 4538 2987 4610 quod
3020 4546 3075 4595 et
3099 4538 3405 4601 Alexander
3428 4544 3580 4602 dixit.

282 4654 430 4706 cere,
461 4647 519 4693 et
564 4636 686 4694 ideo
726 4637 875 4708 juxta
904 4637 1047 4708 quod
1087 4637 1202 4707 ejus
1227 4647 1305 4693 est
1335 4638 1601 4711 particeps
1624 4682 1638 4708 ,
1668 4649 1722 4697 et
1744 4641 1879 4699 alias

282 4730 485 4804 patitur
510 4730 785 4802 passiones
811 4744 979 4802 usque
1009 4729 1063 4785 in
1100 4738 1349 4786 mortem.
1375 4730 1679 4789 Secundum
1703 4742 1879 4790 autem

284 4824 716 4897 intelligentiam,
733 4823 986 4896 quoniam
1010 4836 1060 4881 et
1086 4824 1188 4879 ista
1208 4824 1452 4895 indigens
1477 4833 1561 4891 est
1586 4827 1701 4896 ejus
1739 4826 1880 4899 quod

283 4917 623 4990 intelligibile
652 4927 756 4984 est,
783 4927 842 4973 ut
866 4917 1218 4988 intelligentia
1238 4917 1533 4985 subsistat;
1565 4920 1735 4991 magis
1763 4935 1883 4990 pas-

282 5010 467 5068 siones
490 5021 544 5068 et
573 5009 912 5068 inﬁrmitates
937 5010 1184 5079 incurrit,
1207 5020 1260 5067 et
1294 5012 1527 5069 volvitur
1548 5013 1850 5071 insensibili
1866 5044 1882 5056 -

282 5105 406 5173 bus,
440 5115 492 5162 et
521 5119 620 5177 per
647 5103 982 5177 phantasiam
1021 5104 1076 5159 in
1117 5105 1301 5161 falsam
1330 5107 1730 5165 subsistentiam
1779 5108 1887 5165 cir-

285 5197 643 5257 cumducitur.
672 5198 791 5254 Istis
806 5198 968 5270 igitur
991 5199 1365 5268 existentibus,
1410 5202 1511 5258 ista
1536 5203 1881 5273 patientibus,

282 5302 467 5351 manet
486 5292 664 5349 anima
680 5293 835 5365 juxta
859 5293 1236 5362 substantiam,
1264 5296 1576 5353 custodiens
1604 5296 1657 5352 in
1681 5296 1888 5353 semine

283 5387 543 5446 motionis
567 5386 860 5459 potentiam
887 5387 1010 5444 vitae
1040 5397 1094 5444 et
1117 5389 1516 5461 intelligentiae,
1547 5406 1653 5462 qua
1677 5405 1890 5462 semper

286 5492 541 5538 manente
565 5480 678 5537 vita
701 5488 757 5537 et
781 5479 1136 5552 intelligentia
1164 5483 1493 5550 accenditur,
1518 5485 1688 5556 magis
1709 5494 1888 5541 autem

1988 4634 2267 4691 Etdicitur
2280 4648 2495 4704 semper
2516 4642 2690 4703 pater,
2712 4645 2926 4702 semper
2944 4630 3087 4686 ﬁlius
3112 4632 3271 4688 simul
3318 4636 3582 4694 existens.

1987 4727 2131 4799 Ergo
2165 4735 2219 4782 ει
2254 4740 2469 4795 semper
2537 4722 3007 4780 consubstantialis
3046 4727 3371 4793 coexistcns,
3416 4746 3585 4789 unum

1989 4823 2264 4887 existens,
2309 4821 2361 4875 in
2403 4827 2553 4890 patre
2592 4816 2734 4871 ﬁlius
2772 4828 2890 4884 est;
2921 4833 3044 4874 cum
3092 4829 3272 4877 autem
3304 4838 3584 4894 operatur,

1989 4914 2235 4989 procedit
2272 4932 2285 4967 :
2317 4928 2441 4969 cum
2474 4911 2740 4983 procedit,
2771 4912 2822 4966 in
2854 4911 2968 4968 ﬁlio
2993 4923 3077 4970 est
3104 4924 3274 4985 pater.
3304 4919 3588 4987 Quomodo

1984 5019 2166 5068 autem
2184 5007 2322 5064 istud
2339 5005 2603 5063 dicimus?
2618 5005 2757 5061 Deus
2773 5014 2828 5060 et
2845 5006 2987 5081 λόγος
3008 5023 3172 5065 ιιιιιιιιι
3189 5016 3272 5065 εει
3286 5020 3341 5066 ει
3357 5017 3585 5083 unitum,

1984 5115 2043 5163 et
2071 5103 2272 5161 idcirco
2311 5101 2600 5175 ὁμοούσιον,
2625 5098 2718 5155 sed
2741 5098 2883 5169 quod
2915 5100 3076 5166 Dens,
3098 5101 3250 5172 juxta
3283 5105 3424 5175 quod
3449 5106 3590 5163 Deus

1990 5205 2103 5264 est,
2137 5194 2255 5267 ejus
2282 5191 2424 5264 quod
2454 5199 2511 5248 et
2534 5205 2656 5248 esse
2686 5194 2925 5261 potentia
2952 5200 3035 5247 est
3055 5233 3069 5258 ,
3100 5201 3156 5248 ct
3181 5195 3420 5250 omnium
3469 5213 3593 5268 qua:

1989 5298 2132 5356 sunt,
2165 5287 2233 5344 ad
2262 5285 2311 5342 id
2340 5283 2482 5358 quod
2505 5294 2589 5340 est
2609 5298 2752 5352 esse,
2777 5298 2938 5339 causa
2970 5293 3053 5340 est
3080 5286 3227 5359 λόγος
3272 5287 3421 5359 juxta
3447 5290 3593 5361 quod

1992 5391 2077 5440 est
2108 5401 2119 5436 :
2151 5383 2293 5457 λόγος
2324 5388 2546 5451 paterna
2574 5388 2657 5434 εει
2688 5378 2929 5450 potentia
2951 5418 2966 5445 ,
2995 5378 3062 5432 ad
3092 5380 3388 5438 subsistere
3415 5382 3595 5443 facere

1993 5479 2170 5551 ipsum
2219 5474 2362 5547 quod
2404 5482 2490 5531 est
2544 5488 2666 5529 esse
2705 5490 2717 5527 :
2768 5472 3064 5544 principale
3106 5473 3280 5544 ipsum
3326 5478 3467 5547 quod
3511 5490 3598 5538 est

286 5574 467 5646 erigit,
496 5574 543 5628 si
572 5573 624 5629 in
656 5574 929 5630 fontanam
955 5573 1143 5643 vitam,
1172 5577 1275 5631 hoc
1303 5585 1407 5645 est,
1431 5576 1484 5632 in
1513 5576 1809 5647 Christum,
1837 5585 1896 5634 et
1996 5558 2147 5634 esse.
2192 5579 2247 5626 et
2276 5567 2634 5641 principium,
2666 5574 2722 5622 ct
2752 5564 3036 5635 perfectio.
3067 5566 3150 5624 Ab
3177 5584 3243 5624 eo
3280 5572 3422 5627 enim
3453 5575 3598 5645 quod

289 5667 564 5724 fontanam
584 5666 1018 5740 intelligentiam,
1035 5669 1137 5726 hoc
1157 5678 1262 5740 est,
1281 5669 1336 5726 in
1357 5680 1603 5729 sanctum
1630 5671 1891 5745 Spiritum

288 5760 525 5834 resurgit
552 5761 869 5821 resuscitata
905 5763 1107 5819 anima.

817 5857 1093 5922 ΡΑτιιοι..
1144 5857 1312 5925 Vill.

1997 5676 2084 5725 est
2117 5681 2240 5723 esse
2279 5661 2603 5729 universale,
2646 5671 2700 5717 et
2737 5676 2900 5732 supra
2930 5662 3237 5722 universale
3273 5682 3437 5726 omne
3474 5672 3599 5727 uni-

2000 5760 2212 5820 versale
2236 5772 2358 5816 esse
2378 5799 2393 5826 ,
2430 5766 2488 5813 et
2518 5755 2668 5827 juxta
2697 5768 2893 5829 genera
2912 5796 2927 5823 ,
2960 5764 3015 5811 et
3040 5756 3189 5827 juxta
3216 5761 3426 5831 species
3452 5778 3598 5843 esse,

2963 5846 3041 5912 31s
