4024 6306
510 219 645 280 I061

1817 210 2009 272 manu
2051 211 2394 272 Vtcroutut
2435 207 2597 271 artu
3004 210 3011 213 ·
3142 180 3147 183 ⁷
3642 214 3752 273 ιοει

503 346 559 394 ει
584 331 882 400 individua,
912 329 1054 403 quod
1081 335 1165 386 est
1189 343 1311 385 esse
1341 328 1447 385 illis
1472 327 1655 384 habet.
1683 326 1742 383 Si
1783 328 1942 399 igitur
1963 329 2110 401 λόγος
2139 330 2182 389 Α
2214 331 2300 399 qui
2334 329 2403 383 ad
2447 327 2611 384 Deum
2641 335 2766 393 erat,
2794 337 2840 383 et
2867 341 2956 399 per
2994 340 3145 399 quem
3179 325 3359 395 effecta
3384 333 3499 382 sunt
3524 328 3691 395 omnia,
3715 341 3753 385 et

504 428 668 485 habet
696 441 848 488 esse.
879 434 963 481 est
1004 428 1147 479 enim
1192 424 1333 498 λόγος
1376 422 1427 477 id
1467 422 1641 492 ipsmn
1688 422 1831 493 quod
1874 430 1960 479 est
1983 437 2106 478 esse
2208 425 2320 478 sine
2348 420 2457 494 quo‘
2476 422 2707 492 effectum
2730 431 2806 477 est
2835 421 2982 477 nihil.
3006 421 3291 490 Quomodo
3314 421 3487 493 imago
3511 422 3640 497 λὸρνος
3660 425 3755 479 εειῖ

508 523 611 593 ipsi
638 528 694 577 et
725 520 890 596 λόγος,
922 534 1051 589 ergo
1082 533 1147 573 ex
1177 517 1268 572 illo
1297 516 1438 588 quod
1471 524 1555 572 est
1591 526 1753 588 supra
1801 517 2107 573 universale
2208 529 2262 575 ει
2280 520 2428 594 λόγος
2479 518 2663 573 Illius?
2702 525 2759 574 et
2789 519 2902 589 ipse
2947 518 3036 589 qui
3078 517 3147 573 de
3181 515 3378 572 Maria?
3410 516 3572 588 magis
3608 526 3757 574 autem

509 633 663 685 esse,
692 630 814 673 esse
857 622 940 671 εει
981 632 996 667 :
1038 612 1132 669 sed
1175 612 1477 667 universale
1502 613 1644 683 quod
1690 619 1774 667 est
1816 626 1934 668 esse
1963 613 2109 686 λόγος
2210 614 2303 682 qui
2333 614 2385 667 in
2407 626 2474 667 eo
2497 611 2585 681 qui
2618 609 2687 667 de
2718 610 2904 665 Maria.
2955 611 3032 665 Ex
3075 610 3140 665 iis
3177 609 3545 677 manifestum,
3574 609 3615 664 si
3647 610 3762 666 illius

511 721 597 768 est
626 730 639 766 :
672 713 813 767 Deus
847 719 1022 765 autem
1072 708 1122 764 id
1163 707 1305 778 quod
1332 714 1414 762 est
1448 722 1606 777 supra
1636 707 1938 766 universale
1964 721 2107 773 esse,

514 805 658 861 ﬁlius
703 811 880 858 autem
927 800 1068 871 quod
1114 808 1198 855 est
1241 800 1545 853 universale
1597 813 1762 853 esse:
1794 808 1949 869 paler
1983 811 2113 869 ergo

514 916 677 970 supra
711 895 1015 952 universale
1053 894 1197 964 quod
1226 902 1474 957 estesse,
1505 892 1779 965 ὁμοούσιον
1809 907 1938 961 ergo
1967 892 2021 947 in
2048 905 2115 947 eo

516 992 658 1065 quod
706 998 788 1046 est
830 1004 980 1053 esse,
1013 986 1078 1042 ad
1112 986 1164 1042 id
1202 985 1344 1058 quod
1376 993 1460 1041 est
1499 1000 1651 1050 esse,
1681 995 1736 1040 et
1766 984 1909 1056 quod
1952 997 2117 1056 supra

517 1083 821 1143 universale
846 1081 913 1138 ad
949 1080 1252 1136 universale
1294 1098 1307 1134 :
1351 1080 1454 1135 hoc
1493 1090 1670 1134 autem
1712 1086 1770 1135 et
1811 1078 2118 1151 progressio

519 1188 641 1243 est;
674 1175 742 1231 ab
770 1190 836 1230 eo
864 1173 1007 1228 enim
1039 1172 1181 1244 quod
1228 1179 1311 1227 εει
1351 1186 1510 1241 supra
1538 1171 1874 1237 universale,
1903 1172 2119 1226 univer-

514 1273 627 1329 sale
669 1269 961 1342 egreditur,
998 1275 1053 1321 et
1100 1268 1269 1338 magis
1295 1266 1792 1345 certeintelligenti
1822 1273 1878 1322 et
1904 1265 2117 1337 egredi-

520 1378 629 1433 tur,
676 1374 731 1420 et
778 1369 979 1428 manet,
1026 1376 1131 1417 non
1178 1362 1320 1417 enim
1360 1359 1750 1430 derelinquitttr
1792 1356 2117 1415 universale.

519 1461 666 1533 Ergo
702 1469 754 1516 et
795 1458 1043 1515 subsistit
1074 1472 1173 1530 per
1220 1458 1569 1526 semetipsum
1600 1454 1741 1526 quod
1787 1462 1871 1510 est
1909 1454 2125 1509 univer-

520 1556 633 1611 sale
678 1563 731 1608 et
775 1554 919 1607 intus
948 1560 1034 1607 est
1062 1552 1114 1605 in
1149 1564 1216 1605 eo
1260 1547 1402 1620 quod
1445 1558 1528 1604 est
1569 1563 1729 1620 supra
1777 1546 2121 1603 universale:

521 1663 828 1705 eonnexum
859 1661 989 1717 ergo
1010 1654 1124 1711 est,
1159 1655 1212 1699 et
1240 1644 1605 1714 iuseparatum
1648 1652 1764 1710 est;
1797 1649 1852 1699 et
1876 1641 2017 1699 istud
2045 1642 2128 1697 lu-

2214 705 2309 760 Dei
2331 703 2559 760 redemit
2589 718 2688 760 nos
2718 718 2815 776 per
2850 703 3166 775 sanguinem
3198 716 3355 761 suum
3375 746 3390 772 ,
3421 704 3508 775 qui
3538 704 3602 760 de
3629 702 3763 761 Maria

2214 798 2358 853 filius
2403 806 2521 859 est.
2549 805 2607 853 et
2649 799 2765 868 ipse
2790 798 2967 867 imago
3013 803 3098 851 est
3150 796 3273 862 Del;
3305 796 3396 852 Del
3443 802 3527 853 est
3564 797 3767 855 illiuszsi

2217 890 2359 946 enim
2383 891 2547 945 totius
2569 897 2838 947 creaturae
2860 888 3248 960 primogenitus
3265 932 3278 955 ,
3310 890 3607 946 necessario
3636 888 3767 957 Illius,

2218 985 2474 1056 numquid
2517 984 2700 1041 alius?
2742 984 2936 1040 Absit:
2962 984 3271 1055 unigenitus
3303 985 3449 1039 enim
3497 984 3584 1040 Del
3613 993 3687 1040 est
3719 985 3772 1038 li-

2217 1078 2341 1135 lius.
2375 1076 2606 1133 Necesse
2627 1085 2863 1147 estergo
2892 1074 3143 1132 eumdem
3176 1076 3349 1145 ipsum
3376 1088 3499 1131 esse
3533 1073 3776 1142 ﬁlium,et

2222 1169 2512 1240 imaginem
2539 1210 2555 1236 ,
2599 1176 2654 1224 et
2695 1183 2820 1223 eum
2865 1168 2956 1237 qui
3000 1167 3070 1225 de
3117 1167 3306 1225 Maria.
3350 1169 3624 1237 Quomodo
3661 1170 3777 1225 enim

2224 1262 2404 1334 imago
2438 1263 2532 1317 Dei
2577 1261 2749 1328 filius,
2783 1262 2829 1317 si
2859 1276 2964 1318 non
2994 1261 3400 1334 'primogenitus
3449 1263 3606 1319 totius
3653 1276 3781 1319 erea-

2226 1360 2396 1415 turai?
2421 1357 2489 1414 Et
2531 1359 2805 1426 quomodo
2850 1358 3025 1430 imago
3056 1359 3171 1423 Dei,
3221 1360 3322 1429 qui
3352 1357 3522 1415 Filius
3561 1359 3624 1415 de
3649 1358 3782 1414 Maria

2226 1464 2351 1526 post
2377 1453 2557 1509 omnia
2587 1452 2727 1510 facta
2756 1463 2914 1508 natus
2941 1452 3059 1508 est?
3085 1451 3432 1508 Manifestum
3473 1466 3631 1523 ergo,
3667 1450 3782 1523 quod

2227 1548 2347 1620 ipse
2376 1544 2781 1618 primogenitus.
2808 1546 2947 1615 Quid
2970 1562 3103 1602 vero
3127 1546 3270 1619 quod
3301 1555 3489 1602 natum
3517 1544 3681 1602 estde
3700 1543 3788 1599 lla-

2230 1643 2350 1699 ria?
2372 1660 2478 1700 non
2519 1654 2767 1701 creatura
2805 1655 2923 1701 est:
2951 1644 3048 1701 sed
3096 1644 3140 1699 si
3170 1643 3313 1699 ﬁlius
3347 1644 3477 1712 Dei,
3519 1643 3682 1713 imago
3715 1641 3787 1698 Dei

524 1744 691 1800 minis
740 1740 1059 1811 refulgentia
1104 1739 1320 1805 dicitur,
1370 1739 1547 1792 omnia
1618 1735 1835 1792 luminis
1880 1735 2085 1791 habens
2108 1776 2124 1804 ,
2157 1729 2206 1792 Β
2233 1748 2358 1794 aute
2388 1753 2606 1795 omnem
2632 1747 2939 1796 creaturam
2966 1747 3125 1793 natus
3152 1745 3256 1805 est,
3283 1737 3400 1808 ipse
3424 1742 3508 1793 est
3536 1736 3586 1792 iu
3613 1742 3697 1800 eo,
3716 1734 3787 1805 qui

523 1838 619 1894 sed
658 1852 763 1892 non
803 1835 1074 1905 accipiens
1098 1876 1114 1901 ,
1158 1848 1334 1903 neque
1370 1842 1550 1896 enata,
1599 1832 1694 1887 sed
1736 1830 2125 1898 conuaturalis,

527 1933 799 2007 ὀμοούσιος
830 1944 1045 1999 semper
1091 1929 1355 1984 existens.
1392 1926 1508 1982 Non
1550 1926 1711 1998 igitur
1749 1935 1895 1981 motu
1935 1924 2127 1993 locali,

529 2041 704 2095 neque
736 2022 1108 2079 immutatione
1138 2039 1152 2078 :
1194 2019 1551 2076 immutabilis
1577 2021 1721 2076 enim
1754 2030 1925 2091 pater,
1950 2028 2003 2075 et
2029 2020 2133 2074 im-

531 2118 805 2174 mutabilis
853 2114 1025 2182 iilius,
1078 2125 1133 2170 et
1179 2129 1395 2185 semper
1444 2126 1618 2185 pater,
1674 2128 1890 2183 semper
1951 2111 2128 2181 illius,

528 2209 744 2265 etiamsi
792 2208 931 2264 filius
978 2207 1231 2262 credatur
1268 2208 1319 2261 iu
1362 2215 1514 2277 patre
1552 2207 1729 2278 imago
1782 2207 2046 2271 existens,
2077 2213 2135 2262 et

532 2303 650 2376 ejus
680 2300 822 2373 quod
862 2316 982 2357 esse
1027 2300 1220 2366 forma,
1265 2300 1403 2354 sicut
1438 2299 1641 2355 dictum
1669 2309 1754 2355 est
1776 2339 1792 2365 ,
1827 2299 1941 2354 sive
1974 2298 2133 2369 juxta

532 2409 875 2467 progressum
903 2392 1223 2464 refulgentia
1263 2391 1483 2449 luminis
1516 2392 1656 2448 filius
1693 2402 1796 2448 est.
1829 2390 1898 2446 lis
1936 2392 2016 2448 sie
2040 2406 2135 2449 ex-

532 2488 844 2555 istentibus,
907 2497 962 2542 et
1006 2487 1175 2557 magis
1217 2501 1381 2541 unum
1434 2486 1823 2551 existentibus,
1865 2484 2137 2557 refulgen-

533 2581 605 2638 tia
633 2581 777 2637 enim
808 2579 1066 2652 splendor
1103 2579 1341 2642 luminis,
1370 2589 1425 2635 et
1453 2579 1562 2650 ipsa
1595 2582 1647 2635 in
1674 2595 1733 2635 se
1762 2579 1942 2635 lumen
1974 2579 2138 2636 habet

531 2691 562 2732 a
606 2683 756 2746 patre
785 2683 839 2730 et
868 2675 922 2731 iu
951 2673 1154 2730 lumine
1181 2682 1263 2729 est
1303 2680 1360 2729 et
1400 2672 1568 2730 foris:
1597 2689 1726 2746 ergo
1773 2683 1829 2730 et
1884 2675 1936 2729 in
1986 2683 2139 2745 patre

542 2766 717 2830 Illius,
759 2778 812 2822 et
854 2766 997 2838 quod
1043 2782 1285 2823 annexus
1329 2776 1414 2822 est
1441 2767 1698 2839 splendor
1739 2766 1987 2834 luminis,
2019 2780 2139 2822 ma-

450 2904 453 2911 .
534 2859 615 2931 gis
670 2858 737 2915 ad
788 2860 964 2914 lumen
1016 2873 1143 2915 esse
1189 2860 1446 2929 Splendor
1490 2861 1724 2927 dicitur,
1782 2856 1889 2916 non
1942 2860 1997 2916 in
2051 2860 2138 2916 lu-

534 2954 714 3019 mine;
746 2953 956 3010 etiamsi
1001 2968 1029 3006 a
1073 2953 1277 3011 lumme
1315 2954 1658 3025 resplendeat
1687 2955 1740 3011 in
1780 2956 1985 3011 lumine
2022 2963 2136 3023 est,

535 3056 592 3105 et
640 3046 743 3102 hoc
790 3047 1055 3116 significat
1085 3046 1303 3121 (Joan.,
1346 3064 1404 3116 ι,
1445 3046 1514 3121 1)
1560 3068 1573 3102 :
1622 3047 1693 3103 In
1731 3050 1986 3121 principio
2029 3057 2139 3103 erat

2231 1830 2299 1887 de
2328 1831 2493 1887 Maria
2525 1840 2684 1887 natus
2712 1840 2813 1887 est.
2848 1828 3185 1887 Manifestum
3216 1829 3378 1902 igitur
3398 1827 3545 1901 quod
3568 1824 3677 1901 ipse
3696 1826 3792 1883 uui-

2230 1936 2470 1999 genitus.

2304 2017 2545 2076 XXXVI.
2572 2019 2704 2075 Post
2732 2017 2863 2075 illttd
2887 2006 3320 2090 perspiciendum
3341 2058 3357 2085 ,
3398 2014 3660 2088 quomodo
3679 2013 3793 2071 idem

2234 2114 2352 2186 ipse
2376 2124 2430 2170 et
2455 2114 2656 2186 imago,
2690 2123 2744 2169 et
2771 2112 2910 2168 ﬁlius
2929 2113 3073 2188 λόγος
3101 2120 3203 2169 εει.
3237 2111 3297 2168 In
3323 2111 3574 2168 confesso
3591 2116 3669 2166 est
3681 2106 3793 2181 quod

2235 2209 2412 2281 imago
2439 2209 2577 2265 ﬁlius
2601 2217 2703 2264 est.
2735 2202 2878 2262 Dixit
2904 2207 3051 2262 enim
3080 2205 3276 2262 Paulus
3301 2204 3525 2280 (Colon.
3553 2217 3592 2270 ι,
3623 2199 3794 2275 15):“-

2236 2302 2341 2358 lius
2387 2303 2476 2358 Dei
2521 2302 2691 2375 imago
2727 2308 2803 2357 est
2829 2300 2942 2355 Dei.
2981 2301 3108 2355 Dico
3161 2302 3335 2372 ipsum
3391 2314 3515 2356 esse
3560 2293 3796 2372 167mm

2236 2412 2346 2467 quo
2384 2395 2585 2451 dictum
2627 2405 2711 2452 est
2740 2412 2754 2450 :
2782 2393 2851 2450 In
2880 2395 3137 2468 principio
3174 2402 3283 2451 erat
3313 2395 3483 2471 λόγος.
3521 2393 3655 2449 Dicit
3683 2390 3796 2448 enim

2242 2488 2437 2544 Paulus
2461 2490 2732 2560 quomodo
2774 2488 2917 2544 illius
2952 2487 3340 2560 primogenitus
3368 2489 3537 2544 totius
3557 2496 3795 2551 creaturae,

2236 2580 2381 2651 quod
2410 2579 2574 2653 (Ibid.
2607 2580 2794 2652 18-18)
2819 2582 2874 2635 in
2905 2583 3021 2651 ipso
3064 2588 3238 2635 creata
3272 2582 3372 2635 sint
3406 2584 3608 2645 omnia,
3630 2593 3728 2651 qua:
3753 2576 3795 2630 in

2245 2673 2389 2727 satis
2418 2682 2465 2727 et
2502 2684 2617 2742 quae
2640 2675 2693 2727 in
2723 2683 2879 2741 terra,
2910 2689 3025 2745 quae
3054 2672 3277 2728 oisibilia
3307 2678 3355 2727 et
3394 2684 3510 2744 qua
3542 2668 3798 2731 inuisibilia,

2241 2768 2345 2822 sive
2374 2767 2569 2823 Throni
2593 2810 2607 2834 ,
2646 2769 2749 2823 sive
2771 2766 3179 2833 Dominationes,
3224 2768 3327 2822 sive
3347 2765 3691 2837 Principum,
3722 2762 3803 2816 riae

2243 2860 2548 2917 Potestates.
2584 2861 2771 2917 Omnia
2799 2879 2889 2929 per
2925 2863 3131 2935 ipsum,
3166 2869 3213 2917 et
3234 2862 3291 2916 in
3327 2860 3447 2927 ipso
3490 2867 3656 2914 creata
3679 2862 3798 2913 sunt:

2240 2965 2291 3010 et
2309 2956 2421 3025 ipse
2444 2966 2518 3011 est
2540 2965 2660 3010 ante
2687 2956 2880 3020 omnia,
2911 2963 2959 3009 et
2978 2955 3227 3010 omniain
3252 2954 3366 3027 ipso
3404 2952 3696 3009 consistant.
3729 2946 3800 3002 Vi-

2241 3049 2340 3105 des
2358 3064 2480 3122 quae
2519 3036 2718 3106 dixerit
2754 3049 2825 3106 de
2866 3049 3013 3115 tilio,
3057 3047 3204 3121 quod
3248 3048 3374 3104 ideo
3419 3044 3800 3121 primogenitus,

540 3142 722 3215 Λόγος,
753 3149 810 3196 ει
848 3141 1009 3215 Λόγος
1039 3150 1148 3195 erat
1179 3141 1246 3195 ad
1274 3140 1439 3196 Deum
1462 3158 1481 3196 :
1513 3141 1788 3215 ὁμοούσιον
1816 3159 1946 3215 ergo
1976 3153 2031 3201 et
2068 3144 2131 3199 li-

2243 3144 2366 3213 quia
2394 3144 2574 3198 omnia
2609 3151 2788 3199 creata
2819 3152 2943 3198 sunt
2971 3149 3036 3197 ex
3081 3144 3226 3212 ipso,
3259 3148 3315 3198 et
3335 3155 3437 3213 per
3462 3141 3664 3211 ipsum,
3694 3134 3803 3194 etin

538 3233 644 3288 lius
684 3241 739 3288 et
784 3242 969 3303 pater,
1001 3241 1057 3288 et
1092 3248 1308 3308 semper
1347 3235 1472 3305 ista,
1513 3246 1568 3291 et
1615 3253 1682 3294 ex
1729 3245 1954 3307 aeterno,
1984 3247 2040 3294 et
2086 3238 2142 3295 in

539 3335 825 3382 aeternum.

611 3418 831 3476 XXXV.
878 3420 1110 3477 Dicimus
1159 3430 1215 3477 et
1258 3423 1383 3478 alia.
1415 3427 1577 3501 Λόγος
1618 3437 1702 3483 εει
1743 3429 1811 3484 ad
1843 3429 2042 3496 Deum,
2087 3430 2141 3485 in

540 3512 791 3570 confesso
814 3524 915 3569 est.
949 3514 1088 3583 Quid
1118 3524 1203 3571 est
1226 3517 1407 3591 λόγοςν
1436 3535 1533 3588 per
1556 3536 1716 3592 quem
1742 3523 1923 3577 omnia
1943 3564 1958 3589 ,
2000 3532 2055 3578 et
2086 3523 2141 3579 in

541 3622 650 3679 quo
681 3607 882 3672 omnia,
912 3616 966 3662 et
992 3608 1043 3662 in
1075 3624 1235 3679 quem
1278 3612 1495 3678 omnia;
1531 3613 1691 3671 istum
1721 3629 1844 3672 esse
1879 3625 1933 3671 et
1953 3614 2140 3671 Iesum

508 3701 595 3782 ⁵ἰιι
626 3700 877 3757 confesso
906 3710 1007 3755 est.
1032 3702 1183 3770 Quod
1206 3703 1350 3777 λόγος
1377 3715 1458 3759 εει
1488 3705 1628 3760 illius
1653 3707 1767 3775 Dei,
1801 3708 1940 3763 filius
1959 3718 2141 3764 autem

543 3793 698 3850 Jesus
732 3793 801 3848 de
837 3806 944 3865 quo
993 3795 1121 3850 dicit
1165 3795 1363 3851 Paulus
1397 3799 1415 3868 (
1448 3798 1643 3854 Coloss.
1677 3816 1716 3865 ι,
1756 3801 1842 3873 l5)
1873 3819 1885 3855 τ
1920 3802 2021 3867 Qui
2050 3817 2143 3857 nos

541 3890 671 3943 eruit
706 3892 769 3942 de
798 3898 1041 3956 potestate
1075 3891 1430 3957 tenebrarum,
1463 3902 1510 3945 et
1534 3894 1795 3948 transtulit
1826 3896 1881 3949 in
1928 3912 2145 3967 regnum

542 3980 669 4036 Filii
694 3981 956 4035 charitatis
980 3997 1105 4035 sum.
1131 3982 1261 4050 Quis
1293 3982 1453 4053 igitur
1484 3984 1583 4038 iste
1609 3985 1786 4040 ﬁlius?
1809 3989 1943 4057 ipse,
1971 3987 2146 4059 inquit

542 4073 704 4145 (Ibid.
761 4072 872 4146 I4),
913 4074 964 4126 in
1004 4090 1104 4144 quo
1134 4074 1373 4129 habemus
1415 4075 1835 4146 redemptionem,
1888 4096 1978 4149 per
2019 4096 2144 4135 san-

540 4170 739 4239 guinem
792 4168 973 4239 ipsins,
1031 4169 1379 4245 remissionem
1428 4181 1752 4240 pecratorum
1803 4181 2138 4230 nostrorum.

542 4261 649 4317 lste
680 4262 799 4330 quis
827 4262 947 4315 est?
977 4262 1067 4330 qui
1099 4271 1255 4315 natus
1297 4271 1380 4316 est
1410 4280 1473 4316 ex
1509 4264 1694 4319 Maria.
1734 4266 1872 4335 Quid
1899 4266 2142 4323 deinde?

2250 3240 2390 3310 ipso.
2439 3237 2566 3294 Tria
2607 3252 2738 3310 ergo
2777 3237 2908 3293 dicit
2948 3252 3014 3293 ex
3045 3237 3259 3308 quibus,
3312 3236 3461 3307 quod
3499 3234 3687 3291 dictum
3719 3237 3798 3297 est,

2246 3333 2426 3387 omnia
2454 3346 2552 3403 per
2578 3333 2752 3403 ipsum
2770 3373 2785 3398 ,
2808 3332 2892 3388 cui
2915 3331 3101 3387 datum
3124 3339 3210 3387 est
3245 3344 3489 3402 semper,
3532 3326 3666 3402 quod
3693 3340 3799 3383 coo-

2247 3426 2484 3482 fessione
2508 3434 2589 3481 est
2613 3434 2687 3502 τῷ
2716 3426 2868 3501 λόγῳ.
2901 3424 2958 3481 Si
3008 3425 3169 3497 igitur
3198 3424 3399 3480 Paulus
3430 3423 3545 3480 lilio
3579 3412 3712 3478 dedit
3736 3433 3803 3488 per

2249 3520 2457 3590 ipsum;
2483 3520 2659 3591 ipsum
2682 3530 2861 3577 autem
2883 3521 3026 3591 quod
3054 3530 3139 3576 est
3168 3535 3264 3591 per
3290 3522 3491 3590 ipsum,
3522 3517 3661 3575 dedit
3679 3514 3805 3573 ιεειισ

2249 3627 2346 3669 nes
2365 3622 2440 3690 τῷ
2467 3614 2612 3691 Λόγῳ
2643 3616 2849 3686 primus
2875 3613 3168 3686 Apostolus
3193 3623 3249 3670 et
3273 3615 3678 3687 Evangelistes:
3707 3617 3803 3665 ante

2247 3721 2438 3762 omnes
2475 3716 2775 3762 consonant
2815 3707 2978 3763 dicta.
3018 3707 3158 3777 Quid
3199 3709 3306 3762 erit
3348 3706 3725 3771 dubitandum,
3763 3707 3807 3756 ut

2249 3818 2357 3857 non
2408 3801 2479 3856 sit
2533 3802 2674 3856 filius
2712 3800 2893 3877 λόγοςῖ
2921 3800 3061 3869 Quid
3105 3814 3236 3857 vero
3269 3801 3374 3856 alia
3412 3801 3523 3857 duo
3557 3815 3668 3870 quae
3693 3793 3807 3852 detﬁt

2249 3894 2382 3960 ﬁlio,
2416 3894 2568 3963 cujus
2597 3893 2768 3963 magis
2796 3892 3050 3963 propria?
3075 3892 3385 3949 necessario
3412 3899 3507 3950 τοῦ
3538 3893 3708 3968 167w;
3732 3900 3804 3959 ΡΟ-

2250 3986 2419 4041 tentia
2444 3986 2592 4041 enim
2627 3986 2765 4056 eius,
2794 3987 3035 4041 omnium
3062 4000 3184 4058 quae
3213 3995 3338 4042 sunt
3362 3985 3701 4051 subsistentia
3728 3988 3805 4036 est.

2248 4079 2354 4137 Sed
2398 4081 2518 4135 εἰει
2547 4078 2690 4135 istud
2713 4122 2727 4146 ,
2759 4079 2814 4134 in
2852 4081 2973 4150 ipso
3010 4092 3127 4136 sunt
3158 4084 3369 4150 omrtia,
3416 4091 3479 4138 ut
3510 4080 3697 4138 dictum
3726 4082 3806 4140 est,

2248 4175 2392 4246 quod
2423 4175 2476 4230 in
2502 4176 2621 4244 ipso
2645 4184 2827 4231 creata
2864 4184 2991 4230 sunt
3033 4178 3251 4245 omnia,
3275 4186 3331 4232 ει
3359 4177 3487 4234 ideo
3513 4177 3565 4231 in
3602 4176 3809 4247 ipsumn-

2253 4269 2364 4330 nia,
2398 4269 2650 4338 quoniam
2692 4266 2996 4324 efficiantur
3032 4269 3213 4324 omnia
3256 4270 3592 4340 spiritualia,
3625 4262 3749 4339 quod
3769 4267 3809 4316 et

542 4353 682 4408 istud
714 4353 928 4407 solum?
973 4354 1231 4424 numquid
1270 4358 1503 4410 maxime
1547 4357 1690 4425 quod
1734 4358 1786 4414 in
1816 4375 1902 4428 eo,
1945 4362 2035 4430 qui
2074 4377 2144 4417 ex
2252 4357 2456 4417 Paulus
2480 4359 2781 4432 signiﬁcat,
2831 4362 2885 4416 in
2914 4361 3381 4418 consummatione
3423 4360 3609 4418 mundi
3640 4357 3805 4432 (Illor-

542 4445 705 4502 Maria
734 4446 891 4501 erat?
918 4445 1047 4500 Erat
1075 4454 1128 4501 et
1156 4456 1281 4501 ante
1305 4462 1463 4516 quam
1486 4462 1553 4503 ex
1582 4448 1769 4504 Maria.
1799 4451 1936 4518 Quid
1960 4463 2143 4508 autem
2172 4524 2213 4531 _
2251 4469 2347 4521 xv,
2376 4453 2505 4526 98):
2540 4452 2679 4508 Nam
2713 4471 2829 4509 cum
2860 4456 3034 4510 omnia
3077 4454 3163 4511 illi
3189 4456 3429 4531 subjecta
3471 4456 3681 4529 fuerint,
3720 4460 3808 4506 tant

545 4538 745 4593 inducit
788 4538 948 4608 (Ibid.
985 4537 1097 4606 15),
1143 4540 1229 4607 qui
1273 4548 1343 4593 est
1368 4540 1538 4610 imago
1572 4540 1701 4596 Dei?
1740 4545 2000 4616 numquid
2039 4546 2145 4603 hoc
2172 4524 2226 4586 D
2250 4547 2363 4617 ipse
2400 4524 2702 4617 stibjicietur
2729 4552 2774 4603 ei
2794 4589 2810 4615 ,
2853 4549 2938 4617 qui
2967 4550 3183 4623 subjecit
3212 4552 3257 4605 ei
3279 4524 3501 4617 omnia,
3528 4558 3584 4603 ut
3610 4547 3669 4603 ait
3701 4543 3808 4599 Dm

543 4632 738 4697 solum,
779 4631 845 4687 de
892 4631 1095 4687 Maria?
1125 4647 1231 4688 non
1261 4649 1274 4685 ε
1308 4633 1483 4703 imago
1520 4634 1663 4690 enim
1694 4635 1784 4691 Dei
1819 4638 1887 4693 ab
1930 4647 2142 4697 aeterno
2253 4642 2497 4696 omniain
2523 4642 2774 4695 omnibus.
2796 4642 2933 4710 Quid
2961 4642 3127 4709 istud,
3158 4655 3213 4699 et
3240 4645 3517 4714 quomodo
3548 4632 3807 4716 posterius?

538 4724 740 4799 ‘izuago.
774 4724 827 4780 Si
853 4726 1012 4794 igitur
1040 4725 1094 4780 in
1138 4726 1247 4779 tilio
1291 4725 1549 4782 habemus
1579 4742 1765 4798 spem,
1796 4741 1849 4786 et
1885 4730 2005 4801 ipse
2046 4747 2143 4803 per
2250 4734 2406 4790 Nunc
2448 4735 2720 4805 quomodo
2763 4737 3081 4807 spiritualia.
3128 4737 3333 4796 Verum
3380 4741 3546 4812 igitur
3594 4733 3722 4810 quod
3759 4730 3808 4785 de

543 4816 859 4885 sanguinem
891 4833 1046 4870 suum
1071 4817 1300 4873 redemit
1329 4836 1426 4874 nos
1454 4836 1468 4887 ;
1505 4821 1617 4890 ipse
1642 4832 1822 4877 autem
1849 4824 2027 4897 imago
2058 4837 2143 4882 est
2253 4827 2420 4882 Maria
2453 4827 2594 4882 Illius
2621 4839 2705 4883 est
2746 4829 2878 4895 Dei,
2910 4840 2965 4885 et
2992 4831 3107 4901 ipse
3147 4832 3325 4903 imago
3350 4845 3406 4889 et
3442 4834 3558 4904 ipse
3593 4828 3810 4905 λόγοςςει

547 4908 670 4975 Dei;
719 4907 892 4977 imago
920 4925 1047 4996 ergo
1094 4910 1233 4965 filius
1268 4920 1351 4965 est
1380 4913 1494 4967 Dei.
1530 4916 1611 4969 An
1654 4930 1755 4985 ego
1794 4916 1918 4971 dico
1959 4918 2140 4973 istud?
2249 4918 2367 4989 ipse
2393 4929 2519 4975 ante
2548 4922 2745 4977 saecula
2783 4932 2837 4978 et
2873 4938 3091 4979 omnem
3117 4936 3445 4993 creaturam,
3470 4934 3529 4982 et
3566 4921 3696 4996 quod
3719 4930 3808 4974 out-

542 5000 660 5055 Non
707 5000 887 5061 solus,
930 4992 1028 5054 sed
1078 5012 1132 5055 et
1192 5002 1423 5069 Paulus;
1474 5007 1747 5074 quomodo
1804 5010 1948 5063 enim
1999 5012 2134 5067 dicit

543 5092 772 5166 (Ibid)?
805 5091 1177 5164 Primogenitus
1204 5098 1369 5151 omnis
1400 5109 1669 5155 creatum.
1704 5103 1833 5169 Quis
1861 5105 2137 5177 primoge-

540 5183 721 5239 nitus?
756 5183 940 5239 Filius.
970 5185 1107 5250 Quis
1131 5185 1306 5240 ftlius?
1334 5188 1504 5245 Filius
1543 5193 1633 5262 qui
1684 5209 1748 5249 ex
1780 5195 1967 5252 Maria.
2003 5200 2136 5265 Quis

540 5277 680 5332 filius
710 5293 776 5331 ex
821 5276 1020 5332 Maria?
1062 5277 1453 5347 primogenitus
1494 5283 1659 5338 totius
1683 5298 1967 5345 creaturzc.
2001 5290 2135 5358 Quis

539 5368 700 5423 totius
754 5378 1017 5423 Cl‘ealttl'tc
1068 5370 1495 5440 primogenitus?
1540 5376 1629 5442 qui
1675 5377 1851 5448 imago
1892 5381 1983 5437 Dei
2024 5394 2127 5440 est.

534 5460 768 5517 Necesse
813 5469 898 5516 est
944 5463 1087 5516 enim
1136 5463 1548 5535 primogenitum
1589 5483 1709 5525 εεεε
1744 5482 1871 5528 ante
1912 5489 2127 5531 omnem

531 5565 832 5639 creaturam
881 5555 1166 5627 imaginem
1222 5558 1336 5613 Dei.
1385 5561 1513 5629 Quis
1564 5572 1744 5619 autem
1793 5576 1877 5619 est
1910 5568 2131 5640 imago?

533 5646 699 5720 λόγος.
740 5647 870 5713 Quis
897 5648 1079 5722 λόγοςῖ
1106 5651 1195 5719 qui
1223 5661 1340 5708 erat
1377 5653 1431 5709 in
1474 5657 1777 5727 principio:
1811 5658 1943 5715 Sine
1983 5663 2127 5719 enim

532 5739 765 5812 imagine
784 5739 924 5797 Deus
946 5744 1252 5813 quomodo?
1271 5747 1335 5803 Et
1363 5749 1481 5821 quis
1496 5750 1672 5824 λόγοςῖ
1698 5750 1877 5824 (Joan.
1895 5767 1933 5821 t,
1957 5751 2012 5823 2,
2037 5756 2097 5828 3)
2114 5772 2134 5812 :

2254 5013 2337 5067 uis
2382 5024 2627 5069 creatura
2673 5029 2772 5086 per
2815 5018 2990 5086 ipsum
3030 5028 3211 5073 creata
3255 5028 3370 5086 est,
3404 5030 3460 5075 et
3500 5020 3555 5074 in
3595 5016 3809 5089 ipso,“

2249 5106 2391 5179 ipso,
2422 5117 2477 5162 et
2503 5117 2900 5179 consequenter
2917 5127 3036 5184 qua:
3060 5112 3203 5169 dicta
3230 5120 3374 5170 sunt;

2324 5200 2591 5257 XXXVII.
2642 5202 2776 5272 Quis
2822 5219 2955 5275 ergo
3002 5205 3119 5261 sine
3158 5221 3348 5272 sensu,
3393 5207 3515 5278 quis
3556 5202 3806 5272 sacrilegus

2251 5294 2453 5349 Arius?
2484 5296 2604 5366 quis
2631 5297 2749 5352 sine
2783 5298 2894 5353 Deo
2921 5312 3032 5355 non
3076 5301 3225 5356 videt
3249 5301 3373 5374 quis
3398 5299 3592 5358 Iesus?
3625 5306 3675 5356 et
3695 5292 3808 5353 unde

2250 5388 2420 5444 Filius
2446 5390 2795 5461 unigenitus?
2825 5392 2956 5450 Esse
2977 5405 3157 5451 autem
3180 5405 3239 5452 et
3266 5397 3431 5453 Deum
3480 5396 3619 5470 λόγον
3654 5385 3805 5468 aput-

2245 5505 2380 5549 σιον,
2402 5483 2503 5539 hoc
2529 5495 2632 5549 est,
2650 5496 2704 5541 et
2730 5498 2937 5557 patrem
2960 5499 3013 5545 et
3037 5490 3227 5559 lilium,
3250 5506 3314 5547 ex
3339 5492 3455 5547 istis
3470 5490 3803 5547 manifestum:

2242 5596 2365 5653 qua
2395 5581 2542 5639 dedit
2562 5583 2675 5639 illio
2718 5585 2938 5655 Paulus,
2969 5589 3159 5645 eadem
3188 5590 3340 5648 dedit
3363 5601 3418 5649 et
3440 5594 3596 5664 patri,
3624 5588 3805 5647 triaista

2239 5686 2363 5729 cum
2391 5675 2652 5747 dignitate
2677 5689 2903 5750 paterna
2930 5681 2985 5737 in
3011 5697 3121 5739 uno
3138 5726 3154 5752 ,
3182 5694 3243 5739 ut
3270 5693 3556 5757 appareret
3574 5696 3626 5742 et
3648 5677 3805 5739 divini-

2246 5776 2329 5823 tas
2356 5782 2480 5832 una,
2513 5777 2568 5823 et
2598 5772 2922 5843 substantia,
2950 5782 3006 5832 et
3030 5777 3272 5847 putentia
3293 5776 3536 5852 patrum.
3560 5776 3639 5837 Ad
3652 5771 3804 5833 Colos-
