4024 6306
254 211 274 268 Ι
286 207 391 267 069

1478 197 1845 261 ADVERSUS
1888 192 2106 260 ARIUM
2145 200 2353 260 LIBER
2386 201 2429 260 1.

3331 202 3357 228 τ
3405 202 3550 267 1070

247 339 435 382 censes
485 323 625 381 istud
674 322 813 380 dixit
851 323 920 381 de
962 323 1094 381 ﬁlio.
1134 323 1216 381 Ad
1260 322 1529 381 Romanos
1566 334 1744 381 autem
1771 324 1840 379 de
1866 321 1914 379 A
1947 320 2071 375 nia:
2100 321 2356 393 quoniam
2388 329 2441 379 et
2482 320 2699 390 dicitur,
2742 329 2799 377 et
2834 319 3035 377 dictum
3081 331 3197 391 est,
3224 324 3366 394 quod
3400 326 3546 402 λόγος

247 426 401 489 patre
446 416 635 473 eadem
676 417 855 490 (Rom.
896 433 975 482 xu,
1017 417 1242 488 54-56):
1276 417 1404 483 Quis
1445 417 1577 472 enim
1608 419 1842 487 cognovit

245 514 461 560 tuentem
499 503 748 557 Domini?
779 513 867 558 aut
902 505 1016 575 quis
1068 505 1394 559 consiliarius
1429 503 1528 576 [ait
1562 502 1713 576 ejus?
1750 508 1841 555 aut

244 598 359 667 quis
411 597 553 666 prius
580 596 741 665 dedit,
768 607 816 651 et
843 597 1085 652 reddetur
1112 597 1196 652 ei?
1219 597 1480 665 Quoniam
1510 613 1576 651 ea:
1603 597 1718 667 ipso
1735 636 1749 663 ,
1791 604 1841 649 et

245 698 336 763 per
380 682 582 763 ipsum,
624 702 671 749 et
710 692 764 747 in
798 693 910 762 ipso
949 692 1143 748 omnia.
1184 692 1348 748 Vides
1387 691 1837 761 quemadmodum

242 788 468 854 autem,
510 797 566 842 et
614 787 695 844 sic
737 788 925 844 eadem
976 787 1145 852 dedit,
1193 797 1245 843 et
1293 788 1432 857 patri
1482 800 1537 843 et
1581 787 1720 850 ﬁlio.
1784 790 1837 842 in

242 880 541 953 omnes;
562 879 792 949 primum
818 880 914 934 tria
934 890 988 935 ct
1015 880 1136 944 tria,
1160 879 1356 936 deinde
1379 880 1570 936 eadem
1597 889 1651 936 et
1675 882 1836 952 patri,

239 985 292 1028 ct
322 974 466 1028 ﬁlio:
497 972 600 1028 hoc
625 982 806 1029 autem
848 988 946 1043 per
975 988 1134 1043 quem
1170 974 1348 1029 omnia
1377 984 1431 1030 et
1472 974 1610 1045 patri
1649 984 1701 1029 et
1724 974 1837 1030 ﬁlio

237 1068 421 1125 dattnn
449 1077 561 1123 est:
594 1067 847 1138 quoniam
880 1066 1021 1121 ﬁlius
1038 1068 1200 1141 λόγος,
1236 1066 1326 1139 qui
1347 1078 1431 1122 est
1456 1067 1699 1123 omnium
1716 1083 1837 1137 qua:

236 1170 364 1217 sunt
395 1161 630 1230 potentia
660 1170 904 1227 actuosa,
933 1159 988 1214 in
1010 1174 1073 1215 ea
1104 1175 1224 1230 qua:
1255 1170 1400 1226 sunt,
1432 1170 1488 1217 ει
1519 1161 1661 1232 quod
1688 1162 1745 1216 iu
1776 1163 1838 1216 tl-

236 1249 313 1306 lio
342 1262 494 1320 pater
517 1261 624 1318 est,
657 1253 710 1307 in
736 1252 855 1322 ipso
889 1263 943 1307 et
976 1260 1130 1322 pater
1176 1262 1397 1308 actuosa
1430 1253 1663 1323 potentia
1691 1252 1838 1309 exis-

236 1342 305 1399 tit
329 1360 343 1397 :
370 1342 530 1401 simul
566 1344 711 1400 enim
744 1354 798 1401 et
827 1343 969 1399 ﬁlius
1011 1344 1063 1398 in
1099 1354 1248 1415 patre
1269 1387 1284 1413 ,
1321 1355 1375 1399 et
1405 1355 1557 1417 pater
1588 1345 1642 1400 in
1686 1346 1831 1400 ﬁlio:

234 1454 343 1494 una
372 1456 502 1511 ergo
531 1439 766 1511 potentia
788 1482 803 1505 ,
835 1440 938 1496 hoc
965 1449 1050 1496 est
1069 1480 1083 1506 ,
1124 1456 1226 1495 una
1258 1440 1558 1497 substantia
1608 1440 1824 1496 existit:

235 1533 308 1590 ibi
335 1533 478 1589 enim
510 1534 766 1604 potentia,
794 1534 1091 1590 substantia
1123 1551 1136 1588 :
1170 1550 1276 1589 non
1306 1534 1450 1590 enim
1475 1532 1617 1589 aliud
1642 1542 1833 1604 poten-

243 1629 342 1693 tia,
375 1629 518 1684 aliud
549 1629 868 1685 substantia.
897 1629 1044 1685 Idem
1070 1643 1199 1700 ergo
1230 1629 1403 1700 ipsmu
1426 1637 1505 1685 est
1530 1636 1585 1685 et
1614 1629 1750 1700 patri
1782 1635 1837 1684 et

1946 409 2051 466 hoc
2075 423 2159 469 est
2186 414 2343 475 ﬁlius,
2376 413 2589 483 subiicit
2615 413 2817 479 omnia,
2845 421 2901 469 et
2930 410 3131 469 idcirco
3161 415 3359 487 adjecit
3404 418 3545 473 Pau-

1945 504 2027 560 ltts
2058 505 2215 577 (Heb.
2241 523 2297 574 ι,
2329 506 2453 579 15):
2491 508 2768 577 Quousque
2789 518 2944 579 ponat
2974 509 3207 564 inimicos
3236 527 3410 566 omnes
3429 515 3544 585 ejus

1942 600 2036 653 sub
2057 599 2272 670 pedibus
2296 602 2477 672 ipsius.
2506 601 2670 670 Quis?
2692 600 2892 672 Cujus?
2918 601 3224 669 manifeste,
3252 605 3378 675 quia
3402 604 3544 660 ﬁlius

1944 694 2132 763 patris.
2163 694 2269 749 Sed
2293 697 2548 764 quoniam
2579 696 2630 748 in
2672 694 2780 750 ﬁlio
2803 704 2977 765 pater,
3016 696 3220 752 idcirco
3257 706 3407 767 pater
3432 696 3544 753 ﬁlio

1942 785 2175 856 subjecit
2200 788 2403 852 omnia,
2429 796 2485 842 et
2508 787 2630 843 ideo
2653 788 2884 842 maxime
2913 787 3052 843 lilius
3078 788 3326 845 inimicos
3353 788 3541 855 habet,

1942 893 2050 934 non
2082 891 2269 948 pater:
2301 889 2355 935 ct
2381 883 2633 950 quoniam
2664 881 2855 945 ambo,
2882 880 3073 946 idest,
3103 883 3244 937 bona
3280 882 3543 954 ambigui-

1943 981 2024 1027 tas
2054 972 2360 1029 intellectus
2380 1015 2395 1039 ,
2424 981 2481 1028 et
2532 973 2732 1027 idcirco
2775 973 3038 1046 ὁμοούσιοι
3081 974 3125 1045 (l
3151 975 3266 1029 Cor.
3298 990 3388 1038 xv,
3420 975 3565 1045 26),.

1942 1075 2225 1135 postremus
2271 1067 2512 1120 inimicus
2546 1064 2875 1120 evacuabitur
2910 1082 3084 1121 inors:
3111 1067 3153 1122 si
3186 1068 3329 1123 enim
3378 1067 3541 1124 Jesus

1940 1160 2049 1212 vita
2077 1168 2160 1214 est
2198 1170 2250 1214 et
2277 1169 2479 1215 :eterna
2504 1162 2634 1225 vita,
2658 1159 3008 1217 evacuabitur
3039 1176 3070 1214 a
3095 1161 3205 1215 vita
3232 1176 3540 1217 mors:om-

1939 1251 2028 1305 nia
2057 1252 2217 1322 igitur
2239 1251 2419 1320 Jcsus,
2452 1252 2505 1307 id
2531 1264 2634 1320 est,
2665 1252 2806 1309 ﬁlius
2828 1254 3046 1324 subjicit
3075 1255 3232 1325 patri.
3265 1254 3372 1310 Sed
3395 1271 3529 1326 quo-

1940 1343 2082 1397 niam
2116 1342 2389 1418 ὁμαυύσιος
2433 1345 2569 1416 patri
2600 1354 2655 1401 et
2687 1346 2804 1417 ipsa
2842 1348 3175 1412 substantia,
3203 1355 3259 1402 et
3285 1347 3401 1418 ipsa
3442 1363 3541 1419 po-

1941 1438 2128 1505 tentia,
2156 1440 2451 1495 secundum
2476 1440 2617 1510 quod
2649 1442 2880 1510 primum
2933 1450 3018 1498 εει
3050 1457 3171 1497 esse
3215 1450 3448 1513 patrem,
3484 1453 3541 1500 et

1937 1533 2081 1604 quod
2106 1545 2226 1588 esse
2252 1533 2486 1605 primum
2516 1543 2622 1601 εει,
2654 1534 2949 1591 secundum
2972 1543 3151 1591 autem
3182 1535 3394 1605 Operari
3413 1577 3426 1604 ,
3461 1536 3543 1591 vi-

1939 1641 2100 1694 vere,
2134 1627 2468 1698 intelligere,
2496 1629 2748 1699 quoniam
2803 1625 3015 1684 duobus
3054 1642 3218 1683 causa
3264 1638 3347 1685 est
3393 1630 3537 1700 quod

232 1722 367 1779 ﬁlio.
399 1722 512 1780 Hoc
538 1733 716 1778 autem
745 1738 809 1778 ex
832 1739 932 1796 quo
956 1723 1152 1791 omnia,
1179 1732 1236 1779 et
1265 1724 1379 1794 ipse
1403 1723 1576 1778 ﬁlius:
1598 1722 1701 1778 hoc
1727 1722 1827 1794 igi-
1858 1724 1909 1789 Β
1940 1721 2199 1791 primum;
2228 1736 2452 1778 necesse
2475 1734 2557 1778 est
2587 1721 2769 1779 dicere
2822 1731 3029 1793 patrem
3082 1722 3352 1793 subjicere
3399 1724 3530 1780 ﬁlio.

232 1825 321 1873 tur
352 1816 488 1887 patri
529 1825 587 1871 ut
628 1816 904 1886 preprium
932 1834 947 1872 :
979 1817 1032 1871 in
1061 1832 1161 1887 quo
1186 1816 1392 1884 omnia,
1426 1815 1567 1887 quod
1606 1816 1749 1891 ὶρνος
1776 1824 1831 1870 ει

227 1909 515 1965 locusest:
542 1912 801 1965 [actorum
832 1909 976 1965 enim
1007 1918 1059 1964 ct
1087 1924 1310 1980 operum
1339 1924 1433 1979 per
1478 1909 1828 1977 semetipsum

230 2004 348 2074 ipse
367 2012 451 2059 est
494 2005 913 2074 receptaculum.
942 2004 1016 2060 lbi
1049 2014 1230 2060 autem
1267 2004 1626 2060 existentibus
1656 2004 1830 2059 omni-

230 2097 331 2153 bus
370 2114 492 2169 qua:
534 2107 660 2152 sunt
705 2097 937 2153 efﬁcitur
981 2097 1300 2168 plenitudo:
1330 2098 1527 2153 etenim
1574 2107 1629 2154 ει
1673 2097 1831 2153 Jesus

229 2200 384 2262 pater
412 2199 496 2246 est
524 2192 766 2246 omnium
790 2206 1038 2262 operum,
1071 2206 1258 2246 eorum
1280 2205 1402 2262 qua:
1432 2206 1527 2263 per
1575 2191 1833 2263 semetip-

228 2299 372 2339 sum.
399 2282 571 2339 Unum
594 2299 726 2356 ergo
747 2292 899 2355 pater
926 2295 980 2340 et
1001 2284 1157 2340 ﬁlius.
1190 2283 1297 2342 Sed
1319 2283 1465 2356 quod
1493 2299 1597 2339 non
1625 2284 1831 2340 extrin-

169 2387 178 2397 '
229 2392 390 2433 secus
436 2377 813 2449 ingrediuntur
868 2376 1240 2448 operazuude
1280 2375 1467 2434 enim?
1498 2376 1631 2431 nihil
1682 2378 1829 2432 enim

229 2481 414 2536 extra;
439 2470 491 2526 in
517 2482 576 2526 se
625 2470 743 2541 ipso
769 2486 899 2542 ergo
937 2471 1160 2527 omnia:
1191 2470 1307 2540 ipse
1336 2483 1464 2540 ergo
1490 2478 1546 2524 et
1589 2479 1836 2541 recepta-

228 2562 409 2619 culum
439 2574 492 2620 et
519 2563 814 2620 habitator.
850 2564 916 2620 Et
944 2565 1198 2635 quoniam
1224 2562 1278 2619 in
1308 2562 1420 2617 ﬁlio
1450 2571 1621 2634 pater,
1653 2573 1707 2619 et
1738 2577 1835 2633 pa-

232 2666 315 2713 ter
364 2656 669 2713 habitator:
705 2658 983 2729 proprium
1032 2657 1193 2729 igitur
1236 2657 1346 2713 ﬁlio
1399 2657 1453 2712 in
1492 2673 1593 2729 quo
1633 2659 1829 2725 omnia,

230 2751 500 2820 reliquum
546 2768 675 2823 ergo
696 2752 829 2819 hoc,
859 2765 914 2807 et
953 2752 1009 2807 in
1038 2754 1154 2824 ipso
1175 2794 1188 2816 ,
1221 2750 1323 2807 hoc
1355 2751 1478 2808 dico
1518 2766 1640 2809 esse
1678 2765 1832 2806 eom-

231 2860 395 2900 nutnc
424 2864 437 2900 :
466 2845 518 2900 iu
550 2847 1016 2921 consummatione
1044 2846 1189 2902 enim
1215 2860 1381 2900 unum
1412 2845 1595 2901 omnia
1626 2854 1680 2901 et
1708 2844 1833 2900 ideo

230 2937 431 2995 Paulus
473 2940 540 2996 ad
579 2940 887 2997 Corinthios
929 2940 1060 2996 dicit
1103 2940 1156 3014 (Ι
1195 2940 1313 2996 Cor.
1357 2955 1473 3006 vui,
1530 2938 1635 3011 6):
1686 2938 1835 2994 Unus

229 3030 371 3088 Deus
413 3042 556 3103 pater
595 3049 659 3088 ea:
682 3048 784 3105 quo
822 3034 995 3088 omnia
1015 3074 1029 3099 ,
1060 3043 1106 3089 et
1137 3049 1230 3089 nos
1268 3034 1320 3088 in
1353 3034 1498 3102 ipso;
1521 3041 1566 3087 et
1592 3048 1727 3086 unus
1760 3038 1835 3086 est

229 3127 483 3185 Dominus
518 3126 693 3195 lesus,
729 3144 821 3199 per
862 3144 1010 3199 quem
1055 3128 1249 3195 omnia,
1281 3135 1328 3182 et
1369 3142 1465 3182 nos
1504 3140 1595 3196 per
1636 3126 1827 3197 ipsum.
1859 3131 1907 3197 Ο

228 3219 340 3276 Aut
359 3219 631 3291 quomodo
655 3221 792 3277 alius
818 3221 870 3275 in
901 3221 1052 3292 ipso?
1087 3221 1346 3291 quoniam
1377 3231 1430 3276 et
1464 3221 1518 3275 in
1554 3219 1670 3275 aliis
1697 3219 1831 3276 locis

227 3315 310 3369 sic
339 3313 571 3384 positum
592 3322 677 3369 est
706 3314 773 3370 de
801 3324 968 3383 patre,
1001 3330 1065 3369 ea:
1087 3330 1187 3384 quo
1215 3315 1408 3378 omnia,
1436 3330 1529 3385 per
1555 3328 1704 3384 quem
1725 3328 1835 3367 om-

228 3410 339 3475 nia,
365 3410 420 3463 in
447 3410 559 3479 ipso
583 3410 775 3464 omnia.
806 3411 879 3464 De
903 3408 1016 3465 ﬁlio
1060 3419 1240 3466 autem
1266 3452 1279 3474 ,
1310 3410 1362 3463 in
1382 3422 1481 3479 quo
1509 3410 1708 3475 omnia,
1744 3422 1836 3479 per

229 3520 383 3572 quem
408 3503 596 3567 omnia,
627 3505 682 3557 in
708 3518 858 3574 quem
885 3503 1056 3556 omnia
1083 3520 1096 3557 :
1121 3502 1352 3573 aequalia
1387 3501 1547 3571 igitur
1579 3500 1761 3554 omnia
1779 3507 1837 3555 et

232 3594 345 3651 ﬁlio
391 3605 445 3650 ει
487 3595 624 3667 patri
671 3594 818 3651 dedit
857 3594 1287 3651 Paulusneete.
1340 3592 1493 3662 Quod
1558 3592 1832 3666 ὁμοούσιος

236 3697 392 3760 pater
414 3698 468 3744 et
496 3688 673 3755 ﬁlius,
704 3697 759 3744 et
791 3688 992 3744 idcirco
1021 3687 1222 3743 dictum
1261 3694 1343 3742 est
1367 3703 1380 3738 :
1403 3683 1552 3739 Tunc
1578 3686 1687 3755 ipse
1711 3685 1834 3739 sub-

224 3784 446 3857 jicietnr
467 3785 512 3836 ei
531 3825 546 3850 ,
581 3783 665 3854 qui
706 3780 919 3854 subjecit
946 3780 1047 3853 ipsi
1072 3781 1274 3846 omnia,
1305 3788 1363 3833 ut
1392 3779 1458 3832 sit
1494 3777 1630 3833 Deus
1664 3778 1838 3832 omnia

228 3878 287 3933 in
315 3877 573 3932 omnibus.

309 4016 591 4076 XXXVIII.
631 4010 764 4075 vVide
805 4019 1059 4076 virtutem
1092 4018 1356 4085 dicentis;
1392 4016 1645 4074 conducit
1682 4018 1837 4091 (forte

229 4114 525 4187 concludit)
564 4115 704 4170 enim
744 4110 1196 4188 ὁμοούσιοντιὶιῑιιε
1236 4111 1451 4183 subjicit
1486 4112 1624 4183 patri
1652 4112 1835 4168 omnia

232 4206 432 4267 virtute
459 4224 578 4276 sua,
598 4219 653 4264 ut
681 4210 910 4275 videtur,
925 4209 1017 4266 sed
1038 4217 1094 4265 ut
1114 4219 1196 4264 est
1224 4217 1444 4278 paterna
1468 4206 1624 4262 :dicit
1647 4207 1789 4262 enim
1818 4223 1832 4259 :

231 4302 547 4379 Sttbjicietur
577 4306 623 4358 ei
651 4307 738 4375 qui
761 4304 972 4377 subjecit
1006 4303 1107 4373 ipsi
1138 4302 1330 4357 omnia.
1358 4299 1458 4357 Cui
1485 4300 1836 4370 subjicietnr?

232 4396 364 4454 Deo.
394 4398 524 4469 Quis
551 4392 895 4466 subjiciatur?
914 4396 1077 4464 ﬁlius,
1102 4395 1186 4451 cui
1209 4394 1432 4467 subjit-it
1462 4394 1645 4450 omnia
1668 4394 1830 4451 Deus.

231 4488 388 4547 Actio
406 4492 563 4562 igitur
583 4498 639 4546 et
664 4500 812 4560 pater
840 4500 894 4546 ct
921 4489 1080 4545 ﬁlius.
1108 4487 1421 4547 Substantia
1448 4487 1607 4559 igitur
1635 4486 1758 4541 ubi?
1777 4485 1833 4541 In

229 4602 337 4659 qua
366 4587 505 4641 actio
537 4586 671 4656 ipsa,
692 4585 967 4656 magisque
984 4584 1053 4639 sit
1082 4583 1245 4648 actio,
1265 4596 1387 4654 qua:
1408 4580 1828 4644 cstsubstantia,

231 4676 503 4756 δμοούσιεν
552 4694 703 4750 ergo.
736 4677 875 4733 Dicit
900 4677 1095 4733 Paulus
1118 4684 1170 4730 et
1222 4673 1325 4730 hoc
1363 4673 1407 4743 (Ι
1434 4672 1556 4731 Cor.
1592 4688 1687 4739 xv,
1712 4672 1830 4742 2t),

230 4792 346 4829 cum
388 4772 656 4828 tradiderit
689 4790 903 4845 regnum
933 4770 1040 4826 Deo
1072 4780 1117 4825 et
1145 4766 1315 4825 Patri.
1349 4768 1467 4839 Ipse
1499 4768 1661 4838 igitur
1692 4780 1834 4823 nunc

231 4877 457 4938 regnat,
508 4877 564 4923 ει
601 4864 897 4922 secundum
945 4865 1218 4936 propriam
1272 4862 1539 4917 actionem
1587 4859 1834 4915 Christus

231 4963 446 5035 subjicit
475 4960 656 5017 omnia
678 5004 692 5027 ,
725 4971 779 5016 et
809 4958 1115 5016 inimicitia:
1139 4999 1152 5022 ,
1185 4966 1238 5013 et
1268 4956 1440 5028 ipsam
1483 4963 1711 5009 mortem
1739 4968 1833 5008 ex-

234 5056 485 5114 terminat
516 5076 527 5109 :
560 5059 673 5127 ipse
719 5055 881 5126 igitur
923 5052 1171 5125 subjicit,
1209 5051 1367 5108 sicuti
1420 5050 1551 5106 dicit
1589 5049 1789 5104 Paulus
1815 5090 1833 5116 ,

232 5170 350 5208 cum
381 5151 689 5207 evacuaverit
718 5166 917 5204 onmem
939 5147 1239 5219 potentiam.
1259 5145 1349 5204 Sic
1377 5145 1505 5202 dicit
1526 5143 1669 5217 quod
1691 5143 1831 5198 ﬁlius

234 5246 455 5316 propria
483 5245 678 5299 virtmc
709 5242 834 5298 facit
871 5243 993 5298 ista.
1018 5239 1217 5311 Adjicit
1249 5250 1304 5297 et
1332 5238 1473 5296 istud
1504 5236 1669 5311 (lbidf
1696 5235 1828 5309 25):

237 5332 450 5417 Oportet
492 5340 625 5393 enim
669 5337 818 5392 illum
850 5351 1098 5407 .regnare.
1147 5334 1288 5390 Deus
1315 5332 1531 5403 quidem
1576 5346 1672 5386 rex
1710 5344 1832 5385 ont-

234 5431 545 5489 nium:sed
596 5431 845 5502 quoniam
896 5424 1161 5503 ὁμοούσιος
1216 5436 1269 5483 ει
1330 5426 1505 5490 ﬁlius,
1558 5432 1613 5480 et
1663 5422 1835 5493 magis

232 5527 403 5602 λόγος,
434 5526 536 5581 hoc
560 5535 661 5591 cst,
694 5523 932 5595 potentia
956 5531 1010 5578 et
1034 5521 1300 5592 sapientia
1335 5520 1465 5586 Dei;
1496 5532 1721 5575 necesse
1750 5525 1835 5571 est

235 5636 464 5694 regnare
502 5621 731 5689 primum
761 5615 1121 5690 sapientiam,
1153 5630 1247 5686 per
1276 5628 1435 5684 quam
1477 5609 1834 5681 subjicientur

234 5716 415 5775 Omnia
436 5731 453 5777 ;
473 5713 601 5788 λόγῳ
625 5710 767 5766 enim
792 5720 843 5766 et
878 5707 1176 5765 subsistunt
1198 5748 1213 5776 ,
1254 5714 1308 5763 ct
1338 5703 1693 5775 subjiciuntur
1714 5716 1800 5757 om
1817 5731 1833 5743 -

1939 1814 2079 1870 Dicit
2104 1828 2257 1886 ergo,
2276 1830 2392 1868 eum
2421 1813 2689 1869 tradiderit
2709 1830 2925 1885 regnum
2946 1813 3056 1870 Deo
3079 1825 3124 1869 et
3156 1816 3311 1884 patri,
3341 1829 3534 1871 neces-

1936 1906 2083 1961 sario
2110 1904 2286 1972 ﬁlius;
2317 1914 2364 1961 et
2389 1922 2508 1960 eum
2532 1906 2853 1962 euomuerit
2880 1918 3080 1962 omnem
3107 1906 3455 1979 principatum
3492 1916 3541 1962 et

1939 1999 2237 2067 potentiam,
2268 1999 2580 2054 necessario
2609 1998 2771 2055 ﬁlius.
2808 2000 2944 2055 Dicit
2985 2015 3173 2056 rursus
3206 1998 3373 2073 (Ibid.
3402 1998 3498 2072 27)
3523 2017 3538 2055 :

1937 2089 2070 2147 Cum
2088 2101 2258 2146 autem
2293 2093 2465 2147 omnia
2498 2093 2728 2166 subjecta
2766 2102 2902 2161 sunt,
2922 2095 3246 2167 manifestum
3275 2095 3413 2166 quod
3451 2110 3544 2149 ea:-

1937 2192 2017 2238 tra
2052 2185 2223 2253 ipsum
2257 2185 2345 2255 qui
2387 2183 2594 2259 subjicit
2621 2186 2721 2256 ipsi
2749 2187 2959 2242 omnia:
2984 2200 3089 2243 non
3136 2201 3299 2258 parva
3341 2186 3543 2245 intelli-

1934 2286 2113 2357 gentia

2008 2423 2256 2480 XXXIX.
2289 2422 2396 2480 Sed
2438 2438 2579 2479 nunc
2608 2423 2960 2479 dimittamus.
2998 2422 3136 2493 Quid
3178 2423 3288 2479 vult
3318 2439 3416 2479 nos
3454 2423 3540 2481 in-

1940 2517 2196 2588 telligere,
2227 2517 2369 2589 quod
2413 2518 2553 2573 Deus
2583 2532 2747 2572 causa
2792 2518 2880 2588 qui
2911 2517 3000 2583 sit,
3032 2527 3088 2573 et
3133 2529 3458 2590 pratpotens,
3474 2528 3542 2576 ‘et

1937 2610 2372 2681 prmprincipium
2403 2612 2690 2682 potentiae,
2722 2611 2838 2681 ipse
2861 2611 2985 2667 fecit
3011 2614 3213 2679 omnia,
3246 2628 3368 2668 cum
3398 2613 3542 2670 ﬁlius

1937 2700 2101 2757 facit?
2143 2713 2195 2758 et
2240 2703 2284 2758 si
2316 2715 2465 2774 pater
2506 2704 2558 2759 in
2599 2703 2729 2769 ﬁlio,
2776 2712 2830 2759 et
2857 2703 3000 2760 ﬁlius
3040 2705 3093 2759 in
3142 2716 3317 2776 patre,
3342 2705 3460 2777 ipse
3485 2707 3543 2764 in

1938 2793 2049 2850 ﬁlio
2079 2793 2229 2861 facit,
2259 2808 2380 2866 quae
2413 2795 2553 2850 lilius
2584 2796 2737 2862 fecit;
2762 2804 2815 2851 et
2846 2794 3025 2869 (Joan.
3052 2812 3106 2863 v,
3140 2794 3228 2871 l9)
3256 2814 3369 2869 qua:
3390 2808 3540 2869 pater

1937 2890 2099 2960 facit,
2138 2891 2277 2960 ﬁlius
2319 2891 2448 2962 facit
2488 2889 2880 2959 indiﬂ'cu'euter:
2915 2891 3077 2963 igitur
3102 2902 3197 2947 aut
3236 2893 3408 2963 patri,
3442 2909 3539 2949 aut

1939 2988 2049 3043 ﬁlio
2076 2986 2271 3042 dantur
2312 2986 2526 3052 omnia,
2558 2986 2671 3042 sive
2709 2986 3054 3057 operationes
3076 3028 3091 3052 ,
3124 2989 3240 3044 sive
3282 2990 3499 3061 requies
3521 3005 3544 3044 :

1938 3079 1992 3135 in
2023 3080 2194 3136 altero
2222 3080 2364 3135 cnim
2395 3079 2460 3134 ad
2490 3079 2835 3147 alterutrum,
2867 3088 2921 3135 ct
2944 3078 3078 3136 nihil
3099 3080 3330 3137 alterum
3351 3123 3365 3147 ,
3393 3083 3540 3153 quod

1937 3174 1992 3229 in
2022 3188 2127 3230 uno
2154 3174 2404 3230 alterum.
2442 3172 2511 3229 Et
2549 3173 2749 3230 idcirco
2774 3190 2934 3230 unum
2966 3174 3145 3231 solum
3167 3216 3182 3243 ,
3211 3185 3267 3231 ει
3296 3176 3432 3232 nihil
3460 3176 3543 3232 al-

1934 3275 2133 3333 terum,
2161 3265 2258 3323 sed
2288 3266 2639 3323 subsistentia
2667 3267 2883 3337 prapria
2905 3278 2957 3323 et
2983 3278 3135 3339 pater
3172 3279 3227 3325 et
3257 3268 3400 3324 ﬁlius
3427 3279 3535 3337 est,

1935 3359 2003 3415 ab
2034 3373 2138 3414 una
2173 3375 2239 3415 ex
2286 3370 2437 3430 patre
2484 3357 2811 3414 substantia.
2841 3358 3012 3415 Filius
3040 3368 3242 3426 autem,
3273 3360 3378 3417 hoc
3415 3369 3536 3429 est,
3616 3376 3625 3386 ‘

1930 3452 2079 3527 λόγος
2109 3492 2125 3518 ,
2150 3450 2325 3506 activa
2358 3451 2597 3520 potentia
2618 3460 2720 3517 est,
2752 3460 2806 3507 et
2829 3466 2948 3522 qua:
2971 3451 3152 3517 iaciat,
3182 3461 3378 3522 etquae
3402 3454 3545 3509 vivi-

1934 3543 2081 3610 ﬂeet,
2108 3552 2164 3599 et
2188 3544 2261 3600 sit
2291 3543 2718 3615 iutelligentialis
2739 3561 2753 3599 :
2778 3542 2959 3598 omnia
2997 3543 3156 3614 igitur
3172 3544 3320 3614 iusta
3345 3552 3403 3601 et
3438 3561 3535 3615 ge-

1936 3643 2111 3698 nerat,
2144 3643 2200 3691 ει
2228 3636 2355 3691 facit
2394 3635 2688 3691 secundum
2731 3635 2929 3701 vitam,
2958 3643 3014 3691 et
3036 3646 3318 3707 regenerat
3341 3654 3539 3695 secun-

1935 3728 2061 3784 dum
2094 3728 2507 3800 intelligentiam
2539 3729 2780 3783 veritatis
2808 3736 2863 3783 et
2892 3730 3015 3795 Dei,
3062 3744 3226 3800 quam
3262 3731 3356 3786 dat
3377 3729 3537 3790 ΙΙεειιε

1936 3822 2190 3879 omnibus
2231 3823 2375 3898 λόγος
2406 3837 2526 3878 cum
2565 3822 2655 3890 sit,
2696 3822 2936 3878 omnium
2968 3831 3023 3879 et
3071 3824 3541 3895 iutellcctuum,et

1936 3915 2314 3971 uuiversaliter
2328 3916 2565 3970 omnium
2578 3930 2698 3986 qua:
2712 3923 2853 3970 stmt.
2862 3914 2919 3971 Si
2935 3915 3093 3986 igitur
3103 3915 3205 3973 iste
3220 3926 3467 3987 generat,
3482 3927 3540 3977 et

1938 4010 2037 4066 iste
2068 4017 2349 4081 regenerat
2369 4010 2550 4065 omnia
2571 4051 2585 4075 ,
2616 4009 2714 4063 istc
2742 4009 2960 4079 subjicit
2980 4010 3192 4078 oumia,
3219 4027 3327 4067 non
3359 4014 3537 4070 solum

1937 4100 2205 4169 homines,
2221 4101 2312 4158 sed
2326 4108 2381 4158 et
2397 4108 2453 4155 ut
2466 4100 2596 4155 dicit
2607 4098 2807 4156 Paulus
2826 4142 2840 4166 ,
2856 4116 3073 4157 omnem
3101 4104 3458 4175 principatum
3481 4115 3539 4163 et

1938 4209 2153 4250 omnem
2183 4195 2472 4264 potentiam
2490 4209 2504 4260 ;
2524 4192 2895 4263 numquidista
2911 4204 2966 4250 ut
2993 4195 3259 4264 homo,an
3285 4205 3342 4253 ut
3365 4198 3538 4273 λόγοςῖ

1938 4287 2149 4343 Etenim
2167 4287 2338 4356 ipsum
2358 4285 2623 4357 subjicere
2640 4299 2744 4342 non
2764 4286 3022 4357 temporis
3033 4289 3205 4344 solum
3219 4290 3337 4359 ejus
3350 4306 3415 4346 ex
3428 4307 3538 4361 quo

1939 4380 2005 4437 dc
2025 4380 2190 4436 Maria
2205 4380 2364 4444 ﬁlius,
2385 4380 2478 4435 scd
2497 4388 2550 4434 ct
2567 4387 2715 4448 ante,
2735 4387 2789 4435 et
2804 4387 3013 4449 postea.
3033 4380 3088 4436 Si
3106 4383 3247 4437 enim
3266 4381 3536 4439 diluvium

1940 4475 2137 4531 iactant
2167 4481 2251 4530 est
2273 4514 2286 4536 ,
2325 4473 2369 4528 si
2401 4470 2639 4529 Sodoma
2663 4480 2717 4528 ει
2741 4471 3046 4529 Gomorrba
3083 4474 3325 4543 incensa,
3350 4475 3395 4531 si
3419 4475 3539 4534 haec

1940 4580 1995 4628 ει
2048 4571 2174 4625 talia
2228 4570 2398 4625 multa
2438 4568 2575 4626 facta
2619 4581 2771 4639 sunt,
2820 4571 2864 4625 si
2911 4571 2966 4625 in
3020 4573 3307 4641 praesentia
3359 4573 3539 4643 prima

1944 4660 2237 4735 triumphat
2264 4663 2511 4719 inimicos
2554 4664 2605 4718 in
2635 4663 2945 4733 semetipso,
2981 4664 3024 4718 si
3056 4664 3109 4718 in
3137 4664 3375 4720 secunda
3399 4680 3540 4736 pra:-

1941 4760 2111 4815 sentia
2172 4758 2471 4812 novissimus
2512 4757 2747 4810 inimicus
2796 4757 3123 4812 evacuabitur
3170 4774 3344 4825 mors;
3394 4758 3538 4815 ﬁlius
3612 4803 3619 4810 .

1938 4853 2078 4926 λόγος
2103 4851 2225 4906 facit
2253 4849 2375 4918 ista,
2403 4849 2495 4905 sed
2525 4851 2765 4921 potentia
2798 4857 3038 4919 paterna.
3067 4850 3219 4907 Facit
3239 4852 3399 4923 igitur
3418 4868 3540 4907 om-

1941 4947 2030 5002 nia
2056 4945 2275 5017 spiritus
2310 4944 2603 5015 spiritualia
2628 4987 2641 5012 ,
2685 4954 2808 4999 tunc
2846 4953 2893 5000 et
2931 4946 3043 5017 ipse
3077 4948 3377 5018 subjicietur
3403 4946 3535 5016 Deo,

1939 5038 2228 5114 subjicienti
2244 5038 2286 5092 ei
2310 5038 2479 5093 omnia
2504 5052 2521 5091 :
2543 5038 2817 5095 evacuatis
2834 5038 2978 5094 enim
2999 5040 3273 5108 omnibus,
3294 5041 3540 5111 requies-

1941 5135 2015 5191 cit
2042 5134 2214 5189 activa
2258 5131 2527 5201 potentia,
2560 5138 2616 5185 et
2651 5134 2755 5186 erit
2796 5132 2847 5185 in
2898 5133 3014 5201 ipso
3059 5132 3201 5188 Deus
3237 5132 3539 5187 secundum

1938 5228 2083 5301 quod
2124 5234 2209 5282 est
2251 5240 2403 5295 esse,
2436 5226 2812 5281 etsecundqu
2842 5225 2981 5295 quod
3013 5234 3097 5280 est
3121 5227 3403 5296 quiescere
3433 5243 3445 5279 :
3480 5226 3538 5281 in

1943 5323 2063 5378 aliis
2093 5328 2269 5377 autem
2304 5321 2554 5376 omnibus
2579 5320 2950 5391 spiritualiter,
2981 5320 3279 5376 secundum
3308 5336 3459 5376 suam
3481 5331 3541 5379 ει

1945 5414 2233 5485 potentiam
2277 5421 2331 5469 et
2373 5413 2751 5468 substantiam.
2801 5414 2864 5468 Et
2905 5412 3006 5468 hoc
3049 5420 3133 5468 est
3166 5411 3212 5485 (l
3264 5413 3381 5469 Cor.
3426 5431 3535 5482 xv,

1941 5508 2060 5579 28),
2087 5518 2143 5563 ut
2165 5508 2228 5562 sit
2254 5508 2307 5562 in
2335 5506 2476 5562 Deus
2502 5507 2675 5562 omnia
2699 5507 2752 5561 in
2776 5506 3041 5562 omnibus:
3059 5522 3164 5562 non
3185 5504 3329 5561 enim
3350 5507 3540 5584 omnia

1943 5604 1998 5660 in
2024 5618 2368 5676 unoquoque,
2393 5602 2488 5658 sed
2524 5602 2633 5658 Deo
2653 5599 2917 5658 existi-nte
2948 5602 2999 5656 in
3021 5599 3292 5667 omnibus,
3336 5609 3392 5659 et
3410 5599 3537 5659 ideo

1942 5696 2124 5754 omnia
2149 5697 2253 5754 erit
2282 5698 2445 5761 Deus,
2464 5694 2606 5767 quod
2634 5693 2817 5751 omnia
2844 5702 3001 5752 erum
3028 5694 3138 5750 Deo
3160 5694 3337 5764 plena.
