4024 6306
503 174 636 233 1071

1798 167 1993 226 MAR]!
2032 160 2381 225 VICTORINI
2419 163 2577 220 AFRI

3655 165 3771 221 1079.

569 288 684 345 XL.
718 286 972 345 Dicamus
996 297 1052 343 ει
1086 286 1190 342 alia
1221 286 1401 357 (Rom.
1432 300 1472 352 ι,
1498 284 1587 357 16)
1615 300 1629 339 :
1662 283 1785 338 Non
1810 284 1944 338 enim
1982 297 2104 337 eru-
2133 281 2183 341 Λ
2211 275 2330 331 aliis
2362 274 2587 342 talibus,
2624 273 2675 329 in
2704 272 2898 346 quibus
2926 283 2981 330 ει
3010 274 3150 331 istud
3180 274 3397 342 accidit,
3446 289 3770 349 quzecumque

498 385 642 439 beseo
670 380 1009 453 Evangelium
1033 381 1148 437 Dei.
1183 381 1445 437 Virtutem
1476 387 1532 435 et
1563 377 1860 450 potentiam
1898 375 2097 431 Paulus

496 476 626 533 dicit
664 476 939 532 Christum
965 476 1172 542 Iesum,
1206 474 1309 530 hoc
1335 473 1481 530 enim
1513 471 1857 541 Evangelium
1885 468 2019 524 dicit
2042 477 2098 524 et

499 569 568 625 de
590 569 695 625 isto
730 569 773 642 (I
812 567 934 624 Cor.
973 584 1014 635 ι,
1038 566 1132 639 24)
1158 582 1172 621 :
1202 565 1436 622 Christus
1457 580 1586 637 ergo
1616 563 1715 619 Dei
1754 574 1801 618 et
1843 560 2100 631 sapientia

500 670 549 716 et
592 663 771 717 virtus.
822 660 961 730 Quid
990 659 1187 716 deinde
1234 658 1498 729 sapientia
1540 666 1597 713 et
1617 656 1793 711 virtus
1834 653 1961 709 Dei?
1995 666 2101 706 non

506 753 628 826 ipse
656 753 841 809 Deus?
871 752 988 807 Non
1015 750 1157 807 enim
1181 749 1315 805 utin
1343 749 1685 820 corporibus,
1713 755 1808 803 aut
1833 746 1886 801 in
1914 759 2102 814 corpo-

502 846 743 912 ralibus,
771 844 916 901 aliud
959 852 1044 899 est
1078 843 1303 910 oculus,
1335 841 1483 897 aliud
1526 840 1686 896 visio.
1717 842 1824 896 Aut
1849 838 1903 893 in
1948 836 2105 909 igne,

504 939 650 995 aliud
684 937 854 1010 ignis,
886 936 1032 992 aliud
1088 937 1269 992 lumen
1311 934 1610 1006 ejuszeget
1646 931 1791 987 enim
1835 930 2028 984 oculus
2055 936 2112 984 et

506 1032 647 1104 ignis
689 1030 915 1087 alterius
963 1030 1213 1100 alicujus,
1263 1037 1319 1084 et
1369 1027 1557 1084 oculus
1598 1025 1822 1081 alterius
1860 1021 2108 1087 luminis,

505 1132 568 1179 ut
600 1122 673 1178 sit
715 1138 782 1178 ex
836 1122 953 1192 ipso
987 1128 1044 1178 et
1093 1120 1146 1175 in
1196 1120 1343 1190 ipso;
1378 1118 1517 1173 visio
1546 1116 1686 1185 ignis
1715 1124 1769 1172 et
1820 1114 1963 1171 aeris
1986 1156 2002 1180 ,
2056 1122 2116 1169 ut

512 1217 587 1272 sit
611 1233 674 1272 ex
712 1216 830 1287 ipso
884 1216 1085 1271 lumen.
1140 1214 1246 1272 Sed
1287 1213 1446 1269 sicuti
1498 1210 1725 1268 visionis
1770 1209 2007 1281 potentia
2055 1206 2110 1262 in

513 1326 577 1369 se
604 1310 768 1367 habet
792 1310 1054 1365 visionem
1088 1320 1215 1364 tunc
1245 1307 1377 1365 foris
1425 1308 1777 1370 existentem,
1811 1320 1932 1359 cmn
1983 1318 2113 1375 ope-

511 1413 664 1459 ratur
686 1403 927 1474 potcutia
956 1401 1204 1466 visionis,
1235 1410 1291 1457 et
1314 1408 1603 1470 generatur
1630 1416 1659 1454 a
1685 1396 1926 1469 potentia
1951 1394 2114 1451 visio—

510 1496 597 1552 nis
624 1495 793 1560 visio,
842 1494 1119 1566 unigenita
1152 1509 1214 1550 ea
1252 1493 1407 1564 ipsa:
1442 1490 1579 1547 nihil
1610 1490 1753 1545 enim
1783 1488 1926 1543 aliud
1961 1487 2030 1541 ab
2049 1501 2113 1543 ea

510 1588 770 1660 gignitur,
799 1596 856 1644 et
879 1588 944 1641 ad
979 1585 1273 1657 potentiam
1312 1583 1538 1663 visionis
1568 1582 1706 1637 visio
1746 1590 1854 1648 est,
1889 1596 1993 1635 non
2031 1578 2115 1635 in-

2209 371 2324 425 sint
2361 370 2589 434 similia,
2623 368 2812 425 eadem
2839 383 2959 424 esse
2990 368 3302 434 dissimilia,
3330 370 3432 424 alia
3461 379 3517 425 ει
3541 370 3634 424 alia
3662 388 3773 441 qua-

2202 465 2371 521 litate.
2403 465 2590 521 Simile
2618 465 2761 520 enim
2793 480 2898 519 non
2928 462 3068 519 idem
3090 505 3104 529 ,
3131 480 3303 536 neque
3328 465 3471 520 idem
3499 480 3673 532 unum,
3696 465 3775 521 sed

2206 557 2346 613 idem
2387 558 2690 629 geminum:
2740 574 2903 615 unum
2948 567 3005 614 et
3046 557 3146 613 ista
3190 575 3295 613 non
3341 560 3662 624 substantia,
3699 558 3775 614 sed

2206 666 2436 707 numero
2477 667 2661 707 unum.
2693 650 2801 707 Nos
2830 666 2975 708 nunc
3003 651 3070 707 de
3098 651 3397 708 substantia
3427 652 3777 724 perquirimus,

2207 759 2326 814 qua:
2354 744 2406 799 in
2440 743 2578 808 Deo,
2610 754 2702 799 aut
2729 744 2875 812 ﬁlio,
2907 754 3000 801 aut
3030 746 3143 816 ipsa
3185 755 3298 812 est,
3326 756 3421 801 aut
3462 745 3673 801 eadem:
3709 755 3782 802 aut

2215 836 2379 892 modo
2407 838 2639 909 quodam
2670 848 2725 894 et
2753 838 2866 910 ipsa
2894 850 2947 895 et
2976 839 3188 896 eadem.
3231 839 3516 909 Quomodo
3545 855 3666 912 ergo
3691 840 3781 912 ipsa

2212 940 2296 985 est
2334 929 2658 987 adventante
2699 929 2832 1000 ﬁlio,
2875 942 2930 987 et
2961 941 3107 987 tanta
3139 931 3367 988 faciente
3392 942 3450 990 et
3489 931 3545 987 in
3584 935 3710 987 cado
3741 942 3784 988 et

2214 1024 2269 1079 in
2302 1033 2439 1080 terra
2462 1065 2477 1092 ,
2509 1035 2563 1080 et
2597 1025 2830 1081 intrante
2862 1026 2914 1081 in
2944 1027 3203 1082 carnem?
3232 1025 3518 1095 Quomodo
3555 1025 3700 1082 Jesus
3732 1026 3785 1081 ﬁ.

2216 1116 2354 1182 lius,
2386 1118 2528 1188 quod
2564 1118 2831 1187 signiﬁcat
2872 1127 3112 1189 patrem,
3157 1117 3430 1190 quomodo
3468 1128 3525 1175 et
3562 1126 3663 1174 tres
3688 1127 3788 1174 sunt

2216 1208 2552 1276 substantiae,
2589 1210 2758 1273 Deus,
2794 1210 2975 1286 Λόγος,
3004 1210 3236 1282 Spiritus
3263 1219 3514 1267 sanctus:
3545 1227 3646 1266 non
3671 1212 3788 1267 enim

2213 1310 2428 1372 oportet
2470 1302 2681 1369 dicere,
2726 1318 2829 1358 nec
2867 1302 2950 1358 fas
2988 1312 3073 1359 est
3097 1303 3307 1371 dicere,
3341 1319 3507 1359 unam
3535 1319 3651 1360 esse
3674 1305 3782 1361 sub-

2216 1393 2498 1462 stantiam,
2529 1403 2642 1451 tres
2671 1410 2794 1452 esse
2821 1410 3102 1467 personas.
3134 1396 3189 1451 Si
3217 1398 3362 1452 enim
3392 1397 3497 1453 ista
3539 1398 3647 1467 ipsa
3683 1394 3790 1453 sub-

2215 1488 2408 1543 stantia
2436 1499 2486 1545 et
2514 1490 2622 1561 egit
2642 1491 2854 1556 omnia,
2880 1500 2935 1546 et
2959 1505 3115 1561 passa
3144 1499 3257 1558 est,
3286 1490 3666 1562 Patripassiani
3686 1505 3791 1562 ergo

2217 1589 2274 1638 et
2301 1599 2428 1638 nos:
2461 1583 2619 1639 absit.
2652 1584 2790 1653 Quid
2820 1584 3015 1656 igitur?
3043 1584 3233 1642 eadem
3263 1594 3379 1654 est,
3411 1602 3518 1642 non
3552 1587 3687 1658 ipsa:
3713 1585 3789 1641 sed

513 1692 600 1739 tus
631 1683 826 1748 solum,
861 1682 956 1738 sed
986 1692 1040 1737 et
1067 1682 1208 1736 intus
1236 1682 1287 1736 in
1314 1678 1576 1750 potentia,
1606 1678 1659 1733 in
1688 1676 1904 1732 actione
1934 1673 2107 1745 magis
2144 1675 2193 1736 B
2221 1678 2263 1733 si
2298 1677 2434 1733 istud
2457 1720 2471 1744 ,
2504 1687 2598 1733 aut
2626 1681 3007 1749 praeexistente
3033 1680 3336 1737 substantia
3365 1680 3499 1744 duo.
3529 1691 3617 1734 aut
3642 1680 3704 1735 ab
3725 1694 3796 1734 ea-

511 1776 686 1841 foris,
730 1786 785 1833 et
812 1776 936 1831 ideo
976 1775 1044 1831 ad
1087 1774 1293 1846 potenti
1313 1791 1382 1829 nn
1404 1816 1418 1839 ,
1452 1772 1652 1844 quippe
1684 1771 1818 1826 visio
1848 1787 1969 1827 cum
2012 1769 2116 1836 sit,

514 1870 783 1945 ὁμοούσιον
811 1884 941 1941 ergo
957 1868 1180 1924 vi~ionis
1194 1866 1454 1939 putentia:
1475 1864 1634 1931 visio,
1653 1872 1708 1920 et
1738 1880 1900 1919 unum
1924 1870 2116 1918 totum.

516 1967 589 2022 Et
615 1963 855 2036 potentia
880 1962 1097 2035 quidem
1121 1962 1375 2033 quiescit,
1395 1960 1533 2017 visio
1553 1968 1733 2016 autem
1762 1959 1813 2015 in
1837 1967 1982 2014 motu
2004 1967 2121 2016 est:

518 2067 577 2114 et
612 2072 709 2127 per
737 2055 1001 2112 visionem
1040 2055 1221 2111 omnia
1268 2054 1500 2110 visibilis
1543 2054 1699 2120 fiunt,
1750 2063 1806 2109 et
1844 2053 2125 2124 passiones

520 2153 668 2211 circa
717 2150 978 2207 visionem
1025 2160 1182 2216 sunt,
1240 2150 1466 2206 visionis
1509 2148 1747 2219 potentia
1805 2145 2126 2219 impassibili

533 2247 823 2313 existente,
851 2256 907 2301 et
932 2244 1051 2301 sine
1093 2244 1344 2316 passione
1389 2242 1653 2298 visionem
1692 2250 2005 2314 generante.
2038 2240 2130 2298 Sic

526 2338 692 2411 igitur
715 2347 771 2394 et
795 2337 967 2393 virtus
993 2346 1047 2393 et
1075 2335 1339 2408 sapientia
1370 2335 1464 2391 Dei
1494 2335 1609 2405 ipse
1633 2336 1796 2401 Deus.
1820 2346 1901 2392 est
1931 2343 2125 2402 totum,

525 2434 669 2505 quod
712 2433 965 2504 simplex,
1010 2441 1065 2488 et
1092 2431 1233 2503 quod
1270 2447 1472 2494 unum,
1510 2440 1564 2485 et
1591 2430 1747 2486 unius
1793 2440 1847 2486 et
1889 2428 2128 2499 ejusdem

522 2529 864 2593 substantiae,
900 2538 952 2584 ει
983 2527 1140 2582 simul
1169 2543 1233 2582 ex
1265 2534 1492 2590 artemo,
1532 2534 1588 2580 ει
1629 2540 1873 2594 semper,
1906 2534 1961 2579 ει
1989 2540 2018 2577 a
2041 2539 2134 2592 pa-

526 2631 631 2691 tre,
666 2620 759 2694 qui
783 2620 868 2677 sui
892 2629 1180 2692 generator
1224 2628 1309 2676 est
1364 2618 1626 2675 existens.
1662 2618 1935 2688 Sapienti.
1973 2617 2135 2683 igitur

529 2725 586 2772 et
615 2714 787 2770 virtus
810 2711 1165 2785 operationis,
1197 2712 1334 2767 hanc
1356 2713 1499 2766 enim
1523 2711 1774 2766 virtutem
1806 2725 1949 2766 nunc
1969 2708 2137 2780 signi-

528 2807 696 2863 ﬁcat:
736 2807 1018 2877 conjunxit
1053 2806 1198 2861 enim
1239 2803 1561 2876 sapientiam
1600 2812 1655 2859 et
1675 2803 1948 2859 virtutem.
1996 2803 2136 2873 Ergo

528 2902 724 2957 horum
749 2899 989 2971 potentia
1017 2909 1100 2955 est
1130 2899 1294 2965 Deus,
1319 2906 1374 2954 et
1400 2897 1522 2954 ideo
1552 2906 1731 2968 pater,
1762 2896 1905 2967 quod
1929 2896 1997 2951 ab
2018 2895 2138 2963 ipso

531 2996 676 3052 ista:
707 2993 877 3065 gignit
913 2992 1058 3049 enim
1096 2991 1201 3047 ista
1237 2992 1289 3045 in
1334 2989 1602 3045 actionem
1626 2997 1680 3045 ct
1708 2987 2134 3061 impassibiliter,

2222 1770 2344 1826 dem
2366 1770 2648 1839 scissione,
2670 1780 2764 1827 aut
2781 1772 3071 1829 amissione
3097 1774 3266 1844 partis
3288 1772 3534 1844 ejusdem
3560 1773 3664 1842 ipsa
3686 1771 3795 1828 facta

2226 1873 2310 1919 cst
2330 1864 2515 1920 eadem
2536 1881 2548 1917 :
2568 1879 2741 1935 neque
2766 1864 3102 1935 dimissione,
3119 1882 3294 1937 neque
3313 1866 3661 1922 diminutione
3683 1865 3795 1920 titius

2231 1965 2388 2013 natus
2429 1968 2544 2025 est,
2577 1958 2670 2014 sed
2705 1959 2976 2030 perfectus
3003 1971 3174 2030 pater,
3210 1971 3264 2016 et
3292 1975 3512 2031 semper
3538 1959 3794 2031 perfectus,

2229 2060 2285 2106 et
2312 2067 2528 2124 semper
2567 2053 3042 2124 paterzperfectns
3084 2054 3259 2123 ﬁlius,
3307 2063 3365 2111 et
3408 2071 3621 2127 semper
3652 2053 3798 2127 perfeo

2229 2154 2379 2211 ctus,
2426 2157 2481 2201 ct
2526 2161 2591 2202 ex
2635 2154 2841 2202 aeterno
2882 2157 2939 2204 et
2975 2149 3027 2204 in
3056 2157 3318 2204 internum
3354 2148 3519 2206 ﬁlius.
3547 2148 3792 2219 Quomodo

2232 2242 2393 2313 igitur
2416 2241 2604 2297 eadem
2626 2286 2640 2309 ,
2672 2243 2723 2297 in
2750 2243 2960 2299 duobus
2984 2245 3126 2299 enim
3154 2260 3274 2315 qua:
3299 2244 3533 2301 eadem?
3559 2245 3648 2301 sed
3672 2253 3794 2313 pater

2234 2344 2290 2390 ει
2320 2334 2461 2389 ﬁlius
2491 2350 2689 2403 unum,
2723 2344 2779 2391 et
2806 2336 2897 2408 qui
2927 2347 3098 2408 pater,
3132 2347 3316 2406 pater:
3345 2348 3402 2393 et
3430 2338 3521 2409 qui
3553 2338 3711 2405 ﬁlius,
3740 2336 3792 2392 ﬁ-

2238 2427 2366 2482 lius.
2396 2428 2461 2482 Et
2485 2443 2591 2483 non
2618 2428 2758 2484 idem
2787 2440 2939 2500 pater
2960 2441 3016 2486 et
3040 2430 3199 2496 ﬁlius,
3230 2431 3501 2488 necidem
3528 2430 3660 2487 ﬁlius
3682 2437 3802 2502 pater

2235 2521 2352 2591 ejus
2373 2522 2527 2591 cujus
2550 2523 2688 2578 ﬁlius
2708 2533 2811 2580 est.
2836 2524 2949 2580 Non
2975 2540 3105 2597 ergo
3126 2538 3289 2580 unum
3315 2536 3472 2595 sunt:
3500 2542 3665 2599 neque
3684 2526 3798 2597 ipsa,

2238 2630 2413 2687 neque
2449 2616 2639 2673 eadem
2669 2626 2755 2673 est
2784 2618 3102 2674 substantia.
3137 2619 3483 2692 Relinquitur
3520 2636 3641 2693 ergo
3675 2619 3803 2676 modo

2238 2709 2468 2779 quodam
2499 2725 2620 2766 esse
2649 2722 2704 2766 et
2734 2712 2903 2782 ipsam
2933 2722 2988 2768 et
3015 2712 3285 2770 eamdem.
3327 2713 3448 2770 Non
3481 2716 3619 2771 enim
3647 2714 3716 2770 fas
3738 2720 3803 2769 est

2245 2801 2427 2857 dicere
2449 2802 2673 2859 alterius
2695 2818 2817 2860 esse
2840 2804 3155 2861 sul-stantia-
3181 2803 3389 2877 p‘atrem
3416 2817 3473 2863 et
3496 2807 3678 2863 ﬁlium:
3701 2820 3803 2877 quo-

2242 2895 2385 2949 niam
2413 2895 2555 2965 quod
2583 2896 2653 2950 sit
2676 2895 2792 2966 ipsa
2818 2896 3080 2964 dicemus,
3107 2898 3223 2955 sive
3251 2899 3421 2957 Deum
3446 2912 3502 2957 et
3517 2898 3666 2977 Λόγον
3686 2899 3803 2956 dice-

2243 3003 2392 3054 mus,
2437 2990 2551 3044 sive
2586 2990 2751 3045 Deum
2782 2998 2836 3045 et
2864 2990 2957 3046 Dei
2985 2992 3235 3049 virtutem
3267 3001 3324 3049 et
3349 2995 3682 3066 sapientiam.
3706 2992 3804 3049 Sive

534 3086 682 3158 quod
720 3086 972 3161 ὁμοούσια
1001 3092 1127 3139 sunt
1157 3083 1396 3153 potentia
1435 3089 1490 3137 ct
1519 3080 1660 3136 actio
1687 3089 1742 3136 et
1771 3081 1932 3147 Deus,
1964 3089 2018 3135 et
2042 3079 2139 3135 Dei
2168 3078 2213 3142 C
2245 3083 2387 3153 quod
2415 3096 2498 3138 est
2523 3099 2645 3140 esse
2671 3094 2728 3141 et
2751 3087 2942 3153 vitam,
2967 3087 3084 3142 sive
3102 3087 3247 3158 quod
3272 3096 3355 3144 est
3380 3104 3505 3145 esse
3530 3088 3802 3160 intelligere,

536 3180 735 3245 virtus,
770 3186 826 3233 et
865 3176 1129 3248 sapientia
1157 3193 1171 3229 :
1202 3191 1320 3245 qum
1351 3190 1471 3229 eum
1507 3174 1682 3229 activa
1719 3182 1863 3235 sunt,
1898 3172 2047 3245 juxta
2078 3188 2141 3229 ea

537 3287 659 3344 qua:
683 3269 817 3325 foris
853 3277 980 3323 sunt
998 3282 1184 3323 curam
1215 3266 1501 3333 habentia,
1528 3266 1595 3322 ad
1630 3267 1797 3322 Deum
1825 3276 1973 3331 sunt,
2001 3280 2143 3323 sem-

541 3380 639 3435 per
696 3361 1015 3435 sapientiam
1073 3361 1287 3425 dantia,
1351 3375 1565 3430 semper
1624 3357 1980 3424 viviﬁcantia,
2036 3374 2143 3416 non

541 3458 745 3522 Deum,
795 3456 888 3512 sed
942 3471 971 3509 a
1036 3456 1147 3511 Deo
1192 3453 1386 3509 factam
1447 3469 1541 3524 per
1588 3452 1875 3522 semetipsa
1930 3468 2146 3509 onmem

546 3560 850 3608 creaturam
891 3564 906 3602 :
953 3557 1008 3604 ct
1051 3548 1097 3604 si
1146 3562 1251 3618 qua
1324 3546 1539 3618 passio,
1582 3545 1636 3601 in
1702 3545 1913 3602 actione
1972 3531 2150 3616 passio

544 3652 649 3701 est.
695 3642 802 3697 Isto
862 3640 1023 3696 modo
1068 3639 1185 3696 sive
1229 3640 1374 3716 λόγος
1409 3648 1490 3695 est
1538 3638 1716 3704 Iesus,
1769 3637 1883 3693 sive
1930 3639 2148 3701 lumen,

552 3735 670 3791 sive
717 3732 1061 3804 refulgentia,
1107 3732 1220 3788 sive
1269 3731 1462 3800 forma,
1496 3731 1610 3788 sive
1654 3731 1866 3803 imago,
1893 3731 2008 3787 sive
2046 3731 2154 3787 vir-

548 3836 639 3884 tns
681 3837 736 3883 et
765 3825 1070 3896 sapientia,
1096 3826 1209 3881 sive
1257 3825 1565 3892 character,
1595 3824 1710 3880 sive
1752 3826 1857 3879 vita
1892 3824 2154 3898 ὁμοούσιον

548 3920 830 3993 apparebit
854 3916 1014 3995 Λόγος
1040 3927 1095 3975 ει
1138 3918 1276 3975 Deus
1309 3918 1493 3985 Pater,
1534 3927 1589 3974 et
1616 3917 1808 3985 Filius,
1842 3917 2075 3990 Spiritus
2102 3926 2158 3975 et

550 4013 819 4069 Christus.

626 4106 762 4163 XLI.
793 4105 984 4162 Adhuc
1008 4104 1324 4160 inducamus
1349 4103 1536 4161 eadem
1560 4106 1695 4177 ipsa.
1723 4105 1897 4162 Vitam
1920 4105 2161 4163 dicentes

550 4201 830 4258 Christum
847 4243 862 4269 ,
894 4200 1167 4272 quomodo
1192 4199 1456 4273 ὁμοούσιος
1483 4210 1566 4256 est
1593 4201 1739 4257 Deo?
1768 4200 1903 4258 Dicit
1926 4201 2162 4258 Joannes

2245 3186 2339 3230 aut
2366 3176 2773 3249 intelligentiam
2792 3220 2807 3245 ,
2831 3181 2945 3235 sive
2968 3195 3092 3237 esse
3115 3190 3171 3237 et
3193 3182 3358 3237 vitam
3388 3183 3697 3256 intelligam,
3718 3182 3806 3237 sive

2249 3277 2454 3338 patrem
2497 3279 2553 3326 et
2594 3271 2797 3339 ﬁlium,
2842 3273 2958 3329 sive
2996 3272 3180 3331 lumen
3218 3285 3275 3331 et
3309 3274 3692 3348 et'fnlgentiam,
3716 3274 3806 3330 sive

2250 3359 2417 3416 Deum
2445 3371 2499 3417 ct
2526 3361 2892 3419 characterem
2911 3405 2928 3431 ,
2958 3365 3072 3420 sive
3100 3365 3273 3422 Deum
3302 3376 3359 3423 et
3384 3369 3609 3423 formam
3633 3376 3682 3424 et
3702 3367 3806 3421 ima-

2249 3452 2427 3524 ginem
2443 3496 2457 3520 ,
2488 3456 2602 3511 sive
2625 3456 2975 3513 substantiam
3002 3468 3057 3515 et
3080 3460 3345 3530 speciem,
3369 3460 3514 3518 sicut
3539 3461 3605 3516 ibi
3620 3504 3634 3528 ,
3656 3475 3743 3515 non
3764 3463 3807 3513 ut

2254 3545 2407 3614 beic,
2441 3548 2553 3603 sive
2581 3549 2936 3605 substantiam
2967 3559 3024 3607 et
3054 3552 3381 3621 motionem,
3415 3555 3531 3611 sive
3561 3552 3805 3626 potentiam

2254 3649 2310 3695 et
2330 3640 2619 3707 actionem,
2646 3642 2761 3699 sive
2781 3644 3055 3700 silentium
3081 3655 3137 3702 et
3155 3648 3373 3704 effatum
3404 3649 3578 3721 ipsum
3602 3648 3808 3705 substan-

2256 3731 2384 3787 tiam
2410 3748 2535 3789 esse
2560 3735 2945 3793 conﬁtendum.
2978 3738 3147 3793 Deum
3176 3740 3321 3796 enim
3350 3741 3501 3813 quod
3526 3751 3606 3798 est
3625 3754 3729 3798 esse
3746 3737 3809 3794 di-

2256 3836 2446 3882 centes
2469 3826 2634 3883 ﬁlium
2656 3828 2857 3897 vitam;
2880 3832 3154 3903 quomodo
3175 3848 3492 3904 separamus
3521 3835 3670 3890 vitam
3688 3832 3743 3888 ab
3759 3843 3809 3887 eo

2258 3918 2402 3991 quod
2430 3929 2513 3976 est
2537 3935 2680 3986 esse,
2707 3921 2821 3979 sive
2848 3923 2900 3978 in
2928 3934 3111 3995 patre,
3138 3926 3252 3983 sive
3278 3926 3333 3982 in
3362 3927 3506 3983 ﬁlio?
3530 3927 3716 3984 Etenim
3741 3938 3810 3995 pa-

2260 4022 2345 4069 ter
2386 4014 2438 4069 in
2474 4013 2655 4085 seipso
2679 4013 2843 4071 habet
2868 4015 3031 4072 vitam
3049 4059 3064 4085 ,
3093 4028 3149 4075 et
3174 4018 3347 4088 ﬁlius,
3374 4028 3602 4092 excepto
3625 4017 3745 4091 quod
3763 4016 3810 4071 ti-

2260 4104 2363 4160 lius
2399 4121 2429 4162 a
2471 4118 2624 4177 patre
2648 4109 2858 4181 accepit
2883 4110 3030 4179 quod
3056 4110 3238 4169 habet.
3266 4113 3430 4171 Pater
3455 4130 3582 4187 ergo
3604 4123 3653 4170 et
3674 4110 3811 4169 Filius

2263 4212 2294 4253 a
2325 4213 2385 4254 se
2411 4200 2548 4265 orti,
2581 4215 2611 4255 a
2642 4215 2700 4257 se
2727 4210 2976 4273 potentes
3002 4204 3068 4259 ad
3099 4205 3295 4273 vitam,
3316 4206 3415 4263 'sic
3455 4206 3586 4263 mihi
3619 4204 3810 4274 intelligo

552 4296 753 4372 (Joan.
779 4313 827 4362 ι,
852 4297 909 4363 5,
935 4294 1031 4367 4):
1067 4294 1219 4363 Quod
1245 4295 1439 4364 factum
1461 4304 1564 4358 est,
1592 4296 1646 4350 in
1672 4296 1784 4368 ipso
1811 4298 1912 4351 vita
1938 4307 2063 4352 erat.
2095 4296 2165 4352 Et
2265 4290 2469 4349 habere
2496 4293 2707 4361 dicere,
2740 4296 3013 4368 quomodo
3041 4298 3425 4371 Evangelium,
3456 4311 3504 4356 et
3540 4310 3673 4372 pater
3705 4297 3810 4378 cuius

553 4391 749 4446 iterum
774 4387 970 4463 (Joan.
1002 4403 1057 4454 v,
1078 4383 1182 4457 26)
1206 4403 1217 4439 :
1245 4386 1411 4441 Sicuti
1435 4387 1569 4441 enim
1596 4396 1737 4457 pater
1762 4388 1907 4443 liabet
1933 4390 2086 4443 vitam
2110 4389 2163 4443 in

2269 4386 2417 4441 habet
2455 4386 2508 4441 in
2539 4404 2592 4443 se
2618 4388 2794 4443 vitam.
2836 4388 3048 4448 Habere
3086 4406 3219 4464 ergo
3256 4407 3362 4450 non
3401 4394 3555 4465 quasi
3588 4391 3713 4448 aliud
3738 4384 3809 4445 sed

552 4483 846 4553 semetipso,
886 4482 960 4535 sic
998 4488 1043 4535 et
1082 4480 1191 4550 ﬁlia
1218 4480 1355 4533 dedit
1392 4480 1547 4534 vitam
1576 4480 1758 4536 habere
1781 4483 1833 4536 in
1859 4483 2126 4551 semetipso
2146 4498 2164 4538 :
2188 4485 2241 4546 Ι)
2269 4478 2442 4550 ipsum
2474 4489 2587 4548 est,
2617 4480 2710 4537 sed
2744 4481 2797 4537 in
2828 4481 3126 4540 intellectu.

555 4574 693 4643 Quid
735 4584 843 4629 tam
884 4572 1080 4629 simul?
1120 4571 1255 4640 Quid
1285 4580 1390 4627 tam
1419 4571 1796 4630 idem?IIabet
1822 4585 1973 4644 pater
2010 4578 2062 4631 in
2102 4591 2161 4633 se

556 4667 761 4722 vitam:
796 4665 960 4722 habet
988 4674 1044 4721 et
1078 4665 1219 4720 ﬁlius
1250 4664 1303 4719 in
1345 4674 1517 4721 semet
1547 4665 1730 4721 vitam.
1771 4667 1909 4736 Quid
1951 4678 2028 4725 est
2065 4670 2161 4726 ha-

555 4762 687 4818 bere
724 4760 887 4815 vitam
917 4761 968 4815 in
1007 4758 1222 4830 seipso?
1246 4759 1423 4831 Ipsum
1455 4759 1555 4816 sibi
1582 4760 1743 4815 vitam
1772 4777 1926 4831 esse,
1960 4779 2064 4819 non
2093 4765 2162 4818 ab

556 4854 666 4909 alio
701 4853 947 4922 accipere
985 4854 1147 4907 vitam
1168 4894 1182 4919 ,
1214 4853 1308 4908 sed
1338 4868 1367 4908 a
1398 4854 1580 4925 seipso
1608 4863 1663 4910 et
1691 4853 1812 4909 aliis
1839 4855 1989 4912 dare.
2024 4856 2163 4912 Dicit

555 4946 749 5017 aliquis
777 4945 964 5000 similis
990 4945 1303 5001 substantia:
1330 4961 1481 5012 esse,
1527 4963 1631 5003 non
1676 4955 1853 5005 tamen
1896 4949 2161 5024 ὁμοούσιῡν

553 5056 695 5098 esse.
741 5038 876 5094 Illud
911 5039 1021 5109 jam
1063 5039 1297 5107 dictum,
1338 5043 1626 5111 quoniam,
1657 5042 1830 5098 simile
1866 5046 2160 5102 substantia

553 5149 665 5190 non
707 5131 933 5187 dicitur:
981 5145 1156 5200 neque
1195 5130 1336 5203 enim
1377 5141 1458 5188 est
1492 5132 1645 5203 juxta
1683 5135 1825 5201 quod
1864 5136 2160 5194 substantia

556 5234 673 5294 est,
714 5222 885 5294 magis
926 5231 1105 5277 autem
1146 5223 1190 5277 si
1219 5223 1456 5293 ejusdem
1503 5225 1818 5283 substantiae
1860 5239 1972 5297 est,
2016 5231 2156 5288 idem

549 5316 849 5375 substantia
876 5316 1096 5380 dicitur,
1126 5330 1232 5371 non
1261 5316 1457 5379 simile.
1482 5318 1658 5375 simile
1684 5320 1826 5375 enim
1852 5322 2002 5391 juxta
2027 5341 2159 5395 qua-

542 5411 755 5475 Iitates,
786 5418 846 5465 ιιι
876 5410 1012 5479 ignis
1037 5410 1336 5466 substantia
1365 5421 1477 5475 est,
1508 5420 1562 5466 et
1586 5426 1680 5467 aer
1699 5417 1999 5471 secundum
2028 5419 2157 5475 sub-

544 5504 797 5563 stantiam
839 5502 979 5560 idem
1000 5545 1017 5571 ,
1060 5504 1152 5564 ὕλη
1192 5502 1351 5563 ειιίηι
1380 5502 1570 5559 ambo:
1595 5506 1942 5576 qualitatibus
1969 5520 2149 5568 autem

548 5599 758 5665 simile,
782 5606 874 5652 aut
911 5595 1206 5662 dissimile.
1246 5596 1466 5653 notione
1506 5596 1794 5666 virtutum,
1838 5609 1894 5655 et
1932 5601 2052 5657 aliis
2078 5605 2152 5660 si-

542 5692 690 5753 mile.
722 5690 818 5748 Dic
843 5698 898 5746 et
925 5697 1099 5777 terra,
1128 5699 1182 5747 ct
1205 5704 1341 5763 aqua
1369 5689 1634 5762 gravitate
1659 5700 1714 5749 et
1739 5690 2026 5765 densitate,
2058 5707 2151 5755 aut

2343 4573 2499 4631 XLII.
2551 4575 2655 4632 Ista
2685 4576 2939 4633 diximus.
2993 4580 3050 4637 Si
3087 4579 3252 4652 igitur
3291 4592 3444 4655 pater
3484 4587 3534 4642 in
3571 4580 3810 4650 semetipso

2269 4665 2433 4724 habet
2462 4669 2623 4724 vitam
2645 4711 2661 4735 ,
2692 4670 2799 4725 vita
2830 4680 2942 4740 est,
2974 4681 3032 4729 et
3056 4675 3356 4732 substantia
3385 4678 3504 4749 ejus
3529 4679 3627 4734 vita
3651 4683 3745 4741 est,
3768 4674 3810 4725 el

2267 4762 2347 4818 sic
2379 4761 2541 4817 ﬁlius.
2575 4762 2713 4818 Dicit
2742 4764 2887 4820 enim
2920 4765 3119 4838 (Joan.
3154 4785 3267 4839 xxv,
3297 4770 3409 4844 6):
3440 4771 3550 4845 Ego
3577 4786 3677 4827 sum
3697 4767 3806 4821 vita:

2269 4866 2422 4928 pater
2450 4873 2579 4929 ergo
2610 4859 2716 4914 vita
2750 4869 2863 4927 est,
2896 4870 2951 4916 et
2991 4861 3130 4918 ﬁlius
3167 4864 3297 4921 vita.
3342 4866 3530 4922 Otnnis
3567 4867 3661 4921 vita
3691 4861 3807 4932 juxta

2269 4952 2412 5021 quod
2442 4952 2548 5007 vita
2587 4961 2701 5021 est,
2745 4963 2922 5009 motus
2946 4963 3055 5025 est,
3084 4955 3363 5014 viviﬁcans
3389 4958 3573 5027 quibus
3597 4969 3731 5028 posse
3746 4957 3809 5006 εει

2268 5045 2551 5101 viviﬁcari.
2590 5047 2657 5102 Et
2708 5046 2910 5103 idcirco
2962 5048 3207 5105 deﬁnitio
3257 5052 3453 5109 animae
3492 5061 3545 5108 et
3580 5051 3687 5106 vitae
3728 5045 3803 5100 ista

2267 5148 2384 5194 est:
2427 5138 2569 5225 quod
2599 5154 2628 5194 a
2658 5155 2719 5196 se
2758 5150 3007 5196 movetur
3045 5157 3189 5199 esse.
3229 5143 3298 5199 Et
3330 5154 3389 5201 ut
3414 5142 3687 5202 subStantia
3717 5137 3806 5208 ejus

2266 5230 2408 5287 istud
2439 5234 2653 5302 dicitur,
2687 5236 2856 5291 multo
2885 5234 3056 5311 magis
3085 5253 3217 5310 ergo
3246 5240 3346 5296 ista
3377 5241 3432 5297 in
3471 5241 3577 5297 Deo
3607 5248 3656 5295 et
3677 5235 3803 5309 A679-

2266 5324 2407 5390 ΟυῙά
2432 5341 2563 5396 ergo
2593 5325 2865 5383 diximus?
2895 5329 3001 5384 vita
3042 5340 3196 5401 pater
3233 5340 3288 5387 et
3326 5332 3614 5389 substantia
3649 5336 3740 5392 est,
3761 5331 3806 5379 et

2265 5433 2324 5473 se
2352 5433 2575 5474 movens
2603 5419 2933 5491 substantia,
2957 5433 3014 5479 et
3041 5424 3171 5480 nihil
3199 5426 3340 5483 aliud
3369 5438 3428 5484 se
3452 5439 3657 5484 movens
3678 5419 3804 5477 motio

2266 5513 2367 5569 nisi
2402 5513 2510 5568 vita
2544 5513 2658 5586 ipsa
2679 5558 2694 5581 ,
2724 5516 2889 5585 igitur
2918 5526 2974 5574 et
3001 5506 3333 5587 substantia,
3360 5529 3416 5578 et
3439 5521 3562 5577 vita.
3588 5516 3680 5576 Sed
3702 5525 3802 5584 (1υο-

2264 5606 2407 5661 niam
2438 5605 2492 5662 in
2525 5615 2673 5663 motu
2705 5608 3060 5682 intelligentia
3087 5614 3241 5684 quasi
3283 5613 3429 5670 aliud
3457 5605 3798 5680 adintelligilﬂr,

2258 5708 2314 5755 et
2335 5714 2441 5756 non
2474 5700 2714 5773 perfecte
2746 5703 2915 5761 aliud.
2947 5704 3128 5778 Ipsum
3159 5716 3341 5767 autem
3380 5709 3557 5767 vivere
3593 5704 3650 5763 ad
3688 5691 3801 5759 aliud
