4024 6306
255 262 395 320 1075

1477 240 1841 324 anvnnsUs
1880 271 2098 333 ARlllM
2136 273 2343 333 LIBER
2385 278 2422 333 ι.

3415 285 3554 343 ll)“

253 382 417 439 veluti
448 382 708 438 mixtione
738 381 790 437 in
824 389 1051 454 utroque
1091 382 1343 450 alterius,
1382 382 1531 451 juxta
1573 384 1715 455 quod
1746 383 1852 440 vita
1881 388 1935 449 A
1959 390 2130 460 ﬁlius,
2170 395 2370 451 veritas
2413 397 2584 465 Deus,
2630 399 2828 456 veritas
2866 400 3038 468 ﬁlius,
3079 412 3135 458 et
3163 403 3305 459 Deus
3331 413 3384 460 et
3413 405 3552 460 ﬁlius

251 485 367 542 est,
400 483 454 532 et
484 485 664 530 motus
693 484 809 541 est,
840 492 1002 530 unum
1033 485 1134 532 est.
1166 477 1373 533 Rursus
1394 476 1546 548 juxta
1575 476 1717 547 quod
1750 477 1855 532 vita

251 578 354 637 est,
381 568 434 622 in
456 566 630 638 ipsum
653 567 797 623 aliud
822 583 1006 636 unum,
1031 578 1082 624 et
1107 568 1306 624 idcirco
1324 570 1510 625 eadem
1535 569 1852 625 substantia.

252 662 360 721 Sed
385 663 500 719 sive
530 663 642 733 ipsa
663 706 677 730 ,
711 661 825 717 sive
852 663 1038 718 eadem
1068 663 1334 737 ὁμοούσιον
1371 664 1676 719 necessario
1702 673 1757 718 et
1784 665 1858 718 si-

250 757 366 815 mul
392 757 774 828 estzquouiam
813 756 920 812 duo
949 758 1108 812 simul
1133 766 1287 823 sunt;
1314 756 1513 812 etenim
1541 756 1658 812 sine
1683 756 1856 812 altero

250 866 528 923 nunquam
566 849 663 906 fuit
685 851 939 908 alterum.
970 851 1143 907 Unum
1173 867 1300 921 ergo
1320 862 1373 906 et
1396 867 1557 906 unum
1588 863 1713 906 sunt
1734 853 1852 907 ista.

250 945 366 1002 Hoc
393 944 556 1015 igitur
575 943 715 1014 quod
739 952 821 999 est
842 958 962 999 esse
980 943 1165 1009 vitam,
1192 951 1247 999 et
1273 959 1367 1015 per
1394 954 1565 999 semet
1594 958 1714 1000 esse
1742 960 1855 999 mo-

251 1038 487 1102 tionem,
520 1045 673 1107 pater
696 1047 813 1092 est:
847 1036 959 1092 Hoc
988 1046 1165 1092 autem
1199 1038 1341 1107 quod
1374 1047 1458 1092 est
1482 1046 1683 1092 motum
1711 1053 1854 1106 esse,

248 1142 306 1189 et
332 1147 425 1202 per
456 1141 624 1188 semet
656 1146 779 1188 esse
809 1132 1000 1199 vitam,
1036 1132 1174 1187 ﬁlius
1203 1142 1305 1187 est.
1357 1130 1531 1187 Causa
1566 1134 1709 1188 enim
1736 1149 1852 1188 mo-

251 1226 413 1282 tionis
441 1225 569 1281 vita.
601 1224 764 1280 Pater
790 1240 918 1296 ergo
944 1236 998 1281 et
1030 1226 1199 1296 magis
1227 1225 1535 1296 principalis
1562 1227 1670 1280 vita
1690 1268 1705 1294 ,
1736 1242 1856 1280 mn-

250 1321 453 1381 tionem
482 1319 909 1390 requiescentetn
941 1318 1143 1375 habens
1173 1319 1224 1373 in
1254 1318 1601 1385 abscondito,
1630 1326 1687 1374 et
1717 1318 1859 1373 intus

248 1429 311 1471 se
331 1423 634 1471 moventem
654 1431 669 1469 :
686 1412 854 1469 Filius
873 1420 1052 1468 autem
1076 1413 1127 1467 in
1151 1410 1435 1467 manifesto
1456 1411 1644 1478 motio,
1663 1421 1716 1466 et
1738 1410 1859 1466 ideo

251 1509 426 1576 ﬁlius,
454 1510 708 1582 quoniam
735 1508 804 1563 ab
826 1523 892 1565 eo
921 1507 1062 1580 quod
1091 1517 1174 1563 est
1204 1508 1349 1563 intus
1381 1508 1662 1579 processit.
1693 1506 1860 1579 Magis

251 1613 431 1660 autem
462 1603 629 1658 motio
656 1602 923 1664 existens.
966 1601 1110 1673 quod
1142 1602 1193 1656 in
1222 1600 1528 1657 manifesto.
1560 1601 1668 1657 Isto
1697 1601 1859 1656 modo

251 1708 309 1754 et
334 1695 442 1751 vita
471 1693 611 1750 ﬁlius
639 1709 668 1749 a
702 1704 850 1765 patre
881 1695 1013 1762 rita,
1049 1695 1137 1758 qui
1169 1697 1249 1751 sic
1273 1694 1465 1766 accipit
1491 1695 1651 1750 vitam
1682 1709 1802 1750 esse
1828 1711 1858 1749 a

1958 503 2062 544 una
2090 490 2305 546 veritas.
2355 491 2566 549 Veritas
2594 495 2736 550 enim
2764 497 2814 551 in
2842 499 3133 568 semetipsa
3162 498 3378 553 veritas.
3422 498 3551 555 Item

1957 582 2001 637 si
2030 583 2222 638 similis
2248 584 2457 641 veritati
2498 597 2579 642 est
2620 588 2791 655 ﬁlius,
2834 591 2884 645 id
2922 601 3049 658 est,
3079 591 3221 662 quod
3262 591 3439 648 simile
3470 601 3555 648 est

1960 674 2143 744 ducit,
2171 693 2289 747 quae
2315 678 2496 734 ducit?
2522 682 2565 736 si
2590 691 2768 737 autem
2797 684 3026 752 veritas,
3058 685 3111 739 in
3141 686 3420 741 veritatem
3450 685 3554 739 duo

1959 769 2050 824 cit.
2084 770 2188 825 Sed
2216 773 2360 826 enim
2398 774 2561 829 Deum
2589 775 2766 845 ducit,
2799 787 2855 833 et
2886 780 3026 833 Deus
3054 779 3279 847 veritas,
3325 780 3377 834 iu
3415 780 3555 836 veri-

1961 871 2124 918 tatem
2154 865 2302 920 ducit
2332 882 2482 938 ergo.
2519 870 2626 924 Sed
2660 871 3026 940 impossibile,
3057 862 3179 929 cum
3209 875 3322 946 ipse
3354 875 3557 931 veritas

1960 972 2065 1012 non
2094 956 2193 1024 sit,
2224 958 2276 1014 in
2316 961 2597 1017 veritatem
2628 963 2857 1020 ducere:
2889 964 3087 1021 veritas
3118 982 3247 1038 ergo
3287 976 3341 1022 et
3381 977 3552 1037 pater,

1959 1063 2009 1108 et
2043 1053 2211 1120 ﬁlius,
2240 1055 2399 1111 sicuti
2425 1067 2477 1111 et
2502 1057 2698 1113 dicitur
2726 1059 2917 1132 (Joan.
2943 1078 3022 1122 Vl,
3052 1062 3186 1133 57):
3217 1062 3378 1129 Quem
3405 1064 3560 1118 mittit

1959 1153 2028 1204 ad
2052 1166 2132 1204 me
2161 1148 2338 1217 Pater,
2368 1152 2461 1206 iste
2486 1153 2555 1207 ad
2580 1170 2658 1207 me
2683 1154 2970 1210 reniet.’Ex
3012 1155 3129 1210 istis
3155 1156 3405 1213 omnibus
3447 1172 3555 1213 non

1960 1242 2132 1297 solum
2160 1243 2518 1313 concluditur,
2551 1246 2643 1300 sed
2675 1245 2954 1302 manifesta
2982 1246 3216 1302 efﬁcitur
3256 1247 3559 1315 confessio,

1958 1345 2110 1389 extra
2127 1336 2475 1392 mutationem
2495 1352 2613 1393 esse
2630 1347 2831 1393 motum
2860 1339 2916 1393 in
2946 1339 3073 1395 Deo.
3095 1339 3210 1395 Non
3233 1340 3377 1395 enim
3408 1340 3559 1396 loca.

1961 1426 2027 1483 iis
2051 1443 2224 1499 neque
2244 1444 2363 1483 cum
2389 1430 2637 1499 passione
2657 1431 2951 1501 generatio,
2974 1441 3067 1486 aut
3086 1434 3448 1502 corruptione,
3472 1441 3566 1487 aut

1961 1532 2278 1591 augmento,
2310 1522 2390 1577 vel
2418 1522 2733 1591 minutione,
2767 1539 2938 1594 neque
2965 1524 3137 1594 aliqua
3170 1524 3563 1591 immutatione;

1963 1624 2045 1669 est
2074 1614 2216 1669 enim
2248 1629 2463 1671 movere
2492 1615 2605 1681 ibi,
2639 1625 2692 1671 et
2720 1616 2924 1671 moveri
2954 1617 3128 1684 ipsum
3158 1617 3297 1688 quod
3326 1627 3409 1673 est
3437 1630 3561 1673 esse

1964 1709 2121 1765 simul
2140 1721 2192 1766 et
2212 1710 2411 1781 ipsum,
2430 1720 2483 1766 et
2500 1711 2747 1779 simplex,
2769 1721 2822 1765 et
2843 1711 3142 1778 intellectu,
3168 1728 3328 1767 unum
3356 1711 3410 1766 itt
3436 1715 3564 1775 uno,

256 1787 647 1862 praeprincipali
679 1787 959 1859 principio.
994 1786 1186 1842 Natum
1214 1787 1519 1844 universale
1546 1786 1613 1843 ab
1641 1787 1855 1842 univcr-

1982 1801 2100 1858 Licnt
2117 1802 2169 1857 in
2195 1803 2452 1872 potentia,
2472 1813 2527 1860 ct
2546 1803 2776 1860 actione.
2796 1806 3022 1877 Semper
3037 1804 3272 1876 quidem,
3296 1805 3564 1879 ὁμοούσιον

254 1883 385 1953 sali,
417 1891 526 1937 tota
557 1897 626 1938 ex
660 1891 795 1948 tota,
825 1894 877 1937 et
908 1883 1109 1938 idcirco
1137 1882 1267 1937 dicit
1295 1881 1475 1953 (Joan.
1506 1896 1588 1948 vr,
1616 1882 1742 1953 5S):
1775 1880 1860 1935 Vi-

255 1995 376 2035 vens
405 1986 546 2051 pater
575 1977 712 2032 misit
737 1993 846 2043 me,
877 1986 924 2031 et
955 1992 1048 2048 ego
1077 1977 1184 2031 viro
1215 1986 1423 2047 prapter
1450 1975 1642 2046 ipsum.
1674 1974 1730 2031 Si
1762 1974 1862 2045 igi-

259 2081 349 2128 tur
385 2084 649 2143 generans
681 2070 731 2123 in
764 2069 905 2134 vita,
946 2078 1000 2124 et
1042 2068 1184 2124 ﬁlius
1227 2067 1521 2124 secundum
1566 2069 1861 2122 motionem

260 2167 427 2222 lilium
448 2205 465 2232 ,
496 2163 789 2219 secundum
814 2172 992 2218 autem
1016 2171 1217 2219 motum
1248 2156 1411 2218 vitam
1437 2177 1582 2230 esse,
1610 2162 1771 2217 vitam
1801 2160 1863 2216 ﬁ-

259 2259 334 2318 lio
364 2260 524 2316 dante
554 2270 706 2331 patre
736 2259 787 2313 in
821 2259 1115 2314 motionem
1139 2300 1154 2326 ,
1185 2259 1591 2330 generationem
1620 2266 1676 2313 et
1703 2256 1863 2311 simul

262 2354 458 2422 vitam,
489 2354 603 2424 ipse
628 2363 805 2409 autem
841 2355 891 2408 itt
922 2353 1213 2424 semetipso
1239 2353 1537 2426 ὁμοούσιον;
1560 2366 1688 2423 ergo
1716 2360 1866 2421 pater

263 2460 319 2506 et
350 2447 487 2503 ﬁlius
514 2457 570 2503 et
601 2464 761 2503 unum
789 2458 871 2504 εει
895 2462 1130 2518 semper,
1162 2457 1216 2503 et
1243 2463 1309 2503 ex
1338 2458 1543 2502 aeterno
1566 2456 1722 2502 natus
1747 2454 1862 2513 est,

265 2543 539 2601 etalteri‘n
562 2542 758 2609 altero,
782 2552 835 2596 et
857 2540 1228 2611 inseparabilis
1250 2539 1539 2611 separatio,
1562 2549 1616 2595 et
1637 2539 1691 2593 in
1715 2547 1866 2608 patre

268 2635 439 2703 ﬁlius,
467 2643 523 2690 et
549 2635 601 2689 in
633 2634 743 2689 ﬁlio
772 2644 946 2702 pater,
974 2642 1032 2689 et
1070 2634 1306 2689 maxime
1346 2632 1489 2689 ﬁlius
1526 2633 1698 2698 actio,
1728 2649 1865 2705 quo-

268 2733 414 2789 niam
445 2731 586 2786 ﬁlius
613 2746 733 2786 cum
761 2730 977 2786 actione
1007 2730 1143 2785 vita:
1175 2730 1334 2785 Pater
1360 2740 1539 2786 autem
1568 2727 1864 2785 secundum

269 2826 326 2883 id
373 2826 515 2897 quod
544 2835 625 2881 est
669 2820 823 2889 esse,
851 2823 993 2890 vita;
1024 2831 1079 2879 et
1127 2822 1421 2878 secundmn
1472 2822 1616 2893 quod
1655 2831 1736 2877 est
1785 2821 1867 2875 vi-

272 2927 383 2975 tam
422 2932 574 2982 esse,
603 2918 765 2972 actio.
810 2915 990 2971 Manet
1018 2916 1180 2986 igitur
1210 2923 1382 2985 pater,
1427 2924 1480 2969 et
1521 2914 1869 2984 impassibilis

270 3018 476 3068 manet.
504 2991 787 3081 'Operatur
830 3006 1002 3074 ﬁlius,
1034 3015 1088 3062 et
1134 3006 1184 3061 in
1234 3004 1723 3061 manifestationem
1773 3005 1873 3061 du-

272 3106 366 3162 cit.
400 3105 465 3161 Et
495 3104 633 3160 Deus
660 3104 806 3159 intus
830 3111 1117 3173 operatur,
1148 3100 1423 3156 existente
1463 3100 1676 3154 actione
1713 3099 1864 3170 juxta

1966 1893 2018 1949 in
2041 1910 2107 1950 eo
2129 1896 2268 1965 quod
2291 1908 2373 1950 est
2395 1912 2537 1966 esse,
2557 1898 2850 1953 secundum
2873 1909 3050 1953 autem
3074 1912 3233 1968 agere
3250 1898 3316 1952 ab
3334 1913 3401 1953 eo
3421 1899 3564 1967 quod

1965 1998 2049 2043 est
2082 1984 2234 2055 esse,
2280 1987 2451 2057 ﬁlius,
2491 1999 2544 2044 et
2580 1999 2754 2062 pater.
2795 1990 2900 2047 Sed
2939 1990 3097 2046 sicuti
3127 1990 3326 2046 dictum
3366 2000 3481 2057 est,
3513 2001 3571 2047 et

1968 2079 2020 2134 in
2052 2079 2163 2134 ﬁlio
2194 2091 2366 2150 pater,
2397 2091 2450 2137 et
2479 2081 2531 2137 in
2564 2093 2713 2155 patre
2744 2082 2905 2140 ﬁlius.

2038 2173 2221 2230 XLIV.
2264 2174 2398 2230 Num
2441 2176 2601 2232 timor
2636 2193 2705 2233 ex
2743 2178 2849 2234 isto
2887 2179 3145 2245 nascitur,
3175 2194 3296 2236 esse
3327 2195 3423 2235 nos
3468 2178 3571 2235 ista

1967 2265 2207 2322 dicentes
2231 2269 2379 2338 quasi
2404 2269 2864 2340 Patripassianos?
2893 2270 3111 2326 Multum
3141 2271 3319 2327 differt
3348 2288 3573 2343 serpen-

1970 2359 2137 2415 titmm
2163 2361 2353 2433 dogma
2378 2378 2409 2418 a
2430 2362 2671 2419 veritate.
2695 2363 2776 2418 Illi
2797 2364 2938 2419 enin
2963 2366 3123 2419 Deum
3147 2365 3319 2419 solum
3345 2380 3466 2421 esse
3488 2365 3572 2418 di-

1968 2462 2094 2507 cunt
2117 2494 2132 2519 ,
2163 2469 2321 2525 quem
2355 2470 2452 2509 nos
2482 2468 2685 2524 patrem
2725 2455 2985 2522 dicimus,
3017 2455 3191 2525 ipsum
3220 2456 3394 2511 solum
3426 2456 3572 2512 exis-

1972 2551 2169 2598 tentem
2192 2552 2247 2600 et
2270 2544 2577 2601 effectorem
2600 2546 2864 2615 omnimn,
2883 2557 2937 2602 et
2958 2548 3170 2603 venisse
3194 2565 3299 2603 non
3327 2548 3500 2603 solum
3520 2548 3576 2604 in

1971 2639 2361 2707 mundum,sed
2389 2647 2443 2695 et
2470 2641 2523 2695 in
2552 2656 2790 2707 carnem,
2810 2652 2865 2698 et
2885 2642 2991 2697 alia
3015 2642 3216 2707 omnia,
3240 2658 3360 2714 quae
3388 2657 3486 2697 uos
3511 2642 3578 2697 ﬁ-

1972 2732 2101 2788 lium
2126 2732 2319 2789 fecisse
2340 2734 2585 2791 dicimus.
2608 2736 2665 2791 Si
2682 2738 2823 2794 enim
2841 2736 3070 2792 dicimus
3092 2746 3318 2808 patrem,
3342 2748 3576 2807 patrem:

1973 2840 2026 2885 et
2053 2829 2222 2886 ﬁlium
2242 2874 2256 2893 .
2292 2831 2457 2886 ﬁlium
2479 2874 2492 2899 ,
2524 2849 2688 2889 unum
2721 2843 2776 2890 et
2800 2833 3063 2900 dicentes,
3094 2842 3146 2889 et
3176 2832 3298 2888 ideo
3319 2835 3488 2908 λόγος.
3522 2831 3576 2887 id

1972 2923 2116 2993 quod
2145 2940 2338 2990 unum,
2370 2942 2473 2980 non
2503 2927 2676 2981 solum
2709 2943 2871 2981 unum
2900 2926 3143 2982 dicentes
3163 2968 3178 2993 ,
3207 2926 3300 2982 sed
3334 2942 3494 2981 unum
3524 2933 3581 2980 et

1976 3032 2162 3072 unum.
2194 3018 2352 3074 Aliud
2382 3029 2559 3073 autem
2583 3019 2937 3089 impassibile,
2968 3036 3133 3075 unum
3161 3018 3305 3075 aliud
3332 3033 3577 3090 passum,

1983 3111 2253 3179 quomodo
2289 3127 2419 3181 ergo
2459 3110 2850 3182 Patripassiani
2876 3112 3100 3167 sumus?
3130 3112 3270 3166 Deus
3295 3111 3439 3166 enim
3483 3126 3583 3167 nec

274 3199 589 3273 potentiam.
632 3197 697 3254 Et
744 3198 805 3253 in-
843 3206 1014 3269 patre,
1044 3204 1101 3253 et
1148 3195 1201 3251 in
1256 3194 1368 3251 ﬁlio
1411 3196 1562 3265 juxta
1607 3194 1874 3251 actionem

1989 3204 2231 3275 procedit
2266 3220 2295 3260 a
2336 3204 2647 3275 semetipso,
2688 3220 2864 3276 neque
2892 3204 2945 3259 in
2975 3202 3261 3259 manifesto
3286 3204 3427 3258 actio
3465 3213 3581 3272 est,

274 3293 417 3351 actio
437 3302 538 3349 est.

348 3389 533 3446 XLIII.
566 3389 671 3446 Ista
698 3386 1005 3460 hujnsmodi
1035 3395 1250 3458 oportet
1279 3400 1536 3443 revocare
1558 3384 1625 3440 ad
1654 3384 1741 3439 illa
1766 3399 1883 3440 om-

277 3487 366 3543 nia
395 3500 514 3556 quae
543 3483 966 3555 praeposuimus:
998 3481 1111 3536 sive
1142 3481 1282 3536 Dens
1308 3490 1392 3536 est
1427 3477 1605 3551 λόγος,
1649 3477 1763 3533 sive
1800 3478 1883 3533 Iu-

279 3595 403 3637 men
443 3588 497 3635 et
537 3576 882 3649 ell‘ulgeutia,
928 3575 1043 3631 sive
1082 3573 1355 3630 silentium
1390 3580 1445 3627 et
1473 3571 1725 3635 clintum,
1766 3569 1881 3625 sive

279 3674 385 3730 alia
427 3673 620 3743 quibus
648 3686 813 3726 unum
845 3679 899 3724 et
927 3668 1087 3724 simul
1118 3683 1180 3725 ea
1223 3668 1484 3741 ὁμοούσισν
1525 3672 1781 3735 apparet,
1828 3670 1885 3718 et

280 3766 519 3839 ingenita
541 3764 832 3836 generatio.
858 3762 958 3820 Ubi
981 3763 1141 3833 igitur
1163 3761 1321 3816 habet
1346 3761 1519 3815 locum
1543 3757 1685 3829 quod
1708 3757 1883 3812 simile

280 3870 367 3917 est
390 3860 692 3933 ὁμοούσιον,
719 3856 937 3913 dicere?
968 3871 1069 3926 qua
1100 3870 1259 3911 causa
1297 3852 1531 3909 dicitur?
1567 3849 1794 3920 Semper
1829 3857 1885 3905 et

283 3951 600 4024 mysterium
651 3960 820 4006 totum
864 3948 968 4005 hoc
1002 3957 1122 4003 est:
1155 3946 1305 4003 Unus
1335 3946 1500 4011 Deus,
1533 3953 1589 4001 et
1617 3943 1796 4008 Pater,
1829 3954 1884 3998 et

284 4045 452 4103 Filius
472 4056 527 4102 et
546 4045 778 4117 Spiritus
796 4053 1015 4100 sanctus
1039 4058 1177 4098 unus
1203 4042 1363 4097 Deus.
1387 4040 1574 4097 Simile
1599 4054 1729 4110 ergo
1750 4052 1886 4109 quo-

284 4140 448 4197 modo
474 4156 613 4196 unus
637 4139 814 4196 Deus?
838 4139 907 4196 At
930 4136 1192 4206 ὁμοοῦσιον
1218 4137 1522 4192 necessario
1550 4150 1692 4191 unus
1720 4134 1880 4190 Deus.

286 4236 344 4294 Si
372 4235 516 4292 enim
548 4235 695 4291 velut
724 4251 829 4290 non
857 4234 1051 4301 simul,
1084 4230 1391 4289 necessario
1430 4230 1571 4296 duo;
1613 4231 1658 4283 si
1702 4239 1883 4283 autem

285 4333 464 4389 simile
510 4331 642 4388 illud
680 4329 910 4386 alterum
930 4372 943 4395 ,
976 4327 1285 4385 necessario
1309 4326 1542 4383 alterum
1575 4325 1883 4400 ὁμοούσιον;

289 4442 417 4499 ergo
445 4425 751 4482 necessario
775 4422 998 4479 alterius
1038 4421 1374 4478 subsmntiae.
1417 4419 1507 4474 Isti
1550 4419 1766 4483 Ariani,
1798 4417 1885 4473 isti

265 4512 611 4576 'Luciauistae
632 4560 647 4585 ,
680 4520 764 4573 isti
793 4516 1114 4583 Eusebiani,
1157 4515 1245 4570 isti
1273 4513 1597 4587 Illyriciani,
1624 4512 1719 4569 sed
1749 4512 1887 4584 abji-

290 4611 497 4668 cientes
521 4609 731 4680 aliqua,
760 4607 1070 4664 auferentes
1095 4606 1273 4677 aliqua
1300 4616 1354 4661 et
1381 4613 1671 4671 mutantes,
1699 4619 1889 4661 omnes

290 4705 518 4761 diversa:
544 4702 815 4773 opinionis
842 4701 1101 4758 liceretici.
1132 4700 1247 4755 Huc
1285 4699 1524 4765 accedit,
1549 4699 1594 4753 si
1626 4699 1892 4773 ὁμοούσιον

294 4809 447 4872 pater
472 4808 527 4855 et
554 4795 717 4864 ﬁlius,
746 4795 1018 4865 quomodo
1040 4794 1168 4849 dicit
1196 4792 1447 4850 Salvator
1466 4791 1646 4863 (Joan.
1669 4803 1785 4858 xlv,
1809 4790 1888 4864 6):

296 4890 407 4964 Ego
432 4906 545 4944 sum
570 4888 794 4944 veritas?
812 4887 868 4943 Si
899 4887 948 4943 id
972 4885 1115 4958 quod
1142 4885 1344 4940 dictum
1374 4894 1456 4940 est
1483 4899 1671 4940 verum
1697 4892 1802 4949 est,
1830 4883 1895 4938 ﬁ-

293 4987 398 5043 lius
422 5000 543 5042 cum
571 4983 641 5039 sit
666 4984 894 5037 veritas:
925 4980 1101 5036 minor
1129 4990 1304 5049 pater,
1327 4978 1520 5034 similis
1547 4976 1637 5048 qui
1662 4978 1733 5031 sit
1752 4978 1894 5033 veri-

297 5080 427 5148 tati,
460 5091 565 5134 nou
596 5074 817 5133 veritas.
849 5074 1062 5141 Quanta
1095 5071 1431 5144 blasphemia
1464 5069 1599 5126 ista?
1626 5067 1683 5125 Si
1713 5078 1895 5124 autem

299 5180 496 5235 veritas
525 5176 697 5242 Deus,
728 5173 926 5229 veritas
953 5170 1094 5226 ﬁlius
1116 5211 1130 5237 ,
1160 5168 1319 5225 sicuti
1350 5168 1449 5240 ipsi
1484 5165 1627 5222 ﬁlius
1653 5165 1814 5233 dicit,
1844 5172 1900 5219 et

300 5288 430 5329 vere
453 5271 611 5335 dicit,
634 5268 901 5343 ὁμοεύσιον
926 5266 1068 5322 Deus
1092 5273 1177 5321 est
1197 5263 1370 5319 ﬁlius:
1398 5277 1507 5317 non
1527 5275 1657 5332 ergo
1674 5258 1899 5329 duplex.

301 5366 401 5424 sed
441 5381 547 5422 una
587 5379 806 5436 semper
828 5361 1055 5424 veritas,
1085 5372 1141 5416 et
1171 5357 1333 5414 valde
1362 5356 1526 5423 foris,
1563 5364 1618 5411 et
1645 5354 1900 5411 deorsum

302 5462 493 5530 valde,
521 5458 665 5531 quod
689 5467 771 5514 est
801 5455 980 5513 simile
1006 5454 1249 5520 veritati,
1280 5451 1424 5524 quod
1451 5452 1588 5507 forte
1614 5448 1669 5504 in
1700 5450 1901 5504 mundo

302 5555 499 5612 existat
526 5551 828 5608 similitudo
853 5548 1117 5612 veritatis,
1144 5545 1233 5601 ubi
1253 5555 1308 5601 et
1327 5560 1500 5606 crror,
1526 5551 1582 5599 et
1599 5542 1898 5613 corruptio,

303 5658 357 5706 ει
377 5648 554 5704 omnis
576 5646 772 5717 passio.
792 5642 970 5714 Ipsum
992 5656 1120 5712 ergo
1140 5639 1419 5695 veritatem
1441 5642 1582 5701 esse,
1607 5634 1903 5691 substantia

305 5752 423 5809 est;
454 5756 559 5797 non
591 5739 737 5796 enim
780 5735 925 5792 aliud
952 5734 1286 5796 substantia,
1318 5728 1467 5786 aliud
1498 5727 1733 5785 veritas:
1761 5725 1909 5797 quod

309 5836 452 5891 enim
493 5833 724 5905 simplex
746 5870 762 5900 ,
806 5831 910 5887 hoc
947 5812 1180 5895 veritas,
1221 5826 1452 5898 simplex
1479 5823 1649 5890 Deus,
1678 5821 1908 5893 simplex

1986 3313 2163 3368 neque
2187 3297 2335 3353 velut
2361 3296 2413 3351 in
2444 3296 2711 3351 nimione:
2741 3295 2883 3365 quod
2912 3294 3058 3350 intus
3084 3294 3252 3349 metio
3278 3294 3444 3350 veluti
3475 3310 3582 3350 non

1987 3398 2071 3446 est
2097 3389 2295 3453 motio;
2321 3389 2464 3465 λόγος
2489 3398 2666 3445 autem
2710 3388 2803 3460 qui
2829 3387 2899 3444 sit
2942 3387 2996 3442 in
3037 3387 3290 3442 motionis
3324 3388 3581 3458 potentia,

1987 3482 2158 3553 magis
2187 3483 2354 3538 motio
2377 3493 2429 3539 et
2455 3482 2598 3538 actio
2622 3491 2736 3550 est,
2767 3482 2934 3537 fertur
2962 3481 3201 3552 potentia
3226 3496 3321 3537 sua
3362 3480 3415 3535 in
3455 3481 3588 3538 elle-

1986 3574 2218 3631 ctionem
2245 3590 2433 3630 eorum
2460 3592 2580 3646 qua:
2600 3576 2767 3630 sunt?
2793 3592 2900 3646 quo
2924 3575 3072 3631 enim
3094 3576 3237 3651 λόγος
3255 3617 3269 3640 ,
3294 3574 3399 3630 hoc
3424 3591 3588 3631 causa

1987 3676 2073 3722 est
2097 3682 2285 3722 eorum
2310 3683 2430 3737 qua:
2454 3664 2610 3721 suu‘t:
2638 3682 2745 3738 quo
2771 3677 2949 3722 autem
2976 3682 3157 3734 causa,
3183 3667 3285 3722 hoc
3311 3682 3416 3722 non
3448 3668 3499 3722 in
3528 3683 3590 3724 se

1986 3770 2166 3816 manet
2192 3776 2429 3831 semper,
2452 3762 2539 3832 qui
2571 3763 2637 3815 sit
2670 3762 2720 3815 iu
2748 3777 2814 3816 eo
2840 3761 2983 3832 quod
3009 3770 3093 3816 est
3115 3761 3280 3837 λόγος.
3311 3761 3375 3817 Et
3398 3776 3590 3818 secun-

1985 3853 2113 3909 dum
2148 3855 2249 3910 hoc
2275 3864 2358 3909 εει
2390 3855 2489 3909 ἱειε
2520 3854 2845 3909 inversibilis
2874 3863 2929 3908 et
2982 3853 3366 3920 immutabilis,
3396 3853 3490 3909 sed
3534 3854 3590 3908 in

1989 3948 2052 4003 iis
2091 3963 2212 4019 quae
2250 3957 2378 4003 sunt
2401 3947 2552 4018 juxta
2582 3963 2781 4019 genera
2815 3963 3173 4019 enrum:qu:e
3219 3955 3345 4002 sunt
3372 3947 3508 4001 alius
3534 3955 3593 4002 et

1987 4040 2147 4109 alius,
2177 4040 2293 4111 ipso
2322 4055 2430 4109 quo
2458 4039 2778 4094 universalis
2803 4039 2949 4113 λόγος
2971 4049 3075 4104 εει,
3102 4040 3156 4095 in
3183 4048 3336 4111 patre
3360 4052 3589 4094 manens

1990 4134 2132 4191 idem
2163 4135 2295 4207 ipse.
2325 4133 2610 4189 Passiones
2641 4134 2801 4204 igitur
2825 4133 2958 4189 ubi?
2986 4149 3159 4205 neque
3187 4133 3240 4189 in
3272 4143 3426 4205 patre
3445 4175 3460 4201 ,
3491 4147 3591 4189 ne-

1989 4244 2095 4300 que
2126 4228 2181 4283 in
2207 4226 2346 4295 ﬁlio,
2373 4226 2467 4282 sed
2490 4227 2639 4298 juxta
2668 4242 2789 4298 qua:
2813 4236 2939 4282 sunt
2963 4242 3162 4297 genere
3187 4242 3285 4282 suo
3313 4243 3417 4281 non
3448 4225 3591 4282 reci—

1990 4320 2212 4392 pienda,
2242 4320 2494 4375 virtutem
2528 4328 2690 4374 totam
2717 4324 2808 4374 τοῦ
2835 4319 3017 4392 λόγου,
3048 4318 3329 4390 quodlibet
3369 4318 3589 4374 univer-

1990 4412 2155 4469 salis:
2186 4426 2507 4483 unoquoque
2530 4411 2817 4480 existente,
2846 4422 2901 4467 et
2928 4412 3020 4467 illo
3049 4411 3409 4467 distribuente
3434 4427 3593 4467 suum

1993 4505 2266 4576 proprium
2284 4546 2300 4573 ,
2342 4514 2400 4559 ut
2428 4503 2756 4574 Angelorum
2776 4545 2790 4569 ,
2817 4504 3206 4571 Potentiarum,
3223 4503 3591 4571 Ttironorum,

1913 4578 1970 4644 Ι)
2004 4598 2438 4653 Dominationum
2459 4640 2473 4665 ,
2513 4597 2848 4654 Potestatum
2869 4640 2883 4664 ,
2925 4599 3255 4666 animarum,
3288 4609 3343 4655 ct
3367 4601 3597 4656 sensibi-

2000 4691 2163 4756 lium,
2194 4700 2251 4746 et
2279 4691 2448 4760 ipsius
2473 4691 2673 4746 carnis.
2702 4689 2889 4746 Passio
2921 4691 3082 4761 igitur
3111 4693 3165 4746 in
3195 4692 3338 4760 istis,
3366 4700 3421 4749 et
3443 4693 3597 4763 juxta

2001 4783 2117 4839 inec
2147 4800 2255 4838 non
2284 4790 2378 4840 τοῦ
2405 4784 2578 4857 λόγου,
2613 4783 2717 4839 hoc
2747 4790 2859 4850 εει,
2890 4783 3006 4839 ﬁlii.
3039 4783 3347 4840 Secundum
3376 4801 3597 4843 carnem

2001 4890 2134 4945 ergo
2162 4875 2409 4930 Salvator
2439 4888 2631 4945 passus
2660 4885 2778 4942 est,
2811 4876 3107 4930 secundum
3139 4876 3384 4947 spiritum
3415 4888 3599 4933 autem

1999 4968 2146 5040 quod
2190 4976 2333 5035 erat,
2364 4969 2483 5023 sine
2512 4966 2780 5038 passione.
2810 4965 2962 5023 Unde
2989 4967 3169 5025 diﬁ‘ert
3200 4978 3439 5025 nostrum
3467 4970 3600 5042 dog-

2002 5078 2090 5118 ma
2114 5078 2145 5117 a
2172 5061 2606 5134 Patripassianis.
2629 5059 2745 5116 Non
2770 5062 2914 5117 enim
2944 5060 3113 5117 ﬁlium
3140 5077 3261 5119 esse
3287 5063 3467 5134 passio
3489 5073 3596 5130 est,

2002 5155 2164 5212 sicuti
2205 5154 2438 5220 dictum,
2481 5168 2583 5209 nec
2621 5151 2805 5209 facere
2843 5152 3044 5224 aliquid
3083 5170 3183 5210 nec
3212 5155 3393 5225 loqui:
3422 5153 3604 5209 divina

2007 5250 2153 5307 enim
2181 5248 2423 5320 potentia
2448 5247 2569 5304 sine
2597 5248 2849 5318 passione
2874 5245 3008 5302 ﬁunt
3036 5248 3244 5313 omnia,
3275 5255 3331 5304 et
3358 5248 3461 5303 ista
3488 5263 3605 5303 ma-

2006 5343 2091 5415 gis
2122 5357 2248 5410 sua,
2292 5350 2348 5397 et
2373 5340 2772 5407 substantialis,
2819 5348 2876 5396 ει
2911 5339 3089 5395 divina
3133 5339 3296 5395 motio
3336 5348 3450 5408 est,
3496 5354 3608 5397 non

2006 5434 2210 5508 passio.
2241 5432 2447 5490 Deinde
2471 5434 2540 5489 de
2565 5433 2667 5489 isto
2693 5446 2800 5488 non
2829 5431 3044 5488 fuerunt
3072 5432 3451 5504 Patripassiani
3467 5476 3483 5503 ,
3511 5434 3611 5491 sed

2009 5528 2080 5585 de
2116 5542 2307 5584 cruce:
2348 5524 2490 5597 quod
2528 5525 2689 5582 Pater
2729 5524 3016 5582 cruciﬁxus
3053 5536 3137 5581 est
3163 5525 3405 5582 dicentes
3442 5529 3611 5584 sacri-

2016 5625 2152 5697 legi:
2185 5621 2502 5694 impassibili
2536 5619 2798 5691 passionis
2826 5620 3201 5691 implieantes,
3232 5631 3288 5676 et
3316 5636 3421 5677 non
3454 5622 3612 5679 intel-

2018 5717 2278 5790 ligentes,
2308 5713 2616 5770 necessario
2643 5710 2843 5782 aliquid
2875 5711 3203 5782 impossibile
3244 5727 3396 5781 esse,
3442 5713 3488 5769 si
3530 5724 3617 5770 est

2017 5806 2166 5864 aliud
2208 5806 2349 5875 quod
2392 5802 2637 5873 patiatur.
2684 5803 2793 5860 Nos
2832 5812 3010 5860 tamen
3052 5803 3441 5875 impassibilem
3469 5815 3523 5863 et
3554 5806 3616 5860 ll-
