4024 6306
550 304 688 362 1075

1897 289 2085 348 MARII
2129 286 2467 346 VICTORIS!
2499 285 2655 344 AFRI

3682 286 3785 341 lﬁiﬁ

548 418 683 479 lium
706 419 954 486 dicimus,
973 416 1123 487 juxta
1146 421 1324 469 autem
1352 408 1492 483 quod
1510 410 1671 483 Λόγος
1697 422 1820 463 caro
1844 405 2014 461 factus
2040 414 2143 471 est,
2173 408 2225 469 Α
2252 412 2427 458 autem
2456 402 2577 457 ista.
2607 398 2888 469 Quomodo
2915 414 3042 471 ergo
3068 398 3407 469 compulsio?
3444 396 3508 453 Et
3545 398 3637 454 hoc
3670 403 3788 454 Arii:

550 514 885 590 passibilem.
916 514 985 567 At
1013 525 1141 567 vero
1171 506 1466 567 miseratio.
1494 515 1548 560 et
1574 504 1674 569 ira,
1699 510 1753 557 et
1778 500 2066 572 gaudium.
2094 507 2150 553 et

549 589 790 675 tristitia,
810 614 868 662 et
889 605 993 659 alia
1021 600 1324 674 hujusmodi
1348 598 1418 655 ibi
1446 613 1552 653 non
1579 604 1699 652 sunt
1728 593 2027 666 passiones,
2052 589 2147 646 sed

547 713 762 769 natura,
790 711 846 756 et
871 698 1189 755 substantia.
1219 693 1276 751 Si
1305 694 1465 764 igitur
1493 691 1715 762 spiritus
1745 686 2143 751 benevolentia,

546 800 665 869 ipse
691 811 787 868 per
810 810 870 851 se
896 792 1149 864 optimus,
1174 789 1491 861 quibusdam
1522 786 1574 841 in
1601 784 1763 839 vitam
1780 823 1795 850 ,
1825 780 2146 853 quibusdam

548 896 607 950 in
633 902 860 949 mortem
887 900 999 955 est;
1031 903 1135 942 non
1170 900 1262 940 sua
1293 894 1481 939 natura
1513 887 1775 944 mutatus,
1808 876 1903 932 sed
1936 876 2144 947 patien-

547 987 679 1042 tium
710 980 928 1039 materia
962 990 1017 1037 et
1046 979 1322 1037 voluntate
1341 1016 1357 1043 ,
1399 975 1727 1057 signatorum
1756 969 2145 1027 immutabilem

545 1078 798 1135 divinitas
842 1092 937 1145 pro
978 1070 1367 1143 accipientibus
1395 1079 1486 1123 aut
1519 1078 1573 1121 ut
1602 1073 1845 1136 oportet,
1874 1074 1962 1119 aut
1990 1062 2146 1119 aliter

546 1170 685 1226 allici
703 1168 919 1233 dicitur,
940 1166 1020 1220 vel
1046 1166 1153 1236 pati
1172 1183 1185 1219 :
1212 1163 1463 1235 quoniam
1482 1175 1512 1214 a
1532 1159 1729 1213 nOStris
1754 1155 2003 1213 sensibus
2025 1171 2145 1227 qua:

545 1263 722 1318 divina
740 1270 864 1316 sunt
880 1259 1231 1315 aestimamus.
1251 1255 1308 1311 In
1322 1251 1666 1309 sensibilibus
1682 1249 1824 1306 enim
1837 1248 1987 1320 juxta
2002 1248 2144 1320 quod

543 1354 743 1411 animal
767 1363 850 1409 est
875 1350 1102 1415 animal,
1134 1350 1235 1403 hoc
1259 1354 1363 1414 est,
1392 1345 1566 1399 anima
1600 1353 1756 1398 utens
1779 1355 2028 1412 corpore,
2060 1339 2145 1397 vel

542 1462 741 1519 corpus
778 1446 1106 1507 animatum,
1145 1439 1294 1514 juxta
1334 1453 1554 1495 sensum
1599 1437 1707 1507 pati
1747 1436 1971 1490 dicitur:
2015 1448 2144 1491 vere

545 1550 724 1598 autem
752 1550 926 1608 neque
955 1550 1050 1605 per
1073 1542 1245 1589 semet
1270 1530 1439 1586 solius
1463 1530 1657 1584 animae
1682 1538 1809 1581 sunt
1837 1526 2137 1598 passiones,

545 1634 717 1692 multo
742 1629 914 1700 magis
942 1627 1163 1697 spiritus
1182 1622 1350 1701 Λόγου
1381 1633 1439 1680 et
1468 1624 1580 1679 Dei.
1625 1620 1976 1693 lmpassibilis
1998 1622 2141 1679 enim

540 1727 720 1784 divina
748 1731 936 1780 natura
965 1728 1067 1776 est.

614 1878 776 1941 XLV.
818 1879 1106 1938 Discedant
1142 1890 1273 1949 ergo
1310 1873 1694 1947 Patripassiani
1717 1912 1734 1940 ,
1760 1872 2012 1946 quoniam
2043 1886 2143 1929 nos

543 1988 600 2035 et
629 1989 832 2049 patrem
862 1974 1089 2030 dicimus
1115 1981 1169 2029 et
1195 1969 1361 2025 ﬁlium
1383 2009 1398 2034 ,
1426 1969 1599 2038 ipsum
1629 1967 1801 2022 solum
1832 1965 2142 2038 passibilem

539 2073 691 2145 juxta
718 2080 921 2126 motum
949 2070 1002 2123 in
1030 2064 1177 2139 hyle.
1212 2062 1495 2123 Discedunt
1524 2061 1737 2127 Ariani,
1767 2062 2017 2132 quoniam
2044 2076 2144 2117 nos

546 2177 753 2223 natura:
780 2165 945 2218 lilium
973 2162 1201 2216 dicimus
1219 2199 1233 2224 ,
1263 2166 1389 2214 ante
1414 2170 1633 2211 omnem
1662 2164 1961 2211 creaturam
1987 2155 2142 2226 geni—

543 2271 679 2315 tum.
727 2254 1010 2312 Discedam
1040 2261 1095 2309 et
1124 2254 1228 2309 ἀπὸ
1267 2254 1361 2306 τοῦ
1403 2244 1547 2310 ὄντος
1589 2247 1831 2303 dicentes
1869 2245 2140 2301 Christum

543 2368 685 2419 esse,
708 2349 849 2424 quod
873 2365 902 2405 a
927 2349 1035 2403 Deo
1059 2346 1230 2402 factus
1251 2344 1340 2412 sit,
1365 2344 1455 2415 qui
1483 2342 1621 2397 Deus
1643 2338 1696 2396 ὃν
1722 2351 1804 2396 est
1830 2356 1844 2395 :
1875 2354 1972 2394 nos
1997 2343 2141 2395 enim

548 2450 718 2506 ﬁlium
750 2447 981 2503 dicimus
1010 2452 1278 2511 naturam,
1310 2450 1365 2497 et
1390 2455 1420 2495 a
1452 2451 1602 2511 patre
1632 2439 1804 2510 ipsum
1834 2450 1975 2504 esse,
2008 2445 2063 2491 et
2088 2434 2144 2491 in

544 2552 717 2615 patre.
751 2538 1035 2596 Discedant
1065 2534 1299 2592 Marcelli
1327 2543 1380 2590 et
1404 2531 1619 2588 Photini
1651 2529 1932 2601 discipuli,
1966 2528 2143 2602 ipsum

543 2639 686 2693 enim
716 2633 948 2690 Verbum
971 2630 1200 2685 dicimus
1229 2629 1281 2683 in
1308 2641 1471 2683 carne
1494 2625 1682 2692 fuisse,
1712 2641 1817 2680 non
1847 2623 1987 2678 aliud
2015 2621 2145 2677 Ver-

544 2730 670 2784 bum
698 2742 838 2793 esse,
871 2734 925 2780 et
944 2723 1088 2778 aliud
1116 2722 1389 2777 hominem
1408 2761 1423 2787 ,
1448 2720 1499 2774 in
1529 2733 1635 2791 quo
1659 2716 1930 2773 Christum
1957 2715 2146 2772 dicunt

550 2838 695 2891 esse,
728 2819 821 2877 sed
857 2822 1029 2891 ipsum
1062 2816 1220 2892 Λόγον
1246 2830 1465 2872 earuem
1492 2814 1750 2868 induisse.
1776 2810 1859 2867 Illi
1890 2809 2033 2867 enim
2063 2809 2146 2866 di-

548 2927 677 2971 euut
704 2928 824 2968 esse
850 2921 903 2965 et
936 2912 1101 2965 Deum
1125 2950 1139 2970 .
1172 2918 1226 2964 et
1254 2908 1438 2981 Λόγον,
1473 2916 1525 2960 et
1556 2904 1836 2975 Spiritum.
1879 2903 2141 2973 Quartum

542 3016 720 3063 autem
754 3005 953 3067 lilium.
988 3003 1042 3057 id
1073 3013 1154 3057 est
1186 3001 1490 3067 hominem,
1524 2999 1616 3072 qui
1647 3016 1712 3053 ex
1741 2998 1898 3055 Matio
1921 3039 1936 3065 ,
1983 3013 2142 3070 quem

540 3096 1037 3171 assuntpsitAé-yoc,
1062 3103 1118 3150 et
1144 3092 1519 3148 ntministrnnt
1554 3089 1794 3146 rexitcui
1826 3081 2028 3146 homini
2053 3089 2139 3167 die

2251 497 2450 554 deinde
2477 495 2748 569 quomodo
2777 496 2877 550 ista
2902 494 3150 550 collisio?
3177 502 3231 549 et
3257 508 3481 564 quorum
3507 502 3559 547 et
3595 493 3640 546 in
3675 494 3789 564 (ιιιοῖ

2250 587 2516 660 Numquid
2545 588 2878 643 voluntatum
2896 586 2950 642 in
2972 587 3079 642 Deo
3101 583 3674 656 concursioiNumquid
3697 601 3791 655 pas-

2250 679 2461 738 sionum
2485 690 2576 737 aut
2595 679 3042 747 diﬁ'ereutiarum,
3066 678 3299 735 maxime
3321 678 3686 735 contrariarum
3705 696 3792 734 Illo-

2253 774 2491 831 tionum‘!
2516 775 2579 830 Et
2600 774 2644 829 si
2672 774 2811 829 istud
2839 787 3027 844 passus
3050 784 3127 828 est
3162 784 3332 842 pater,
3354 771 3441 842 qui
3466 780 3548 827 est
3570 771 3675 827 sine
3697 787 3791 842 pav-

2250 871 2423 937 sione,
2439 880 2493 927 et
2511 884 2615 926 non
2639 885 2705 926 ex
2728 882 2823 924 sua
2846 866 3147 923 substantia
3168 865 3409 935 apparuit
3432 865 3482 922 ei
3506 865 3794 921 lilius;colli-

2249 963 2402 1017 sione
2444 960 2585 1017 enim
2623 960 2849 1017 duarum
2880 970 2970 1015 aut
3001 959 3353 1024 voluntatum,
3380 967 3469 1015 aut
3495 956 3792 1028 passionum,

2251 1074 2351 1114 nec
2377 1056 2622 1113 voluntas
2649 1054 2789 1112 facta
2813 1065 2896 1111 est
2917 1097 2930 1120 ,
2960 1070 3059 1111 nec
3090 1053 3286 1124 passio,
3328 1053 3497 1109 multo
3536 1050 3691 1122 magis
3719 1067 3793 1106 nec

2249 1148 2552 1207 substantia
2578 1147 2933 1204 asubstantia
2974 1159 3225 1218 paterna,
3266 1145 3360 1201 sed
3402 1156 3556 1201 extra
3591 1145 3793 1217 quaedam

2246 1242 2566 1309 substantia,
2587 1258 2705 1314 qua:
2726 1257 2793 1297 ex
2816 1240 2983 1297 nihilo
3002 1239 3259 1298 existeret
3277 1240 3346 1297 de
3363 1238 3493 1314 λόγῳ
3516 1238 3580 1293 ad
3606 1246 3794 1308 patrem.

2249 1335 2526 1408 Suspicari
2555 1334 2691 1404 ista,
2718 1332 2884 1406 impia
2914 1332 3269 1405 blasphemia.

2319 1512 2505 1572 XLVI.
2555 1510 2795 1569 Diximus
2833 1511 2902 1569 de
2938 1509 3227 1587 όμοούσιον,
3257 1521 3313 1568 et
3343 1508 3664 1571 sufﬁcienter
3688 1510 3797 1566 dixi-

2247 1628 2370 1669 mus
2400 1632 2412 1665 :
2445 1610 2547 1667 hoc
2571 1610 2715 1667 enim
2754 1606 2910 1664 nobis
2950 1609 3308 1680 propositum.
3342 1610 3619 1678 Quomodo
3652 1622 3796 1668 autem

2247 1711 2292 1767 si
2324 1705 2611 1782 ὁμοούσιον,
2645 1706 2808 1772 ﬁlius,
2839 1712 2892 1760 et
2917 1719 3134 1775 semper
3161 1719 3282 1761 cum
3314 1713 3468 1776 patre
3496 1715 3596 1772 est,
3626 1716 3674 1762 et
3700 1723 3797 1777 pro-

2169 1811 2221 1874 B
2249 1803 2413 1867 cedit,
2442 1813 2497 1857 et
2532 1798 2827 1863 descendit,
2861 1807 2916 1855 et
2941 1797 3205 1863 ascendit,
3248 1808 3303 1853 et
3338 1799 3586 1866 mittitur,
3615 1806 3666 1854 et
3702 1799 3798 1856 iacit

2247 1907 2371 1964 quae
2408 1892 2702 1948 voluntatis
2735 1900 2859 1946 sunt
2899 1892 3087 1961 patris,
3119 1899 3175 1945 et
3201 1889 3474 1961 quomodo
3517 1891 3680 1960 imago
3705 1906 3799 1946 eunt

2248 1989 2320 2043 sit
2350 1987 2465 2052 Dei,
2496 1986 2549 2041 in
2577 1984 2798 2051 dextera
2826 1982 3013 2040 sedeat
3034 1982 3149 2051 Dei,
3181 1995 3234 2038 et
3264 1982 3393 2054 quid
3424 1983 3499 2039 sit
3525 1981 3741 2049 dextera,
3760 1994 3801 2040 et

2247 2080 2375 2151 quid
2406 2079 2621 2145 sedere,
2649 2090 2704 2135 et
2728 2078 2852 2150 quid
2883 2088 2967 2135 est
3006 2093 3103 2149 per
3126 2094 3284 2148 quem
3317 2077 3459 2134 facta
3489 2088 3613 2134 sunt
3636 2081 3799 2148 omnia,

2248 2185 2302 2232 et
2330 2172 2605 2247 quomodo
2626 2173 2827 2238 omnia,
2855 2180 2911 2228 et
2934 2171 3061 2243 quid
3093 2181 3175 2227 est
3205 2171 3348 2243 quod
3371 2172 3508 2227 nihil
3539 2170 3721 2228 factum
3741 2182 3803 2227 est

2247 2270 2367 2326 sine
2398 2270 2536 2340 ipso,
2578 2276 2635 2324 et
2661 2266 2933 2338 quomodo
2967 2276 3019 2321 et
3062 2266 3179 2337 ipse
3207 2265 3542 2322 voluntatem
3571 2264 3741 2331 habet,
3763 2275 3804 2321 et

2248 2378 2368 2435 quae
2415 2363 2559 2431 facit,
2601 2361 2875 2416 voluntate
2916 2358 3084 2430 patris
3125 2357 3271 2425 facit,
3318 2367 3374 2414 et
3412 2360 3680 2429 quomodo
3708 2373 3802 2429 per-

2250 2456 2442 2523 lectus,
2466 2464 2521 2511 et
2548 2470 2578 2509 a
2609 2453 2849 2525 perfecm
2891 2463 3043 2525 patre
3082 2461 3139 2507 ut
3179 2450 3531 2522 imperfectus
3565 2460 3617 2507 et
3643 2464 3804 2521 corpus

2248 2552 2477 2621 accepit,
2505 2559 2560 2606 et
2589 2562 2734 2603 nunc
2762 2561 2958 2618 corpus
2986 2543 3109 2612 fert,
3138 2556 3196 2602 et
3229 2546 3275 2600 si
3297 2554 3549 2601 sanctum
3583 2542 3801 2615 spiritale,

2249 2657 2305 2704 et
2328 2645 2505 2702 simile
2533 2658 2721 2701 eorum
2749 2642 3061 2706 hominum.
3094 2641 3183 2711 qui
3216 2648 3337 2712 post
3371 2641 3547 2697 sancti
3581 2647 3738 2705 erunt,
3764 2646 3805 2691 et

2250 2738 2522 2811 quomodo
2561 2751 2882 2807 semperque
2915 2734 3006 2807 qui
3045 2744 3343 2803 moveatur,
3377 2742 3435 2789 et
3474 2749 3505 2788 a
3543 2749 3601 2788 se
3633 2732 3804 2803 genitus

2250 2831 2490 2903 potentia
2531 2828 2749 2901 quidem
2782 2829 2951 2900 patris
2982 2844 2995 2880 :
3034 2827 3135 2883 ista
3166 2829 3311 2883 enim
3341 2828 3528 2881 omnia
3559 2823 3801 2900 ὁμοοόσιοο,

2249 2925 2534 2983 deﬁniunt.
2567 2923 2622 2981 Si
2666 2925 2788 2994 quis
2822 2923 3016 2994 dignus
3058 2923 3128 2978 sit
3166 2922 3494 2993 intelligere,
3542 2932 3593 2976 et
3638 2923 3685 2976 in
3727 2921 3806 2973 isto

2250 3022 2389 3079 libro
2417 3017 2867 3077 invenietFidetn
2898 3018 2977 3073 sic
3007 3032 3150 3083 esse,
3179 3026 3234 3071 et
3260 3016 3608 3088 permittente
3637 3015 3747 3079 Deo,
3769 3020 3807 3065 ri

2248 3115 2375 3173 Jesu
2406 3114 2621 3170 Christo
2660 3113 2885 3168 Domino
2915 3119 3132 3177 nostro,
3162 3118 3217 3164 et
3254 3108 3463 3180 Spiritu
3505 3121 3682 3165 sancto
3705 3107 3807 3159 daci-

540 3202 704 3258 ευηίν
729 3200 783 3245 εί
809 3190 990 3244 sedem
1019 3197 1424 3282 pam'mnfsfsej
1459 3184 1781 3282 munem,"
1808 3198 1937 3282 9’8"
1960 3200 1989 3237 ³
2019 3182 2143 3238 Tri‘
2170 3209 2220 3275 Β
2251 3228 2394 3280 mus,
2427 3225 2495 3267 ne
2534 3210 2658 3282 quis
2687 3207 3075 3279 blasphemiter
3107 3205 3409 3274 intelligens
3442 3218 3623 3258 meum
3653 3202 3805 3270 dogma

542 3285 730 3340 nitate.
765 3281 822 3338 Si
851 3292 1029 3336 autem
1061 3291 1242 3334 manet
1268 3276 1506 3333 Trinitas
1545 3277 1696 3343 Sola,
1735 3274 1851 3347 ipse
1889 3277 2050 3331 homo
2088 3290 2143 3332 ct

535 3378 713 3453 λόγος;
738 3391 897 3446 quem
927 3374 1091 3448 λόγον,
1119 3386 1217 3426 nos
1242 3387 1404 3442 supra
1435 3369 1603 3423 lilium
1630 3367 2140 3423 demonstravimus.

541 3475 658 3528 Non
688 3483 866 3527 autem
902 3471 1004 3524 hoc
1034 3465 1333 3539 signiﬁcat:
1366 3474 1419 3521 et
1451 3465 1592 3538 λόγος
1615 3505 1629 3530 ,
1663 3477 1791 3517 caro
1822 3462 1993 3519 factus
2020 3472 2103 3517 est
2123 3504 2140 3529 ,

540 3577 826 3636 corruptus
853 3563 997 3638 λόγος
1026 3561 1080 3616 in
1112 3575 1329 3616 carnem
1362 3574 1658 3615 conversus
1687 3569 1767 3614 est
1790 3597 1806 3624 ,
1839 3560 1931 3613 sed
1970 3557 2139 3633 λόγος,

544 3673 639 3729 per
677 3672 835 3729 quem
876 3655 1065 3710 elfecta
1104 3661 1231 3707 sunt
1258 3651 1439 3707 omnia
1460 3693 1475 3721 ,
1508 3659 1564 3707 et
1592 3649 1771 3705 omnia
1797 3650 2055 3715 ell'eetus,
2087 3662 2144 3705 et

539 3767 668 3809 caro
698 3750 869 3807 factus
898 3760 981 3804 est
1003 3789 1018 3815 ,
1047 3757 1102 3803 ut
1131 3747 1186 3803 in
1216 3761 1381 3802 carne
1405 3760 1527 3801 cum
1554 3754 1734 3811 esset,
1766 3753 1936 3799 totum
1969 3741 2144 3799 homi-

540 3860 666 3901 nem
694 3859 789 3899 sua
818 3839 1070 3916 passione
1098 3849 1154 3897 et
1182 3849 1356 3897 morte
1389 3838 1541 3911 juxta
1583 3836 1861 3908 passiones
1898 3835 2143 3907 corporis

539 3945 894 3995 mercaretur.
939 3935 995 3992 Si
1037 3935 1180 3990 enim
1223 3950 1330 3988 non
1359 3942 1476 3989 erat
1504 3932 1617 4002 ipse
1649 3930 1810 3986 homo
1838 3929 1909 3986 de
1938 3929 2103 3985 Maria
2123 3971 2141 4000 ,

444 4082 449 4087 ,
541 4049 708 4106 quare
738 4027 1033 4089 exinanivit
1060 4025 1450 4099 semetipsum?
1497 4024 1563 4079 Et
1589 4022 1718 4097 quid
1747 4032 1830 4079 est
1858 4020 2136 4097 (Philipp.

540 4145 621 4197 ιι,
654 4126 729 4200 7)
779 4130 999 4200 fortnam
1044 4123 1177 4180 servi
1224 4121 1521 4193 accipiens?
1558 4132 1614 4175 et
1657 4118 1787 4190 quid
1829 4132 2017 4173 rursus
2059 4127 2143 4193 est

542 4219 727 4292 (Joan.
761 4235 801 4287 ι,
838 4219 901 4273 is
923 4216 966 4290 ),
998 4225 1047 4271 et
1073 4217 1235 4292 Λόγος
1262 4230 1383 4269 coro
1423 4217 1589 4289 [actus
1628 4214 1744 4269 est?
1772 4211 2060 4267 Discedant
2087 4219 2143 4268 et

537 4311 759 4378 Basilii,
786 4311 1071 4385 ὁμοούσιοι.
1101 4308 1210 4363 Nos
1237 4306 1382 4363 enim
1405 4305 1672 4382 ὁμοούσιον
1691 4304 1941 4374 dicimus,
1968 4315 2023 4360 et
2051 4321 2144 4361 ve~

536 4409 719 4475 ritate,
750 4418 804 4461 et
828 4405 979 4476 juxta
1010 4401 1287 4476 Synodum
1318 4403 1372 4457 in
1409 4400 1719 4473 Nicaeapoli.
1767 4400 1858 4457 Sic
1897 4400 2040 4457 enim
2084 4409 2144 4456 et

540 4512 713 4576 pater,
765 4509 822 4558 et
868 4500 1008 4559 illius
1060 4514 1222 4555 unum
1271 4496 1453 4565 ambo,
1502 4505 1559 4553 et
1599 4512 1837 4567 semper,
1883 4506 1940 4552 et
1980 4497 2141 4553 simul

2249 3307 2467 3372 dixerit,
2498 3304 2678 3360 omnia
2706 3303 2849 3357 enitn
2895 3317 2925 3355 a
2968 3311 3153 3356 sancta
3194 3301 3465 3369 scriptura
3494 3309 3549 3352 et
3577 3298 3804 3355 dicuntur.

2248 3409 2304 3456 et
2347 3408 2491 3455 sunt.
2542 3396 2794 3455 Dicemus
2842 3394 3077 3449 maxime
3125 3392 3289 3461 illud,
3329 3407 3361 3448 e
3404 3409 3518 3463 quo
3565 3392 3808 3464 gignuntur

2249 3492 2433 3550 multa:
2482 3491 2741 3557 lnereses,
2795 3488 2937 3560 quod
2988 3486 3301 3559 Evangelia,
3344 3496 3399 3542 et
3444 3485 3806 3555 Apostolu.~:,et

2249 3585 2427 3641 omnis
2458 3595 2610 3639 vetus
2636 3581 2914 3652 Scriptura
2947 3581 3015 3637 de
3052 3581 3163 3636 Deo
3202 3579 3421 3653 quidem
3453 3579 3587 3634 dicit
3625 3577 3803 3639 omnia,

2247 3692 2299 3738 et
2327 3680 2395 3736 de
2424 3678 2553 3735 Jesu
2585 3676 2831 3745 Christo,
2864 3675 2967 3735 hoc
3006 3685 3087 3732 est
3126 3673 3193 3730 de
3231 3673 3365 3749 λόγῳ
3410 3673 3713 3737 incarnato,
3741 3670 3805 3723 hic

2246 3775 2389 3832 enim
2436 3774 2751 3846 mysterium
2790 3770 2977 3826 salutis
3013 3778 3213 3825 nostrae
3252 3770 3392 3839 egit,
3447 3767 3537 3823 hic
3574 3780 3667 3822 nos
3706 3764 3806 3820 libe-

2247 3882 2337 3922 ros
2384 3865 2541 3931 fecit,
2584 3861 2813 3919 redemit
2856 3880 2869 3915 :
2907 3861 2963 3916 in
3016 3860 3177 3915 istum
3233 3858 3515 3918 credimus
3553 3854 3803 3914 secundum

2245 3973 2485 4026 crucem,
2523 3964 2580 4012 et
2611 3956 2762 4027 juxta
2793 3955 3245 4011 resurrectionem
3275 3969 3303 4005 a
3345 3951 3579 4009 mortuis
3603 3948 3806 4008 Salv-ato-

2246 4067 2362 4108 rem
2402 4059 2677 4119 nostrum,
2729 4048 2928 4106 idcirco
2969 4048 3169 4104 Paulus
3209 4046 3383 4105 dicit:
3429 4044 3558 4109 Non
3588 4047 3708 4100 enim
3735 4045 3804 4115 ja-

2247 4146 2412 4201 dicavi
2456 4143 2736 4215 quidquam
2770 4143 2900 4198 scire
2943 4143 2997 4197 in
3028 4142 3168 4197 vobis
3197 4142 3294 4197 nisi
3330 4141 3516 4199 Iesum
3564 4138 3800 4203 Christum,

2246 4252 2294 4297 et
2322 4240 2457 4294 hunc
2480 4238 2788 4307 cruciﬁxum
2814 4235 2869 4310 (1
2888 4227 3014 4295 'Cor.
3048 4252 3105 4306 ιι,
3138 4235 3217 4310 2).

2319 4415 2526 4477 XLVII.
2556 4415 2891 4477 Conﬁtemur
2929 4416 3089 4488 igitur
3126 4416 3294 4472 Deum
3340 4424 3552 4487 patrem
3598 4414 3803 4483 omnipo-

2246 4522 2470 4581 tentem,
2501 4512 2825 4568 conﬁtemur
2864 4510 3032 4566 lilium
3079 4510 3413 4582 unigenitum
3455 4509 3640 4566 Jesum
3676 4506 3802 4562 Chr;-

538 4594 730 4662 ambo,
774 4604 829 4650 et
868 4593 1119 4664 quoniam
1161 4592 1445 4665 όμοούσιον.
1477 4589 1630 4659 Quod
1657 4598 1836 4646 autem
1875 4589 2139 4663 ὁμοούσιον

2245 4617 2408 4675 stum,
2444 4606 2609 4665 Deum
2650 4604 2718 4663 de
2755 4604 2865 4660 Deo
2900 4604 3083 4660 lumen
3115 4618 3302 4659 verum
3361 4602 3429 4678 de
3463 4619 3593 4659 vero
3617 4602 3801 4659 lumine.

538 4688 761 4754 dicunt,
802 4696 854 4743 et
888 4687 933 4742 si
973 4686 1296 4741 conﬁtentur
1325 4684 1493 4740 lilium
1524 4698 1554 4738 a
1586 4690 1739 4756 patre
1768 4681 1968 4743 habere
2008 4685 2133 4740 sub-

538 4786 832 4853 stantiam,
860 4785 955 4843 sed
994 4785 1139 4841 aliud
1179 4785 1395 4858 quidem
1436 4784 1645 4852 dicunt,
1685 4783 1926 4840 dicentes
1966 4802 2142 4858 neque

538 4880 886 4953 generatione
925 4878 1095 4934 ﬁlium
1116 4920 1132 4948 ,
1175 4894 1348 4950 neque
1386 4878 1633 4937 faciendo
1662 4894 1785 4937 esse
1816 4895 1845 4937 a
1880 4882 2009 4949 Deo,
2041 4884 2140 4940 sed

539 4976 819 5048 compulso
849 4975 1073 5031 istorum
1099 4974 1327 5030 duorum
1348 5017 1363 5043 ,
1389 4984 1442 5031 et
1467 4976 1832 5047 generationis
1854 4987 1908 5033 et
1937 4976 2138 5035 facien-

537 5076 625 5141 di,
651 5074 813 5131 veluti
841 5073 1031 5144 lapidis
1054 5081 1109 5128 et
1135 5072 1291 5140 ferri,
1315 5083 1476 5144 atque
1502 5074 1624 5131 inde
1644 5072 1816 5129 emitti
1840 5073 2133 5131 ﬂammam.

540 5174 647 5231 Ista
675 5160 917 5227 dicentes
945 5165 1142 5222 occulti
1171 5166 1355 5223 Ariani
1381 5175 1526 5222 sunt.
1557 5167 1799 5226 Primum
1828 5188 1935 5230 non
1972 5191 2136 5247 gene-

539 5266 748 5322 ratione
774 5263 1018 5320 dicentes
1050 5260 1139 5315 Dei
1185 5258 1352 5314 ﬁlium
1392 5275 1543 5326 esse,
1584 5262 1678 5318 sed
1720 5262 1956 5335 factura,
1990 5272 2134 5341 quod

540 5358 735 5429 dogma
764 5365 848 5411 est
879 5352 1025 5421 Arii;
1055 5351 1258 5429 factura
1291 5350 1434 5406 enim
1463 5360 1576 5420 est,
1605 5355 1745 5424 quod
1784 5372 1815 5412 a
1850 5364 2134 5433 compulsa

540 5453 718 5517 exilit,
761 5459 815 5507 et
858 5464 924 5505 ex
956 5447 1125 5505 nihilo
1153 5457 1255 5503 eet.
1288 5444 1405 5501 Non
1437 5449 1579 5502 enim
1608 5462 1637 5502 a
1669 5448 1811 5506 ferro
1841 5463 1931 5511 ant
1960 5456 2136 5528 lapide

542 5545 754 5600 ﬂamma
773 5584 789 5610 ,
820 5540 961 5612 quod
993 5543 1226 5598 maxime
1253 5537 1415 5595 Arius
1443 5538 1664 5597 insanus
1692 5543 1850 5612 sapit.
1883 5544 1996 5608 Etsi
2025 5552 2138 5607 col-

538 5638 661 5693 lisio
684 5635 825 5692 faeta
850 5644 963 5704 est,
996 5635 1094 5693 fuit
1116 5637 1333 5708 quando
1359 5636 1623 5693 nonfuit:
1650 5639 1771 5694 etsi
1797 5642 2135 5713 compulsum

541 5729 777 5786 faciendi
817 5737 872 5785 et
908 5731 1259 5799 generatione
1297 5729 1472 5789 factus
1509 5741 1593 5788 est
1619 5732 1784 5802 ﬁlius,
1820 5738 2138 5806 pratexstitit

543 5822 709 5880 factio
726 5831 780 5879 et
800 5826 1080 5893 generatio
1106 5836 1393 5905 antequam
1425 5826 1615 5891 luisset
1640 5832 1797 5890 ﬁlius.
1830 5829 2136 5891 Posteriora

2242 4701 2472 4761 formam
2507 4698 2619 4764 Dei,
2655 4698 2744 4770 qui
2775 4696 2938 4753 habet
2974 4695 3331 4751 substantiam
3359 4694 3427 4751 de
3460 4696 3555 4752 Dei
3593 4695 3803 4751 substan-

2245 4800 2337 4868 tia,
2373 4804 2640 4863 natnram,
2673 4792 3103 4866 generationem,
3139 4792 3305 4847 ﬁlium
3339 4791 3503 4847 simul
3542 4808 3659 4848 eum
3685 4800 3802 4861 patre

2242 4892 2762 4953 consubstantiatum
2810 4889 2952 4960 quod
3000 4887 3172 4945 Grzcci
3217 4886 3493 4962 ὁμοούσιον
3544 4886 3800 4960 appellant,

2245 4985 2661 5060 primogenitum
2691 4991 2817 5041 ante
2843 4981 3280 5037 constitutionem
3310 4981 3495 5036 mundi
3522 5022 3535 5047 ,
3560 4990 3611 5035 et
3642 4980 3803 5051 primo-

2243 5081 2481 5154 genitum
2521 5086 2648 5137 ante
2690 5091 2907 5133 omnem
2951 5084 3253 5149 creaturam
3277 5117 3293 5143 ,
3330 5076 3430 5130 hoc
3469 5084 3577 5143 est,
3620 5084 3672 5130 et
3706 5079 3801 5126 ante

2243 5173 2596 5241 substantiam
2632 5169 2906 5239 veniendi,
2940 5180 2994 5224 et
3024 5168 3420 5241 generationis,
3449 5179 3503 5227 et
3542 5166 3798 5226 revivendi.

2244 5267 2657 5343 primogenitum
2686 5279 2716 5318 a
2749 5263 2976 5318 mortuis
3014 5264 3181 5339 λόγον,
3212 5262 3301 5334 qui
3332 5262 3404 5317 sit
3441 5263 3679 5318 omnium
3715 5257 3799 5313 uni~

2244 5359 2473 5420 versalis
2500 5358 2667 5433 λόγος,
2696 5356 2836 5431 λόγον
2864 5364 3044 5411 autem
3076 5354 3144 5410 ad
3174 5356 3363 5422 Deum,
3387 5354 3535 5430 λόγον
3555 5357 3607 5411 in
3631 5362 3799 5425 postrec

2241 5457 2344 5514 mis
2402 5451 2734 5523 temporibus
2789 5450 3167 5517 incarnatum,
3213 5456 3270 5504 et
3319 5463 3483 5505 cruce
3536 5448 3798 5504 vincentem

2240 5558 2472 5607 mortem
2519 5553 2576 5602 et
2622 5558 2782 5600 omne
2830 5555 3130 5614 peccatum,
3186 5541 3522 5598 Salvatorem
3571 5549 3795 5600 nostrum,

2234 5643 2472 5717 iudicem
2502 5640 2740 5696 omnium
2762 5677 2777 5703 ,
2811 5652 3029 5708 semper
3064 5652 3187 5693 cum
3230 5646 3386 5707 patre
3423 5631 3794 5693 substantialcnt

2238 5744 2294 5793 et
2317 5732 2602 5808 όμοούσιον,
2633 5731 2925 5803 potentiam
2955 5729 3183 5786 activam
3216 5746 3248 5787 a
3290 5731 3459 5802 patria
3494 5729 3733 5802 potentis,
3755 5729 3795 5776 et

2236 5837 2623 5904 generantem,
2673 5834 2730 5885 et
2780 5824 3068 5887 facientem
3116 5830 3297 5887 omnia
3323 5870 3337 5897 ,
3384 5833 3436 5887 et
3479 5820 3791 5884 subsuntiam
