4024 6306
296 218 437 277 1071

1483 219 1851 285 ADVERSUS
1887 219 2108 281 ARIUII
2147 220 2358 281 LIBER
2386 225 2426 282 I.

3458 237 3598 295 1078

301 334 568 402 existettdi
607 335 850 401 omnium
871 378 886 407 ,
918 346 972 393 et
1005 339 1431 410 generationem,
1470 349 1528 397 et
1563 339 1895 399 revivisccnv
1916 340 1973 407 Α
2000 338 2128 397 dum
2161 341 2520 413 privationem
2548 326 2692 401 nulla
2714 348 3125 419 participatione
3144 350 3213 407 ad
3240 365 3299 409 se
3330 353 3595 421 invicem;

299 431 428 493 tiam
460 446 476 484 :
508 431 760 500 quoniam
790 432 898 489 vita
923 442 1005 488 est
1026 441 1251 503 aeterna,
1276 442 1332 493 et
1360 435 1457 491 Dei
1489 437 1680 503 virtus,
1715 444 1771 491 et
1808 449 1900 490 sa-

298 522 495 595 pientia
523 540 537 595 ;
564 522 740 594 ipsum
783 522 1172 594 iuversibilem,
1198 526 1584 595 immutabilem
1606 528 1704 600 (al.
1727 537 1899 583 muta-

297 612 487 687 bilem)
500 613 653 695 juxta
675 616 819 695 quod
843 616 986 695 λόγος
1007 627 1112 687 est,
1136 626 1191 674 et
1216 618 1356 689 quod
1378 633 1596 690 semper
1612 620 1755 694 λόγος
1776 630 1860 675 est
1882 638 1896 676 :

291 707 443 781 juxta
465 717 643 763 autem
668 706 809 779 quod
831 718 915 765 est
936 725 1122 768 creare
1142 712 1342 777 omnia,
1359 722 1411 767 et
1428 713 1659 768 maxime
1670 713 1820 783 juxta
1842 712 1898 768 in

296 800 420 875 Iter
446 802 711 859 actionem
742 801 1139 872 impassibiliter
1162 803 1474 875 patientem.
1499 803 1565 861 Ut
1590 803 1712 861 fons
1733 821 1898 876 aqua-

294 910 415 957 rum
446 894 815 965 immutabilis,
848 895 1228 967 impassibilis,
1272 909 1422 954 extra
1454 914 1668 955 omnem
1700 899 1894 955 motio-

296 1005 444 1056 nem,
469 1004 590 1049 cum
612 988 749 1059 ﬂuit,
773 1000 827 1044 et
856 991 907 1051 in
932 988 1132 1047 ﬂumen
1160 991 1397 1059 advenit,
1419 991 1574 1067 juxta
1602 991 1811 1047 alveum
1844 998 1896 1047 et

292 1098 492 1155 genera
505 1084 853 1156 etqualitates
877 1092 1034 1141 terrae
1048 1085 1285 1142 creditur
1299 1087 1429 1158 pati,
1444 1101 1661 1157 semper
1672 1102 1896 1147 scrvnus

292 1177 589 1249 potentiam
620 1191 773 1248 aqote
811 1193 999 1247 suam,
1031 1189 1086 1235 et
1114 1179 1269 1235 sicuti
1303 1176 1502 1235 ﬂumen
1547 1180 1733 1249 irrigat
1782 1190 1895 1235 ter-

294 1284 432 1335 ram,
466 1268 667 1327 nullam
687 1269 1098 1335 diminutionem
1130 1271 1392 1340 sentiens,
1417 1272 1483 1328 ad
1511 1271 1616 1329 hoc
1639 1272 1781 1344 quod
1813 1281 1898 1328 est

294 1379 416 1421 esse
455 1379 685 1441 aquam;
729 1366 808 1421 sic
852 1366 1097 1423 Christus
1139 1366 1230 1423 ille
1278 1377 1366 1422 est
1413 1366 1628 1435 ﬂuvius,
1673 1368 1741 1424 de
1787 1384 1896 1440 quo

296 1456 563 1529 Propheta
594 1459 722 1517 dicit
752 1475 768 1513 :
804 1458 907 1528 Qui
935 1460 1137 1531 irrigat,
1168 1469 1215 1514 et
1243 1460 1475 1533 infundit
1517 1470 1675 1515 totum
1706 1471 1895 1516 terram

295 1550 447 1624 (Gen.
472 1570 531 1622 tt,
564 1552 620 1629 6)
655 1572 670 1610 :
700 1553 793 1609 sed
820 1549 1067 1608 Christus
1098 1562 1241 1609 totus
1268 1568 1430 1611 omne
1454 1552 1660 1625 irrigat,
1684 1563 1741 1611 et
1770 1554 1896 1611 visi-

293 1644 421 1705 bilia
449 1656 504 1703 et
532 1645 838 1715 invisibilia,
873 1645 1096 1702 ﬂumine
1122 1646 1247 1701 vitae
1275 1644 1514 1703 omnium
1556 1661 1742 1703 eorum
1775 1662 1894 1718 quze

2003 448 2136 504 ergo
2168 450 2267 489 nec
2293 435 2541 492 alterum.
2575 437 2630 495 Si
2659 439 2823 510 igitur
2843 456 2962 512 qua:
2985 452 3129 510 sunt,
3159 445 3321 501 etiam
3345 446 3599 506 diiieren-

2003 526 2071 580 tia
2101 526 2212 582 sint
2232 527 2500 593 etaltcra,
2522 530 2752 599 quadam
2787 541 2964 590 tamen
2995 538 3380 595 communione
3404 541 3595 596 eadem

2001 628 2161 684 sunt,
2203 630 2259 677 et
2300 621 2598 675 secundum
2643 624 2801 679 istum
2842 628 3060 683 modum
3106 638 3161 685 et
3201 630 3390 686 eadem
3429 633 3597 690 alti-ra

1998 721 2152 780 sunt;
2178 721 2235 768 et
2258 713 2396 770 istud
2420 714 2633 772 duobus
2659 718 2832 785 modis
2864 721 2978 778 sive
3014 722 3181 779 altera
3216 724 3268 781 in
3293 725 3594 791 identitatc,

1997 804 2111 860 sive
2143 804 2335 861 eadem
2380 806 2431 860 in
2461 808 2760 876 alteritate;
2791 812 2885 867 sed
2913 814 2959 868 si
2989 815 3175 870 eadem
3209 817 3261 873 in
3302 818 3596 886 alteritatc,

2000 899 2172 970 magis
2217 900 2268 955 in
2318 900 2643 959 alteritatem
2694 918 2917 978 vergunt
2957 909 3046 964 :si
3109 898 3293 967 autem'
3335 913 3503 969 altera
3546 916 3596 969 itt
3642 904 3645 907 1

1997 991 2316 1060 identitate,
2370 995 2603 1052 maxime
2650 998 2900 1055 identitas
2944 1013 3188 1075 apparet.
3242 1004 3379 1072 Quid
3438 1006 3599 1078 igitur

1999 1085 2120 1142 istis
2144 1087 2396 1143 concinet
2428 1088 2553 1145 hinc
2582 1091 3035 1161 perSpiciendum.

2071 1271 2260 1329 XLIX.
2292 1274 2365 1330 De
2422 1275 2530 1332 Deo
2572 1287 2626 1332 et
2653 1277 2803 1352 λόγῳ,
2837 1277 2939 1334 hoc
2962 1288 3075 1353 est,
3107 1281 3175 1338 de
3206 1291 3356 1355 patre
3396 1293 3451 1340 et
3491 1285 3601 1340 iilio

2000 1367 2098 1424 Dei
2126 1368 2390 1440 permissu
2414 1370 2744 1428 sufficienter
2769 1373 2994 1441 dictum,
3018 1377 3273 1446 quoniam
3293 1394 3455 1434 unum
3480 1395 3600 1449 qua:

1997 1459 2127 1515 duo.
2164 1461 2374 1518 Dictum
2409 1473 2462 1519 et
2489 1464 2557 1520 de
2579 1465 2727 1539 λόγῳ,
2763 1464 2865 1521 hoc
2896 1476 2979 1521 cst
3016 1467 3083 1524 de
3127 1467 3238 1524 ﬂlio
3269 1481 3325 1527 et
3365 1472 3433 1527 de
3473 1471 3599 1543 Spi-

2000 1554 2106 1609 ritu
2133 1565 2344 1621 sancto,
2379 1556 2521 1625 quod
2557 1556 2607 1611 in
2642 1572 2769 1619 uno.
2805 1557 2860 1612 Si
2901 1558 3061 1629 igitur
3090 1577 3209 1631 qua:
3249 1562 3378 1630 duo,
3409 1580 3597 1632 unum,

2000 1657 2055 1703 et
2082 1647 2133 1704 in
2166 1664 2271 1706 uno
2293 1648 2426 1716 duo;
2462 1650 2590 1706 illud
2624 1666 2785 1709 unum
2815 1654 2865 1709 in
2894 1669 3002 1724 quo
3032 1665 3157 1713 sunt
3182 1656 3312 1724 duo,
3344 1662 3595 1730 quoniam

293 1749 421 1801 sunt
453 1739 754 1801 substantia
781 1740 991 1812 irrigat.
1020 1738 1078 1797 In
1108 1756 1217 1811 quo
1243 1752 1423 1795 autem
1456 1740 1593 1806 vita,
1628 1750 1710 1796 est
1740 1739 1894 1796 Cbri-
1920 1734 1972 1803 Β
2000 1756 2121 1799 cum
2151 1741 2245 1797 illo
2273 1752 2379 1809 est,
2418 1754 2475 1799 et
2513 1760 2577 1800 ex
2609 1755 2813 1800 mterno
2850 1762 2973 1803 cum
3009 1749 3128 1819 ipso
3168 1765 3384 1823 semper
3423 1772 3436 1809 :
3469 1770 3590 1825 quo:
3672 1788 3679 1793 ο

293 1845 410 1899 stus
445 1854 460 1891 ;
489 1836 547 1901 in
573 1849 682 1906 quo
718 1834 858 1907 rigat
884 1833 1116 1907 Spiritus
1142 1843 1361 1891 sanctus
1382 1876 1397 1904 ,
1431 1834 1483 1891 in
1514 1851 1620 1907 qtto
1653 1835 1894 1905 potentia

294 1938 380 1987 est
415 1929 719 2000 vitalitatis,
762 1927 923 1987 Pater
960 1937 1015 1985 et
1059 1929 1200 1985 Deus
1251 1945 1266 1983 :
1320 1938 1486 1985 totum
1531 1937 1707 1985 autem
1756 1944 1894 1985 unus

297 2026 459 2081 Deus.
493 2022 829 2080 Conﬂtemur
858 2037 989 2092 ergo
1024 2031 1081 2077 et
1111 2020 1373 2092 Spiritum
1404 2031 1650 2076 sanctum
1681 2036 1749 2075 ex
1785 2021 1894 2079 Deo

294 2118 455 2174 Patre
471 2116 648 2173 omnia
671 2116 979 2181 habentem,
998 2124 1072 2191 τῷ
1086 2115 1254 2192 Λόγῳ,
1276 2115 1377 2171 hoc
1395 2124 1501 2181 est,
1524 2114 1552 2170 1Ι
1558 2129 1651 2170 esu
1676 2112 1895 2170 Christo

295 2210 545 2267 tradente
576 2210 651 2264 illi
682 2209 884 2275 omnia,
913 2225 1032 2280 quae
1061 2207 1311 2264 Christus
1341 2207 1505 2263 habet
1546 2222 1574 2261 a
1616 2207 1793 2262 Patre.
1829 2207 1897 2261 Et

293 2306 399 2363 isto
424 2304 737 2375 hujusmodi
768 2303 931 2361 modo
951 2304 1110 2361 simul
1139 2304 1462 2359 conlitcmur
1484 2317 1606 2359 esse
1627 2302 1745 2367 haec
1769 2302 1891 2369 tria,

294 2415 362 2458 ex
402 2400 509 2456 isto
537 2399 682 2472 quod
718 2414 905 2466 unum,
951 2405 1008 2453 et
1047 2412 1212 2455 unum
1245 2397 1437 2469 Deum,
1475 2393 1731 2472 ὁμωύσια
1762 2395 1894 2463 ista,

296 2502 352 2551 et
392 2507 607 2564 semper
644 2491 806 2549 simul
846 2500 904 2549 et
950 2499 1180 2563 patrem,
1226 2498 1281 2545 ct
1316 2488 1509 2559 ﬁlium,
1542 2497 1597 2544 et
1637 2486 1895 2562 Spiritum

290 2592 539 2653 sanctum
587 2582 844 2641 ineﬂ'abili
887 2582 1150 2654 potentia,
1193 2589 1249 2637 et
1289 2579 1621 2651 iueloquibili
1664 2594 1895 2651 genera-

296 2679 445 2749 tione
481 2678 646 2739 lilium
680 2676 796 2744 Dei,
827 2675 1013 2733 Iesum
1039 2674 1339 2741 Christum,
1369 2674 1534 2751 Λόγος
1572 2673 1662 2746 qui
1711 2674 1802 2741 sit,
1842 2681 1899 2733 et

292 2774 489 2843 Deum,
520 2783 576 2830 et
604 2772 919 2844 imaginem,
947 2782 1004 2827 et
1035 2770 1286 2839 formam,
1314 2779 1369 2825 et
1396 2764 1767 2831 characterem
1792 2810 1808 2839 ,
1838 2758 1925 2825 et’

303 2866 681 2939 refulgentiam
711 2865 899 2936 patris,
931 2872 986 2921 et
1012 2863 1286 2933 virtutem,
1315 2872 1369 2918 et
1408 2862 1729 2933 sapientiam
1776 2859 1894 2931 Dei,

300 2978 398 3034 per
427 2977 545 3034 quae
573 2968 830 3031 appareat
858 2966 913 3014 et
940 2956 1246 3015 declaratur
1270 2956 1409 3017 Deus
1438 2956 1489 3011 in
1515 2954 1750 3028 potentia
1780 2968 1896 3013 om,

292 3059 467 3129 nium,
503 3065 561 3115 et
603 3059 865 3124 exismns,
904 3064 961 3112 et
999 3067 1247 3119 manens,
1290 3060 1344 3108 et
1378 3067 1542 3125 agens
1586 3051 1765 3111 omnia
1805 3064 1892 3106 se-

1997 1836 2157 1893 simul
2182 1846 2307 1897 sunt
2332 1836 2433 1891 sibi
2464 1836 2695 1900 invicem
2726 1839 2937 1907 eadem,
2967 1842 3075 1899 duo
3102 1857 3269 1901 unum
3309 1855 3469 1912 sunt;
3503 1862 3599 1903 nc-

1998 1942 2155 1985 cesse
2187 1937 2271 1984 est
2307 1928 2469 1999 igitur
2497 1929 2595 1987 ista
2640 1931 2783 1991 idem
2814 1948 2955 1993 esse.
2988 1936 3272 2007 Quomodo
3313 1939 3451 1994 istud
3483 1943 3553 1996 sit
3583 1961 3596 1995 :

2000 2021 2160 2085 Audi,
2192 2031 2247 2081 ut
2276 2021 2420 2077 dico.
2451 2024 2595 2078 Ante
2622 2028 2801 2081 omnia
2832 2042 2953 2096 quac
2976 2043 3101 2083 vere
3131 2040 3277 2096 sunt,
3306 2048 3469 2086 unum
3501 2031 3601 2087 fuit

1998 2113 2114 2173 sive
2143 2113 2317 2184 ipsum
2349 2130 2533 2182 uuttnt.
2565 2127 2853 2187 antequam
2887 2119 2959 2174 sit
2996 2119 3047 2175 ei
3085 2135 3208 2181 esse
3248 2138 3432 2181 unum.
3462 2124 3599 2179 Illud

1998 2204 2146 2263 enim
2178 2220 2340 2260 unum
2368 2217 2582 2276 Oportet
2606 2208 2793 2271 dicere
2821 2219 2877 2267 et
2909 2210 3229 2283 intelligere,
3264 2214 3404 2284 quod
3435 2232 3598 2273 unam

2000 2299 2439 2369 imaginationem
2470 2300 2757 2359 alteritatis
2782 2300 2963 2369 habet,
2994 2319 3159 2361 Unum
3196 2305 3397 2372 solum,
3432 2323 3597 2365 unum

2000 2391 2267 2462 simplex;
2304 2408 2465 2447 tntttnt
2500 2408 2599 2464 per
2638 2396 3083 2463 concessionem,
3116 2413 3280 2457 unum
3324 2410 3450 2461 aute
3484 2415 3600 2455 etn-

2006 2499 2129 2541 nem
2184 2485 2563 2552 existentiatn,
2612 2492 2736 2540 ante
2780 2501 2995 2543 omnem
3051 2489 3595 2558 existentialitateut,

2002 2588 2058 2639 et
2085 2578 2320 2634 maxime
2349 2587 2477 2634 ante
2502 2579 2684 2634 omnia
2716 2578 2994 2650 inferiora,
3027 2597 3153 2641 ante
3181 2583 3356 2655 ipsum
3385 2585 3467 2652 ὂν,
3499 2586 3601 2641 hoc

1999 2672 2144 2729 enim
2172 2689 2336 2733 unum
2357 2686 2485 2729 ante
2511 2671 2585 2729 ὅν.
2613 2675 2756 2739 Ante
2776 2691 2989 2737 omnem
3015 2677 3175 2748 igitur
3201 2680 3597 2750 essentitatcm,

1998 2767 2380 2833 substantiam,
2407 2768 2835 2836 subsistentiam.
2865 2779 2919 2827 et
2944 2770 3123 2828 adhuc
3143 2776 3323 2835 omnin
3356 2791 3478 2846 quae
3504 2792 3601 2847 po-

2002 2863 2236 2918 tentiora
2266 2878 2453 2930 unum,
2484 2864 2601 2918 sine
2626 2863 2933 2931 existentia,
2974 2866 3092 2927 sine
3133 2867 3453 2935 substantia,
3480 2872 3597 2933 sine

1999 2954 2370 3027 intelligentia.
2397 2955 2571 3025 Supra
2598 2958 2739 3010 enitn
2770 2955 2906 3025 hinc,
2934 2958 3277 3029 immensum,
3302 2962 3596 3031 invisibile,

2000 3049 2401 3107 indiscernibiie
2440 3048 2843 3121 universaiiter,
2884 3062 2941 3109 et
2977 3054 3061 3109 itis
3102 3071 3222 3126 quin
3266 3056 3319 3117 in
3367 3058 3506 3127 Ipso,
3537 3072 3593 3113 ct

290 3153 530 3217 cundum
558 3153 825 3217 actionem
854 3150 970 3219 iilii,
999 3148 1054 3206 id
1082 3156 1184 3214 cst,
1211 3147 1340 3213 Jcsu
1367 3146 1591 3216 Christi,
1624 3160 1782 3217 quem
1809 3142 1891 3199 in-
1919 3132 1967 3197 Β
2000 3145 2083 3201 his
2108 3161 2228 3216 quae
2257 3153 2378 3216 post
2419 3144 2626 3214 ipsum,
2661 3146 2823 3201 etiam
2855 3162 2977 3214 omn
3016 3163 3080 3202 ex
3112 3150 3245 3217 ipso.
3274 3147 3385 3205 Soli
3416 3161 3595 3205 autem

292 3256 601 3317 caritatum,
630 3256 684 3305 et
711 3244 1061 3314 cruciﬁxum,
1098 3253 1156 3318 et
1185 3250 1556 3314 resurgentem
1592 3256 1620 3293 a
1663 3237 1892 3299 mortuis

292 3349 348 3403 et
376 3338 757 3403 ascendentem
799 3338 852 3405 in
886 3337 1077 3404 ctelos,
1109 3346 1163 3393 et
1192 3334 1473 3393 sedentem
1508 3333 1574 3388 ad
1616 3333 1890 3395 dexteram

291 3434 490 3503 Patris,
515 3444 568 3491 et
586 3432 829 3506 judicem
857 3431 1095 3493 futurum
1126 3429 1309 3486 venire
1338 3430 1633 3487 viventium
1664 3439 1719 3484 ct
1746 3443 1892 3485 mor-

292 3538 529 3596 tuorum,
571 3526 787 3583 Patrem
824 3524 1001 3583 omnis
1037 3534 1302 3580 creatura:
1341 3531 1397 3578 et
1436 3521 1795 3590 Salvatorcm,
1836 3531 1892 3581 et

291 3635 450 3688 voce,
479 3627 535 3677 et
563 3629 677 3675 toto
702 3617 865 3674 corde
895 3616 1223 3675 conﬁtemur
1247 3628 1483 3685 semper,
1517 3616 1670 3690 ἀμήν.
1700 3614 1888 3677 Gratia

290 3725 347 3775 et
377 3729 478 3787 pax
519 3729 549 3775 tt
586 3713 703 3771 Deo
741 3724 915 3785 patre,
954 3722 1009 3768 et
1047 3713 1159 3769 lilio
1201 3712 1316 3782 ejus
1356 3710 1484 3773 Jcsu
1516 3710 1737 3769 Christo
1783 3713 1888 3771 Do-

290 3808 442 3865 mino
467 3817 678 3878 nostro.
706 3808 789 3871 sic
815 3807 918 3869 ista
943 3805 1228 3865 conﬁtenti
1257 3804 1313 3863 itt
1342 3804 1521 3867 omnia
1551 3805 1749 3865 saecula
1783 3821 1888 3863 ste-

289 3900 554 3967 culorum.

364 4086 596 4155 XLVIII.
622 4086 878 4158 Spiritus,
903 4088 1064 4165 λόγος,
1088 4094 1229 4157 νοῦς,
1254 4087 1536 4160 sapientia,
1559 4087 1886 4149 substantia.

294 4192 474 4247 utrum
519 4184 661 4240 idem
707 4185 921 4252 omnia,
960 4200 1027 4241 an
1064 4185 1232 4242 altera
1276 4200 1306 4239 a
1342 4199 1401 4242 se
1441 4183 1713 4241 invicem?
1747 4182 1816 4238 Et
1845 4183 1890 4241 si

290 4278 470 4349 idem,
525 4279 906 4337 communione
960 4279 1225 4352 quadam,
1275 4294 1346 4336 an
1395 4280 1787 4336 universitate?
1832 4277 1889 4335 Si

290 4373 677 4433 communione
712 4373 966 4444 quadam,
1010 4375 1138 4446 quid
1186 4374 1443 4445 primum,
1489 4374 1616 4445 quid
1657 4387 1728 4427 ex
1758 4370 1886 4439 alio,

290 4476 347 4523 et
373 4482 478 4538 qua
507 4467 931 4529 communione?
953 4468 999 4525 si
1030 4468 1383 4527 universitate
1409 4477 1464 4525 et
1503 4468 1603 4525 ista
1622 4508 1636 4535 ,
1673 4474 1730 4523 et
1766 4479 1887 4536 note

290 4558 615 4628 differentia,
644 4568 700 4617 et
724 4575 845 4632 quae
873 4561 1219 4619 communio?
1241 4561 1287 4619 si
1312 4577 1343 4617 a
1369 4576 1428 4621 se
1456 4560 1684 4619 invicem
1716 4561 1886 4619 altera

291 4653 627 4723 eninimodo,
654 4653 823 4713 altera
854 4654 908 4710 in
934 4653 1039 4711 alia
1069 4664 1127 4709 ut
1154 4654 1490 4725 subjectum,
1523 4655 1627 4711 alia
1657 4664 1715 4711 ut
1747 4656 1887 4711 acci-

290 4745 428 4803 dens
458 4763 474 4800 :
502 4761 570 4807 an
592 4747 745 4819 juxta
769 4747 933 4811 alium
964 4748 1195 4805 alterum
1225 4748 1441 4805 modum
1459 4750 1483 4802 τ
1503 4746 1563 4805 Si
1589 4748 1749 4819 igitur
1768 4762 1885 4805 om-

292 4842 528 4911 nimodis
564 4845 757 4912 altera,
788 4854 843 4901 et
869 4844 1165 4922 ἑτερόνυμα,
1197 4851 1253 4900 et
1287 4845 1510 4901 alterius
1547 4844 1881 4902 substantiae.

291 4938 401 4994 Sed
446 4936 581 4997 nihil
630 4937 959 4995 omnimodis
1002 4938 1227 4997 alterius
1275 4939 1589 4995 substantia:
1636 4956 1649 4995 :
1698 4954 1883 4999 eorum

292 5034 434 5090 enim
464 5048 586 5104 qum
611 5041 738 5091 sunt
761 5031 815 5091 ὃν
840 5046 1034 5103 genus,
1066 5041 1121 5088 et
1158 5032 1329 5104 magis
1356 5048 1528 5103 genus
1556 5032 1610 5088 in
1648 5048 1714 5090 eo
1740 5033 1883 5104 quod

290 5135 541 5187 estesse.
573 5125 681 5185 Sed
710 5126 964 5197 quoniam
987 5140 1110 5182 esse
1135 5124 1440 5197 dupliciter.
1470 5135 1525 5184 et
1553 5127 1727 5198 ipsum
1752 5129 1813 5184 τὸ
1832 5122 1887 5183 ὃν

292 5217 604 5290 dupliciter.
629 5227 716 5277 est
738 5218 884 5279 enim
915 5232 1044 5279 vere
1073 5232 1226 5281 esse.
1255 5228 1338 5279 est
1368 5227 1421 5275 et
1447 5217 1622 5277 solum
1654 5234 1794 5275 esse.
1825 5218 1885 5279 Si

293 5311 455 5383 igitur
486 5312 547 5368 τὸ
583 5306 659 5377 ὃν.
689 5324 818 5367 vere
856 5303 909 5375 ὃν
952 5318 1008 5366 et
1050 5308 1222 5375 solum
1254 5305 1307 5366 ὂν
1344 5310 1411 5371 ad
1453 5312 1630 5371 omnia
1659 5310 1803 5381 ὄντα,
1832 5326 1889 5375 et

292 5404 467 5469 solum
496 5398 550 5460 ὃν
591 5403 657 5463 ad
686 5402 864 5467 solum
904 5398 1046 5469 ὄντα,
1076 5402 1191 5459 sive
1229 5405 1563 5476 συνωνύμως,
1602 5406 1715 5461 sive
1753 5407 1890 5480 ὁμω-

295 5498 467 5571 νύμως
496 5495 765 5563 dicuntur,
798 5510 904 5553 non
936 5493 1259 5551 omnimodis
1282 5495 1450 5559 altera
1476 5509 1598 5559 sunt
1632 5518 1645 5556 ς
1672 5502 1891 5570 panici.

294 5590 514 5662 potione
561 5589 725 5660 igitur
768 5587 1047 5660 cujusdam
1092 5590 1487 5651 communionis
1535 5593 1715 5649 omnia
1768 5611 1892 5666 qum

294 5690 441 5748 sunt,
470 5681 537 5737 ad
580 5681 752 5739 altera
783 5691 931 5736 sunt.
967 5680 1176 5736 Etenim
1216 5679 1359 5752 quod
1394 5688 1469 5757 τῷ
1502 5678 1609 5739 ὄντι
1643 5693 1747 5754 cst,
1786 5686 1889 5745 hoc

294 5775 436 5847 quod
473 5788 579 5830 non
608 5766 661 5829 ὃν
687 5782 794 5843 est,
821 5770 1132 5845 opponitur,
1161 5773 1311 5846 quasi
1338 5777 1666 5834 contrarium
1694 5793 1887 5838 secun-

1992 3238 2096 3294 sibi
2133 3248 2187 3294 et
2216 3236 2562 3294 discernibile
2581 3277 2598 3306 ,
2626 3246 2680 3293 et
2707 3236 2990 3297 deliuitum
3022 3240 3137 3310 ipsa
3167 3254 3262 3297 sua
3290 3244 3593 3310 existentia,

1995 3346 2102 3387 non
2128 3339 2328 3394 actum,
2361 3337 2421 3385 ut
2447 3343 2553 3387 neu
2581 3329 2833 3400 quiddam
2876 3330 3107 3391 alterum
3133 3332 3201 3387 sit
3227 3333 3295 3388 ab
3322 3335 3439 3404 ipso
3469 3351 3594 3393 cono

1990 3424 2261 3490 sistcntia,
2288 3432 2342 3479 et
2368 3425 2747 3495 cognoscentia
2777 3425 2860 3481 sui
2892 3424 3161 3494 intpartile
3193 3427 3447 3498 undique,
3476 3431 3596 3487 sine

1995 3519 2184 3590 ﬁgura,
2213 3519 2333 3577 sine
2361 3520 2640 3590 qualitate,
2690 3532 2867 3588 neque
2897 3517 3242 3587 inqualitatc;
3274 3519 3391 3576 sine
3414 3524 3593 3591 quali.

1995 3620 2102 3668 tate
2127 3613 2309 3683 quale,
2341 3615 2459 3668 sine
2487 3610 2694 3680 colore,
2738 3612 2857 3668 sine
2883 3613 3080 3682 specie,
3110 3613 3226 3669 sine
3252 3614 3443 3684 forma,
3478 3633 3595 3672 om-

1993 3711 2152 3767 nibus
2184 3710 2372 3771 formis
2409 3727 2622 3773 cnretts.
2656 3712 2840 3783 Neque
2868 3714 3010 3784 quod
3046 3714 3115 3770 sit
3142 3716 3258 3786 ipsa
3295 3715 3464 3771 forma
3489 3728 3592 3783 qua

1991 3802 2293 3860 formantur
2335 3807 2549 3875 omnia,
2581 3818 2636 3863 et
2678 3809 3059 3864 universalium
3083 3820 3137 3865 et
3175 3810 3441 3879 partiliutn
3472 3824 3593 3864 omv

1993 3898 2140 3955 nium
2172 3912 2293 3969 qute
2318 3908 2465 3955 sunt.
2489 3899 2667 3957 Prima
2694 3915 2859 3956 causa
2910 3901 3151 3957 omnium
3178 3903 3590 3973 principiorum,

1991 3992 2314 4062 principium
2346 3992 2585 4049 omnium
2626 3993 3127 4064 intelligentiarum,
3172 3995 3592 4067 praeintclligcn-

1994 4088 2066 4142 tia
2099 4089 2341 4147 omnium
2371 4091 2753 4162 potentiorum,
2783 4089 3037 4146 lortitudo
3060 4091 3174 4162 ipsa
3195 4092 3436 4149 motione
3458 4091 3597 4146 rele-

1992 4181 2163 4253 brior,
2197 4185 2315 4255 ipso
2345 4196 2486 4242 statu
2516 4186 2782 4243 stabilior.
2823 4184 3056 4242 Metione
3084 4186 3228 4243 enim
3259 4186 3592 4257 ineloquihili

1990 4285 2166 4337 status
2195 4287 2308 4344 est,
2340 4289 2483 4337 statu
2521 4287 2702 4336 autem
2738 4278 2995 4337 ineﬂ‘abili
3022 4280 3382 4351 superelativa
3427 4284 3594 4336 motio

1990 4376 2092 4425 est.
2133 4368 2550 4429 Coulinuatione
2583 4373 2730 4429 omni
2772 4371 3012 4439 densior,
3044 4373 3299 4429 distantia
3337 4375 3590 4431 universa

1991 4460 2170 4529 altior,
2194 4462 2465 4523 deiiuitior
2483 4465 2734 4523 universo
2751 4480 2999 4535 corpore,
3030 4475 3087 4524 et
3108 4468 3282 4538 major
3301 4467 3448 4524 omni
3476 4482 3590 4523 ma-

1990 4556 2290 4626 gnitudine,
2311 4559 2458 4613 omni
2482 4558 2807 4629 incorporali
2837 4560 3041 4629 purior,
3065 4561 3209 4616 omni
3238 4561 3588 4634 intelligentia

1993 4658 2048 4706 ct
2071 4665 2299 4722 corpore
2328 4652 2735 4722 penetrabilior,
2766 4653 3006 4711 omnium
3038 4655 3461 4725 potentissimus.
3493 4672 3591 4727 po-

1993 4746 2158 4802 tentia
2212 4748 2573 4817 potentiarum
2598 4788 2613 4813 ,
2665 4746 2813 4803 omni
2851 4764 3085 4818 genere,
3132 4750 3279 4806 omni
3313 4752 3586 4820 potentia,

1992 4842 2139 4897 omni
2178 4842 2358 4911 specie
2396 4840 2594 4911 majus,
2631 4850 2798 4897 totum
2830 4857 2960 4898 vero
2998 4859 3116 4912 qua:
3143 4852 3271 4899 sunt
3302 4845 3480 4900 omnia
3514 4844 3594 4913 ip-

1990 4950 2112 4990 sum
2138 4935 2379 4993 existens
2406 4936 2550 4990 omni
2581 4944 2693 4990 toto
2718 4935 2910 5006 majus,
2939 4938 3227 5007 corporali,
3260 4948 3316 4995 et
3345 4941 3593 5009 incorp»-

1992 5028 2113 5094 rali,
2170 5027 2315 5083 omni
2364 5038 2514 5098 parte
2544 5030 2715 5098 magis
2756 5046 2878 5100 pars
2930 5031 3274 5087 inenarrabili
3316 5035 3593 5104 potentia,

1990 5138 2144 5194 puro,
2176 5121 2414 5180 existens
2440 5138 2548 5194 prie
2571 5123 2840 5193 omnibus,
2867 5142 2986 5198 quae
3015 5142 3141 5183 vere
3162 5137 3307 5185 sunt.

2067 5302 2129 5360 L.
2178 5302 2273 5359 llic
2298 5314 2379 5360 est
2411 5304 2572 5374 Deus,
2604 5306 2691 5363 hic
2716 5306 2898 5375 Pater,
2938 5308 3425 5382 pru'iutelligentia,
3457 5328 3595 5383 prat-

1992 5404 2232 5467 existens
2260 5414 2314 5463 et
2350 5406 2771 5478 prmexistentia,
2816 5408 3204 5466 beatitudinem
3232 5426 3384 5469 suam
3409 5426 3461 5470 et
3491 5414 3593 5470 im-

1995 5497 2185 5554 mobili
2224 5497 2465 5555 motione
2506 5500 2855 5571 semetipsum
2889 5502 3234 5570 ettstodiens,
3276 5516 3329 5561 et
3373 5518 3593 5579 propter

1995 5590 2139 5647 istud
2160 5607 2266 5651 non
2295 5591 2540 5664 indigens
2564 5592 2814 5659 oliorum,
2836 5594 3101 5665 perfectus
3124 5610 3286 5667 super
3303 5600 3589 5669 perfectos,

1964 5685 2258 5757 ‘tripotens
2286 5685 2340 5740 in
2374 5686 2649 5753 unalitate,
2678 5686 2899 5757 spiritus
2931 5687 3195 5757 perfectus
3215 5698 3269 5746 et
3297 5705 3456 5761 supra
3482 5691 3596 5762 spi-

1992 5779 2180 5836 ritum.
2206 5778 2321 5836 Non
2350 5778 2491 5836 enim
2515 5779 2705 5850 spirat,
2733 5781 2827 5838 sed
2859 5791 3062 5838 tantum
3084 5781 3305 5854 spiritus
3324 5784 3484 5842 estin
3501 5802 3587 5856 eo,
