  <div class='ocr_page' id='page_1' title='image "/cluster/home/n/w/nwhite01/storage/ocr_20150623/8/hvd.32044015471253/547.png"; bbox 0 0 4024 6306; ppageno 0'>
   <div class='ocr_carea' id='block_1_1' title="bbox 482 181 3744 256">
    <p class='ocr_par' dir='ltr' id='par_1_1' title="bbox 482 181 3744 256">
     <span class='ocr_line' id='line_1_1' title="bbox 482 181 3744 256; baseline -0.002 -2"><span class='ocrx_word' id='word_1_1' title='bbox 482 194 621 256; x_wconf 67' lang='lat' dir='ltr'><strong>i079</strong></span> <span class='ocrx_word' id='word_1_2' title='bbox 1730 186 1921 245; x_wconf 78' lang='lat' dir='ltr'><strong>MARII</strong></span> <span class='ocrx_word' id='word_1_3' title='bbox 1960 181 2305 241; x_wconf 78' lang='lat' dir='ltr'><strong>VICTORINI</strong></span> <span class='ocrx_word' id='word_1_4' title='bbox 2345 187 2509 245; x_wconf 78' lang='lat' dir='ltr'><strong>AFRI</strong></span> <span class='ocrx_word' id='word_1_5' title='bbox 3629 196 3744 252; x_wconf 81' lang='lat' dir='ltr'><strong>l080</strong></span> 
     </span>
    </p>
   </div>
   <div class='ocr_carea' id='block_1_2' title="bbox 480 300 3748 387">
    <p class='ocr_par' dir='ltr' id='par_1_2' title="bbox 480 300 3748 387">
     <span class='ocr_line' id='line_1_2' title="bbox 480 300 3748 387; baseline -0 -17"><span class='ocrx_word' id='word_1_6' title='bbox 480 316 624 387; x_wconf 90' lang='lat' dir='ltr'><strong>quod</strong></span> <span class='ocrx_word' id='word_1_7' title='bbox 647 323 743 381; x_wconf 86' lang='lat' dir='ltr'><strong>est</strong></span> <span class='ocrx_word' id='word_1_8' title='bbox 781 314 834 372; x_wconf 93' lang='lat' dir='ltr'><strong>ei</strong></span> <span class='ocrx_word' id='word_1_9' title='bbox 859 328 1003 384; x_wconf 88' lang='lat' dir='ltr'><strong>esse,</strong></span> <span class='ocrx_word' id='word_1_10' title='bbox 1033 313 1255 385; x_wconf 74' lang='lat' dir='ltr'><strong>spiritus</strong></span> <span class='ocrx_word' id='word_1_11' title='bbox 1280 310 1495 383; x_wconf 81' lang='lat' dir='ltr'><strong>spirans</strong></span> <span class='ocrx_word' id='word_1_12' title='bbox 1527 310 1582 365; x_wconf 91' lang='lat' dir='ltr'><strong>iu</strong></span> <span class='ocrx_word' id='word_1_13' title='bbox 1620 306 1994 376; x_wconf 83' lang='lat' dir='ltr'><strong>semetipsum,</strong></span> <span class='ocrx_word' id='word_1_14' title='bbox 2028 310 2088 357; x_wconf 93' lang='lat' dir='ltr'><strong>ut</strong></span> <span class='ocrx_word' id='word_1_15' title='bbox 2113 301 2169 362; x_wconf 83' lang='lat' dir='ltr'><strong>A</strong></span> <span class='ocrx_word' id='word_1_16' title='bbox 2192 300 2478 360; x_wconf 86' lang='lat' dir='ltr'><strong>descensio</strong></span> <span class='ocrx_word' id='word_1_17' title='bbox 2504 305 2650 362; x_wconf 90' lang='lat' dir='ltr'><strong>enim</strong></span> <span class='ocrx_word' id='word_1_18' title='bbox 2682 307 2811 376; x_wconf 79' lang='lat' dir='ltr'><strong>vita,</strong></span> <span class='ocrx_word' id='word_1_19' title='bbox 2838 309 3085 364; x_wconf 78' lang='lat' dir='ltr'><strong>ascensio</strong></span> <span class='ocrx_word' id='word_1_20' title='bbox 3109 308 3392 380; x_wconf 75' lang='lat' dir='ltr'><strong>sapientia.</strong></span> <span class='ocrx_word' id='word_1_21' title='bbox 3423 308 3645 380; x_wconf 75' lang='lat' dir='ltr'><strong>Spiritus</strong></span> <span class='ocrx_word' id='word_1_22' title='bbox 3667 328 3748 369; x_wconf 82' lang='lat' dir='ltr'><strong>au-</strong></span> 
     </span>
    </p>
   </div>
   <div class='ocr_carea' id='block_1_3' title="bbox 482 397 3752 481">
    <p class='ocr_par' dir='ltr' id='par_1_3' title="bbox 482 397 3752 481">
     <span class='ocr_line' id='line_1_3' title="bbox 482 397 3752 481; baseline 0 -16"><span class='ocrx_word' id='word_1_23' title='bbox 482 408 554 465; x_wconf 89' lang='lat' dir='ltr'><strong>sit</strong></span> <span class='ocrx_word' id='word_1_24' title='bbox 582 408 835 481; x_wconf 75' lang='lat' dir='ltr'><strong>spiritus;</strong></span> <span class='ocrx_word' id='word_1_25' title='bbox 873 407 1126 480; x_wconf 84' lang='lat' dir='ltr'><strong>quoniam</strong></span> <span class='ocrx_word' id='word_1_26' title='bbox 1163 414 1246 462; x_wconf 88' lang='lat' dir='ltr'><strong>est</strong></span> <span class='ocrx_word' id='word_1_27' title='bbox 1283 404 1506 476; x_wconf 81' lang='lat' dir='ltr'><strong>Spiritus</strong></span> <span class='ocrx_word' id='word_1_28' title='bbox 1538 397 1916 471; x_wconf 80' lang='lat' dir='ltr'><strong>inseparabilis</strong></span> <span class='ocrx_word' id='word_1_29' title='bbox 1948 412 1975 448; x_wconf 87' lang='lat' dir='ltr'><strong>a</strong></span> <span class='ocrx_word' id='word_1_30' title='bbox 2003 409 2090 450; x_wconf 86' lang='lat' dir='ltr'><strong>se-</strong></span> <span class='ocrx_word' id='word_1_31' title='bbox 2196 406 2302 453; x_wconf 92' lang='lat' dir='ltr'><strong>tem</strong></span> <span class='ocrx_word' id='word_1_32' title='bbox 2332 408 2385 454; x_wconf 93' lang='lat' dir='ltr'><strong>et</strong></span> <span class='ocrx_word' id='word_1_33' title='bbox 2409 399 2532 455; x_wconf 89' lang='lat' dir='ltr'><strong>ista.</strong></span> <span class='ocrx_word' id='word_1_34' title='bbox 2572 400 2804 473; x_wconf 85' lang='lat' dir='ltr'><strong>Spiritus</strong></span> <span class='ocrx_word' id='word_1_35' title='bbox 2833 403 2995 475; x_wconf 87' lang='lat' dir='ltr'><strong>igitur</strong></span> <span class='ocrx_word' id='word_1_36' title='bbox 3026 413 3253 475; x_wconf 88' lang='lat' dir='ltr'><strong>utraque</strong></span> <span class='ocrx_word' id='word_1_37' title='bbox 3289 423 3302 459; x_wconf 87' lang='lat'><strong>:</strong></span> <span class='ocrx_word' id='word_1_38' title='bbox 3344 406 3395 461; x_wconf 92' lang='lat' dir='ltr'><strong>in</strong></span> <span class='ocrx_word' id='word_1_39' title='bbox 3424 421 3533 461; x_wconf 91' lang='lat' dir='ltr'><strong>uno</strong></span> <span class='ocrx_word' id='word_1_40' title='bbox 3564 406 3679 469; x_wconf 88' lang='lat' dir='ltr'><strong>duo.</strong></span> <span class='ocrx_word' id='word_1_41' title='bbox 3705 420 3752 465; x_wconf 88' lang='lat' dir='ltr'><strong>et</strong></span> 
     </span>
    </p>
   </div>
   <div class='ocr_carea' id='block_1_4' title="bbox 482 486 3753 573">
    <p class='ocr_par' dir='ltr' id='par_1_4' title="bbox 482 486 3753 573">
     <span class='ocr_line' id='line_1_4' title="bbox 482 486 3753 573; baseline 0 -15"><span class='ocrx_word' id='word_1_42' title='bbox 482 501 738 573; x_wconf 90' lang='lat' dir='ltr'><strong>metipso,</strong></span> <span class='ocrx_word' id='word_1_43' title='bbox 772 501 887 571; x_wconf 87' lang='lat' dir='ltr'><strong>ipse</strong></span> <span class='ocrx_word' id='word_1_44' title='bbox 922 499 1026 555; x_wconf 87' lang='lat' dir='ltr'><strong>sibi</strong></span> <span class='ocrx_word' id='word_1_45' title='bbox 1047 507 1101 555; x_wconf 93' lang='lat' dir='ltr'><strong>et</strong></span> <span class='ocrx_word' id='word_1_46' title='bbox 1129 499 1298 560; x_wconf 85' lang='lat' dir='ltr'><strong>locus,</strong></span> <span class='ocrx_word' id='word_1_47' title='bbox 1336 507 1391 552; x_wconf 90' lang='lat' dir='ltr'><strong>et</strong></span> <span class='ocrx_word' id='word_1_48' title='bbox 1417 494 1687 550; x_wconf 85' lang='lat' dir='ltr'><strong>habitator</strong></span> <span class='ocrx_word' id='word_1_49' title='bbox 1717 491 1769 546; x_wconf 89' lang='lat' dir='ltr'><strong>in</strong></span> <span class='ocrx_word' id='word_1_50' title='bbox 1794 486 2090 557; x_wconf 88' lang='lat' dir='ltr'><strong>semetipso</strong></span> <span class='ocrx_word' id='word_1_51' title='bbox 2194 491 2335 547; x_wconf 87' lang='lat' dir='ltr'><strong>sicut</strong></span> <span class='ocrx_word' id='word_1_52' title='bbox 2391 494 2659 552; x_wconf 79' lang='lat' dir='ltr'><strong>existente</strong></span> <span class='ocrx_word' id='word_1_53' title='bbox 2717 496 2823 551; x_wconf 77' lang='lat' dir='ltr'><strong>vita</strong></span> <span class='ocrx_word' id='word_1_54' title='bbox 2879 498 3048 568; x_wconf 84' lang='lat' dir='ltr'><strong>prima</strong></span> <span class='ocrx_word' id='word_1_55' title='bbox 3107 499 3429 565; x_wconf 82' lang='lat' dir='ltr'><strong>existentia,</strong></span> <span class='ocrx_word' id='word_1_56' title='bbox 3490 503 3753 558; x_wconf 77' lang='lat' dir='ltr'><strong>necessitas</strong></span> 
     </span>
    </p>
   </div>
   <div class='ocr_carea' id='block_1_5' title="bbox 485 585 3756 663">
    <p class='ocr_par' dir='ltr' id='par_1_5' title="bbox 485 585 3756 663">
     <span class='ocr_line' id='line_1_5' title="bbox 485 585 3756 663; baseline 0 -14"><span class='ocrx_word' id='word_1_57' title='bbox 485 607 735 659; x_wconf 88' lang='lat' dir='ltr'><strong>manens,</strong></span> <span class='ocrx_word' id='word_1_58' title='bbox 768 592 914 647; x_wconf 89' lang='lat' dir='ltr'><strong>solus</strong></span> <span class='ocrx_word' id='word_1_59' title='bbox 954 590 1008 645; x_wconf 91' lang='lat' dir='ltr'><strong>iu</strong></span> <span class='ocrx_word' id='word_1_60' title='bbox 1039 591 1177 653; x_wconf 85' lang='lat' dir='ltr'><strong>solo,</strong></span> <span class='ocrx_word' id='word_1_61' title='bbox 1212 587 1409 659; x_wconf 91' lang='lat' dir='ltr'><strong>ubique</strong></span> <span class='ocrx_word' id='word_1_62' title='bbox 1434 586 1702 651; x_wconf 76' lang='lat' dir='ltr'><strong>existens,</strong></span> <span class='ocrx_word' id='word_1_63' title='bbox 1742 593 1795 639; x_wconf 92' lang='lat' dir='ltr'><strong>et</strong></span> <span class='ocrx_word' id='word_1_64' title='bbox 1825 594 2089 653; x_wconf 82' lang='lat' dir='ltr'><strong>nusquam</strong></span> <span class='ocrx_word' id='word_1_65' title='bbox 2195 585 2296 643; x_wconf 80' lang='lat' dir='ltr'><strong>fuit</strong></span> <span class='ocrx_word' id='word_1_66' title='bbox 2316 587 2370 643; x_wconf 93' lang='lat' dir='ltr'><strong>iu</strong></span> <span class='ocrx_word' id='word_1_67' title='bbox 2400 590 2713 659; x_wconf 77' lang='lat' dir='ltr'><strong>virginalem</strong></span> <span class='ocrx_word' id='word_1_68' title='bbox 2741 593 3030 663; x_wconf 81' lang='lat' dir='ltr'><strong>potentiam</strong></span> <span class='ocrx_word' id='word_1_69' title='bbox 3058 593 3387 661; x_wconf 75' lang='lat' dir='ltr'><strong>subintrare,</strong></span> <span class='ocrx_word' id='word_1_70' title='bbox 3415 603 3472 650; x_wconf 90' lang='lat' dir='ltr'><strong>et</strong></span> <span class='ocrx_word' id='word_1_71' title='bbox 3498 596 3756 651; x_wconf 85' lang='lat' dir='ltr'><strong>masculari</strong></span> 
     </span>
    </p>
   </div>
   <div class='ocr_carea' id='block_1_6' title="bbox 485 672 3756 759">
    <p class='ocr_par' dir='ltr' id='par_1_6' title="bbox 485 672 3756 759">
     <span class='ocr_line' id='line_1_6' title="bbox 485 672 3756 759; baseline 0.001 -17"><span class='ocrx_word' id='word_1_72' title='bbox 485 684 867 756; x_wconf 76' lang='lat' dir='ltr'><strong>simplicitate,</strong></span> <span class='ocrx_word' id='word_1_73' title='bbox 911 698 1048 738; x_wconf 89' lang='lat' dir='ltr'><strong>unus</strong></span> <span class='ocrx_word' id='word_1_74' title='bbox 1093 681 1184 753; x_wconf 91' lang='lat' dir='ltr'><strong>qui</strong></span> <span class='ocrx_word' id='word_1_75' title='bbox 1221 680 1327 745; x_wconf 86' lang='lat' dir='ltr'><strong>sit,</strong></span> <span class='ocrx_word' id='word_1_76' title='bbox 1374 690 1481 735; x_wconf 88' lang='lat' dir='ltr'><strong>tres</strong></span> <span class='ocrx_word' id='word_1_77' title='bbox 1522 676 1794 750; x_wconf 83' lang='lat' dir='ltr'><strong>potentias</strong></span> <span class='ocrx_word' id='word_1_78' title='bbox 1832 672 2091 730; x_wconf 89' lang='lat' dir='ltr'><strong>couniens</strong></span> <span class='ocrx_word' id='word_1_79' title='bbox 2195 682 2417 754; x_wconf 79' lang='lat' dir='ltr'><strong>virginis</strong></span> <span class='ocrx_word' id='word_1_80' title='bbox 2448 693 2602 753; x_wconf 88' lang='lat' dir='ltr'><strong>partu</strong></span> <span class='ocrx_word' id='word_1_81' title='bbox 2644 685 2815 741; x_wconf 81' lang='lat' dir='ltr'><strong>virum</strong></span> <span class='ocrx_word' id='word_1_82' title='bbox 2855 686 3104 758; x_wconf 86' lang='lat' dir='ltr'><strong>generari</strong></span> <span class='ocrx_word' id='word_1_83' title='bbox 3147 686 3315 741; x_wconf 87' lang='lat' dir='ltr'><strong>ﬁlium</strong></span> <span class='ocrx_word' id='word_1_84' title='bbox 3358 687 3473 743; x_wconf 86' lang='lat' dir='ltr'><strong>Dei.</strong></span> <span class='ocrx_word' id='word_1_85' title='bbox 3515 687 3568 741; x_wconf 87' lang='lat' dir='ltr'><strong>in</strong></span> <span class='ocrx_word' id='word_1_86' title='bbox 3609 690 3756 759; x_wconf 82' lang='lat' dir='ltr'><strong>prima</strong></span> 
     </span>
    </p>
   </div>
   <div class='ocr_carea' id='block_1_7' title="bbox 487 765 2076 852">
    <p class='ocr_par' dir='ltr' id='par_1_7' title="bbox 487 765 2076 844">
     <span class='ocr_line' id='line_1_7' title="bbox 487 765 2076 844; baseline -0.013 -9"><span class='ocrx_word' id='word_1_87' title='bbox 487 777 831 835; x_wconf 89' lang='lat' dir='ltr'><strong>existentiam</strong></span> <span class='ocrx_word' id='word_1_88' title='bbox 859 790 1110 844; x_wconf 91' lang='lat' dir='ltr'><strong>omnem,</strong></span> <span class='ocrx_word' id='word_1_89' title='bbox 1145 772 1309 828; x_wconf 90' lang='lat' dir='ltr'><strong>vitam</strong></span> <span class='ocrx_word' id='word_1_90' title='bbox 1340 787 1556 827; x_wconf 92' lang='lat' dir='ltr'><strong>omnem</strong></span> <span class='ocrx_word' id='word_1_91' title='bbox 1586 779 1640 826; x_wconf 93' lang='lat' dir='ltr'><strong>et</strong></span> <span class='ocrx_word' id='word_1_92' title='bbox 1681 765 2076 824; x_wconf 44' lang='lat' dir='ltr'><strong>beatitudinem.</strong></span> 
     </span>
    </p>
   </div>
   <div class='ocr_carea' id='block_1_8' title="bbox 2169 765 3758 852">
    <p class='ocr_par' dir='ltr' id='par_1_8' title="bbox 2196 774 3758 852">
     <span class='ocr_line' id='line_1_8' title="bbox 2196 774 3758 852; baseline 0.007 -23"><span class='ocrx_word' id='word_1_93' title='bbox 2196 774 2340 830; x_wconf 89' lang='lat' dir='ltr'><strong>enim</strong></span> <span class='ocrx_word' id='word_1_94' title='bbox 2369 775 2630 844; x_wconf 88' lang='lat' dir='ltr'><strong>motione,</strong></span> <span class='ocrx_word' id='word_1_95' title='bbox 2671 778 2898 848; x_wconf 84' lang='lat' dir='ltr'><strong>primum</strong></span> <span class='ocrx_word' id='word_1_96' title='bbox 2927 778 3049 834; x_wconf 85' lang='lat' dir='ltr'><strong>dico</strong></span> <span class='ocrx_word' id='word_1_97' title='bbox 3080 781 3132 835; x_wconf 88' lang='lat' dir='ltr'><strong>in</strong></span> <span class='ocrx_word' id='word_1_98' title='bbox 3168 781 3537 852; x_wconf 64' lang='lat' dir='ltr'><strong>apparentiam</strong></span> <span class='ocrx_word' id='word_1_99' title='bbox 3569 783 3758 839; x_wconf 76' lang='lat' dir='ltr'><strong>venien—</strong></span> 
     </span>
    </p>
   </div>
   <div class='ocr_carea' id='block_1_9' title="bbox 488 859 3758 947">
    <p class='ocr_par' dir='ltr' id='par_1_9' title="bbox 488 859 3758 947">
     <span class='ocr_line' id='line_1_9' title="bbox 488 859 3758 947; baseline 0 -14"><span class='ocrx_word' id='word_1_100' title='bbox 488 870 598 927; x_wconf 79' lang='lat' dir='ltr'><strong>Sed</strong></span> <span class='ocrx_word' id='word_1_101' title='bbox 628 871 727 925; x_wconf 72' lang='lat' dir='ltr'><strong>ista</strong></span> <span class='ocrx_word' id='word_1_102' title='bbox 759 870 937 926; x_wconf 74' lang='lat' dir='ltr'><strong>omnia</strong></span> <span class='ocrx_word' id='word_1_103' title='bbox 958 878 1013 923; x_wconf 76' lang='grc' dir='ltr'><strong>ει</strong></span> <span class='ocrx_word' id='word_1_104' title='bbox 1034 882 1220 935; x_wconf 62' lang='lat' dir='ltr'><strong>unum.</strong></span> <span class='ocrx_word' id='word_1_105' title='bbox 1244 877 1299 922; x_wconf 71' lang='grc' dir='ltr'><strong>ει</strong></span> <span class='ocrx_word' id='word_1_106' title='bbox 1321 865 1547 938; x_wconf 61' lang='lat' dir='ltr'><strong>Simplex</strong></span> <span class='ocrx_word' id='word_1_107' title='bbox 1573 878 1759 928; x_wconf 54' lang='lat' dir='ltr'><strong>unum.</strong></span> <span class='ocrx_word' id='word_1_108' title='bbox 1785 870 1840 917; x_wconf 69' lang='grc' dir='ltr'><strong>ει</strong></span> <span class='ocrx_word' id='word_1_109' title='bbox 1860 859 2095 915; x_wconf 65' lang='grc' dir='ltr'><strong>πλωίηὶθ</strong></span> <span class='ocrx_word' id='word_1_110' title='bbox 2197 879 2329 940; x_wconf 88' lang='lat' dir='ltr'><strong>tem,</strong></span> <span class='ocrx_word' id='word_1_111' title='bbox 2361 871 2529 927; x_wconf 87' lang='lat' dir='ltr'><strong>veluti</strong></span> <span class='ocrx_word' id='word_1_112' title='bbox 2553 872 2753 929; x_wconf 80' lang='lat' dir='ltr'><strong>defecit</strong></span> <span class='ocrx_word' id='word_1_113' title='bbox 2781 890 2811 926; x_wconf 88' lang='lat' dir='ltr'><strong>a</strong></span> <span class='ocrx_word' id='word_1_114' title='bbox 2843 875 3081 944; x_wconf 86' lang='lat' dir='ltr'><strong>potentia</strong></span> <span class='ocrx_word' id='word_1_115' title='bbox 3110 876 3297 945; x_wconf 86' lang='lat' dir='ltr'><strong>patris,</strong></span> <span class='ocrx_word' id='word_1_116' title='bbox 3329 885 3382 931; x_wconf 93' lang='lat' dir='ltr'><strong>et</strong></span> <span class='ocrx_word' id='word_1_117' title='bbox 3409 878 3463 931; x_wconf 89' lang='lat' dir='ltr'><strong>in</strong></span> <span class='ocrx_word' id='word_1_118' title='bbox 3492 877 3758 947; x_wconf 69' lang='lat' dir='ltr'><strong>cupiditate</strong></span> 
     </span>
    </p>
   </div>
   <div class='ocr_carea' id='block_1_10' title="bbox 490 952 2079 1039">
    <p class='ocr_par' dir='ltr' id='par_1_10' title="bbox 490 952 2079 1037">
     <span class='ocr_line' id='line_1_10' title="bbox 490 952 2079 1037; baseline -0.01 -15"><span class='ocrx_word' id='word_1_119' title='bbox 490 967 546 1022; x_wconf 90' lang='lat' dir='ltr'><strong>in</strong></span> <span class='ocrx_word' id='word_1_120' title='bbox 574 964 815 1037; x_wconf 90' lang='lat' dir='ltr'><strong>potentia</strong></span> <span class='ocrx_word' id='word_1_121' title='bbox 855 963 971 1033; x_wconf 87' lang='lat' dir='ltr'><strong>ejus</strong></span> <span class='ocrx_word' id='word_1_122' title='bbox 1029 960 1170 1033; x_wconf 88' lang='lat' dir='ltr'><strong>quod</strong></span> <span class='ocrx_word' id='word_1_123' title='bbox 1208 969 1293 1016; x_wconf 89' lang='lat' dir='ltr'><strong>est</strong></span> <span class='ocrx_word' id='word_1_124' title='bbox 1326 973 1479 1026; x_wconf 90' lang='lat' dir='ltr'><strong>esse,</strong></span> <span class='ocrx_word' id='word_1_125' title='bbox 1513 958 1615 1013; x_wconf 89' lang='lat' dir='ltr'><strong>hoc</strong></span> <span class='ocrx_word' id='word_1_126' title='bbox 1661 964 1745 1012; x_wconf 90' lang='lat' dir='ltr'><strong>est</strong></span> <span class='ocrx_word' id='word_1_127' title='bbox 1790 952 2079 1010; x_wconf 73' lang='lat' dir='ltr'><strong>existentia</strong></span> 
     </span>
    </p>
   </div>
   <div class='ocr_carea' id='block_1_11' title="bbox 2169 952 3758 1039">
    <p class='ocr_par' dir='ltr' id='par_1_11' title="bbox 2198 964 3758 1039">
     <span class='ocr_line' id='line_1_11' title="bbox 2198 964 3758 1039; baseline 0.004 -20"><span class='ocrx_word' id='word_1_128' title='bbox 2198 964 2360 1021; x_wconf 85' lang='lat' dir='ltr'><strong>insita</strong></span> <span class='ocrx_word' id='word_1_129' title='bbox 2388 964 2772 1035; x_wconf 80' lang='lat' dir='ltr'><strong>vivefaciendi,</strong></span> <span class='ocrx_word' id='word_1_130' title='bbox 2806 970 2947 1023; x_wconf 90' lang='lat' dir='ltr'><strong>intus</strong></span> <span class='ocrx_word' id='word_1_131' title='bbox 2986 967 3201 1039; x_wconf 88' lang='lat' dir='ltr'><strong>quidem</strong></span> <span class='ocrx_word' id='word_1_132' title='bbox 3229 971 3468 1025; x_wconf 75' lang='lat' dir='ltr'><strong>existens</strong></span> <span class='ocrx_word' id='word_1_133' title='bbox 3503 972 3627 1031; x_wconf 85' lang='lat' dir='ltr'><strong>vita,</strong></span> <span class='ocrx_word' id='word_1_134' title='bbox 3659 988 3758 1026; x_wconf 87' lang='lat' dir='ltr'><strong>mo-</strong></span> 
     </span>
    </p>
   </div>
   <div class='ocr_carea' id='block_1_12' title="bbox 491 1043 2080 1132">
    <p class='ocr_par' dir='ltr' id='par_1_12' title="bbox 491 1043 2080 1131">
     <span class='ocr_line' id='line_1_12' title="bbox 491 1043 2080 1131; baseline -0.014 -15"><span class='ocrx_word' id='word_1_135' title='bbox 491 1057 753 1131; x_wconf 89' lang='lat' dir='ltr'><strong>potentia,</strong></span> <span class='ocrx_word' id='word_1_136' title='bbox 777 1056 900 1111; x_wconf 67' lang='lat' dir='ltr'><strong>vitae</strong></span> <span class='ocrx_word' id='word_1_137' title='bbox 920 1066 973 1111; x_wconf 91' lang='lat' dir='ltr'><strong>et</strong></span> <span class='ocrx_word' id='word_1_138' title='bbox 1004 1051 1353 1110; x_wconf 81' lang='lat' dir='ltr'><strong>beatitudinis</strong></span> <span class='ocrx_word' id='word_1_139' title='bbox 1373 1050 1515 1123; x_wconf 87' lang='lat' dir='ltr'><strong>quod</strong></span> <span class='ocrx_word' id='word_1_140' title='bbox 1547 1048 1691 1105; x_wconf 89' lang='lat' dir='ltr'><strong>enim</strong></span> <span class='ocrx_word' id='word_1_141' title='bbox 1720 1057 1801 1104; x_wconf 88' lang='lat' dir='ltr'><strong>est</strong></span> <span class='ocrx_word' id='word_1_142' title='bbox 1829 1059 1882 1102; x_wconf 88' lang='lat' dir='ltr'><strong>et</strong></span> <span class='ocrx_word' id='word_1_143' title='bbox 1914 1043 2080 1102; x_wconf 72' lang='lat' dir='ltr'><strong>existit</strong></span> 
     </span>
    </p>
   </div>
   <div class='ocr_carea' id='block_1_13' title="bbox 2168 1043 3757 1132">
    <p class='ocr_par' dir='ltr' id='par_1_13' title="bbox 2200 1043 3757 1132">
     <span class='ocr_line' id='line_1_13' title="bbox 2200 1043 3757 1132; baseline 0.003 -18"><span class='ocrx_word' id='word_1_144' title='bbox 2200 1061 2346 1114; x_wconf 82' lang='lat' dir='ltr'><strong>tione</strong></span> <span class='ocrx_word' id='word_1_145' title='bbox 2382 1068 2559 1115; x_wconf 87' lang='lat' dir='ltr'><strong>autem</strong></span> <span class='ocrx_word' id='word_1_146' title='bbox 2588 1059 2720 1116; x_wconf 83' lang='lat' dir='ltr'><strong>foris</strong></span> <span class='ocrx_word' id='word_1_147' title='bbox 2757 1062 2997 1117; x_wconf 78' lang='lat' dir='ltr'><strong>existens</strong></span> <span class='ocrx_word' id='word_1_148' title='bbox 3030 1063 3084 1117; x_wconf 90' lang='lat' dir='ltr'><strong>in</strong></span> <span class='ocrx_word' id='word_1_149' title='bbox 3115 1058 3463 1132; x_wconf 69' lang='lat' dir='ltr'><strong>semetipsum</strong></span> <span class='ocrx_word' id='word_1_150' title='bbox 3514 1043 3757 1119; x_wconf 77' lang='lat' dir='ltr'><strong>recurrit:</strong></span> 
     </span>
    </p>
   </div>
   <div class='ocr_carea' id='block_1_14' title="bbox 488 1138 2077 1227">
    <p class='ocr_par' dir='ltr' id='par_1_14' title="bbox 488 1138 2072 1224">
     <span class='ocr_line' id='line_1_14' title="bbox 488 1138 2072 1224; baseline -0.011 -15"><span class='ocrx_word' id='word_1_151' title='bbox 488 1150 753 1224; x_wconf 87' lang='lat' dir='ltr'><strong>potentia,</strong></span> <span class='ocrx_word' id='word_1_152' title='bbox 790 1165 911 1219; x_wconf 77' lang='lat' dir='ltr'><strong>qua:</strong></span> <span class='ocrx_word' id='word_1_153' title='bbox 940 1147 1013 1202; x_wconf 87' lang='lat' dir='ltr'><strong>sit</strong></span> <span class='ocrx_word' id='word_1_154' title='bbox 1039 1144 1363 1211; x_wconf 70' lang='lat' dir='ltr'><strong>existentir,</strong></span> <span class='ocrx_word' id='word_1_155' title='bbox 1405 1158 1469 1199; x_wconf 88' lang='lat' dir='ltr'><strong>ac</strong></span> <span class='ocrx_word' id='word_1_156' title='bbox 1506 1141 1746 1213; x_wconf 86' lang='lat' dir='ltr'><strong>potentia</strong></span> <span class='ocrx_word' id='word_1_157' title='bbox 1793 1148 1875 1195; x_wconf 87' lang='lat' dir='ltr'><strong>est</strong></span> <span class='ocrx_word' id='word_1_158' title='bbox 1903 1138 2072 1193; x_wconf 74' lang='lat' dir='ltr'><strong>vittee</strong></span> 
     </span>
    </p>
   </div>
   <div class='ocr_carea' id='block_1_15' title="bbox 2171 1138 3760 1227">
    <p class='ocr_par' dir='ltr' id='par_1_15' title="bbox 2199 1152 3760 1227">
     <span class='ocr_line' id='line_1_15' title="bbox 2199 1152 3760 1227; baseline 0.003 -22"><span class='ocrx_word' id='word_1_159' title='bbox 2199 1166 2387 1206; x_wconf 89' lang='lat' dir='ltr'><strong>rursus</strong></span> <span class='ocrx_word' id='word_1_160' title='bbox 2423 1152 2475 1207; x_wconf 94' lang='lat' dir='ltr'><strong>in</strong></span> <span class='ocrx_word' id='word_1_161' title='bbox 2509 1153 2855 1224; x_wconf 88' lang='lat' dir='ltr'><strong>semetipsum</strong></span> <span class='ocrx_word' id='word_1_162' title='bbox 2908 1169 3168 1211; x_wconf 84' lang='lat' dir='ltr'><strong>conversa</strong></span> <span class='ocrx_word' id='word_1_163' title='bbox 3212 1156 3357 1211; x_wconf 82' lang='lat' dir='ltr'><strong>venit</strong></span> <span class='ocrx_word' id='word_1_164' title='bbox 3396 1158 3448 1211; x_wconf 93' lang='lat' dir='ltr'><strong>in</strong></span> <span class='ocrx_word' id='word_1_165' title='bbox 3497 1170 3643 1211; x_wconf 89' lang='lat' dir='ltr'><strong>suam</strong></span> <span class='ocrx_word' id='word_1_166' title='bbox 3680 1172 3760 1227; x_wconf 87' lang='lat' dir='ltr'><strong>pa-</strong></span> 
     </span>
    </p>
   </div>
   <div class='ocr_carea' id='block_1_16' title="bbox 488 1229 2077 1321">
    <p class='ocr_par' dir='ltr' id='par_1_16' title="bbox 488 1233 2071 1312">
     <span class='ocr_line' id='line_1_16' title="bbox 488 1233 2071 1312; baseline -0.009 -12"><span class='ocrx_word' id='word_1_167' title='bbox 488 1242 839 1302; x_wconf 88' lang='lat' dir='ltr'><strong>beatitudinis</strong></span> <span class='ocrx_word' id='word_1_168' title='bbox 862 1242 975 1312; x_wconf 86' lang='lat' dir='ltr'><strong>ipsa</strong></span> <span class='ocrx_word' id='word_1_169' title='bbox 1005 1257 1100 1312; x_wconf 87' lang='lat' dir='ltr'><strong>per</strong></span> <span class='ocrx_word' id='word_1_170' title='bbox 1127 1238 1491 1310; x_wconf 87' lang='lat' dir='ltr'><strong>semetipsum,</strong></span> <span class='ocrx_word' id='word_1_171' title='bbox 1523 1246 1578 1292; x_wconf 91' lang='lat' dir='ltr'><strong>et</strong></span> <span class='ocrx_word' id='word_1_172' title='bbox 1623 1236 1747 1291; x_wconf 90' lang='lat' dir='ltr'><strong>ideo</strong></span> <span class='ocrx_word' id='word_1_173' title='bbox 1773 1245 1827 1289; x_wconf 90' lang='lat' dir='ltr'><strong>et</strong></span> <span class='ocrx_word' id='word_1_174' title='bbox 1852 1233 1993 1309; x_wconf 71' lang='grc' dir='ltr'><strong>λόγος</strong></span> <span class='ocrx_word' id='word_1_175' title='bbox 2013 1247 2071 1286; x_wconf 88' lang='lat' dir='ltr'><strong>su</strong></span> 
     </span>
    </p>
   </div>
   <div class='ocr_carea' id='block_1_17' title="bbox 2172 1229 3761 1321">
    <p class='ocr_par' dir='ltr' id='par_1_17' title="bbox 2201 1243 3761 1321">
     <span class='ocr_line' id='line_1_17' title="bbox 2201 1243 3761 1321; baseline 0.003 -22"><span class='ocrx_word' id='word_1_176' title='bbox 2201 1253 2235 1299; x_wconf 84' lang='lat' dir='ltr'><strong>tt</strong></span> <span class='ocrx_word' id='word_1_177' title='bbox 2250 1243 2356 1299; x_wconf 78' lang='lat' dir='ltr'><strong>izun</strong></span> <span class='ocrx_word' id='word_1_178' title='bbox 2384 1243 2747 1314; x_wconf 83' lang='lat' dir='ltr'><strong>existentiam,</strong></span> <span class='ocrx_word' id='word_1_179' title='bbox 2779 1246 2975 1303; x_wconf 87' lang='lat' dir='ltr'><strong>virtute</strong></span> <span class='ocrx_word' id='word_1_180' title='bbox 3004 1247 3190 1304; x_wconf 82' lang='lat' dir='ltr'><strong>eﬁ&#39;eeta</strong></span> <span class='ocrx_word' id='word_1_181' title='bbox 3225 1259 3282 1304; x_wconf 89' lang='lat' dir='ltr'><strong>ct</strong></span> <span class='ocrx_word' id='word_1_182' title='bbox 3307 1248 3539 1319; x_wconf 77' lang='lat' dir='ltr'><strong>perfecta</strong></span> <span class='ocrx_word' id='word_1_183' title='bbox 3565 1250 3653 1321; x_wconf 74' lang='lat' dir='ltr'><strong>(at.</strong></span> <span class='ocrx_word' id='word_1_184' title='bbox 3686 1266 3761 1320; x_wconf 87' lang='lat' dir='ltr'><strong>per</strong></span> 
     </span>
    </p>
   </div>
   <div class='ocr_carea' id='block_1_18' title="bbox 490 1326 3764 1416">
    <p class='ocr_par' dir='ltr' id='par_1_18' title="bbox 490 1326 3764 1416">
     <span class='ocr_line' id='line_1_18' title="bbox 490 1326 3764 1416; baseline -0.002 -9"><span class='ocrx_word' id='word_1_185' title='bbox 490 1340 688 1413; x_wconf 68' lang='grc' dir='ltr'><strong>ίρδίυεν</strong></span> <span class='ocrx_word' id='word_1_186' title='bbox 717 1349 770 1395; x_wconf 70' lang='lat' dir='ltr'><strong>el</strong></span> <span class='ocrx_word' id='word_1_187' title='bbox 802 1338 1004 1402; x_wconf 67' lang='lat' dir='ltr'><strong>&quot;ivero.</strong></span> <span class='ocrx_word' id='word_1_188' title='bbox 1045 1348 1099 1392; x_wconf 74' lang='grc' dir='ltr'><strong>ει</strong></span> <span class='ocrx_word' id='word_1_189' title='bbox 1125 1350 1313 1407; x_wconf 70' lang='lat' dir='ltr'><strong>agens,</strong></span> <span class='ocrx_word' id='word_1_190' title='bbox 1353 1332 1556 1389; x_wconf 58' lang='lat' dir='ltr'><strong>habens</strong></span> <span class='ocrx_word' id='word_1_191' title='bbox 1583 1330 1879 1386; x_wconf 67' lang='lat' dir='ltr'><strong>secundum</strong></span> <span class='ocrx_word' id='word_1_192' title='bbox 1926 1326 2096 1399; x_wconf 66' lang='lat' dir='ltr'><strong>ipsam</strong></span> <span class='ocrx_word' id='word_1_193' title='bbox 2200 1337 2339 1395; x_wconf 78' lang='lat' dir='ltr'><strong>facta</strong></span> <span class='ocrx_word' id='word_1_194' title='bbox 2375 1339 2428 1395; x_wconf 89' lang='lat' dir='ltr'><strong>itt</strong></span> <span class='ocrx_word' id='word_1_195' title='bbox 2447 1340 2869 1411; x_wconf 89' lang='lat' dir='ltr'><strong>omnipotentem</strong></span> <span class='ocrx_word' id='word_1_196' title='bbox 2897 1344 3145 1399; x_wconf 80' lang='lat' dir='ltr'><strong>virtutem</strong></span> <span class='ocrx_word' id='word_1_197' title='bbox 3177 1343 3396 1400; x_wconf 78' lang='lat' dir='ltr'><strong>clTeetus</strong></span> <span class='ocrx_word' id='word_1_198' title='bbox 3420 1355 3505 1401; x_wconf 84' lang='lat' dir='ltr'><strong>est</strong></span> <span class='ocrx_word' id='word_1_199' title='bbox 3527 1346 3764 1416; x_wconf 78' lang='lat' dir='ltr'><strong>perfectus</strong></span> 
     </span>
    </p>
   </div>
   <div class='ocr_carea' id='block_1_19' title="bbox 492 1423 3759 1507">
    <p class='ocr_par' dir='ltr' id='par_1_19' title="bbox 492 1423 3759 1507">
     <span class='ocr_line' id='line_1_19' title="bbox 492 1423 3759 1507; baseline -0.002 -17"><span class='ocrx_word' id='word_1_200' title='bbox 492 1433 865 1504; x_wconf 85' lang='lat' dir='ltr'><strong>suimetipsius</strong></span> <span class='ocrx_word' id='word_1_201' title='bbox 933 1430 1312 1487; x_wconf 84' lang='lat' dir='ltr'><strong>inexistentem</strong></span> <span class='ocrx_word' id='word_1_202' title='bbox 1374 1426 1715 1484; x_wconf 83' lang='lat' dir='ltr'><strong>existentiaut</strong></span> <span class='ocrx_word' id='word_1_203' title='bbox 1746 1467 1759 1489; x_wconf 90' lang='lat'><strong>,</strong></span> <span class='ocrx_word' id='word_1_204' title='bbox 1832 1423 2097 1479; x_wconf 86' lang='lat' dir='ltr'><strong>indiscer-</strong></span> <span class='ocrx_word' id='word_1_205' title='bbox 2200 1432 2442 1503; x_wconf 67' lang='lat' dir='ltr'><strong>spiritus,</strong></span> <span class='ocrx_word' id='word_1_206' title='bbox 2476 1445 2607 1490; x_wconf 80' lang='lat' dir='ltr'><strong>nutu</strong></span> <span class='ocrx_word' id='word_1_207' title='bbox 2640 1435 2693 1490; x_wconf 82' lang='lat' dir='ltr'><strong>in</strong></span> <span class='ocrx_word' id='word_1_208' title='bbox 2741 1436 3019 1507; x_wconf 70' lang='lat' dir='ltr'><strong>superiora</strong></span> <span class='ocrx_word' id='word_1_209' title='bbox 3059 1452 3344 1504; x_wconf 62' lang='lat' dir='ltr'><strong>converso,</strong></span> <span class='ocrx_word' id='word_1_210' title='bbox 3377 1437 3485 1495; x_wconf 77' lang='lat' dir='ltr'><strong>hoc</strong></span> <span class='ocrx_word' id='word_1_211' title='bbox 3520 1440 3759 1496; x_wconf 67' lang='lat' dir='ltr'><strong>estiam),</strong></span> 
     </span>
    </p>
   </div>
   <div class='ocr_carea' id='block_1_20' title="bbox 492 1516 3762 1603">
    <p class='ocr_par' dir='ltr' id='par_1_20' title="bbox 492 1516 3762 1603">
     <span class='ocr_line' id='line_1_20' title="bbox 492 1516 3762 1603; baseline 0.002 -19"><span class='ocrx_word' id='word_1_212' title='bbox 492 1528 675 1585; x_wconf 85' lang='lat' dir='ltr'><strong>nibilis</strong></span> <span class='ocrx_word' id='word_1_213' title='bbox 711 1526 931 1599; x_wconf 75' lang='lat' dir='ltr'><strong>spiritus</strong></span> <span class='ocrx_word' id='word_1_214' title='bbox 972 1524 1247 1590; x_wconf 85' lang='lat' dir='ltr'><strong>counitio,</strong></span> <span class='ocrx_word' id='word_1_215' title='bbox 1297 1521 1584 1588; x_wconf 88' lang='lat' dir='ltr'><strong>divinitus,</strong></span> <span class='ocrx_word' id='word_1_216' title='bbox 1634 1516 2094 1584; x_wconf 86' lang='lat' dir='ltr'><strong>substantialitas,</strong></span> <span class='ocrx_word' id='word_1_217' title='bbox 2201 1526 2293 1582; x_wconf 84' lang='lat' dir='ltr'><strong>sic</strong></span> <span class='ocrx_word' id='word_1_218' title='bbox 2313 1528 2605 1584; x_wconf 84' lang='lat' dir='ltr'><strong>secundum</strong></span> <span class='ocrx_word' id='word_1_219' title='bbox 2636 1537 2819 1603; x_wconf 78' lang='lat' dir='ltr'><strong>typum</strong></span> <span class='ocrx_word' id='word_1_220' title='bbox 2846 1531 3086 1599; x_wconf 91' lang='lat' dir='ltr'><strong>oportuit</strong></span> <span class='ocrx_word' id='word_1_221' title='bbox 3129 1531 3375 1587; x_wconf 86' lang='lat' dir='ltr'><strong>ordinem</strong></span> <span class='ocrx_word' id='word_1_222' title='bbox 3405 1546 3563 1600; x_wconf 87' lang='lat' dir='ltr'><strong>esse,</strong></span> <span class='ocrx_word' id='word_1_223' title='bbox 3591 1543 3643 1588; x_wconf 89' lang='lat' dir='ltr'><strong>et</strong></span> <span class='ocrx_word' id='word_1_224' title='bbox 3663 1548 3762 1587; x_wconf 85' lang='lat' dir='ltr'><strong>cum</strong></span> 
     </span>
    </p>
   </div>
   <div class='ocr_carea' id='block_1_21' title="bbox 491 1611 3763 1696">
    <p class='ocr_par' dir='ltr' id='par_1_21' title="bbox 491 1611 3763 1696">
     <span class='ocr_line' id='line_1_21' title="bbox 491 1611 3763 1696; baseline -0.003 -19"><span class='ocrx_word' id='word_1_225' title='bbox 491 1620 787 1686; x_wconf 87' lang='lat' dir='ltr'><strong>beatitudo,</strong></span> <span class='ocrx_word' id='word_1_226' title='bbox 811 1616 1313 1688; x_wconf 83' lang='lat' dir='ltr'><strong>iutelligeutialitas,</strong></span> <span class='ocrx_word' id='word_1_227' title='bbox 1330 1613 1587 1679; x_wconf 87' lang='lat' dir='ltr'><strong>vitalitas,</strong></span> <span class='ocrx_word' id='word_1_228' title='bbox 1602 1611 1897 1683; x_wconf 89' lang='lat' dir='ltr'><strong>optimitas,</strong></span> <span class='ocrx_word' id='word_1_229' title='bbox 1913 1618 1968 1665; x_wconf 72' lang='lat' dir='ltr'><strong>Cl</strong></span> <span class='ocrx_word' id='word_1_230' title='bbox 1984 1612 2098 1665; x_wconf 82' lang='grc' dir='ltr'><strong>υιιὶ-</strong></span> <span class='ocrx_word' id='word_1_231' title='bbox 2200 1630 2286 1676; x_wconf 73' lang='grc' dir='ltr'><strong>εει</strong></span> <span class='ocrx_word' id='word_1_232' title='bbox 2304 1620 2358 1676; x_wconf 75' lang='lat' dir='ltr'><strong>in</strong></span> <span class='ocrx_word' id='word_1_233' title='bbox 2385 1636 2614 1692; x_wconf 70' lang='lat' dir='ltr'><strong>corpore</strong></span> <span class='ocrx_word' id='word_1_234' title='bbox 2634 1624 2876 1693; x_wconf 59' lang='lat' dir='ltr'><strong>spiriius,</strong></span> <span class='ocrx_word' id='word_1_235' title='bbox 2902 1621 3004 1678; x_wconf 78' lang='lat' dir='ltr'><strong>hoc</strong></span> <span class='ocrx_word' id='word_1_236' title='bbox 3034 1632 3137 1691; x_wconf 61' lang='lat' dir='ltr'><strong>est,</strong></span> <span class='ocrx_word' id='word_1_237' title='bbox 3165 1624 3273 1679; x_wconf 66' lang='grc' dir='ltr'><strong>[ὶὲίο</strong></span> <span class='ocrx_word' id='word_1_238' title='bbox 3298 1624 3537 1692; x_wconf 61' lang='lat' dir='ltr'><strong>Christo,</strong></span> <span class='ocrx_word' id='word_1_239' title='bbox 3559 1635 3613 1680; x_wconf 68' lang='grc' dir='ltr'>ει</span> <span class='ocrx_word' id='word_1_240' title='bbox 3636 1627 3763 1696; x_wconf 70' lang='lat' dir='ltr'><strong>quasi</strong></span> 
     </span>
    </p>
   </div>
   <div class='ocr_carea' id='block_1_22' title="bbox 429 1698 2018 1789">
    <p class='ocr_par' dir='ltr' id='par_1_22' title="bbox 429 1706 2018 1778">
     <span class='ocr_line' id='line_1_22' title="bbox 429 1706 2018 1778; baseline -0.011 -2"><span class='ocrx_word' id='word_1_241' title='bbox 429 1772 433 1776; x_wconf 75' lang='lat'><strong>.</strong></span> <span class='ocrx_word' id='word_1_242' title='bbox 491 1714 776 1772; x_wconf 87' lang='lat' dir='ltr'><strong>versaliter</strong></span> <span class='ocrx_word' id='word_1_243' title='bbox 804 1711 1131 1769; x_wconf 89' lang='lat' dir='ltr'><strong>omnimodis</strong></span> <span class='ocrx_word' id='word_1_244' title='bbox 1179 1709 1382 1773; x_wconf 82' lang='lat' dir='ltr'><strong>omnia,</strong></span> <span class='ocrx_word' id='word_1_245' title='bbox 1425 1723 1558 1778; x_wconf 87' lang='lat' dir='ltr'><strong>pure</strong></span> <span class='ocrx_word' id='word_1_246' title='bbox 1584 1706 1882 1778; x_wconf 87' lang='lat' dir='ltr'><strong>ingenitum</strong></span> <span class='ocrx_word' id='word_1_247' title='bbox 1906 1707 2018 1778; x_wconf 70' lang='grc' dir='ltr'><strong>προέ</strong></span> 
     </span>
    </p>
   </div>
   <div class='ocr_carea' id='block_1_23' title="bbox 2173 1698 3762 1789">
    <p class='ocr_par' dir='ltr' id='par_1_23' title="bbox 2173 1715 3762 1789">
     <span class='ocr_line' id='line_1_23' title="bbox 2173 1715 3762 1789; baseline 0.002 -18"><span class='ocrx_word' id='word_1_248' title='bbox 2173 1715 2614 1772; x_wconf 66' lang='grc' dir='ltr'><strong>’όίπιίηυιίυιιθηι</strong></span> <span class='ocrx_word' id='word_1_249' title='bbox 2645 1719 2778 1788; x_wconf 87' lang='lat' dir='ltr'><strong>pati,</strong></span> <span class='ocrx_word' id='word_1_250' title='bbox 2815 1726 2869 1772; x_wconf 90' lang='lat' dir='ltr'><strong>et</strong></span> <span class='ocrx_word' id='word_1_251' title='bbox 2893 1733 2925 1771; x_wconf 86' lang='lat' dir='ltr'><strong>a</strong></span> <span class='ocrx_word' id='word_1_252' title='bbox 2954 1717 3172 1788; x_wconf 77' lang='lat' dir='ltr'><strong>Virgine</strong></span> <span class='ocrx_word' id='word_1_253' title='bbox 3202 1719 3370 1782; x_wconf 86' lang='lat' dir='ltr'><strong>nasci,</strong></span> <span class='ocrx_word' id='word_1_254' title='bbox 3402 1729 3457 1775; x_wconf 90' lang='lat' dir='ltr'><strong>et</strong></span> <span class='ocrx_word' id='word_1_255' title='bbox 3489 1720 3597 1789; x_wconf 86' lang='lat' dir='ltr'><strong>ipsa</strong></span> <span class='ocrx_word' id='word_1_256' title='bbox 3626 1719 3762 1774; x_wconf 87' lang='lat' dir='ltr'><strong>veluti</strong></span> 
     </span>
    </p>
   </div>
   <div class='ocr_carea' id='block_1_24' title="bbox 494 1800 3762 1881">
    <p class='ocr_par' dir='ltr' id='par_1_24' title="bbox 494 1800 3762 1881">
     <span class='ocr_line' id='line_1_24' title="bbox 494 1800 3762 1881; baseline -0.002 -16"><span class='ocrx_word' id='word_1_257' title='bbox 494 1809 730 1865; x_wconf 90' lang='lat' dir='ltr'><strong>unalitas</strong></span> <span class='ocrx_word' id='word_1_258' title='bbox 765 1806 1091 1864; x_wconf 88' lang='lat' dir='ltr'><strong>counitionis</strong></span> <span class='ocrx_word' id='word_1_259' title='bbox 1117 1806 1264 1861; x_wconf 90' lang='lat' dir='ltr'><strong>nulla</strong></span> <span class='ocrx_word' id='word_1_260' title='bbox 1296 1802 1617 1860; x_wconf 85' lang='lat' dir='ltr'><strong>counitiOni.</strong></span> <span class='ocrx_word' id='word_1_261' title='bbox 1648 1801 1755 1857; x_wconf 77' lang='lat' dir='ltr'><strong>ISIO</strong></span> <span class='ocrx_word' id='word_1_262' title='bbox 1797 1800 1960 1872; x_wconf 79' lang='lat' dir='ltr'><strong>igitur</strong></span> <span class='ocrx_word' id='word_1_263' title='bbox 1990 1814 2097 1855; x_wconf 89' lang='lat' dir='ltr'><strong>uno</strong></span> <span class='ocrx_word' id='word_1_264' title='bbox 2201 1809 2560 1866; x_wconf 62' lang='lat' dir='ltr'><strong>diminutione</strong></span> <span class='ocrx_word' id='word_1_265' title='bbox 2596 1825 2692 1865; x_wconf 77' lang='lat' dir='ltr'><strong>sua</strong></span> <span class='ocrx_word' id='word_1_266' title='bbox 2748 1814 2916 1881; x_wconf 68' lang='lat' dir='ltr'><strong>pali-ia</strong></span> <span class='ocrx_word' id='word_1_267' title='bbox 2961 1813 3191 1878; x_wconf 62' lang='lat' dir='ltr'><strong>viriule,</strong></span> <span class='ocrx_word' id='word_1_268' title='bbox 3228 1813 3330 1868; x_wconf 79' lang='lat' dir='ltr'><strong>hoc</strong></span> <span class='ocrx_word' id='word_1_269' title='bbox 3362 1824 3469 1876; x_wconf 52' lang='lat' dir='ltr'><strong>esi.</strong></span> <span class='ocrx_word' id='word_1_270' title='bbox 3510 1812 3762 1869; x_wconf 64' lang='lat' dir='ltr'><strong>eﬁsienzia</strong></span> 
     </span>
    </p>
   </div>
   <div class='ocr_carea' id='block_1_25' title="bbox 493 1893 3763 1977">
    <p class='ocr_par' dir='ltr' id='par_1_25' title="bbox 493 1893 3763 1977">
     <span class='ocr_line' id='line_1_25' title="bbox 493 1893 3763 1977; baseline -0 -16"><span class='ocrx_word' id='word_1_271' title='bbox 493 1904 797 1967; x_wconf 81' lang='lat' dir='ltr'><strong>existente.</strong></span> <span class='ocrx_word' id='word_1_272' title='bbox 834 1918 998 1958; x_wconf 85' lang='lat' dir='ltr'><strong>unum</strong></span> <span class='ocrx_word' id='word_1_273' title='bbox 1045 1898 1273 1971; x_wconf 78' lang='lat' dir='ltr'><strong>proinde</strong></span> <span class='ocrx_word' id='word_1_274' title='bbox 1312 1896 1485 1955; x_wconf 68' lang='grc' dir='ltr'><strong>θκὶῑίίι</strong></span> <span class='ocrx_word' id='word_1_275' title='bbox 1512 1900 1713 1962; x_wconf 54' lang='lat' dir='ltr'><strong>unum;</strong></span> <span class='ocrx_word' id='word_1_276' title='bbox 1754 1893 1807 1949; x_wconf 74' lang='lat' dir='ltr'><strong>in</strong></span> <span class='ocrx_word' id='word_1_277' title='bbox 1848 1893 2097 1948; x_wconf 57' lang='lat' dir='ltr'><strong>subnlnn-</strong></span> <span class='ocrx_word' id='word_1_278' title='bbox 2200 1902 2466 1959; x_wconf 87' lang='lat' dir='ltr'><strong>diviniore</strong></span> <span class='ocrx_word' id='word_1_279' title='bbox 2500 1914 2555 1959; x_wconf 91' lang='lat' dir='ltr'><strong>ct</strong></span> <span class='ocrx_word' id='word_1_280' title='bbox 2585 1904 2754 1975; x_wconf 91' lang='lat' dir='ltr'><strong>prima</strong></span> <span class='ocrx_word' id='word_1_281' title='bbox 2791 1920 3075 1977; x_wconf 84' lang='lat' dir='ltr'><strong>resurgere</strong></span> <span class='ocrx_word' id='word_1_282' title='bbox 3104 1915 3160 1961; x_wconf 90' lang='lat' dir='ltr'><strong>et</strong></span> <span class='ocrx_word' id='word_1_283' title='bbox 3199 1905 3473 1971; x_wconf 88' lang='lat' dir='ltr'><strong>renovari,</strong></span> <span class='ocrx_word' id='word_1_284' title='bbox 3509 1918 3559 1961; x_wconf 89' lang='lat' dir='ltr'><strong>et</strong></span> <span class='ocrx_word' id='word_1_285' title='bbox 3596 1906 3763 1961; x_wconf 72' lang='lat' dir='ltr'><strong>reverti</strong></span> 
     </span>
    </p>
   </div>
   <div class='ocr_carea' id='block_1_26' title="bbox 495 1986 3759 2071">
    <p class='ocr_par' dir='ltr' id='par_1_26' title="bbox 495 1986 3759 2071">
     <span class='ocr_line' id='line_1_26' title="bbox 495 1986 3759 2071; baseline -0.003 -18"><span class='ocrx_word' id='word_1_286' title='bbox 495 1998 573 2053; x_wconf 88' lang='lat' dir='ltr'><strong>tia</strong></span> <span class='ocrx_word' id='word_1_287' title='bbox 602 2012 792 2065; x_wconf 90' lang='lat' dir='ltr'><strong>unum,</strong></span> <span class='ocrx_word' id='word_1_288' title='bbox 827 1996 879 2050; x_wconf 92' lang='lat' dir='ltr'><strong>in</strong></span> <span class='ocrx_word' id='word_1_289' title='bbox 932 2002 1078 2049; x_wconf 92' lang='lat' dir='ltr'><strong>motu</strong></span> <span class='ocrx_word' id='word_1_290' title='bbox 1104 2008 1291 2058; x_wconf 90' lang='lat' dir='ltr'><strong>unum,</strong></span> <span class='ocrx_word' id='word_1_291' title='bbox 1320 2000 1374 2047; x_wconf 94' lang='lat' dir='ltr'><strong>et</strong></span> <span class='ocrx_word' id='word_1_292' title='bbox 1403 1998 1581 2045; x_wconf 89' lang='lat' dir='ltr'><strong>motus</strong></span> <span class='ocrx_word' id='word_1_293' title='bbox 1607 1987 1751 2044; x_wconf 88' lang='lat' dir='ltr'><strong>enim</strong></span> <span class='ocrx_word' id='word_1_294' title='bbox 1780 1986 2094 2054; x_wconf 87' lang='lat' dir='ltr'><strong>existentia,</strong></span> <span class='ocrx_word' id='word_1_295' title='bbox 2199 1995 2253 2051; x_wconf 81' lang='lat' dir='ltr'><strong>io</strong></span> <span class='ocrx_word' id='word_1_296' title='bbox 2286 2009 2518 2069; x_wconf 54' lang='lat' dir='ltr'><strong>panem,</strong></span> <span class='ocrx_word' id='word_1_297' title='bbox 2551 2000 2654 2055; x_wconf 73' lang='lat' dir='ltr'><strong>hoc</strong></span> <span class='ocrx_word' id='word_1_298' title='bbox 2690 2008 2794 2067; x_wconf 58' lang='lat' dir='ltr'><strong>esi,</strong></span> <span class='ocrx_word' id='word_1_299' title='bbox 2823 1998 2876 2055; x_wconf 74' lang='lat' dir='ltr'><strong>in</strong></span> <span class='ocrx_word' id='word_1_300' title='bbox 2925 1998 3264 2055; x_wconf 68' lang='grc' dir='ltr'><strong>ριίειθηιίειιιι</strong></span> <span class='ocrx_word' id='word_1_301' title='bbox 3293 2007 3349 2056; x_wconf 71' lang='grc' dir='ltr'><strong>ει</strong></span> <span class='ocrx_word' id='word_1_302' title='bbox 3374 1998 3663 2070; x_wconf 65' lang='lat' dir='ltr'><strong>poioniiam</strong></span> <span class='ocrx_word' id='word_1_303' title='bbox 3685 2015 3759 2071; x_wconf 64' lang='lat' dir='ltr'><strong>pa.</strong></span> 
     </span>
    </p>
   </div>
   <div class='ocr_carea' id='block_1_27' title="bbox 494 2077 2379 2162">
    <p class='ocr_par' dir='ltr' id='par_1_27' title="bbox 494 2077 2379 2162">
     <span class='ocr_line' id='line_1_27' title="bbox 494 2077 2379 2162; baseline -0.005 -18"><span class='ocrx_word' id='word_1_304' title='bbox 494 2089 751 2162; x_wconf 88' lang='lat' dir='ltr'><strong>quoniam</strong></span> <span class='ocrx_word' id='word_1_305' title='bbox 803 2085 1090 2144; x_wconf 84' lang='lat' dir='ltr'><strong>existentia</strong></span> <span class='ocrx_word' id='word_1_306' title='bbox 1126 2092 1324 2139; x_wconf 90' lang='lat' dir='ltr'><strong>motus.</strong></span> <span class='ocrx_word' id='word_1_307' title='bbox 1358 2081 1503 2137; x_wconf 85' lang='lat' dir='ltr'><strong>istud</strong></span> <span class='ocrx_word' id='word_1_308' title='bbox 1548 2079 1710 2151; x_wconf 77' lang='lat' dir='ltr'><strong>igitur</strong></span> <span class='ocrx_word' id='word_1_309' title='bbox 1743 2094 1908 2134; x_wconf 91' lang='lat' dir='ltr'><strong>unum</strong></span> <span class='ocrx_word' id='word_1_310' title='bbox 1956 2077 2098 2134; x_wconf 85' lang='lat' dir='ltr'><strong>exis-</strong></span> <span class='ocrx_word' id='word_1_311' title='bbox 2201 2091 2379 2149; x_wconf 66' lang='lat' dir='ltr'><strong>&quot;iam,</strong></span> 
     </span>
    </p>
   </div>
   <div class='ocr_carea' id='block_1_28' title="bbox 496 2170 2099 2249">
    <p class='ocr_par' dir='ltr' id='par_1_28' title="bbox 496 2170 2099 2249">
     <span class='ocr_line' id='line_1_28' title="bbox 496 2170 2099 2249; baseline -0.009 -9"><span class='ocrx_word' id='word_1_312' title='bbox 496 2183 793 2241; x_wconf 87' lang='lat' dir='ltr'><strong>teutialiter</strong></span> <span class='ocrx_word' id='word_1_313' title='bbox 830 2197 1027 2249; x_wconf 90' lang='lat' dir='ltr'><strong>unum,</strong></span> <span class='ocrx_word' id='word_1_314' title='bbox 1065 2178 1162 2236; x_wconf 89' lang='lat' dir='ltr'><strong>sed</strong></span> <span class='ocrx_word' id='word_1_315' title='bbox 1202 2193 1307 2234; x_wconf 90' lang='lat' dir='ltr'><strong>non</strong></span> <span class='ocrx_word' id='word_1_316' title='bbox 1339 2185 1397 2231; x_wconf 90' lang='lat' dir='ltr'><strong>ut</strong></span> <span class='ocrx_word' id='word_1_317' title='bbox 1434 2175 1596 2232; x_wconf 89' lang='lat' dir='ltr'><strong>Pater</strong></span> <span class='ocrx_word' id='word_1_318' title='bbox 1626 2170 2099 2229; x_wconf 80' lang='lat' dir='ltr'><strong>inexisteutialiter</strong></span> 
     </span>
    </p>
   </div>
   <div class='ocr_carea' id='block_1_29' title="bbox 497 2265 3764 2347">
    <p class='ocr_par' dir='ltr' id='par_1_29' title="bbox 497 2265 3764 2347">
     <span class='ocr_line' id='line_1_29' title="bbox 497 2265 3764 2347; baseline -0.004 -13"><span class='ocrx_word' id='word_1_319' title='bbox 497 2294 694 2346; x_wconf 91' lang='lat' dir='ltr'><strong>unum,</strong></span> <span class='ocrx_word' id='word_1_320' title='bbox 741 2276 833 2347; x_wconf 90' lang='lat' dir='ltr'><strong>qui</strong></span> <span class='ocrx_word' id='word_1_321' title='bbox 880 2284 963 2331; x_wconf 89' lang='lat' dir='ltr'><strong>est</strong></span> <span class='ocrx_word' id='word_1_322' title='bbox 1001 2272 1295 2330; x_wconf 87' lang='lat' dir='ltr'><strong>secundum</strong></span> <span class='ocrx_word' id='word_1_323' title='bbox 1336 2269 1630 2341; x_wconf 85' lang='lat' dir='ltr'><strong>potentiam</strong></span> <span class='ocrx_word' id='word_1_324' title='bbox 1687 2265 2099 2325; x_wconf 81' lang='lat' dir='ltr'><strong>existentialiter</strong></span> <span class='ocrx_word' id='word_1_325' title='bbox 2271 2275 2382 2332; x_wconf 69' lang='grc' dir='ltr'><strong>ιιι,</strong></span> <span class='ocrx_word' id='word_1_326' title='bbox 2419 2275 2701 2346; x_wconf 78' lang='lat' dir='ltr'><strong>Quomodo</strong></span> <span class='ocrx_word' id='word_1_327' title='bbox 2747 2275 2889 2332; x_wconf 74' lang='lat' dir='ltr'><strong>isiod</strong></span> <span class='ocrx_word' id='word_1_328' title='bbox 2940 2284 3042 2343; x_wconf 71' lang='grc' dir='ltr'><strong>εει,</strong></span> <span class='ocrx_word' id='word_1_329' title='bbox 3074 2276 3253 2333; x_wconf 73' lang='lat' dir='ltr'><strong>adhuc</strong></span> <span class='ocrx_word' id='word_1_330' title='bbox 3298 2276 3477 2334; x_wconf 70' lang='lat' dir='ltr'><strong>audeo</strong></span> <span class='ocrx_word' id='word_1_331' title='bbox 3505 2277 3693 2345; x_wconf 58' lang='lat' dir='ltr'><strong>dicere,</strong></span> <span class='ocrx_word' id='word_1_332' title='bbox 3719 2288 3764 2332; x_wconf 75' lang='lat' dir='ltr'><strong>ui</strong></span> 
     </span>
    </p>
   </div>
   <div class='ocr_carea' id='block_1_30' title="bbox 495 2358 3758 2444">
    <p class='ocr_par' dir='ltr' id='par_1_30' title="bbox 495 2358 3758 2444">
     <span class='ocr_line' id='line_1_30' title="bbox 495 2358 3758 2444; baseline -0.003 -7"><span class='ocrx_word' id='word_1_333' title='bbox 495 2385 683 2426; x_wconf 71' lang='lat' dir='ltr'><strong>nntﬂn-</strong></span> <span class='ocrx_word' id='word_1_334' title='bbox 719 2367 890 2425; x_wconf 59' lang='lat' dir='ltr'><strong>Habet</strong></span> <span class='ocrx_word' id='word_1_335' title='bbox 918 2364 1061 2423; x_wconf 68' lang='lat' dir='ltr'><strong>enim</strong></span> <span class='ocrx_word' id='word_1_336' title='bbox 1105 2364 1423 2437; x_wconf 69' lang='grc' dir='ltr'><strong>Ροιεηιίειιηο</strong></span> <span class='ocrx_word' id='word_1_337' title='bbox 1466 2372 1521 2419; x_wconf 62' lang='lat' dir='ltr'><strong>ei</strong></span> <span class='ocrx_word' id='word_1_338' title='bbox 1567 2360 1737 2428; x_wconf 61' lang='lat' dir='ltr'><strong>muttis</strong></span> <span class='ocrx_word' id='word_1_339' title='bbox 1763 2360 1925 2415; x_wconf 58' lang='lat' dir='ltr'><strong>habet</strong></span> <span class='ocrx_word' id='word_1_340' title='bbox 1953 2358 2098 2430; x_wconf 71' lang='grc' dir='ltr'><strong>(μιοά</strong></span> <span class='ocrx_word' id='word_1_341' title='bbox 2200 2380 2385 2427; x_wconf 89' lang='lat' dir='ltr'><strong>nostra</strong></span> <span class='ocrx_word' id='word_1_342' title='bbox 2414 2372 2701 2428; x_wconf 90' lang='lat' dir='ltr'><strong>incidentia</strong></span> <span class='ocrx_word' id='word_1_343' title='bbox 2748 2372 2979 2444; x_wconf 87' lang='lat' dir='ltr'><strong>plurima</strong></span> <span class='ocrx_word' id='word_1_344' title='bbox 3026 2372 3364 2443; x_wconf 77' lang='lat' dir='ltr'><strong>expositione</strong></span> <span class='ocrx_word' id='word_1_345' title='bbox 3390 2373 3665 2428; x_wconf 81' lang='lat' dir='ltr'><strong>manifesta</strong></span> <span class='ocrx_word' id='word_1_346' title='bbox 3688 2374 3758 2427; x_wconf 91' lang='lat' dir='ltr'><strong>sit.</strong></span> 
     </span>
    </p>
   </div>
   <div class='ocr_carea' id='block_1_31' title="bbox 493 2457 3759 2537">
    <p class='ocr_par' dir='ltr' id='par_1_31' title="bbox 493 2457 3759 2537">
     <span class='ocr_line' id='line_1_31' title="bbox 493 2457 3759 2537; baseline -0.003 -16"><span class='ocrx_word' id='word_1_347' title='bbox 493 2465 547 2522; x_wconf 91' lang='lat' dir='ltr'><strong>ei</strong></span> <span class='ocrx_word' id='word_1_348' title='bbox 571 2464 809 2520; x_wconf 83' lang='lat' dir='ltr'><strong>futurum</strong></span> <span class='ocrx_word' id='word_1_349' title='bbox 836 2473 921 2519; x_wconf 88' lang='lat' dir='ltr'><strong>est</strong></span> <span class='ocrx_word' id='word_1_350' title='bbox 945 2459 1241 2518; x_wconf 90' lang='lat' dir='ltr'><strong>secundum</strong></span> <span class='ocrx_word' id='word_1_351' title='bbox 1269 2457 1637 2529; x_wconf 85' lang='lat' dir='ltr'><strong>operationem</strong></span> <span class='ocrx_word' id='word_1_352' title='bbox 1661 2471 1804 2523; x_wconf 90' lang='lat' dir='ltr'><strong>esse,</strong></span> <span class='ocrx_word' id='word_1_353' title='bbox 1832 2463 1887 2510; x_wconf 91' lang='lat' dir='ltr'><strong>et</strong></span> <span class='ocrx_word' id='word_1_354' title='bbox 1907 2470 2100 2511; x_wconf 87' lang='lat' dir='ltr'><strong>secun-</strong></span> <span class='ocrx_word' id='word_1_355' title='bbox 2137 2509 2147 2519; x_wconf 78' lang='grc'><em>,</em></span> <span class='ocrx_word' id='word_1_356' title='bbox 2199 2464 2471 2521; x_wconf 72' lang='lat' dir='ltr'><strong>ponamus</strong></span> <span class='ocrx_word' id='word_1_357' title='bbox 2520 2465 2929 2537; x_wconf 63' lang='lat' dir='ltr'><strong>intelligentiam</strong></span> <span class='ocrx_word' id='word_1_358' title='bbox 2979 2484 2991 2518; x_wconf 75' lang='grc' dir='ltr'>ε</span> <span class='ocrx_word' id='word_1_359' title='bbox 3021 2466 3316 2522; x_wconf 70' lang='lat' dir='ltr'><strong>secundum</strong></span> <span class='ocrx_word' id='word_1_360' title='bbox 3357 2469 3523 2524; x_wconf 73' lang='lat' dir='ltr'><strong>isium</strong></span> <span class='ocrx_word' id='word_1_361' title='bbox 3576 2468 3759 2522; x_wconf 74' lang='lat' dir='ltr'><strong>modum</strong></span> 
     </span>
    </p>
   </div>
   <div class='ocr_carea' id='block_1_32' title="bbox 502 2546 2091 2631">
    <p class='ocr_par' dir='ltr' id='par_1_32' title="bbox 502 2546 2091 2621">
     <span class='ocr_line' id='line_1_32' title="bbox 502 2546 2091 2621; baseline -0.009 -6"><span class='ocrx_word' id='word_1_362' title='bbox 502 2559 630 2615; x_wconf 89' lang='lat' dir='ltr'><strong>dum</strong></span> <span class='ocrx_word' id='word_1_363' title='bbox 660 2557 941 2614; x_wconf 90' lang='lat' dir='ltr'><strong>veritatem</strong></span> <span class='ocrx_word' id='word_1_364' title='bbox 966 2571 1073 2610; x_wconf 87' lang='lat' dir='ltr'><strong>nou</strong></span> <span class='ocrx_word' id='word_1_365' title='bbox 1099 2553 1279 2620; x_wconf 86' lang='lat' dir='ltr'><strong>habet,</strong></span> <span class='ocrx_word' id='word_1_366' title='bbox 1305 2551 1399 2608; x_wconf 90' lang='lat' dir='ltr'><strong>sed</strong></span> <span class='ocrx_word' id='word_1_367' title='bbox 1422 2559 1506 2607; x_wconf 92' lang='lat' dir='ltr'><strong>est</strong></span> <span class='ocrx_word' id='word_1_368' title='bbox 1526 2568 1540 2609; x_wconf 87' lang='lat'><strong>:</strong></span> <span class='ocrx_word' id='word_1_369' title='bbox 1563 2549 1814 2621; x_wconf 88' lang='lat' dir='ltr'><strong>quoniam</strong></span> <span class='ocrx_word' id='word_1_370' title='bbox 1835 2546 2091 2620; x_wconf 83' lang='lat' dir='ltr'><strong>potentia,</strong></span> 
     </span>
    </p>
   </div>
   <div class='ocr_carea' id='block_1_33' title="bbox 2172 2546 3761 2631">
    <p class='ocr_par' dir='ltr' id='par_1_33' title="bbox 2201 2558 3761 2631">
     <span class='ocr_line' id='line_1_33' title="bbox 2201 2558 3761 2631; baseline 0.001 -17"><span class='ocrx_word' id='word_1_371' title='bbox 2201 2558 2342 2616; x_wconf 89' lang='lat' dir='ltr'><strong>Deus</strong></span> <span class='ocrx_word' id='word_1_372' title='bbox 2388 2562 2622 2631; x_wconf 89' lang='lat' dir='ltr'><strong>potentia</strong></span> <span class='ocrx_word' id='word_1_373' title='bbox 2677 2569 2759 2614; x_wconf 88' lang='lat' dir='ltr'><strong>est</strong></span> <span class='ocrx_word' id='word_1_374' title='bbox 2804 2560 3024 2615; x_wconf 86' lang='lat' dir='ltr'><strong>istarqu</strong></span> <span class='ocrx_word' id='word_1_375' title='bbox 3068 2562 3224 2615; x_wconf 89' lang='lat' dir='ltr'><strong>trium</strong></span> <span class='ocrx_word' id='word_1_376' title='bbox 3274 2562 3628 2631; x_wconf 73' lang='lat' dir='ltr'><strong>potentiorum</strong></span> <span class='ocrx_word' id='word_1_377' title='bbox 3673 2564 3761 2618; x_wconf 83' lang='lat' dir='ltr'><strong>exi-</strong></span> 
     </span>
    </p>
   </div>
   <div class='ocr_carea' id='block_1_34' title="bbox 494 2642 3759 2724">
    <p class='ocr_par' dir='ltr' id='par_1_34' title="bbox 494 2642 3759 2724">
     <span class='ocr_line' id='line_1_34' title="bbox 494 2642 3759 2724; baseline -0.003 -16"><span class='ocrx_word' id='word_1_378' title='bbox 494 2650 705 2708; x_wconf 89' lang='lat' dir='ltr'><strong>coactio</strong></span> <span class='ocrx_word' id='word_1_379' title='bbox 730 2659 949 2706; x_wconf 88' lang='lat' dir='ltr'><strong>actuosa</strong></span> <span class='ocrx_word' id='word_1_380' title='bbox 988 2648 1060 2703; x_wconf 91' lang='lat' dir='ltr'><strong>sit</strong></span> <span class='ocrx_word' id='word_1_381' title='bbox 1089 2644 1287 2712; x_wconf 85' lang='lat' dir='ltr'><strong>omnia,</strong></span> <span class='ocrx_word' id='word_1_382' title='bbox 1324 2654 1404 2701; x_wconf 91' lang='lat' dir='ltr'><strong>est</strong></span> <span class='ocrx_word' id='word_1_383' title='bbox 1432 2643 1551 2699; x_wconf 85' lang='lat' dir='ltr'><strong>sine</strong></span> <span class='ocrx_word' id='word_1_384' title='bbox 1590 2642 1858 2708; x_wconf 84' lang='lat' dir='ltr'><strong>molestia,</strong></span> <span class='ocrx_word' id='word_1_385' title='bbox 1886 2649 1941 2697; x_wconf 90' lang='lat' dir='ltr'><strong>et</strong></span> <span class='ocrx_word' id='word_1_386' title='bbox 1972 2655 2099 2697; x_wconf 87' lang='lat' dir='ltr'><strong>vere</strong></span> <span class='ocrx_word' id='word_1_387' title='bbox 2197 2652 2572 2718; x_wconf 65' lang='grc' dir='ltr'><strong>ειειιιίω,νίιω</strong></span> <span class='ocrx_word' id='word_1_388' title='bbox 2594 2651 2960 2717; x_wconf 53' lang='lat' dir='ltr'><strong>beatitudinis,</strong></span> <span class='ocrx_word' id='word_1_389' title='bbox 2981 2652 3085 2707; x_wconf 77' lang='lat' dir='ltr'><strong>hoc</strong></span> <span class='ocrx_word' id='word_1_390' title='bbox 3105 2653 3343 2723; x_wconf 71' lang='lat' dir='ltr'><strong>osi,cjos</strong></span> <span class='ocrx_word' id='word_1_391' title='bbox 3371 2654 3516 2724; x_wconf 71' lang='lat' dir='ltr'><strong>quod</strong></span> <span class='ocrx_word' id='word_1_392' title='bbox 3540 2664 3620 2711; x_wconf 67' lang='lat' dir='ltr'><strong>egi</strong></span> <span class='ocrx_word' id='word_1_393' title='bbox 3641 2669 3759 2719; x_wconf 66' lang='lat' dir='ltr'><strong>esse,</strong></span> 
     </span>
    </p>
   </div>
   <div class='ocr_carea' id='block_1_35' title="bbox 495 2735 3761 2817">
    <p class='ocr_par' dir='ltr' id='par_1_35' title="bbox 495 2735 3761 2817">
     <span class='ocr_line' id='line_1_35' title="bbox 495 2735 3761 2817; baseline -0.003 -16"><span class='ocrx_word' id='word_1_394' title='bbox 495 2744 823 2801; x_wconf 74' lang='lat' dir='ltr'><strong>omnimodis</strong></span> <span class='ocrx_word' id='word_1_395' title='bbox 867 2759 972 2798; x_wconf 89' lang='lat' dir='ltr'><strong>non</strong></span> <span class='ocrx_word' id='word_1_396' title='bbox 1015 2756 1204 2813; x_wconf 86' lang='lat' dir='ltr'><strong>egens,</strong></span> <span class='ocrx_word' id='word_1_397' title='bbox 1253 2755 1375 2811; x_wconf 76' lang='lat' dir='ltr'><strong>qua:</strong></span> <span class='ocrx_word' id='word_1_398' title='bbox 1402 2737 1473 2795; x_wconf 84' lang='lat' dir='ltr'><strong>sit</strong></span> <span class='ocrx_word' id='word_1_399' title='bbox 1509 2738 1576 2793; x_wconf 91' lang='lat' dir='ltr'><strong>ab</strong></span> <span class='ocrx_word' id='word_1_400' title='bbox 1604 2737 1708 2793; x_wconf 85' lang='lat' dir='ltr'><strong>hoc</strong></span> <span class='ocrx_word' id='word_1_401' title='bbox 1740 2747 1798 2791; x_wconf 89' lang='lat' dir='ltr'><strong>ut</strong></span> <span class='ocrx_word' id='word_1_402' title='bbox 1821 2735 1893 2792; x_wconf 78' lang='grc' dir='ltr'><strong>εἱι</strong></span> <span class='ocrx_word' id='word_1_403' title='bbox 1917 2735 2097 2791; x_wconf 87' lang='lat' dir='ltr'><strong>omnia</strong></span> <span class='ocrx_word' id='word_1_404' title='bbox 2199 2744 2341 2815; x_wconf 79' lang='lat' dir='ltr'><strong>quod</strong></span> <span class='ocrx_word' id='word_1_405' title='bbox 2368 2745 2574 2809; x_wconf 61' lang='lat' dir='ltr'><strong>vivere,</strong></span> <span class='ocrx_word' id='word_1_406' title='bbox 2602 2745 2743 2815; x_wconf 82' lang='lat' dir='ltr'><strong>quod</strong></span> <span class='ocrx_word' id='word_1_407' title='bbox 2788 2745 3112 2817; x_wconf 67' lang='lat' dir='ltr'><strong>inielligere,</strong></span> <span class='ocrx_word' id='word_1_408' title='bbox 3142 2746 3293 2814; x_wconf 80' lang='lat' dir='ltr'><strong>Quod</strong></span> <span class='ocrx_word' id='word_1_409' title='bbox 3344 2758 3525 2803; x_wconf 57' lang='lat' dir='ltr'><strong>autem</strong></span> <span class='ocrx_word' id='word_1_410' title='bbox 3557 2749 3605 2803; x_wconf 76' lang='lat' dir='ltr'><strong>in</strong></span> <span class='ocrx_word' id='word_1_411' title='bbox 3651 2764 3761 2803; x_wconf 77' lang='lat' dir='ltr'><strong>uno.</strong></span> 
     </span>
    </p>
   </div>
   <div class='ocr_carea' id='block_1_36' title="bbox 494 2831 3761 2912">
    <p class='ocr_par' dir='ltr' id='par_1_36' title="bbox 494 2831 3761 2912">
     <span class='ocr_line' id='line_1_36' title="bbox 494 2831 3761 2912; baseline -0.002 -17"><span class='ocrx_word' id='word_1_412' title='bbox 494 2837 740 2910; x_wconf 89' lang='lat' dir='ltr'><strong>potentia</strong></span> <span class='ocrx_word' id='word_1_413' title='bbox 768 2851 784 2893; x_wconf 88' lang='lat'><strong>:</strong></span> <span class='ocrx_word' id='word_1_414' title='bbox 814 2837 1014 2894; x_wconf 90' lang='lat' dir='ltr'><strong>etenim</strong></span> <span class='ocrx_word' id='word_1_415' title='bbox 1045 2850 1154 2907; x_wconf 86' lang='lat' dir='ltr'><strong>qua</strong></span> <span class='ocrx_word' id='word_1_416' title='bbox 1205 2843 1396 2907; x_wconf 88' lang='lat' dir='ltr'><strong>potens</strong></span> <span class='ocrx_word' id='word_1_417' title='bbox 1423 2842 1548 2889; x_wconf 88' lang='lat' dir='ltr'><strong>natu</strong></span> <span class='ocrx_word' id='word_1_418' title='bbox 1577 2831 1717 2887; x_wconf 90' lang='lat' dir='ltr'><strong>actio</strong></span> <span class='ocrx_word' id='word_1_419' title='bbox 1748 2840 1889 2903; x_wconf 89' lang='lat' dir='ltr'><strong>eget,</strong></span> <span class='ocrx_word' id='word_1_420' title='bbox 1932 2845 2098 2903; x_wconf 89' lang='lat' dir='ltr'><strong>agens</strong></span> <span class='ocrx_word' id='word_1_421' title='bbox 2198 2852 2414 2909; x_wconf 78' lang='lat' dir='ltr'><strong>quoque</strong></span> <span class='ocrx_word' id='word_1_422' title='bbox 2470 2838 2693 2894; x_wconf 78' lang='lat' dir='ltr'><strong>istorum</strong></span> <span class='ocrx_word' id='word_1_423' title='bbox 2729 2839 2828 2893; x_wconf 74' lang='lat' dir='ltr'><strong>tria</strong></span> <span class='ocrx_word' id='word_1_424' title='bbox 2858 2881 2873 2903; x_wconf 85' lang='grc'>,</span> <span class='ocrx_word' id='word_1_425' title='bbox 2903 2838 3242 2894; x_wconf 78' lang='lat' dir='ltr'><strong>manifestum</strong></span> <span class='ocrx_word' id='word_1_426' title='bbox 3283 2848 3339 2895; x_wconf 78' lang='lat' dir='ltr'><strong>et</strong></span> <span class='ocrx_word' id='word_1_427' title='bbox 3393 2841 3536 2912; x_wconf 80' lang='lat' dir='ltr'><strong>quod</strong></span> <span class='ocrx_word' id='word_1_428' title='bbox 3567 2850 3761 2897; x_wconf 67' lang='lat' dir='ltr'><strong>estesse</strong></span> 
     </span>
    </p>
   </div>
   <div class='ocr_carea' id='block_1_37' title="bbox 495 2930 3758 3004">
    <p class='ocr_par' dir='ltr' id='par_1_37' title="bbox 495 2930 3758 3004">
     <span class='ocr_line' id='line_1_37' title="bbox 495 2930 3758 3004; baseline 0 -17"><span class='ocrx_word' id='word_1_429' title='bbox 495 2931 610 3004; x_wconf 90' lang='lat' dir='ltr'><strong>ipsa</strong></span> <span class='ocrx_word' id='word_1_430' title='bbox 638 2931 889 2988; x_wconf 86' lang='lat' dir='ltr'><strong>unalitas.</strong></span> <span class='ocrx_word' id='word_1_431' title='bbox 2201 2930 2469 3002; x_wconf 86' lang='lat' dir='ltr'><strong>primum,</strong></span> <span class='ocrx_word' id='word_1_432' title='bbox 2523 2940 2577 2987; x_wconf 91' lang='lat' dir='ltr'><strong>et</strong></span> <span class='ocrx_word' id='word_1_433' title='bbox 2633 2930 2926 2986; x_wconf 88' lang='lat' dir='ltr'><strong>secundum</strong></span> <span class='ocrx_word' id='word_1_434' title='bbox 2994 2931 3137 3003; x_wconf 89' lang='lat' dir='ltr'><strong>quod</strong></span> <span class='ocrx_word' id='word_1_435' title='bbox 3184 2941 3432 2989; x_wconf 86' lang='lat' dir='ltr'><strong>estesse</strong></span> <span class='ocrx_word' id='word_1_436' title='bbox 3498 2932 3758 2990; x_wconf 80' lang='lat' dir='ltr'><strong>secundum</strong></span> 
     </span>
    </p>
   </div>
   <div class='ocr_carea' id='block_1_38' title="bbox 567 3021 3759 3099">
    <p class='ocr_par' dir='ltr' id='par_1_38' title="bbox 567 3021 3759 3099">
     <span class='ocr_line' id='line_1_38' title="bbox 567 3021 3759 3099; baseline -0.001 -16"><span class='ocrx_word' id='word_1_437' title='bbox 567 3026 657 3083; x_wconf 79' lang='grc' dir='ltr'><strong>ιι.</strong></span> <span class='ocrx_word' id='word_1_438' title='bbox 703 3026 868 3099; x_wconf 84' lang='lat' dir='ltr'><strong>Igitur</strong></span> <span class='ocrx_word' id='word_1_439' title='bbox 912 3026 1012 3081; x_wconf 88' lang='lat' dir='ltr'><strong>ista</strong></span> <span class='ocrx_word' id='word_1_440' title='bbox 1037 3026 1333 3081; x_wconf 88' lang='lat' dir='ltr'><strong>secundum</strong></span> <span class='ocrx_word' id='word_1_441' title='bbox 1369 3023 1512 3080; x_wconf 88' lang='lat' dir='ltr'><strong>istud</strong></span> <span class='ocrx_word' id='word_1_442' title='bbox 1541 3022 1682 3096; x_wconf 92' lang='lat' dir='ltr'><strong>quod</strong></span> <span class='ocrx_word' id='word_1_443' title='bbox 1717 3037 1838 3078; x_wconf 89' lang='lat' dir='ltr'><strong>esse</strong></span> <span class='ocrx_word' id='word_1_444' title='bbox 1868 3021 2098 3077; x_wconf 90' lang='lat' dir='ltr'><strong>dicimus</strong></span> <span class='ocrx_word' id='word_1_445' title='bbox 2132 3090 2168 3099; x_wconf 86' lang='lat'>_</span> <span class='ocrx_word' id='word_1_446' title='bbox 2202 3024 2377 3095; x_wconf 86' lang='lat' dir='ltr'><strong>ipsum</strong></span> <span class='ocrx_word' id='word_1_447' title='bbox 2408 3026 2589 3082; x_wconf 88' lang='lat' dir='ltr'><strong>vivere</strong></span> <span class='ocrx_word' id='word_1_448' title='bbox 2635 3034 2691 3081; x_wconf 91' lang='lat' dir='ltr'><strong>et</strong></span> <span class='ocrx_word' id='word_1_449' title='bbox 2742 3025 3060 3097; x_wconf 83' lang='lat' dir='ltr'><strong>intelligere,</strong></span> <span class='ocrx_word' id='word_1_450' title='bbox 3100 3025 3217 3081; x_wconf 88' lang='lat' dir='ltr'><strong>sine</strong></span> <span class='ocrx_word' id='word_1_451' title='bbox 3268 3026 3378 3081; x_wconf 89' lang='lat' dir='ltr'><strong>ulla</strong></span> <span class='ocrx_word' id='word_1_452' title='bbox 3408 3028 3659 3092; x_wconf 88' lang='lat' dir='ltr'><strong>unitione,</strong></span> <span class='ocrx_word' id='word_1_453' title='bbox 3684 3026 3759 3080; x_wconf 83' lang='lat' dir='ltr'><strong>sed</strong></span> 
     </span>
    </p>
   </div>
   <div class='ocr_carea' id='block_1_39' title="bbox 493 3090 3761 3190">
    <p class='ocr_par' dir='ltr' id='par_1_39' title="bbox 493 3090 3761 3190">
     <span class='ocr_line' id='line_1_39' title="bbox 493 3090 3761 3190; baseline -0 -13"><span class='ocrx_word' id='word_1_454' title='bbox 493 3136 686 3186; x_wconf 91' lang='lat' dir='ltr'><strong>unum,</strong></span> <span class='ocrx_word' id='word_1_455' title='bbox 707 3136 873 3175; x_wconf 89' lang='lat' dir='ltr'><strong>unum</strong></span> <span class='ocrx_word' id='word_1_456' title='bbox 901 3119 1007 3174; x_wconf 78' lang='lat' dir='ltr'><strong>vita</strong></span> <span class='ocrx_word' id='word_1_457' title='bbox 1032 3128 1136 3184; x_wconf 91' lang='lat' dir='ltr'><strong>est,</strong></span> <span class='ocrx_word' id='word_1_458' title='bbox 1164 3135 1283 3189; x_wconf 69' lang='lat' dir='ltr'><strong>qua:</strong></span> <span class='ocrx_word' id='word_1_459' title='bbox 1308 3119 1377 3173; x_wconf 89' lang='lat' dir='ltr'><strong>sit</strong></span> <span class='ocrx_word' id='word_1_460' title='bbox 1406 3117 1573 3173; x_wconf 91' lang='lat' dir='ltr'><strong>motio</strong></span> <span class='ocrx_word' id='word_1_461' title='bbox 1603 3117 1830 3185; x_wconf 90' lang='lat' dir='ltr'><strong>inﬁnita,</strong></span> <span class='ocrx_word' id='word_1_462' title='bbox 1859 3116 2096 3173; x_wconf 79' lang='lat' dir='ltr'><strong>eﬁ&#39;ecuix</strong></span> <span class='ocrx_word' id='word_1_463' title='bbox 2123 3090 2170 3155; x_wconf 63' lang='grc' dir='ltr'><strong>θ</strong></span> <span class='ocrx_word' id='word_1_464' title='bbox 2203 3118 2521 3189; x_wconf 88' lang='lat' dir='ltr'><strong>simpliciter</strong></span> <span class='ocrx_word' id='word_1_465' title='bbox 2560 3119 2876 3190; x_wconf 87' lang='lat' dir='ltr'><strong>simplicitas</strong></span> <span class='ocrx_word' id='word_1_466' title='bbox 2902 3129 2958 3175; x_wconf 90' lang='lat' dir='ltr'><strong>et</strong></span> <span class='ocrx_word' id='word_1_467' title='bbox 2982 3119 3122 3174; x_wconf 90' lang='lat' dir='ltr'><strong>istud</strong></span> <span class='ocrx_word' id='word_1_468' title='bbox 3154 3120 3498 3177; x_wconf 78' lang='lat' dir='ltr'><strong>manifestum</strong></span> <span class='ocrx_word' id='word_1_469' title='bbox 3523 3090 3667 3178; x_wconf 86' lang='lat' dir='ltr'><strong>sicuti</strong></span> <span class='ocrx_word' id='word_1_470' title='bbox 3685 3121 3761 3177; x_wconf 82' lang='lat' dir='ltr'><strong>de-</strong></span> 
     </span>
    </p>
   </div>
   <div class='ocr_carea' id='block_1_40' title="bbox 495 3211 3760 3283">
    <p class='ocr_par' dir='ltr' id='par_1_40' title="bbox 495 3211 3760 3283">
     <span class='ocr_line' id='line_1_40' title="bbox 495 3211 3760 3283; baseline 0.001 -16"><span class='ocrx_word' id='word_1_471' title='bbox 495 3212 759 3279; x_wconf 90' lang='lat' dir='ltr'><strong>aliorum,</strong></span> <span class='ocrx_word' id='word_1_472' title='bbox 791 3212 875 3266; x_wconf 85' lang='lat' dir='ltr'><strong>vel</strong></span> <span class='ocrx_word' id='word_1_473' title='bbox 916 3226 1103 3268; x_wconf 87' lang='lat' dir='ltr'><strong>eorum</strong></span> <span class='ocrx_word' id='word_1_474' title='bbox 1142 3228 1263 3281; x_wconf 66' lang='lat' dir='ltr'><strong>quae</strong></span> <span class='ocrx_word' id='word_1_475' title='bbox 1296 3225 1423 3267; x_wconf 83' lang='lat' dir='ltr'><strong>vere</strong></span> <span class='ocrx_word' id='word_1_476' title='bbox 1464 3219 1611 3277; x_wconf 90' lang='lat' dir='ltr'><strong>sunt,</strong></span> <span class='ocrx_word' id='word_1_477' title='bbox 1640 3211 1723 3271; x_wconf 91' lang='lat' dir='ltr'><strong>vel</strong></span> <span class='ocrx_word' id='word_1_478' title='bbox 1760 3225 1949 3266; x_wconf 88' lang='lat' dir='ltr'><strong>eorum</strong></span> <span class='ocrx_word' id='word_1_479' title='bbox 1979 3225 2100 3281; x_wconf 76' lang='lat' dir='ltr'><strong>qute</strong></span> <span class='ocrx_word' id='word_1_480' title='bbox 2203 3221 2582 3275; x_wconf 87' lang='lat' dir='ltr'><strong>monstratum.</strong></span> <span class='ocrx_word' id='word_1_481' title='bbox 2614 3212 2744 3268; x_wconf 90' lang='lat' dir='ltr'><strong>illud</strong></span> <span class='ocrx_word' id='word_1_482' title='bbox 2792 3224 2847 3268; x_wconf 89' lang='lat' dir='ltr'><strong>et</strong></span> <span class='ocrx_word' id='word_1_483' title='bbox 2887 3211 2991 3267; x_wconf 87' lang='lat' dir='ltr'><strong>tale</strong></span> <span class='ocrx_word' id='word_1_484' title='bbox 3017 3211 3160 3283; x_wconf 87' lang='lat' dir='ltr'><strong>quod</strong></span> <span class='ocrx_word' id='word_1_485' title='bbox 3189 3221 3274 3267; x_wconf 90' lang='lat' dir='ltr'><strong>est</strong></span> <span class='ocrx_word' id='word_1_486' title='bbox 3316 3228 3462 3281; x_wconf 85' lang='lat' dir='ltr'><strong>esse,</strong></span> <span class='ocrx_word' id='word_1_487' title='bbox 3491 3215 3760 3270; x_wconf 85' lang='lat' dir='ltr'><strong>Deumesse</strong></span> 
     </span>
    </p>
   </div>
   <div class='ocr_carea' id='block_1_41' title="bbox 495 3303 3759 3379">
    <p class='ocr_par' dir='ltr' id='par_1_41' title="bbox 495 3303 3759 3379">
     <span class='ocr_line' id='line_1_41' title="bbox 495 3303 3759 3379; baseline 0 -18"><span class='ocrx_word' id='word_1_488' title='bbox 495 3314 647 3371; x_wconf 89' lang='lat' dir='ltr'><strong>sunt,</strong></span> <span class='ocrx_word' id='word_1_489' title='bbox 679 3304 919 3360; x_wconf 82' lang='lat' dir='ltr'><strong>existens</strong></span> <span class='ocrx_word' id='word_1_490' title='bbox 950 3305 1113 3379; x_wconf 74' lang='grc' dir='ltr'><strong>λόγος,</strong></span> <span class='ocrx_word' id='word_1_491' title='bbox 1149 3305 1214 3359; x_wconf 89' lang='lat' dir='ltr'><strong>ad</strong></span> <span class='ocrx_word' id='word_1_492' title='bbox 1248 3304 1303 3359; x_wconf 91' lang='lat' dir='ltr'><strong>id</strong></span> <span class='ocrx_word' id='word_1_493' title='bbox 1333 3303 1478 3375; x_wconf 91' lang='lat' dir='ltr'><strong>quod</strong></span> <span class='ocrx_word' id='word_1_494' title='bbox 1521 3313 1604 3359; x_wconf 92' lang='lat' dir='ltr'><strong>est</strong></span> <span class='ocrx_word' id='word_1_495' title='bbox 1634 3317 1754 3373; x_wconf 86' lang='lat' dir='ltr'><strong>esse</strong></span> <span class='ocrx_word' id='word_1_496' title='bbox 1790 3320 1910 3374; x_wconf 67' lang='lat' dir='ltr'><strong>quae</strong></span> <span class='ocrx_word' id='word_1_497' title='bbox 1938 3314 2094 3371; x_wconf 89' lang='lat' dir='ltr'><strong>sunt,</strong></span> <span class='ocrx_word' id='word_1_498' title='bbox 2202 3303 2484 3360; x_wconf 78' lang='lat' dir='ltr'><strong>manifeste</strong></span> <span class='ocrx_word' id='word_1_499' title='bbox 2510 3346 2525 3372; x_wconf 91' lang='lat'><strong>,</strong></span> <span class='ocrx_word' id='word_1_500' title='bbox 2581 3304 2737 3360; x_wconf 90' lang='lat' dir='ltr'><strong>sicuti</strong></span> <span class='ocrx_word' id='word_1_501' title='bbox 2784 3304 3208 3359; x_wconf 88' lang='lat' dir='ltr'><strong>demonstratum</strong></span> <span class='ocrx_word' id='word_1_502' title='bbox 3238 3320 3253 3370; x_wconf 93' lang='lat'><strong>;</strong></span> <span class='ocrx_word' id='word_1_503' title='bbox 3309 3307 3554 3375; x_wconf 85' lang='lat' dir='ltr'><strong>potentia</strong></span> <span class='ocrx_word' id='word_1_504' title='bbox 3604 3316 3759 3376; x_wconf 81' lang='lat' dir='ltr'><strong>potens</strong></span> 
     </span>
    </p>
   </div>
   <div class='ocr_carea' id='block_1_42' title="bbox 496 3396 3759 3471">
    <p class='ocr_par' dir='ltr' id='par_1_42' title="bbox 496 3396 3759 3471">
     <span class='ocr_line' id='line_1_42' title="bbox 496 3396 3759 3471; baseline -0.001 -15"><span class='ocrx_word' id='word_1_505' title='bbox 496 3400 679 3457; x_wconf 91' lang='lat' dir='ltr'><strong>omnia</strong></span> <span class='ocrx_word' id='word_1_506' title='bbox 714 3415 746 3454; x_wconf 91' lang='lat' dir='ltr'><strong>a</strong></span> <span class='ocrx_word' id='word_1_507' title='bbox 774 3407 1009 3455; x_wconf 86' lang='lat' dir='ltr'><strong>sesetuet</strong></span> <span class='ocrx_word' id='word_1_508' title='bbox 1030 3414 1250 3454; x_wconf 91' lang='lat' dir='ltr'><strong>movens</strong></span> <span class='ocrx_word' id='word_1_509' title='bbox 1281 3414 1499 3471; x_wconf 85' lang='lat' dir='ltr'><strong>semper</strong></span> <span class='ocrx_word' id='word_1_510' title='bbox 1528 3397 1582 3453; x_wconf 91' lang='lat' dir='ltr'><strong>in</strong></span> <span class='ocrx_word' id='word_1_511' title='bbox 1615 3407 1784 3464; x_wconf 91' lang='lat' dir='ltr'><strong>motu,</strong></span> <span class='ocrx_word' id='word_1_512' title='bbox 1815 3398 1869 3453; x_wconf 91' lang='lat' dir='ltr'><strong>in</strong></span> <span class='ocrx_word' id='word_1_513' title='bbox 1898 3408 2099 3453; x_wconf 89' lang='lat' dir='ltr'><strong>semet-</strong></span> <span class='ocrx_word' id='word_1_514' title='bbox 2200 3396 2487 3466; x_wconf 69' lang='lat' dir='ltr'><strong>praestandi</strong></span> <span class='ocrx_word' id='word_1_515' title='bbox 2517 3396 2660 3466; x_wconf 87' lang='lat' dir='ltr'><strong>quod</strong></span> <span class='ocrx_word' id='word_1_516' title='bbox 2703 3410 2825 3451; x_wconf 87' lang='lat' dir='ltr'><strong>esse</strong></span> <span class='ocrx_word' id='word_1_517' title='bbox 2852 3396 3124 3463; x_wconf 84' lang='lat' dir='ltr'><strong>omnibus,</strong></span> <span class='ocrx_word' id='word_1_518' title='bbox 3154 3410 3260 3451; x_wconf 89' lang='lat' dir='ltr'><strong>non</strong></span> <span class='ocrx_word' id='word_1_519' title='bbox 3291 3397 3359 3453; x_wconf 87' lang='lat' dir='ltr'><strong>ab</strong></span> <span class='ocrx_word' id='word_1_520' title='bbox 3383 3413 3453 3454; x_wconf 92' lang='lat' dir='ltr'><strong>eo</strong></span> <span class='ocrx_word' id='word_1_521' title='bbox 3480 3399 3620 3469; x_wconf 90' lang='lat' dir='ltr'><strong>quod</strong></span> <span class='ocrx_word' id='word_1_522' title='bbox 3662 3411 3759 3453; x_wconf 86' lang='lat' dir='ltr'><strong>esse</strong></span> 
     </span>
    </p>
   </div>
   <div class='ocr_carea' id='block_1_43' title="bbox 496 3490 3759 3568">
    <p class='ocr_par' dir='ltr' id='par_1_43' title="bbox 496 3490 3759 3568">
     <span class='ocr_line' id='line_1_43' title="bbox 496 3490 3759 3568; baseline -0.002 -18"><span class='ocrx_word' id='word_1_523' title='bbox 496 3494 612 3568; x_wconf 87' lang='lat' dir='ltr'><strong>ipsa</strong></span> <span class='ocrx_word' id='word_1_524' title='bbox 640 3494 846 3549; x_wconf 85' lang='lat' dir='ltr'><strong>habens</strong></span> <span class='ocrx_word' id='word_1_525' title='bbox 870 3504 1094 3559; x_wconf 90' lang='lat' dir='ltr'><strong>motum,</strong></span> <span class='ocrx_word' id='word_1_526' title='bbox 1124 3494 1292 3565; x_wconf 87' lang='lat' dir='ltr'><strong>magis</strong></span> <span class='ocrx_word' id='word_1_527' title='bbox 1319 3503 1496 3550; x_wconf 90' lang='lat' dir='ltr'><strong>autem</strong></span> <span class='ocrx_word' id='word_1_528' title='bbox 1520 3492 1632 3563; x_wconf 91' lang='lat' dir='ltr'><strong>ipsa</strong></span> <span class='ocrx_word' id='word_1_529' title='bbox 1656 3499 1833 3548; x_wconf 90' lang='lat' dir='ltr'><strong>motus</strong></span> <span class='ocrx_word' id='word_1_530' title='bbox 1862 3501 1945 3549; x_wconf 89' lang='lat' dir='ltr'><strong>est</strong></span> <span class='ocrx_word' id='word_1_531' title='bbox 1978 3510 1990 3546; x_wconf 93' lang='lat'><strong>:</strong></span> <span class='ocrx_word' id='word_1_532' title='bbox 2020 3492 2100 3548; x_wconf 92' lang='lat' dir='ltr'><strong>sic</strong></span> <span class='ocrx_word' id='word_1_533' title='bbox 2203 3499 2261 3545; x_wconf 90' lang='lat' dir='ltr'><strong>ut</strong></span> <span class='ocrx_word' id='word_1_534' title='bbox 2285 3499 2492 3561; x_wconf 90' lang='lat' dir='ltr'><strong>partem</strong></span> <span class='ocrx_word' id='word_1_535' title='bbox 2538 3490 2675 3545; x_wconf 86' lang='lat' dir='ltr'><strong>dans</strong></span> <span class='ocrx_word' id='word_1_536' title='bbox 2705 3500 2759 3545; x_wconf 92' lang='lat' dir='ltr'><strong>et</strong></span> <span class='ocrx_word' id='word_1_537' title='bbox 2789 3500 3064 3560; x_wconf 87' lang='lat' dir='ltr'><strong>paternam</strong></span> <span class='ocrx_word' id='word_1_538' title='bbox 3091 3498 3147 3545; x_wconf 88' lang='lat' dir='ltr'><strong>et</strong></span> <span class='ocrx_word' id='word_1_539' title='bbox 3171 3490 3503 3547; x_wconf 83' lang='lat' dir='ltr'><strong>ell&#39;ectrieem</strong></span> <span class='ocrx_word' id='word_1_540' title='bbox 3544 3491 3759 3562; x_wconf 64' lang='lat' dir='ltr'><strong>potentia</strong></span> 
     </span>
    </p>
   </div>
   <div class='ocr_carea' id='block_1_44' title="bbox 495 3582 3759 3656">
    <p class='ocr_par' dir='ltr' id='par_1_44' title="bbox 495 3582 3759 3656">
     <span class='ocr_line' id='line_1_44' title="bbox 495 3582 3759 3656; baseline -0.003 -11"><span class='ocrx_word' id='word_1_541' title='bbox 495 3587 641 3645; x_wconf 89' lang='lat' dir='ltr'><strong>enim</strong></span> <span class='ocrx_word' id='word_1_542' title='bbox 684 3585 964 3656; x_wconf 88' lang='lat' dir='ltr'><strong>Scriptura</strong></span> <span class='ocrx_word' id='word_1_543' title='bbox 1005 3586 1184 3642; x_wconf 86' lang='lat' dir='ltr'><strong>divina</strong></span> <span class='ocrx_word' id='word_1_544' title='bbox 1227 3586 1356 3641; x_wconf 88' lang='lat' dir='ltr'><strong>dicit</strong></span> <span class='ocrx_word' id='word_1_545' title='bbox 1403 3606 1415 3643; x_wconf 89' lang='lat'>:</span> <span class='ocrx_word' id='word_1_546' title='bbox 1460 3585 1612 3652; x_wconf 83' lang='lat' dir='ltr'><strong>Quod</strong></span> <span class='ocrx_word' id='word_1_547' title='bbox 1638 3585 1776 3638; x_wconf 85' lang='lat' dir='ltr'><strong>dedit</strong></span> <span class='ocrx_word' id='word_1_548' title='bbox 1808 3585 1916 3655; x_wconf 82' lang='lat' dir='ltr'><strong>ipse</strong></span> <span class='ocrx_word' id='word_1_549' title='bbox 1954 3595 2099 3656; x_wconf 80' lang='lat' dir='ltr'><strong>pater</strong></span> <span class='ocrx_word' id='word_1_550' title='bbox 2202 3584 2487 3653; x_wconf 87' lang='lat' dir='ltr'><strong>unicuique</strong></span> <span class='ocrx_word' id='word_1_551' title='bbox 2511 3582 2651 3654; x_wconf 91' lang='lat' dir='ltr'><strong>qttod</strong></span> <span class='ocrx_word' id='word_1_552' title='bbox 2682 3592 2765 3638; x_wconf 88' lang='lat' dir='ltr'><strong>est</strong></span> <span class='ocrx_word' id='word_1_553' title='bbox 2789 3600 2912 3639; x_wconf 87' lang='lat' dir='ltr'><strong>esse</strong></span> <span class='ocrx_word' id='word_1_554' title='bbox 2931 3588 2978 3639; x_wconf 90' lang='lat' dir='ltr'><strong>ei</strong></span> <span class='ocrx_word' id='word_1_555' title='bbox 3014 3583 3288 3653; x_wconf 88' lang='lat' dir='ltr'><strong>proprium</strong></span> <span class='ocrx_word' id='word_1_556' title='bbox 3315 3583 3759 3641; x_wconf 79' lang='lat' dir='ltr'><strong>consistenszhoc</strong></span> 
     </span>
    </p>
   </div>
   <div class='ocr_carea' id='block_1_45' title="bbox 496 3676 3759 3753">
    <p class='ocr_par' dir='ltr' id='par_1_45' title="bbox 496 3676 3759 3753">
     <span class='ocr_line' id='line_1_45' title="bbox 496 3676 3759 3753; baseline -0.002 -19"><span class='ocrx_word' id='word_1_557' title='bbox 496 3679 636 3735; x_wconf 75' lang='lat' dir='ltr'><strong>Deus</strong></span> <span class='ocrx_word' id='word_1_558' title='bbox 668 3681 720 3734; x_wconf 82' lang='lat' dir='ltr'><strong>in</strong></span> <span class='ocrx_word' id='word_1_559' title='bbox 747 3681 862 3750; x_wconf 79' lang='lat' dir='ltr'><strong>ipso</strong></span> <span class='ocrx_word' id='word_1_560' title='bbox 889 3695 996 3735; x_wconf 81' lang='lat' dir='ltr'><strong>esse</strong></span> <span class='ocrx_word' id='word_1_561' title='bbox 1022 3680 1179 3734; x_wconf 84' lang='lat' dir='ltr'><strong>vitam</strong></span> <span class='ocrx_word' id='word_1_562' title='bbox 1204 3696 1311 3735; x_wconf 77' lang='lat' dir='ltr'><strong>esse</strong></span> <span class='ocrx_word' id='word_1_563' title='bbox 1341 3678 1519 3753; x_wconf 81' lang='lat' dir='ltr'><strong>(Joau.</strong></span> <span class='ocrx_word' id='word_1_564' title='bbox 1545 3695 1597 3746; x_wconf 92' lang='lat' dir='ltr'><strong>v,</strong></span> <span class='ocrx_word' id='word_1_565' title='bbox 1628 3677 1744 3750; x_wconf 71' lang='lat'><strong>26).</strong></span> <span class='ocrx_word' id='word_1_566' title='bbox 1798 3680 1904 3735; x_wconf 83' lang='lat' dir='ltr'><strong>Iste</strong></span> <span class='ocrx_word' id='word_1_567' title='bbox 1958 3678 2098 3734; x_wconf 85' lang='lat' dir='ltr'><strong>ﬁlius</strong></span> <span class='ocrx_word' id='word_1_568' title='bbox 2199 3689 2378 3733; x_wconf 86' lang='lat' dir='ltr'><strong>autem</strong></span> <span class='ocrx_word' id='word_1_569' title='bbox 2411 3692 2506 3746; x_wconf 89' lang='lat' dir='ltr'><strong>per</strong></span> <span class='ocrx_word' id='word_1_570' title='bbox 2527 3676 2922 3732; x_wconf 85' lang='lat' dir='ltr'><strong>ministrantem</strong></span> <span class='ocrx_word' id='word_1_571' title='bbox 2947 3676 3105 3752; x_wconf 71' lang='grc' dir='ltr'><strong>λόγον,</strong></span> <span class='ocrx_word' id='word_1_572' title='bbox 3135 3678 3237 3732; x_wconf 90' lang='lat' dir='ltr'><strong>ltoc</strong></span> <span class='ocrx_word' id='word_1_573' title='bbox 3265 3685 3348 3731; x_wconf 83' lang='lat' dir='ltr'><strong>est</strong></span> <span class='ocrx_word' id='word_1_574' title='bbox 3366 3692 3465 3748; x_wconf 89' lang='lat' dir='ltr'><strong>per</strong></span> <span class='ocrx_word' id='word_1_575' title='bbox 3492 3680 3642 3732; x_wconf 83' lang='lat' dir='ltr'><strong>vitam</strong></span> <span class='ocrx_word' id='word_1_576' title='bbox 3663 3689 3759 3746; x_wconf 75' lang='lat' dir='ltr'><strong>qua:</strong></span> 
     </span>
    </p>
   </div>
   <div class='ocr_carea' id='block_1_46' title="bbox 495 3768 3758 3850">
    <p class='ocr_par' dir='ltr' id='par_1_46' title="bbox 495 3768 3758 3850">
     <span class='ocr_line' id='line_1_46' title="bbox 495 3768 3758 3850; baseline -0.003 -20"><span class='ocrx_word' id='word_1_577' title='bbox 495 3783 579 3830; x_wconf 90' lang='lat' dir='ltr'><strong>est</strong></span> <span class='ocrx_word' id='word_1_578' title='bbox 598 3776 765 3850; x_wconf 73' lang='grc' dir='ltr'><strong>λόγος,</strong></span> <span class='ocrx_word' id='word_1_579' title='bbox 793 3773 887 3846; x_wconf 91' lang='lat' dir='ltr'><strong>qui</strong></span> <span class='ocrx_word' id='word_1_580' title='bbox 911 3783 995 3829; x_wconf 90' lang='lat' dir='ltr'><strong>est</strong></span> <span class='ocrx_word' id='word_1_581' title='bbox 1017 3774 1083 3829; x_wconf 86' lang='lat' dir='ltr'><strong>ad</strong></span> <span class='ocrx_word' id='word_1_582' title='bbox 1114 3775 1301 3841; x_wconf 86' lang='lat' dir='ltr'><strong>Deum,</strong></span> <span class='ocrx_word' id='word_1_583' title='bbox 1330 3773 1434 3830; x_wconf 89' lang='lat' dir='ltr'><strong>iste</strong></span> <span class='ocrx_word' id='word_1_584' title='bbox 1472 3791 1567 3842; x_wconf 90' lang='lat' dir='ltr'><strong>per</strong></span> <span class='ocrx_word' id='word_1_585' title='bbox 1594 3790 1753 3844; x_wconf 85' lang='lat' dir='ltr'><strong>quem</strong></span> <span class='ocrx_word' id='word_1_586' title='bbox 1801 3773 1942 3828; x_wconf 80' lang='lat' dir='ltr'><strong>facta</strong></span> <span class='ocrx_word' id='word_1_587' title='bbox 1971 3783 2099 3830; x_wconf 87' lang='lat' dir='ltr'><strong>sunt</strong></span> <span class='ocrx_word' id='word_1_588' title='bbox 2199 3771 2449 3826; x_wconf 90' lang='lat' dir='ltr'><strong>onmibus</strong></span> <span class='ocrx_word' id='word_1_589' title='bbox 2475 3778 2693 3840; x_wconf 74' lang='lat' dir='ltr'><strong>przestat</strong></span> <span class='ocrx_word' id='word_1_590' title='bbox 2735 3768 2939 3836; x_wconf 88' lang='lat' dir='ltr'><strong>vivere,</strong></span> <span class='ocrx_word' id='word_1_591' title='bbox 2959 3777 3013 3823; x_wconf 92' lang='lat' dir='ltr'><strong>et</strong></span> <span class='ocrx_word' id='word_1_592' title='bbox 3040 3778 3165 3823; x_wconf 90' lang='lat' dir='ltr'><strong>tune</strong></span> <span class='ocrx_word' id='word_1_593' title='bbox 3189 3768 3459 3838; x_wconf 91' lang='lat' dir='ltr'><strong>subsistit,</strong></span> <span class='ocrx_word' id='word_1_594' title='bbox 3488 3768 3665 3839; x_wconf 82' lang='lat' dir='ltr'><strong>aliquis</strong></span> <span class='ocrx_word' id='word_1_595' title='bbox 3685 3783 3758 3821; x_wconf 80' lang='lat' dir='ltr'><strong>ac-</strong></span> 
     </span>
    </p>
   </div>
   <div class='ocr_carea' id='block_1_47' title="bbox 494 3863 3758 3938">
    <p class='ocr_par' dir='ltr' id='par_1_47' title="bbox 494 3863 3758 3938">
     <span class='ocr_line' id='line_1_47' title="bbox 494 3863 3758 3938; baseline -0.002 -15"><span class='ocrx_word' id='word_1_596' title='bbox 494 3868 699 3932; x_wconf 86' lang='lat' dir='ltr'><strong>omnia,</strong></span> <span class='ocrx_word' id='word_1_597' title='bbox 738 3868 844 3924; x_wconf 88' lang='lat' dir='ltr'><strong>iste</strong></span> <span class='ocrx_word' id='word_1_598' title='bbox 891 3868 1028 3923; x_wconf 90' lang='lat' dir='ltr'><strong>lilius</strong></span> <span class='ocrx_word' id='word_1_599' title='bbox 1066 3877 1121 3923; x_wconf 91' lang='lat' dir='ltr'><strong>et</strong></span> <span class='ocrx_word' id='word_1_600' title='bbox 1159 3868 1353 3924; x_wconf 83' lang='lat' dir='ltr'><strong>ﬁlietas</strong></span> <span class='ocrx_word' id='word_1_601' title='bbox 1393 3878 1500 3923; x_wconf 90' lang='lat' dir='ltr'><strong>tota</strong></span> <span class='ocrx_word' id='word_1_602' title='bbox 1548 3867 1892 3938; x_wconf 82' lang='lat' dir='ltr'><strong>paternilatis</strong></span> <span class='ocrx_word' id='word_1_603' title='bbox 1935 3868 2097 3923; x_wconf 90' lang='lat' dir='ltr'><strong>totius</strong></span> <span class='ocrx_word' id='word_1_604' title='bbox 2200 3867 2406 3937; x_wconf 90' lang='lat' dir='ltr'><strong>eipieus</strong></span> <span class='ocrx_word' id='word_1_605' title='bbox 2427 3865 2570 3935; x_wconf 87' lang='lat' dir='ltr'><strong>quod</strong></span> <span class='ocrx_word' id='word_1_606' title='bbox 2623 3873 2855 3921; x_wconf 88' lang='lat' dir='ltr'><strong>estesse</strong></span> <span class='ocrx_word' id='word_1_607' title='bbox 2904 3863 3200 3920; x_wconf 87' lang='lat' dir='ltr'><strong>secundum</strong></span> <span class='ocrx_word' id='word_1_608' title='bbox 3229 3864 3371 3934; x_wconf 85' lang='lat' dir='ltr'><strong>quod</strong></span> <span class='ocrx_word' id='word_1_609' title='bbox 3405 3874 3492 3920; x_wconf 91' lang='lat' dir='ltr'><strong>est</strong></span> <span class='ocrx_word' id='word_1_610' title='bbox 3516 3865 3663 3919; x_wconf 84' lang='lat' dir='ltr'><strong>vitant</strong></span> <span class='ocrx_word' id='word_1_611' title='bbox 3689 3877 3758 3918; x_wconf 84' lang='lat' dir='ltr'><strong>ac-</strong></span> 
     </span>
    </p>
   </div>
   <div class='ocr_carea' id='block_1_48' title="bbox 496 3957 3756 4032">
    <p class='ocr_par' dir='ltr' id='par_1_48' title="bbox 496 3957 3756 4032">
     <span class='ocr_line' id='line_1_48' title="bbox 496 3957 3756 4032; baseline -0.002 -15"><span class='ocrx_word' id='word_1_612' title='bbox 496 3975 715 4032; x_wconf 85' lang='lat' dir='ltr'><strong>semper</strong></span> <span class='ocrx_word' id='word_1_613' title='bbox 745 3960 836 4032; x_wconf 91' lang='lat' dir='ltr'><strong>qui</strong></span> <span class='ocrx_word' id='word_1_614' title='bbox 867 3960 938 4015; x_wconf 87' lang='lat' dir='ltr'><strong>sit</strong></span> <span class='ocrx_word' id='word_1_615' title='bbox 971 3970 1026 4016; x_wconf 90' lang='lat' dir='ltr'><strong>et</strong></span> <span class='ocrx_word' id='word_1_616' title='bbox 1056 3959 1220 4024; x_wconf 89' lang='lat' dir='ltr'><strong>ﬁlius,</strong></span> <span class='ocrx_word' id='word_1_617' title='bbox 1253 3971 1307 4016; x_wconf 89' lang='lat' dir='ltr'><strong>et</strong></span> <span class='ocrx_word' id='word_1_618' title='bbox 1343 3976 1411 4015; x_wconf 88' lang='lat' dir='ltr'><strong>ex</strong></span> <span class='ocrx_word' id='word_1_619' title='bbox 1445 3969 1649 4016; x_wconf 81' lang='lat' dir='ltr'><strong>aeterno</strong></span> <span class='ocrx_word' id='word_1_620' title='bbox 1683 3978 1698 4015; x_wconf 88' lang='lat'><strong>:</strong></span> <span class='ocrx_word' id='word_1_621' title='bbox 1740 3959 1881 4014; x_wconf 90' lang='lat' dir='ltr'><strong>ﬁlius</strong></span> <span class='ocrx_word' id='word_1_622' title='bbox 1917 3970 2096 4015; x_wconf 89' lang='lat' dir='ltr'><strong>autem</strong></span> <span class='ocrx_word' id='word_1_623' title='bbox 2200 3959 2401 4028; x_wconf 88' lang='lat' dir='ltr'><strong>cipere.</strong></span> <span class='ocrx_word' id='word_1_624' title='bbox 2450 3957 2503 4014; x_wconf 90' lang='lat' dir='ltr'><strong>Si</strong></span> <span class='ocrx_word' id='word_1_625' title='bbox 2544 3958 2702 4029; x_wconf 84' lang='lat' dir='ltr'><strong>igitur</strong></span> <span class='ocrx_word' id='word_1_626' title='bbox 2729 3972 2851 4013; x_wconf 87' lang='lat' dir='ltr'><strong>esse</strong></span> <span class='ocrx_word' id='word_1_627' title='bbox 2878 3957 2993 4019; x_wconf 84' lang='lat' dir='ltr'><strong>Dei.</strong></span> <span class='ocrx_word' id='word_1_628' title='bbox 3035 3974 3142 4012; x_wconf 90' lang='lat' dir='ltr'><strong>non</strong></span> <span class='ocrx_word' id='word_1_629' title='bbox 3174 3957 3241 4013; x_wconf 84' lang='lat' dir='ltr'><strong>ab</strong></span> <span class='ocrx_word' id='word_1_630' title='bbox 3270 3972 3336 4013; x_wconf 89' lang='lat' dir='ltr'><strong>co</strong></span> <span class='ocrx_word' id='word_1_631' title='bbox 3365 3959 3510 4029; x_wconf 86' lang='lat' dir='ltr'><strong>quod</strong></span> <span class='ocrx_word' id='word_1_632' title='bbox 3539 3958 3632 4013; x_wconf 89' lang='lat' dir='ltr'><strong>sibi</strong></span> <span class='ocrx_word' id='word_1_633' title='bbox 3660 3970 3756 4011; x_wconf 82' lang='lat' dir='ltr'><strong>esse</strong></span> 
     </span>
    </p>
   </div>
   <div class='ocr_carea' id='block_1_49' title="bbox 494 4049 3755 4126">
    <p class='ocr_par' dir='ltr' id='par_1_49' title="bbox 494 4049 3755 4126">
     <span class='ocr_line' id='line_1_49' title="bbox 494 4049 3755 4126; baseline -0.003 -12"><span class='ocrx_word' id='word_1_634' title='bbox 494 4068 549 4114; x_wconf 89' lang='lat' dir='ltr'><strong>et</strong></span> <span class='ocrx_word' id='word_1_635' title='bbox 580 4067 754 4114; x_wconf 90' lang='lat' dir='ltr'><strong>semet</strong></span> <span class='ocrx_word' id='word_1_636' title='bbox 784 4065 930 4112; x_wconf 91' lang='lat' dir='ltr'><strong>mota</strong></span> <span class='ocrx_word' id='word_1_637' title='bbox 958 4056 1215 4121; x_wconf 86' lang='lat' dir='ltr'><strong>motione,</strong></span> <span class='ocrx_word' id='word_1_638' title='bbox 1250 4055 1488 4126; x_wconf 88' lang='lat' dir='ltr'><strong>potentia</strong></span> <span class='ocrx_word' id='word_1_639' title='bbox 1514 4055 1659 4111; x_wconf 89' lang='lat' dir='ltr'><strong>enim</strong></span> <span class='ocrx_word' id='word_1_640' title='bbox 1691 4054 2093 4125; x_wconf 82' lang='lat' dir='ltr'><strong>progrediente,</strong></span> <span class='ocrx_word' id='word_1_641' title='bbox 2199 4051 2448 4106; x_wconf 85' lang='lat' dir='ltr'><strong>omnibus</strong></span> <span class='ocrx_word' id='word_1_642' title='bbox 2475 4060 2718 4122; x_wconf 84' lang='lat' dir='ltr'><strong>praestat,</strong></span> <span class='ocrx_word' id='word_1_643' title='bbox 2771 4049 2868 4106; x_wconf 89' lang='lat' dir='ltr'><strong>sed</strong></span> <span class='ocrx_word' id='word_1_644' title='bbox 2909 4049 3250 4106; x_wconf 85' lang='lat' dir='ltr'><strong>ministrante</strong></span> <span class='ocrx_word' id='word_1_645' title='bbox 3301 4050 3408 4108; x_wconf 86' lang='lat' dir='ltr'><strong>hoc</strong></span> <span class='ocrx_word' id='word_1_646' title='bbox 3435 4052 3573 4123; x_wconf 85' lang='lat' dir='ltr'><strong>quod</strong></span> <span class='ocrx_word' id='word_1_647' title='bbox 3598 4058 3671 4107; x_wconf 87' lang='lat' dir='ltr'><strong>est</strong></span> <span class='ocrx_word' id='word_1_648' title='bbox 3690 4050 3755 4103; x_wconf 80' lang='lat' dir='ltr'><strong>vi-</strong></span> 
     </span>
    </p>
   </div>
   <div class='ocr_carea' id='block_1_50' title="bbox 494 4142 3754 4220">
    <p class='ocr_par' dir='ltr' id='par_1_50' title="bbox 494 4142 3754 4220">
     <span class='ocr_line' id='line_1_50' title="bbox 494 4142 3754 4220; baseline -0.003 -14"><span class='ocrx_word' id='word_1_649' title='bbox 494 4160 553 4207; x_wconf 88' lang='lat' dir='ltr'><strong>et</strong></span> <span class='ocrx_word' id='word_1_650' title='bbox 581 4149 752 4207; x_wconf 88' lang='lat' dir='ltr'><strong>veluti</strong></span> <span class='ocrx_word' id='word_1_651' title='bbox 790 4149 1058 4205; x_wconf 87' lang='lat' dir='ltr'><strong>immobili</strong></span> <span class='ocrx_word' id='word_1_652' title='bbox 1090 4148 1512 4220; x_wconf 67' lang='lat' dir='ltr'><strong>prmexistentia,</strong></span> <span class='ocrx_word' id='word_1_653' title='bbox 1544 4158 1599 4204; x_wconf 91' lang='lat' dir='ltr'><strong>et</strong></span> <span class='ocrx_word' id='word_1_654' title='bbox 1635 4164 1739 4204; x_wconf 90' lang='lat' dir='ltr'><strong>non</strong></span> <span class='ocrx_word' id='word_1_655' title='bbox 1768 4159 1910 4205; x_wconf 88' lang='lat' dir='ltr'><strong>mota</strong></span> <span class='ocrx_word' id='word_1_656' title='bbox 1943 4149 2096 4220; x_wconf 83' lang='lat' dir='ltr'><strong>juxta</strong></span> <span class='ocrx_word' id='word_1_657' title='bbox 2201 4153 2306 4200; x_wconf 87' lang='lat' dir='ltr'><strong>tam</strong></span> <span class='ocrx_word' id='word_1_658' title='bbox 2348 4159 2468 4201; x_wconf 89' lang='lat' dir='ltr'><strong>esse</strong></span> <span class='ocrx_word' id='word_1_659' title='bbox 2498 4161 2513 4211; x_wconf 91' lang='lat'><strong>;</strong></span> <span class='ocrx_word' id='word_1_660' title='bbox 2547 4145 2723 4215; x_wconf 88' lang='lat' dir='ltr'><strong>ipsum</strong></span> <span class='ocrx_word' id='word_1_661' title='bbox 2775 4154 2957 4200; x_wconf 88' lang='lat' dir='ltr'><strong>autem</strong></span> <span class='ocrx_word' id='word_1_662' title='bbox 2990 4145 3149 4199; x_wconf 87' lang='lat' dir='ltr'><strong>vitam</strong></span> <span class='ocrx_word' id='word_1_663' title='bbox 3178 4160 3301 4201; x_wconf 92' lang='lat' dir='ltr'><strong>esse</strong></span> <span class='ocrx_word' id='word_1_664' title='bbox 3346 4146 3400 4202; x_wconf 89' lang='lat' dir='ltr'><strong>in</strong></span> <span class='ocrx_word' id='word_1_665' title='bbox 3455 4163 3521 4204; x_wconf 90' lang='lat' dir='ltr'><strong>eo</strong></span> <span class='ocrx_word' id='word_1_666' title='bbox 3546 4142 3754 4215; x_wconf 84' lang='lat' dir='ltr'><strong>estquod</strong></span> 
     </span>
    </p>
   </div>
   <div class='ocr_carea' id='block_1_51' title="bbox 492 4239 3755 4316">
    <p class='ocr_par' dir='ltr' id='par_1_51' title="bbox 492 4239 3755 4316">
     <span class='ocr_line' id='line_1_51' title="bbox 492 4239 3755 4316; baseline -0.003 -15"><span class='ocrx_word' id='word_1_667' title='bbox 492 4245 638 4316; x_wconf 88' lang='lat' dir='ltr'><strong>quod</strong></span> <span class='ocrx_word' id='word_1_668' title='bbox 663 4242 900 4316; x_wconf 91' lang='lat' dir='ltr'><strong>potentia</strong></span> <span class='ocrx_word' id='word_1_669' title='bbox 929 4242 1046 4298; x_wconf 77' lang='lat' dir='ltr'><strong>fuit.</strong></span> <span class='ocrx_word' id='word_1_670' title='bbox 1077 4242 1185 4297; x_wconf 87' lang='lat' dir='ltr'><strong>Ista</strong></span> <span class='ocrx_word' id='word_1_671' title='bbox 1220 4242 1389 4297; x_wconf 86' lang='lat' dir='ltr'><strong>motio</strong></span> <span class='ocrx_word' id='word_1_672' title='bbox 1430 4256 1694 4311; x_wconf 87' lang='lat' dir='ltr'><strong>nusquam</strong></span> <span class='ocrx_word' id='word_1_673' title='bbox 1722 4241 2014 4314; x_wconf 88' lang='lat' dir='ltr'><strong>requiescit</strong></span> <span class='ocrx_word' id='word_1_674' title='bbox 2043 4252 2097 4298; x_wconf 90' lang='lat' dir='ltr'><strong>et</strong></span> <span class='ocrx_word' id='word_1_675' title='bbox 2198 4250 2281 4295; x_wconf 81' lang='lat' dir='ltr'><strong>eSt</strong></span> <span class='ocrx_word' id='word_1_676' title='bbox 2306 4239 2422 4308; x_wconf 91' lang='lat' dir='ltr'><strong>Dei,</strong></span> <span class='ocrx_word' id='word_1_677' title='bbox 2446 4254 2567 4296; x_wconf 87' lang='lat' dir='ltr'><strong>esse</strong></span> <span class='ocrx_word' id='word_1_678' title='bbox 2595 4256 2756 4294; x_wconf 91' lang='lat' dir='ltr'><strong>unum</strong></span> <span class='ocrx_word' id='word_1_679' title='bbox 2787 4248 2845 4296; x_wconf 90' lang='lat' dir='ltr'><strong>et</strong></span> <span class='ocrx_word' id='word_1_680' title='bbox 2894 4239 3033 4294; x_wconf 90' lang='lat' dir='ltr'><strong>idem</strong></span> <span class='ocrx_word' id='word_1_681' title='bbox 3066 4248 3151 4295; x_wconf 91' lang='lat' dir='ltr'><strong>est</strong></span> <span class='ocrx_word' id='word_1_682' title='bbox 3192 4242 3513 4311; x_wconf 85' lang='lat' dir='ltr'><strong>quiescenti,</strong></span> <span class='ocrx_word' id='word_1_683' title='bbox 3540 4240 3669 4312; x_wconf 79' lang='lat' dir='ltr'><strong>quod</strong></span> <span class='ocrx_word' id='word_1_684' title='bbox 3692 4247 3755 4295; x_wconf 88' lang='lat' dir='ltr'><strong>est</strong></span> 
     </span>
    </p>
   </div>
   <div class='ocr_carea' id='block_1_52' title="bbox 494 4332 3753 4409">
    <p class='ocr_par' dir='ltr' id='par_1_52' title="bbox 494 4332 3753 4409">
     <span class='ocr_line' id='line_1_52' title="bbox 494 4332 3753 4409; baseline -0.003 -15"><span class='ocrx_word' id='word_1_685' title='bbox 494 4354 526 4394; x_wconf 89' lang='lat' dir='ltr'><strong>a</strong></span> <span class='ocrx_word' id='word_1_686' title='bbox 562 4337 851 4409; x_wconf 87' lang='lat' dir='ltr'><strong>semetipsa</strong></span> <span class='ocrx_word' id='word_1_687' title='bbox 897 4351 1186 4406; x_wconf 84' lang='lat' dir='ltr'><strong>exurgens,</strong></span> <span class='ocrx_word' id='word_1_688' title='bbox 1216 4344 1271 4391; x_wconf 90' lang='lat' dir='ltr'><strong>et</strong></span> <span class='ocrx_word' id='word_1_689' title='bbox 1294 4334 1348 4389; x_wconf 92' lang='lat' dir='ltr'><strong>in</strong></span> <span class='ocrx_word' id='word_1_690' title='bbox 1380 4350 1543 4390; x_wconf 90' lang='lat' dir='ltr'><strong>omne</strong></span> <span class='ocrx_word' id='word_1_691' title='bbox 1571 4349 1743 4406; x_wconf 89' lang='lat' dir='ltr'><strong>genus</strong></span> <span class='ocrx_word' id='word_1_692' title='bbox 1782 4342 1960 4390; x_wconf 90' lang='lat' dir='ltr'><strong>motus</strong></span> <span class='ocrx_word' id='word_1_693' title='bbox 1984 4334 2094 4390; x_wconf 83' lang='lat' dir='ltr'><strong>fes-</strong></span> <span class='ocrx_word' id='word_1_694' title='bbox 2198 4346 2320 4387; x_wconf 75' lang='lat' dir='ltr'><strong>esse</strong></span> <span class='ocrx_word' id='word_1_695' title='bbox 2347 4332 2481 4401; x_wconf 89' lang='lat' dir='ltr'><strong>patri</strong></span> <span class='ocrx_word' id='word_1_696' title='bbox 2506 4373 2521 4395; x_wconf 85' lang='lat'><strong>,</strong></span> <span class='ocrx_word' id='word_1_697' title='bbox 2558 4346 2681 4388; x_wconf 89' lang='lat' dir='ltr'><strong>cum</strong></span> <span class='ocrx_word' id='word_1_698' title='bbox 2731 4346 2797 4387; x_wconf 90' lang='lat' dir='ltr'><strong>eo</strong></span> <span class='ocrx_word' id='word_1_699' title='bbox 2852 4332 2995 4404; x_wconf 92' lang='lat' dir='ltr'><strong>quod</strong></span> <span class='ocrx_word' id='word_1_700' title='bbox 3046 4341 3129 4389; x_wconf 89' lang='lat' dir='ltr'><strong>est</strong></span> <span class='ocrx_word' id='word_1_701' title='bbox 3173 4348 3295 4389; x_wconf 90' lang='lat' dir='ltr'><strong>esse</strong></span> <span class='ocrx_word' id='word_1_702' title='bbox 3336 4336 3461 4390; x_wconf 80' lang='lat' dir='ltr'><strong>vita:</strong></span> <span class='ocrx_word' id='word_1_703' title='bbox 3498 4334 3753 4391; x_wconf 87' lang='lat' dir='ltr'><strong>secundum</strong></span> 
     </span>
    </p>
   </div>
   <div class='ocr_carea' id='block_1_53' title="bbox 494 4418 3752 4503">
    <p class='ocr_par' dir='ltr' id='par_1_53' title="bbox 494 4418 3752 4503">
     <span class='ocr_line' id='line_1_53' title="bbox 494 4418 3752 4503; baseline -0.002 -15"><span class='ocrx_word' id='word_1_704' title='bbox 494 4433 673 4488; x_wconf 88' lang='lat' dir='ltr'><strong>tinaus</strong></span> <span class='ocrx_word' id='word_1_705' title='bbox 705 4450 718 4487; x_wconf 94' lang='lat'>:</span> <span class='ocrx_word' id='word_1_706' title='bbox 751 4432 951 4503; x_wconf 85' lang='lat' dir='ltr'><strong>quippe</strong></span> <span class='ocrx_word' id='word_1_707' title='bbox 972 4418 1085 4485; x_wconf 82' lang='lat' dir='ltr'><strong>vita</strong></span> <span class='ocrx_word' id='word_1_708' title='bbox 1110 4444 1231 4502; x_wconf 62' lang='lat' dir='ltr'><strong>quae</strong></span> <span class='ocrx_word' id='word_1_709' title='bbox 1252 4428 1323 4483; x_wconf 90' lang='lat' dir='ltr'><strong>sit</strong></span> <span class='ocrx_word' id='word_1_710' title='bbox 1351 4427 1581 4492; x_wconf 89' lang='lat' dir='ltr'><strong>inﬁnita,</strong></span> <span class='ocrx_word' id='word_1_711' title='bbox 1611 4438 1665 4484; x_wconf 90' lang='lat' dir='ltr'><strong>et</strong></span> <span class='ocrx_word' id='word_1_712' title='bbox 1693 4429 1804 4499; x_wconf 88' lang='lat' dir='ltr'><strong>ipsa</strong></span> <span class='ocrx_word' id='word_1_713' title='bbox 1834 4430 1890 4483; x_wconf 92' lang='lat' dir='ltr'><strong>in</strong></span> <span class='ocrx_word' id='word_1_714' title='bbox 1918 4429 2095 4485; x_wconf 92' lang='lat' dir='ltr'><strong>viviﬁ-</strong></span> <span class='ocrx_word' id='word_1_715' title='bbox 2119 4482 2169 4503; x_wconf 50' lang='grc' dir='ltr'><strong>ῃ</strong></span> <span class='ocrx_word' id='word_1_716' title='bbox 2199 4426 2556 4491; x_wconf 87' lang='lat' dir='ltr'><strong>identitatetn,</strong></span> <span class='ocrx_word' id='word_1_717' title='bbox 2580 4435 2757 4483; x_wconf 90' lang='lat' dir='ltr'><strong>motus</strong></span> <span class='ocrx_word' id='word_1_718' title='bbox 2779 4434 2861 4482; x_wconf 92' lang='lat' dir='ltr'><strong>est</strong></span> <span class='ocrx_word' id='word_1_719' title='bbox 2887 4442 2951 4482; x_wconf 87' lang='lat' dir='ltr'><strong>ex</strong></span> <span class='ocrx_word' id='word_1_720' title='bbox 2971 4442 3067 4484; x_wconf 90' lang='lat' dir='ltr'><strong>sua</strong></span> <span class='ocrx_word' id='word_1_721' title='bbox 3095 4429 3327 4498; x_wconf 87' lang='lat' dir='ltr'><strong>potentia</strong></span> <span class='ocrx_word' id='word_1_722' title='bbox 3349 4444 3378 4483; x_wconf 93' lang='lat' dir='ltr'><strong>a</strong></span> <span class='ocrx_word' id='word_1_723' title='bbox 3403 4429 3568 4502; x_wconf 88' lang='lat' dir='ltr'><strong>patria</strong></span> <span class='ocrx_word' id='word_1_724' title='bbox 3595 4434 3752 4498; x_wconf 89' lang='lat' dir='ltr'><strong>poten-</strong></span> 
     </span>
    </p>
   </div>
   <div class='ocr_carea' id='block_1_54' title="bbox 492 4482 3752 4594">
    <p class='ocr_par' dir='ltr' id='par_1_54' title="bbox 492 4482 3752 4594">
     <span class='ocr_line' id='line_1_54' title="bbox 492 4482 3752 4594; baseline -0.003 -11"><span class='ocrx_word' id='word_1_725' title='bbox 492 4526 705 4583; x_wconf 87' lang='lat' dir='ltr'><strong>cutione</strong></span> <span class='ocrx_word' id='word_1_726' title='bbox 743 4482 911 4581; x_wconf 55' lang='lat' dir='ltr'><strong>{iam</strong></span> <span class='ocrx_word' id='word_1_727' title='bbox 957 4522 1085 4579; x_wconf 72' lang='lat' dir='ltr'><strong>foris</strong></span> <span class='ocrx_word' id='word_1_728' title='bbox 1118 4482 1393 4593; x_wconf 65' lang='lat' dir='ltr'><strong>apparuit.</strong></span> <span class='ocrx_word' id='word_1_729' title='bbox 1433 4521 1751 4577; x_wconf 76' lang='lat' dir='ltr'><strong>Necessario</strong></span> <span class='ocrx_word' id='word_1_730' title='bbox 1790 4521 1952 4592; x_wconf 85' lang='lat' dir='ltr'><strong>igitur</strong></span> <span class='ocrx_word' id='word_1_731' title='bbox 1986 4525 2091 4578; x_wconf 88' lang='lat' dir='ltr'><strong>vita</strong></span> <span class='ocrx_word' id='word_1_732' title='bbox 2119 4482 2172 4543; x_wconf 70' lang='grc' dir='ltr'>υ</span> <span class='ocrx_word' id='word_1_733' title='bbox 2203 4523 2274 4576; x_wconf 89' lang='lat' dir='ltr'><strong>tiu</strong></span> <span class='ocrx_word' id='word_1_734' title='bbox 2303 4519 2635 4590; x_wconf 88' lang='lat' dir='ltr'><strong>dependens.</strong></span> <span class='ocrx_word' id='word_1_735' title='bbox 2668 4521 2735 4576; x_wconf 90' lang='lat' dir='ltr'><strong>Et</strong></span> <span class='ocrx_word' id='word_1_736' title='bbox 2771 4520 3028 4592; x_wconf 88' lang='lat' dir='ltr'><strong>quoniam</strong></span> <span class='ocrx_word' id='word_1_737' title='bbox 3057 4522 3234 4577; x_wconf 89' lang='lat' dir='ltr'><strong>omnis</strong></span> <span class='ocrx_word' id='word_1_738' title='bbox 3271 4482 3509 4594; x_wconf 63' lang='lat' dir='ltr'><strong>potentia</strong></span> <span class='ocrx_word' id='word_1_739' title='bbox 3537 4482 3752 4577; x_wconf 59' lang='lat' dir='ltr'><strong>naturalis</strong></span> 
     </span>
    </p>
   </div>
   <div class='ocr_carea' id='block_1_55' title="bbox 493 4613 3751 4688">
    <p class='ocr_par' dir='ltr' id='par_1_55' title="bbox 493 4613 3751 4688">
     <span class='ocr_line' id='line_1_55' title="bbox 493 4613 3751 4688; baseline -0.003 -11"><span class='ocrx_word' id='word_1_740' title='bbox 493 4631 621 4677; x_wconf 88' lang='lat' dir='ltr'><strong>nata</strong></span> <span class='ocrx_word' id='word_1_741' title='bbox 649 4627 754 4684; x_wconf 90' lang='lat' dir='ltr'><strong>est,</strong></span> <span class='ocrx_word' id='word_1_742' title='bbox 795 4619 902 4674; x_wconf 90' lang='lat' dir='ltr'><strong>vita</strong></span> <span class='ocrx_word' id='word_1_743' title='bbox 932 4628 1109 4675; x_wconf 90' lang='lat' dir='ltr'><strong>autem</strong></span> <span class='ocrx_word' id='word_1_744' title='bbox 1140 4616 1306 4685; x_wconf 89' lang='lat' dir='ltr'><strong>ﬁlius,</strong></span> <span class='ocrx_word' id='word_1_745' title='bbox 1348 4616 1455 4671; x_wconf 75' lang='lat' dir='ltr'><strong>vita</strong></span> <span class='ocrx_word' id='word_1_746' title='bbox 1487 4615 1674 4683; x_wconf 82' lang='lat' dir='ltr'><strong>metio,</strong></span> <span class='ocrx_word' id='word_1_747' title='bbox 1717 4630 1746 4669; x_wconf 91' lang='lat' dir='ltr'><strong>a</strong></span> <span class='ocrx_word' id='word_1_748' title='bbox 1772 4615 1918 4671; x_wconf 62' lang='lat' dir='ltr'><strong>vitali</strong></span> <span class='ocrx_word' id='word_1_749' title='bbox 1951 4633 2089 4687; x_wconf 66' lang='lat' dir='ltr'><strong>praa-</strong></span> <span class='ocrx_word' id='word_1_750' title='bbox 2138 4652 2143 4655; x_wconf 94' lang='lat'><em>-</em></span> <span class='ocrx_word' id='word_1_751' title='bbox 2200 4623 2284 4670; x_wconf 91' lang='lat' dir='ltr'><strong>cst</strong></span> <span class='ocrx_word' id='word_1_752' title='bbox 2308 4614 2576 4681; x_wconf 89' lang='lat' dir='ltr'><strong>voluntas,</strong></span> <span class='ocrx_word' id='word_1_753' title='bbox 2608 4613 2779 4670; x_wconf 92' lang='lat' dir='ltr'><strong>voluit</strong></span> <span class='ocrx_word' id='word_1_754' title='bbox 2826 4614 2989 4670; x_wconf 89' lang='lat' dir='ltr'><strong>vitam</strong></span> <span class='ocrx_word' id='word_1_755' title='bbox 3021 4630 3242 4672; x_wconf 89' lang='lat' dir='ltr'><strong>movere</strong></span> <span class='ocrx_word' id='word_1_756' title='bbox 3284 4619 3641 4688; x_wconf 79' lang='lat' dir='ltr'><strong>semetipsum,</strong></span> <span class='ocrx_word' id='word_1_757' title='bbox 3685 4613 3751 4668; x_wconf 90' lang='lat' dir='ltr'><strong>in-</strong></span> 
     </span>
    </p>
   </div>
   <div class='ocr_carea' id='block_1_56' title="bbox 490 4708 3750 4783">
    <p class='ocr_par' dir='ltr' id='par_1_56' title="bbox 490 4708 3750 4783">
     <span class='ocr_line' id='line_1_56' title="bbox 490 4708 3750 4783; baseline -0.002 -14"><span class='ocrx_word' id='word_1_758' title='bbox 490 4711 774 4769; x_wconf 82' lang='lat' dir='ltr'><strong>existentia</strong></span> <span class='ocrx_word' id='word_1_759' title='bbox 805 4711 934 4777; x_wconf 90' lang='lat' dir='ltr'><strong>vita,</strong></span> <span class='ocrx_word' id='word_1_760' title='bbox 967 4710 1250 4766; x_wconf 87' lang='lat' dir='ltr'><strong>existentia</strong></span> <span class='ocrx_word' id='word_1_761' title='bbox 1289 4709 1343 4764; x_wconf 90' lang='lat' dir='ltr'><strong>in</strong></span> <span class='ocrx_word' id='word_1_762' title='bbox 1383 4708 1789 4774; x_wconf 82' lang='lat' dir='ltr'><strong>constitutione,</strong></span> <span class='ocrx_word' id='word_1_763' title='bbox 1837 4718 1893 4765; x_wconf 91' lang='lat' dir='ltr'><strong>et</strong></span> <span class='ocrx_word' id='word_1_764' title='bbox 1919 4724 2088 4780; x_wconf 88' lang='lat' dir='ltr'><strong>appa-</strong></span> <span class='ocrx_word' id='word_1_765' title='bbox 2198 4708 2304 4764; x_wconf 89' lang='lat' dir='ltr'><strong>sita</strong></span> <span class='ocrx_word' id='word_1_766' title='bbox 2331 4708 2481 4778; x_wconf 88' lang='lat' dir='ltr'><strong>juxta</strong></span> <span class='ocrx_word' id='word_1_767' title='bbox 2507 4708 2862 4765; x_wconf 90' lang='lat' dir='ltr'><strong>substantiam</strong></span> <span class='ocrx_word' id='word_1_768' title='bbox 2891 4710 3133 4766; x_wconf 89' lang='lat' dir='ltr'><strong>motione</strong></span> <span class='ocrx_word' id='word_1_769' title='bbox 3164 4711 3583 4783; x_wconf 80' lang='lat' dir='ltr'><strong>impassibiliter,</strong></span> <span class='ocrx_word' id='word_1_770' title='bbox 3603 4717 3750 4766; x_wconf 83' lang='lat' dir='ltr'><strong>erecte</strong></span> 
     </span>
    </p>
   </div>
   <div class='ocr_carea' id='block_1_57' title="bbox 489 4786 3748 4875">
    <p class='ocr_par' dir='ltr' id='par_1_57' title="bbox 489 4786 3748 4875">
     <span class='ocr_line' id='line_1_57' title="bbox 489 4786 3748 4875; baseline -0.003 -11"><span class='ocrx_word' id='word_1_771' title='bbox 489 4805 664 4864; x_wconf 86' lang='lat' dir='ltr'><strong>rentia</strong></span> <span class='ocrx_word' id='word_1_772' title='bbox 701 4806 938 4861; x_wconf 88' lang='lat' dir='ltr'><strong>omnium</strong></span> <span class='ocrx_word' id='word_1_773' title='bbox 979 4786 1234 4870; x_wconf 78' lang='lat' dir='ltr'><strong>totorum,</strong></span> <span class='ocrx_word' id='word_1_774' title='bbox 1265 4820 1386 4875; x_wconf 66' lang='lat' dir='ltr'><strong>quae</strong></span> <span class='ocrx_word' id='word_1_775' title='bbox 1419 4804 1571 4875; x_wconf 88' lang='lat' dir='ltr'><strong>juxta</strong></span> <span class='ocrx_word' id='word_1_776' title='bbox 1610 4804 1905 4873; x_wconf 88' lang='lat' dir='ltr'><strong>potentiam</strong></span> <span class='ocrx_word' id='word_1_777' title='bbox 1937 4814 2086 4875; x_wconf 88' lang='lat' dir='ltr'><strong>pater</strong></span> <span class='ocrx_word' id='word_1_778' title='bbox 2197 4803 2251 4858; x_wconf 92' lang='lat' dir='ltr'><strong>in</strong></span> <span class='ocrx_word' id='word_1_779' title='bbox 2279 4801 2332 4859; x_wconf 92' lang='lat' dir='ltr'><strong>id</strong></span> <span class='ocrx_word' id='word_1_780' title='bbox 2359 4803 2501 4872; x_wconf 91' lang='lat' dir='ltr'><strong>quod</strong></span> <span class='ocrx_word' id='word_1_781' title='bbox 2543 4813 2645 4859; x_wconf 90' lang='lat' dir='ltr'><strong>est.</strong></span> <span class='ocrx_word' id='word_1_782' title='bbox 2690 4802 2956 4858; x_wconf 85' lang='lat' dir='ltr'><strong>Naturalis</strong></span> <span class='ocrx_word' id='word_1_783' title='bbox 2981 4804 3124 4860; x_wconf 90' lang='lat' dir='ltr'><strong>enim</strong></span> <span class='ocrx_word' id='word_1_784' title='bbox 3158 4805 3424 4872; x_wconf 87' lang='lat' dir='ltr'><strong>voluntas,</strong></span> <span class='ocrx_word' id='word_1_785' title='bbox 3457 4820 3559 4861; x_wconf 92' lang='lat' dir='ltr'><strong>non</strong></span> <span class='ocrx_word' id='word_1_786' title='bbox 3585 4802 3748 4875; x_wconf 88' lang='lat' dir='ltr'><strong>passio.</strong></span> 
     </span>
    </p>
   </div>
   <div class='ocr_carea' id='block_1_58' title="bbox 488 4895 3748 4972">
    <p class='ocr_par' dir='ltr' id='par_1_58' title="bbox 488 4895 3748 4972">
     <span class='ocr_line' id='line_1_58' title="bbox 488 4895 3748 4972; baseline -0.001 -16"><span class='ocrx_word' id='word_1_787' title='bbox 488 4908 595 4966; x_wconf 90' lang='lat' dir='ltr'><strong>est,</strong></span> <span class='ocrx_word' id='word_1_788' title='bbox 629 4907 688 4954; x_wconf 93' lang='lat' dir='ltr'><strong>ut</strong></span> <span class='ocrx_word' id='word_1_789' title='bbox 715 4898 783 4954; x_wconf 88' lang='lat' dir='ltr'><strong>ab</strong></span> <span class='ocrx_word' id='word_1_790' title='bbox 815 4913 1000 4953; x_wconf 91' lang='lat' dir='ltr'><strong>eorum</strong></span> <span class='ocrx_word' id='word_1_791' title='bbox 1034 4913 1152 4968; x_wconf 63' lang='lat' dir='ltr'><strong>quas</strong></span> <span class='ocrx_word' id='word_1_792' title='bbox 1179 4912 1306 4972; x_wconf 78' lang='lat' dir='ltr'><strong>vere</strong></span> <span class='ocrx_word' id='word_1_793' title='bbox 1341 4906 1467 4953; x_wconf 90' lang='lat' dir='ltr'><strong>sunt</strong></span> <span class='ocrx_word' id='word_1_794' title='bbox 1512 4896 1860 4967; x_wconf 78' lang='lat' dir='ltr'><strong>intelligentia</strong></span> <span class='ocrx_word' id='word_1_795' title='bbox 1892 4900 2089 4968; x_wconf 66' lang='lat' dir='ltr'><strong>prmin-</strong></span> <span class='ocrx_word' id='word_1_796' title='bbox 2195 4895 2501 4953; x_wconf 86' lang='lat' dir='ltr'><strong>Secundum</strong></span> <span class='ocrx_word' id='word_1_797' title='bbox 2552 4896 2712 4967; x_wconf 91' lang='lat' dir='ltr'><strong>igitur</strong></span> <span class='ocrx_word' id='word_1_798' title='bbox 2737 4896 2879 4966; x_wconf 88' lang='lat' dir='ltr'><strong>quod</strong></span> <span class='ocrx_word' id='word_1_799' title='bbox 2908 4907 2994 4953; x_wconf 89' lang='lat' dir='ltr'><strong>est</strong></span> <span class='ocrx_word' id='word_1_800' title='bbox 3033 4912 3157 4955; x_wconf 88' lang='lat' dir='ltr'><strong>esse</strong></span> <span class='ocrx_word' id='word_1_801' title='bbox 3185 4899 3301 4967; x_wconf 91' lang='lat' dir='ltr'><strong>Dei,</strong></span> <span class='ocrx_word' id='word_1_802' title='bbox 3333 4900 3386 4955; x_wconf 92' lang='lat' dir='ltr'><strong>in</strong></span> <span class='ocrx_word' id='word_1_803' title='bbox 3415 4915 3523 4971; x_wconf 92' lang='lat' dir='ltr'><strong>quo</strong></span> <span class='ocrx_word' id='word_1_804' title='bbox 3550 4895 3748 4968; x_wconf 75' lang='lat' dir='ltr'><strong>potentia</strong></span> 
     </span>
    </p>
   </div>
   <div class='ocr_carea' id='block_1_59' title="bbox 486 4990 3749 5065">
    <p class='ocr_par' dir='ltr' id='par_1_59' title="bbox 486 4990 3749 5065">
     <span class='ocr_line' id='line_1_59' title="bbox 486 4990 3749 5065; baseline -0.001 -15"><span class='ocrx_word' id='word_1_805' title='bbox 486 4992 783 5065; x_wconf 87' lang='lat' dir='ltr'><strong>telligentia</strong></span> <span class='ocrx_word' id='word_1_806' title='bbox 832 4998 1074 5061; x_wconf 89' lang='lat' dir='ltr'><strong>apparet.</strong></span> <span class='ocrx_word' id='word_1_807' title='bbox 1119 4991 1223 5046; x_wconf 87' lang='lat' dir='ltr'><strong>Ista</strong></span> <span class='ocrx_word' id='word_1_808' title='bbox 1267 4990 1429 5061; x_wconf 88' lang='lat' dir='ltr'><strong>igitur</strong></span> <span class='ocrx_word' id='word_1_809' title='bbox 1467 4990 1751 5046; x_wconf 87' lang='lat' dir='ltr'><strong>existentia</strong></span> <span class='ocrx_word' id='word_1_810' title='bbox 1811 5002 1895 5046; x_wconf 90' lang='lat' dir='ltr'><strong>est</strong></span> <span class='ocrx_word' id='word_1_811' title='bbox 1924 4992 2087 5048; x_wconf 91' lang='lat' dir='ltr'><strong>totius</strong></span> <span class='ocrx_word' id='word_1_812' title='bbox 2194 4991 2498 5047; x_wconf 66' lang='lat' dir='ltr'><strong>existentiae</strong></span> <span class='ocrx_word' id='word_1_813' title='bbox 2553 5001 2658 5055; x_wconf 89' lang='lat' dir='ltr'><strong>est,</strong></span> <span class='ocrx_word' id='word_1_814' title='bbox 2695 4991 3119 5048; x_wconf 84' lang='lat' dir='ltr'><strong>substantialitas</strong></span> <span class='ocrx_word' id='word_1_815' title='bbox 3152 4994 3347 5064; x_wconf 87' lang='lat' dir='ltr'><strong>patria,</strong></span> <span class='ocrx_word' id='word_1_816' title='bbox 3374 4994 3749 5060; x_wconf 88' lang='lat' dir='ltr'><strong>secundumpo-</strong></span> 
     </span>
    </p>
   </div>
   <div class='ocr_carea' id='block_1_60' title="bbox 485 5080 3746 5158">
    <p class='ocr_par' dir='ltr' id='par_1_60' title="bbox 485 5080 3746 5158">
     <span class='ocr_line' id='line_1_60' title="bbox 485 5080 3746 5158; baseline -0.003 -11"><span class='ocrx_word' id='word_1_817' title='bbox 485 5088 788 5147; x_wconf 66' lang='lat' dir='ltr'><strong>existentiae</strong></span> <span class='ocrx_word' id='word_1_818' title='bbox 816 5085 948 5149; x_wconf 86' lang='lat' dir='ltr'><strong>vita,</strong></span> <span class='ocrx_word' id='word_1_819' title='bbox 971 5094 1028 5141; x_wconf 90' lang='lat' dir='ltr'><strong>et</strong></span> <span class='ocrx_word' id='word_1_820' title='bbox 1044 5084 1199 5155; x_wconf 86' lang='lat' dir='ltr'><strong>juxta</strong></span> <span class='ocrx_word' id='word_1_821' title='bbox 1223 5085 1364 5154; x_wconf 89' lang='lat' dir='ltr'><strong>quod</strong></span> <span class='ocrx_word' id='word_1_822' title='bbox 1393 5084 1501 5139; x_wconf 83' lang='lat' dir='ltr'><strong>vita</strong></span> <span class='ocrx_word' id='word_1_823' title='bbox 1525 5094 1701 5140; x_wconf 91' lang='lat' dir='ltr'><strong>motus</strong></span> <span class='ocrx_word' id='word_1_824' title='bbox 1733 5086 1884 5155; x_wconf 90' lang='lat' dir='ltr'><strong>quasi</strong></span> <span class='ocrx_word' id='word_1_825' title='bbox 1908 5085 2087 5142; x_wconf 75' lang='lat' dir='ltr'><strong>ftemi-</strong></span> <span class='ocrx_word' id='word_1_826' title='bbox 2194 5085 2436 5149; x_wconf 91' lang='lat' dir='ltr'><strong>tentiam,</strong></span> <span class='ocrx_word' id='word_1_827' title='bbox 2462 5084 2759 5140; x_wconf 89' lang='lat' dir='ltr'><strong>secundum</strong></span> <span class='ocrx_word' id='word_1_828' title='bbox 2800 5085 2942 5141; x_wconf 91' lang='lat' dir='ltr'><strong>istud</strong></span> <span class='ocrx_word' id='word_1_829' title='bbox 2986 5101 3111 5143; x_wconf 88' lang='lat' dir='ltr'><strong>esse</strong></span> <span class='ocrx_word' id='word_1_830' title='bbox 3155 5088 3331 5158; x_wconf 89' lang='lat' dir='ltr'><strong>ipsum</strong></span> <span class='ocrx_word' id='word_1_831' title='bbox 3384 5098 3439 5144; x_wconf 91' lang='lat' dir='ltr'><strong>et</strong></span> <span class='ocrx_word' id='word_1_832' title='bbox 3467 5088 3567 5143; x_wconf 86' lang='lat' dir='ltr'><strong>vita</strong></span> <span class='ocrx_word' id='word_1_833' title='bbox 3593 5094 3681 5143; x_wconf 88' lang='lat' dir='ltr'><strong>est.</strong></span> <span class='ocrx_word' id='word_1_834' title='bbox 3702 5080 3746 5138; x_wconf 87' lang='lat' dir='ltr'><strong>Si</strong></span> 
     </span>
    </p>
   </div>
   <div class='ocr_carea' id='block_1_61' title="bbox 484 5177 3742 5251">
    <p class='ocr_par' dir='ltr' id='par_1_61' title="bbox 484 5177 3742 5251">
     <span class='ocr_line' id='line_1_61' title="bbox 484 5177 3742 5251; baseline -0.003 -12"><span class='ocrx_word' id='word_1_835' title='bbox 484 5198 643 5240; x_wconf 85' lang='lat' dir='ltr'><strong>neum</strong></span> <span class='ocrx_word' id='word_1_836' title='bbox 674 5182 866 5238; x_wconf 84' lang='lat' dir='ltr'><strong>sortita</strong></span> <span class='ocrx_word' id='word_1_837' title='bbox 893 5190 977 5236; x_wconf 90' lang='lat' dir='ltr'><strong>est</strong></span> <span class='ocrx_word' id='word_1_838' title='bbox 1010 5177 1328 5251; x_wconf 88' lang='lat' dir='ltr'><strong>potentiam,</strong></span> <span class='ocrx_word' id='word_1_839' title='bbox 1371 5177 1472 5232; x_wconf 88' lang='lat' dir='ltr'><strong>hoc</strong></span> <span class='ocrx_word' id='word_1_840' title='bbox 1491 5178 1632 5248; x_wconf 91' lang='lat' dir='ltr'><strong>quod</strong></span> <span class='ocrx_word' id='word_1_841' title='bbox 1664 5179 1975 5250; x_wconf 86' lang='lat' dir='ltr'><strong>concupivit</strong></span> <span class='ocrx_word' id='word_1_842' title='bbox 2003 5180 2084 5235; x_wconf 92' lang='lat' dir='ltr'><strong>vi-</strong></span> <span class='ocrx_word' id='word_1_843' title='bbox 2190 5192 2321 5248; x_wconf 89' lang='lat' dir='ltr'><strong>ergo</strong></span> <span class='ocrx_word' id='word_1_844' title='bbox 2349 5177 2516 5233; x_wconf 90' lang='lat' dir='ltr'><strong>movit</strong></span> <span class='ocrx_word' id='word_1_845' title='bbox 2539 5178 2645 5233; x_wconf 87' lang='lat' dir='ltr'><strong>vita</strong></span> <span class='ocrx_word' id='word_1_846' title='bbox 2693 5178 3066 5248; x_wconf 82' lang='lat' dir='ltr'><strong>semetipsum,</strong></span> <span class='ocrx_word' id='word_1_847' title='bbox 3099 5181 3269 5235; x_wconf 88' lang='lat' dir='ltr'><strong>motio</strong></span> <span class='ocrx_word' id='word_1_848' title='bbox 3315 5190 3494 5238; x_wconf 81' lang='lat' dir='ltr'><strong>autem</strong></span> <span class='ocrx_word' id='word_1_849' title='bbox 3514 5179 3742 5238; x_wconf 77' lang='lat' dir='ltr'><strong>voluntas,</strong></span> 
     </span>
    </p>
   </div>
   <div class='ocr_carea' id='block_1_62' title="bbox 482 5256 3743 5349">
    <p class='ocr_par' dir='ltr' id='par_1_62' title="bbox 482 5256 3743 5349">
     <span class='ocr_line' id='line_1_62' title="bbox 482 5256 3743 5349; baseline -0.002 -16"><span class='ocrx_word' id='word_1_850' title='bbox 482 5280 724 5335; x_wconf 83' lang='lat' dir='ltr'><strong>viticare.</strong></span> <span class='ocrx_word' id='word_1_851' title='bbox 756 5276 863 5334; x_wconf 90' lang='lat' dir='ltr'><strong>Sed</strong></span> <span class='ocrx_word' id='word_1_852' title='bbox 893 5275 1142 5343; x_wconf 82' lang='lat' dir='ltr'><strong>quoniam</strong></span> <span class='ocrx_word' id='word_1_853' title='bbox 1189 5273 1328 5329; x_wconf 91' lang='lat' dir='ltr'><strong>sicut</strong></span> <span class='ocrx_word' id='word_1_854' title='bbox 1352 5272 1802 5340; x_wconf 90' lang='lat' dir='ltr'><strong>demonstratum,</strong></span> <span class='ocrx_word' id='word_1_855' title='bbox 1833 5276 1934 5330; x_wconf 88' lang='lat' dir='ltr'><strong>ista</strong></span> <span class='ocrx_word' id='word_1_856' title='bbox 1966 5292 2083 5332; x_wconf 89' lang='lat' dir='ltr'><strong>mo-</strong></span> <span class='ocrx_word' id='word_1_857' title='bbox 2193 5276 2361 5346; x_wconf 89' lang='lat' dir='ltr'><strong>patria</strong></span> <span class='ocrx_word' id='word_1_858' title='bbox 2394 5256 2525 5345; x_wconf 81' lang='lat' dir='ltr'><strong>ergo</strong></span> <span class='ocrx_word' id='word_1_859' title='bbox 2553 5275 2741 5340; x_wconf 88' lang='lat' dir='ltr'><strong>motio.</strong></span> <span class='ocrx_word' id='word_1_860' title='bbox 2765 5286 2819 5332; x_wconf 89' lang='lat' dir='ltr'><strong>et</strong></span> <span class='ocrx_word' id='word_1_861' title='bbox 2846 5275 3018 5347; x_wconf 84' lang='lat' dir='ltr'><strong>patria</strong></span> <span class='ocrx_word' id='word_1_862' title='bbox 3044 5277 3318 5344; x_wconf 83' lang='lat' dir='ltr'><strong>voluntas,</strong></span> <span class='ocrx_word' id='word_1_863' title='bbox 3341 5277 3584 5349; x_wconf 86' lang='lat' dir='ltr'><strong>quoniam</strong></span> <span class='ocrx_word' id='word_1_864' title='bbox 3605 5268 3743 5346; x_wconf 77' lang='lat' dir='ltr'><strong>patria</strong></span> 
     </span>
    </p>
   </div>
   <div class='ocr_carea' id='block_1_63' title="bbox 481 5365 3739 5443">
    <p class='ocr_par' dir='ltr' id='par_1_63' title="bbox 481 5365 3739 5443">
     <span class='ocr_line' id='line_1_63' title="bbox 481 5365 3739 5443; baseline -0.003 -14"><span class='ocrx_word' id='word_1_865' title='bbox 481 5372 560 5429; x_wconf 86' lang='lat' dir='ltr'><strong>tio</strong></span> <span class='ocrx_word' id='word_1_866' title='bbox 586 5386 693 5427; x_wconf 88' lang='lat' dir='ltr'><strong>una</strong></span> <span class='ocrx_word' id='word_1_867' title='bbox 717 5386 839 5427; x_wconf 91' lang='lat' dir='ltr'><strong>eum</strong></span> <span class='ocrx_word' id='word_1_868' title='bbox 875 5368 964 5434; x_wconf 91' lang='lat' dir='ltr'><strong>sit,</strong></span> <span class='ocrx_word' id='word_1_869' title='bbox 996 5377 1051 5423; x_wconf 93' lang='lat' dir='ltr'><strong>et</strong></span> <span class='ocrx_word' id='word_1_870' title='bbox 1077 5368 1187 5422; x_wconf 89' lang='lat' dir='ltr'><strong>vita</strong></span> <span class='ocrx_word' id='word_1_871' title='bbox 1227 5376 1312 5422; x_wconf 89' lang='lat' dir='ltr'><strong>est</strong></span> <span class='ocrx_word' id='word_1_872' title='bbox 1336 5366 1621 5437; x_wconf 88' lang='lat' dir='ltr'><strong>sapientia,</strong></span> <span class='ocrx_word' id='word_1_873' title='bbox 1660 5376 1770 5424; x_wconf 86' lang='lat' dir='ltr'><strong>tota</strong></span> <span class='ocrx_word' id='word_1_874' title='bbox 1819 5386 2080 5430; x_wconf 88' lang='lat' dir='ltr'><strong>conversa</strong></span> <span class='ocrx_word' id='word_1_875' title='bbox 2190 5370 2431 5442; x_wconf 90' lang='lat' dir='ltr'><strong>potentia</strong></span> <span class='ocrx_word' id='word_1_876' title='bbox 2461 5370 2590 5425; x_wconf 89' lang='lat' dir='ltr'><strong>vita.</strong></span> <span class='ocrx_word' id='word_1_877' title='bbox 2638 5370 2746 5428; x_wconf 91' lang='lat' dir='ltr'><strong>Sed</strong></span> <span class='ocrx_word' id='word_1_878' title='bbox 2794 5371 2840 5426; x_wconf 90' lang='lat' dir='ltr'><strong>si</strong></span> <span class='ocrx_word' id='word_1_879' title='bbox 2893 5370 3189 5426; x_wconf 91' lang='lat' dir='ltr'><strong>secundum</strong></span> <span class='ocrx_word' id='word_1_880' title='bbox 3228 5371 3375 5443; x_wconf 91' lang='lat' dir='ltr'><strong>quod</strong></span> <span class='ocrx_word' id='word_1_881' title='bbox 3400 5383 3477 5427; x_wconf 72' lang='grc' dir='ltr'><strong>εει</strong></span> <span class='ocrx_word' id='word_1_882' title='bbox 3504 5383 3616 5426; x_wconf 84' lang='lat' dir='ltr'><strong>esse</strong></span> <span class='ocrx_word' id='word_1_883' title='bbox 3636 5365 3739 5428; x_wconf 76' lang='lat' dir='ltr'><strong>vita,</strong></span> 
     </span>
    </p>
   </div>
   <div class='ocr_carea' id='block_1_64' title="bbox 480 5457 3740 5536">
    <p class='ocr_par' dir='ltr' id='par_1_64' title="bbox 480 5457 3740 5536">
     <span class='ocr_line' id='line_1_64' title="bbox 480 5457 3740 5536; baseline -0.002 -18"><span class='ocrx_word' id='word_1_884' title='bbox 480 5463 537 5519; x_wconf 87' lang='lat' dir='ltr'><strong>in</strong></span> <span class='ocrx_word' id='word_1_885' title='bbox 567 5460 909 5532; x_wconf 86' lang='lat' dir='ltr'><strong>sapientiam,</strong></span> <span class='ocrx_word' id='word_1_886' title='bbox 948 5468 1003 5514; x_wconf 91' lang='lat' dir='ltr'><strong>ct</strong></span> <span class='ocrx_word' id='word_1_887' title='bbox 1028 5458 1199 5529; x_wconf 86' lang='lat' dir='ltr'><strong>magis</strong></span> <span class='ocrx_word' id='word_1_888' title='bbox 1226 5457 1279 5513; x_wconf 91' lang='lat' dir='ltr'><strong>in</strong></span> <span class='ocrx_word' id='word_1_889' title='bbox 1312 5457 1652 5514; x_wconf 85' lang='lat' dir='ltr'><strong>existentiam</strong></span> <span class='ocrx_word' id='word_1_890' title='bbox 1684 5459 1933 5530; x_wconf 89' lang='lat' dir='ltr'><strong>patriam,</strong></span> <span class='ocrx_word' id='word_1_891' title='bbox 1966 5478 2081 5518; x_wconf 86' lang='lat' dir='ltr'><strong>ma-</strong></span> <span class='ocrx_word' id='word_1_892' title='bbox 2187 5463 2356 5519; x_wconf 89' lang='lat' dir='ltr'><strong>motio</strong></span> <span class='ocrx_word' id='word_1_893' title='bbox 2378 5472 2482 5531; x_wconf 90' lang='lat' dir='ltr'><strong>est,</strong></span> <span class='ocrx_word' id='word_1_894' title='bbox 2516 5464 2733 5536; x_wconf 90' lang='lat' dir='ltr'><strong>propria</strong></span> <span class='ocrx_word' id='word_1_895' title='bbox 2759 5478 2893 5535; x_wconf 87' lang='lat' dir='ltr'><strong>ergo</strong></span> <span class='ocrx_word' id='word_1_896' title='bbox 2916 5465 3084 5519; x_wconf 91' lang='lat' dir='ltr'><strong>motio</strong></span> <span class='ocrx_word' id='word_1_897' title='bbox 3112 5466 3239 5519; x_wconf 63' lang='lat' dir='ltr'><strong>vitae</strong></span> <span class='ocrx_word' id='word_1_898' title='bbox 3267 5475 3368 5520; x_wconf 89' lang='lat' dir='ltr'><strong>est.</strong></span> <span class='ocrx_word' id='word_1_899' title='bbox 3395 5464 3500 5521; x_wconf 84' lang='lat' dir='ltr'><strong>Sed</strong></span> <span class='ocrx_word' id='word_1_900' title='bbox 3527 5460 3740 5532; x_wconf 86' lang='lat' dir='ltr'><strong>quoniam</strong></span> 
     </span>
    </p>
   </div>
   <div class='ocr_carea' id='block_1_65' title="bbox 478 5550 3738 5627">
    <p class='ocr_par' dir='ltr' id='par_1_65' title="bbox 478 5550 3738 5627">
     <span class='ocr_line' id='line_1_65' title="bbox 478 5550 3738 5627; baseline -0.001 -14"><span class='ocrx_word' id='word_1_901' title='bbox 478 5554 563 5625; x_wconf 73' lang='lat' dir='ltr'><strong>gis</strong></span> <span class='ocrx_word' id='word_1_902' title='bbox 588 5562 680 5609; x_wconf 76' lang='lat' dir='ltr'><strong>aut</strong></span> <span class='ocrx_word' id='word_1_903' title='bbox 704 5562 851 5609; x_wconf 76' lang='lat' dir='ltr'><strong>retro</strong></span> <span class='ocrx_word' id='word_1_904' title='bbox 877 5561 1040 5609; x_wconf 63' lang='lat' dir='ltr'><strong>mola!</strong></span> <span class='ocrx_word' id='word_1_905' title='bbox 1066 5551 1321 5608; x_wconf 76' lang='lat' dir='ltr'><strong>motionis</strong></span> <span class='ocrx_word' id='word_1_906' title='bbox 1341 5551 1394 5607; x_wconf 82' lang='lat' dir='ltr'><strong>in</strong></span> <span class='ocrx_word' id='word_1_907' title='bbox 1422 5550 1648 5622; x_wconf 78' lang='lat' dir='ltr'><strong>patriam</strong></span> <span class='ocrx_word' id='word_1_908' title='bbox 1677 5554 1995 5624; x_wconf 86' lang='lat' dir='ltr'><strong>potentiam,</strong></span> <span class='ocrx_word' id='word_1_909' title='bbox 2023 5567 2079 5614; x_wconf 87' lang='lat' dir='ltr'><strong>et</strong></span> <span class='ocrx_word' id='word_1_910' title='bbox 2187 5557 2356 5613; x_wconf 91' lang='lat' dir='ltr'><strong>motio</strong></span> <span class='ocrx_word' id='word_1_911' title='bbox 2381 5556 2599 5613; x_wconf 90' lang='lat' dir='ltr'><strong>aliunde</strong></span> <span class='ocrx_word' id='word_1_912' title='bbox 2626 5557 2692 5613; x_wconf 90' lang='lat' dir='ltr'><strong>ad</strong></span> <span class='ocrx_word' id='word_1_913' title='bbox 2722 5557 2868 5614; x_wconf 89' lang='lat' dir='ltr'><strong>aliud</strong></span> <span class='ocrx_word' id='word_1_914' title='bbox 2913 5558 3105 5626; x_wconf 78' lang='lat' dir='ltr'><strong>fertur,</strong></span> <span class='ocrx_word' id='word_1_915' title='bbox 3141 5557 3309 5615; x_wconf 88' lang='lat' dir='ltr'><strong>veluti</strong></span> <span class='ocrx_word' id='word_1_916' title='bbox 3338 5559 3405 5613; x_wconf 89' lang='lat' dir='ltr'><strong>ab</strong></span> <span class='ocrx_word' id='word_1_917' title='bbox 3431 5574 3497 5613; x_wconf 90' lang='lat' dir='ltr'><strong>eo</strong></span> <span class='ocrx_word' id='word_1_918' title='bbox 3525 5551 3652 5627; x_wconf 89' lang='lat' dir='ltr'><strong>quod</strong></span> <span class='ocrx_word' id='word_1_919' title='bbox 3673 5557 3738 5605; x_wconf 79' lang='lat' dir='ltr'><strong>est</strong></span> 
     </span>
    </p>
   </div>
   <div class='ocr_carea' id='block_1_66' title="bbox 476 5648 3735 5723">
    <p class='ocr_par' dir='ltr' id='par_1_66' title="bbox 476 5648 3735 5723">
     <span class='ocr_line' id='line_1_66' title="bbox 476 5648 3735 5723; baseline 0 -18"><span class='ocrx_word' id='word_1_920' title='bbox 476 5649 548 5705; x_wconf 76' lang='lat' dir='ltr'><strong>ab</strong></span> <span class='ocrx_word' id='word_1_921' title='bbox 576 5648 695 5719; x_wconf 88' lang='lat' dir='ltr'><strong>ipso</strong></span> <span class='ocrx_word' id='word_1_922' title='bbox 715 5648 1100 5707; x_wconf 85' lang='lat' dir='ltr'><strong>viviﬁcatavita</strong></span> <span class='ocrx_word' id='word_1_923' title='bbox 1122 5663 1408 5709; x_wconf 86' lang='lat' dir='ltr'><strong>recurrens</strong></span> <span class='ocrx_word' id='word_1_924' title='bbox 1434 5648 1491 5706; x_wconf 90' lang='lat' dir='ltr'><strong>in</strong></span> <span class='ocrx_word' id='word_1_925' title='bbox 1508 5658 1739 5721; x_wconf 88' lang='lat' dir='ltr'><strong>patrem,</strong></span> <span class='ocrx_word' id='word_1_926' title='bbox 1761 5650 1848 5708; x_wconf 90' lang='lat' dir='ltr'><strong>vir</strong></span> <span class='ocrx_word' id='word_1_927' title='bbox 1862 5650 2073 5721; x_wconf 65' lang='lat' dir='ltr'><strong>enecta,</strong></span> <span class='ocrx_word' id='word_1_928' title='bbox 2181 5651 2327 5708; x_wconf 88' lang='lat' dir='ltr'><strong>intus</strong></span> <span class='ocrx_word' id='word_1_929' title='bbox 2359 5649 2527 5720; x_wconf 85' lang='lat' dir='ltr'><strong>foras,</strong></span> <span class='ocrx_word' id='word_1_930' title='bbox 2557 5651 2702 5722; x_wconf 89' lang='lat' dir='ltr'><strong>quod</strong></span> <span class='ocrx_word' id='word_1_931' title='bbox 2750 5651 2857 5708; x_wconf 86' lang='lat' dir='ltr'><strong>vita</strong></span> <span class='ocrx_word' id='word_1_932' title='bbox 2904 5660 2963 5710; x_wconf 86' lang='lat' dir='ltr'><strong>et</strong></span> <span class='ocrx_word' id='word_1_933' title='bbox 3003 5652 3248 5723; x_wconf 88' lang='lat' dir='ltr'><strong>potentia</strong></span> <span class='ocrx_word' id='word_1_934' title='bbox 3275 5661 3380 5719; x_wconf 87' lang='lat' dir='ltr'><strong>est,</strong></span> <span class='ocrx_word' id='word_1_935' title='bbox 3410 5659 3464 5708; x_wconf 89' lang='lat' dir='ltr'><strong>et</strong></span> <span class='ocrx_word' id='word_1_936' title='bbox 3485 5659 3674 5713; x_wconf 70' lang='lat' dir='ltr'><strong>natura.</strong></span> <span class='ocrx_word' id='word_1_937' title='bbox 3694 5650 3735 5698; x_wconf 66' lang='lat' dir='ltr'><strong>ei</strong></span> 
     </span>
    </p>
   </div>
  </div>
