4024 6306
257 262 388 321 1081

1460 260 1825 320 Αυινιῖιιειιε
1855 259 2073 318 ARIUM
2114 259 2318 319 LIBER
2357 262 2396 318 I.

3409 256 3552 317 ιοεε

253 378 503 435 voluntas
529 396 542 432 :
573 386 631 435 et
658 379 891 436 maxime
920 378 1062 435 istud
1088 378 1374 435 existentia
1401 378 1591 449 ipsius,
1613 377 1737 433 ideo
1766 374 1845 432 εἴ·
1872 383 1920 444 Α
1949 382 2235 438 existentia
2282 391 2335 437 ει
2391 381 2667 438 beatitudo
2717 380 2858 437 idem
2902 395 3135 441 :rttrsus
3185 394 3309 437 esse
3359 390 3414 437 et
3441 380 3549 436 vita

250 470 505 544 lulgentia
537 473 733 529 dicitur
755 488 877 530 esse
902 474 984 529 vel
1015 473 1342 545 progressio,
1373 483 1465 527 aut
1507 473 1697 529 elevati
1735 472 1849 542 spi-

252 566 390 623 ritus
426 567 814 635 manifestatio,
848 568 1122 640 operatrix
1150 567 1202 622 in
1228 564 1599 622 vivel’aciendo
1629 564 1681 621 id
1703 563 1849 636 quod

251 675 412 717 omne
459 672 627 719 totum
673 661 1133 719 estessentitatis.
1166 661 1317 717 Intus
1350 662 1510 732 igitur
1565 661 1849 716 existentis

254 754 404 820 vitae,
429 753 580 825 juxta
637 754 779 826 quod
831 763 916 811 est
953 757 1249 810 motionem
1294 770 1415 811 esse
1457 756 1625 824 ipsam
1658 754 1847 821 vitam,

249 847 432 920 proles
460 848 580 919 ejus
607 850 749 921 quod
772 860 857 907 est
883 861 1088 921 patrem
1117 864 1237 905 esse
1266 849 1370 905 vita
1411 860 1490 905 εει
1516 866 1530 903 :
1555 847 1848 903 secundum

249 941 395 1015 quod
417 943 586 999 motio
611 953 713 999 est.
741 944 847 1001 Sed
891 947 1147 1016 quoniam
1181 945 1348 1000 motio
1388 944 1539 1015 juxta
1561 942 1701 1013 quod
1731 957 1849 996 mo-

252 1036 329 1092 tio
357 1043 461 1105 est,
495 1037 700 1092 nullam
725 1038 1015 1094 elationem
1048 1038 1271 1108 habens,
1303 1041 1373 1093 ab
1395 1053 1461 1094 eo
1481 1037 1621 1108 quod
1649 1046 1733 1094 est
1763 1037 1850 1091 in-

249 1138 337 1187 tus
365 1145 650 1203 progressa
696 1132 845 1189 l'oras
886 1141 989 1202 est,
1016 1134 1157 1189 sicut
1195 1148 1389 1189 sensus
1415 1132 1483 1187 ab
1504 1147 1570 1188 eo
1598 1132 1687 1203 qui
1732 1137 1852 1195 νοῦς

251 1234 357 1293 est,
381 1227 675 1296 potentiam
727 1227 1000 1283 fontanam
1030 1238 1084 1284 et
1141 1228 1499 1284 universalem
1552 1225 1848 1296 accipiens,

245 1315 402 1388 juxta
450 1319 746 1376 motionem
799 1332 856 1377 et
887 1322 1029 1376 intus
1068 1332 1122 1377 et
1169 1304 1300 1377 foris
1338 1332 1458 1377 est:
1493 1320 1658 1376 motio
1702 1319 1848 1374 enim

249 1417 371 1474 νοῦς
399 1422 503 1480 εει,
556 1413 635 1468 sic
662 1424 717 1470 et
753 1415 857 1469 vita
885 1414 1037 1486 juxta
1059 1415 1201 1486 quod
1258 1416 1426 1470 motio
1466 1424 1570 1481 est,
1607 1413 1747 1467 ﬁlius
1769 1420 1853 1467 est

256 1504 435 1563 factus
458 1507 740 1565 manifesta
789 1512 958 1566 motio
979 1528 1006 1565 a
1038 1512 1274 1567 motione
1304 1512 1496 1582 patria,
1523 1526 1643 1581 quin
1672 1510 1723 1563 in
1761 1523 1853 1564 oc-

249 1602 397 1658 culto
427 1614 532 1668 eat,
566 1620 685 1674 qua:
711 1607 1007 1660 secundum
1037 1606 1260 1676 primani
1296 1606 1590 1677 potentiam
1615 1604 1853 1659 existen-

252 1695 326 1750 tia
371 1704 474 1751 est.
507 1696 717 1753 Rursus
745 1699 854 1753 vita
902 1698 1197 1755 secundum
1228 1699 1370 1771 quod
1397 1700 1563 1754 motio
1586 1707 1691 1762 est,
1722 1710 1849 1767 pro-

1954 476 2120 543 idem,
2149 486 2204 533 et
2231 476 2336 532 vita
2366 486 2419 533 et
2447 477 2747 549 intelligere
2791 475 2954 533 idem.
2986 477 3191 532 Dictum
3221 475 3290 532 de
3318 476 3436 532 istis
3464 483 3551 530 est

1952 570 2006 626 in
2031 570 2170 626 libro
2199 572 2289 642 qui
2335 579 2461 627 ante
2485 572 2667 639 istum,
2700 579 2756 626 et
2800 571 2852 625 in
2881 569 3022 635 aliis,
3050 568 3304 639 quoniam
3356 568 3409 623 iu
3438 582 3547 623 uno

1954 668 2077 733 tria,
2108 676 2161 722 et
2186 665 2388 722 idcirco
2433 665 2623 722 eadem
2658 666 2758 721 tria
2792 668 3106 739 εσυνώνυμα
3160 660 3264 744 ἂρα
3312 666 3378 722 τὰ
3403 665 3546 741 τρία,

1951 759 2245 815 secundum
2267 773 2459 814 nomen
2483 758 2623 830 quod
2655 758 2859 815 obtinet
2889 757 3291 828 unumquidque
3320 756 3545 812 istorum

1953 852 2246 923 potentiam
2273 866 2449 908 suam.
2481 851 2694 908 Etenim
2724 850 2868 923 quod
2894 861 2980 908 est
3006 866 3148 919 esse,
3174 860 3229 906 et
3256 851 3361 905 vita
3386 859 3439 905 et
3466 849 3550 905 in-

1954 944 2249 1014 telligentia
2299 944 2422 999 :sic
2460 952 2514 999 et
2566 944 2710 998 aliud
2755 942 2821 998 ad
2869 942 3233 1011 alia;eadem
3287 942 3446 1013 igitur
3496 950 3552 998 ct

1955 1041 2249 1111 συνώνυμα,
2279 1036 2470 1093 eadem
2500 1044 2888 1107 congenerata,
2920 1034 3086 1106 igitur
3111 1043 3164 1091 et
3190 1033 3550 1089 consubstan-

1954 1135 2100 1189 tialia
2145 1135 2266 1189 ista.
2314 1133 2418 1189 Sed
2447 1133 2599 1205 quasi
2646 1141 2869 1204 apparet
2920 1130 3161 1187 alteritas
3200 1127 3445 1201 quietiam
3493 1128 3549 1183 in

1954 1230 2092 1296 istis,
2116 1238 2170 1284 et
2199 1228 2453 1294 maxime,
2500 1227 2703 1282 idcirco
2730 1224 2917 1280 eadem
2960 1240 3065 1281 non
3109 1223 3223 1295 ipsa
3254 1239 3270 1289 ;
3298 1220 3546 1292 qttmdam

1952 1323 2094 1378 enim
2124 1336 2222 1378 sua
2268 1321 2505 1391 potentia
2560 1323 2611 1374 in
2660 1318 2896 1384 occulto,
2928 1326 2983 1373 et
3032 1314 3319 1372 manifesta
3365 1313 3468 1367 alia
3496 1320 3553 1368 et

1951 1426 2076 1473 sunt
2098 1427 2153 1474 et
2181 1417 2571 1486 intelliguntur,
2602 1414 2887 1471 existentia
2919 1421 3097 1468 autem
3148 1413 3201 1466 in
3230 1408 3420 1466 eadem
3453 1422 3549 1479 po-

1954 1514 2121 1569 tentia
2149 1512 2308 1567 simul
2334 1511 2571 1582 potentia
2622 1518 2673 1567 et
2699 1507 3185 1565 consubstantialia
3228 1513 3376 1569 sunt,
3411 1511 3465 1559 et
3494 1503 3546 1557 in

1954 1608 2070 1662 istis
2098 1607 2230 1661 solis
2274 1605 2417 1661 inest
2440 1619 2604 1659 unum
2638 1618 2760 1659 esse
2789 1601 3002 1670 eadem,
3031 1600 3153 1655 aliis
3175 1612 3306 1655 vero
3333 1597 3399 1653 ab
3428 1595 3546 1651 istis

1953 1699 2007 1756 in
2034 1698 2316 1754 identilate
2346 1698 2515 1752 altera
2544 1710 2665 1752 esse
2690 1704 2744 1750 et
2771 1694 2989 1750 eadem.

245 1788 446 1845 cedens
490 1806 521 1844 a
549 1792 721 1861 patria
770 1793 1028 1860 motione,
1070 1802 1125 1848 et
1156 1792 1299 1848 intus
1330 1801 1386 1847 et
1426 1791 1558 1847 foris
1598 1798 1682 1845 est
1707 1806 1719 1843 :
1748 1787 1845 1844 sed
1880 1789 1923 1849 Β
2021 1791 2132 1846 LV.
2172 1790 2325 1846 Nunc
2370 1799 2551 1845 autent
2600 1785 3034 1860 perspiciendum
3086 1783 3215 1857 quid
3247 1782 3549 1854 signiﬁcent

248 1882 396 1938 enim
421 1883 528 1937 vita
557 1883 723 1938 motio
749 1894 834 1940 est
866 1901 880 1938 :
912 1886 1016 1940 vita
1050 1886 1211 1957 igitur
1239 1895 1293 1941 et
1323 1887 1464 1941 intus
1506 1896 1556 1941 et
1585 1883 1715 1940 foris
1742 1895 1847 1950 εει,

247 1973 383 2028 vivit
413 1974 577 2045 igitur
607 1976 766 2043 Deus,
794 1978 923 2032 vivit
954 1980 1067 2048 ipsa
1100 1980 1226 2045 vita,
1266 1994 1395 2049 ergo
1416 1987 1471 2033 et
1498 1978 1637 2034 Deus
1658 1987 1710 2033 et
1742 1978 1847 2032 vita

248 2082 439 2122 unum.
471 2066 639 2139 Igitur
670 2072 771 2127 ista
790 2070 898 2127 duo
929 2083 982 2128 et
1006 2073 1058 2128 in
1090 2089 1435 2146 unoquoque,
1466 2083 1521 2129 et
1544 2076 1770 2130 alterum
1794 2083 1849 2129 et

246 2158 391 2216 idem
424 2178 438 2214 :
470 2161 524 2215 in
555 2162 669 2218 ﬁlio
694 2164 856 2234 igitur
880 2172 1054 2235 pater,
1084 2174 1140 2222 et
1164 2167 1214 2221 in
1242 2176 1392 2237 patre
1412 2166 1578 2221 ﬁlius.

321 2253 454 2308 LIII.
497 2254 781 2311 Exclamat
833 2259 993 2328 igitur
1032 2260 1252 2328 veritas,
1284 2258 1426 2330 quod
1469 2259 1719 2332 ὁμοούσια
1748 2259 1846 2314 ista

244 2347 544 2402 secundum
602 2349 934 2407 idetttitatem
979 2353 1194 2407 counita
1251 2352 1540 2408 alteritate.
1575 2352 1782 2408 Rursus
1801 2352 1846 2407 si

247 2449 405 2511 pater
429 2442 557 2510 vita,
590 2453 646 2498 et
674 2445 816 2500 ﬁlius
840 2447 966 2513 vita,
996 2448 1248 2518 quoniam
1304 2448 1442 2502 lilius
1472 2448 1576 2502 vita
1607 2462 1727 2502 cum
1773 2446 1845 2501 sit

244 2533 542 2590 secundum
567 2536 711 2607 quod
757 2550 935 2594 motus
968 2548 1074 2605 cst,
1102 2551 1158 2595 et
1186 2542 1329 2594 intus
1359 2550 1415 2595 et
1435 2540 1566 2595 foris
1591 2548 1692 2605 est,
1714 2538 1847 2593 vivit

245 2625 413 2692 Deus,
443 2628 579 2683 vivit
608 2627 774 2693 ﬁlius,
806 2638 863 2685 et
903 2630 1036 2686 furis
1085 2632 1270 2686 vivunt
1301 2632 1480 2686 omnia
1509 2631 1707 2702 ubique
1735 2630 1845 2685 lilio

245 2720 535 2776 existente.
558 2720 621 2775 Et
648 2723 901 2792 quoniam
928 2723 981 2777 in
1004 2724 1117 2779 ﬁlio
1147 2733 1319 2794 pater,
1352 2723 1553 2795 ubique
1579 2732 1634 2778 et
1667 2714 1841 2794 pater.

243 2811 458 2868 Rursus
483 2814 898 2885 item'quoniam
941 2814 994 2871 in
1050 2816 1162 2872 ﬁlio
1208 2828 1363 2887 pater
1392 2834 1405 2872 :
1434 2831 1555 2871 cmn
1603 2815 1845 2871 videritis

243 2905 438 2974 lilium,
472 2917 528 2962 et
578 2907 980 2977 intellexeritis,
1011 2910 1263 2965 videbitis
1307 2919 1357 2965 et
1415 2910 1724 2981 intelligetis
1752 2924 1844 2978 pa-

242 3006 406 3055 trem.
442 2999 642 3070 Siquis
677 3017 759 3056 me
783 3001 938 3070 videt,
967 3003 1103 3057 uidet
1131 3013 1176 3057 et
1224 3017 1420 3074 patrem
1445 3019 1463 3057 :
1498 3012 1717 3073 propter
1739 3001 1843 3056 hoc

242 3091 392 3149 enim
438 3092 649 3150 dictum
673 3105 776 3151 est.
804 3097 1069 3164 Quoniam
1122 3098 1263 3154 lilius
1302 3098 1474 3155 forma
1505 3109 1587 3154 est
1632 3099 1797 3170 patris
1828 3116 1841 3151 :

1953 1884 2055 1938 alia
2078 1885 2297 1938 nomina
2347 1882 2624 1952 inprimis
2673 1881 2868 1951 posita.
2904 1878 3033 1933 Dico
3081 1885 3258 1932 autem
3302 1875 3547 1945 spiritus,

1952 1980 2119 2055 λόγος,
2150 1986 2286 2045 νοῦς,
2342 1986 2560 2034 sanctus
2590 1976 2845 2047 Spiritus,
2879 1973 3166 2044 sapientia,
3223 1969 3547 2027 substantia.

1952 2072 2185 2142 Spiritus
2216 2071 2528 2127 substantiae
2557 2085 2751 2126 nomen
2802 2077 2885 2125 est
2919 2067 3001 2123 vel
3047 2064 3374 2130 existentiae,
3403 2061 3548 2133 quod

1951 2166 2171 2240 quidem
2198 2180 2321 2222 esse
2347 2165 2636 2237 signiﬁcat,
2665 2172 2722 2220 et
2748 2164 2799 2218 in
2849 2177 2916 2219 eo
2944 2161 3083 2232 quod
3108 2159 3234 2230 quid
3262 2167 3346 2214 est
3365 2164 3420 2213 et
3447 2171 3546 2227 ap-

1953 2261 2190 2333 pellatur
2218 2270 2271 2316 et
2300 2259 2638 2329 intelligitur.
2667 2257 2723 2314 Si
2752 2257 2901 2313 voles
2926 2270 3088 2311 nosse
3117 2252 3244 2325 quid
3282 2261 3361 2309 est
3387 2251 3547 2316 Deus,

1952 2355 2185 2425 Spiritus
2213 2354 2330 2422 ejus
2355 2352 2497 2424 quod
2527 2351 2599 2407 sit
2645 2364 2767 2405 esse
2817 2349 3085 2419 signiﬁcat
3128 2364 3141 2400 :
3165 2360 3295 2417 ergo
3324 2345 3467 2400 Deus
3492 2351 3548 2399 et

1952 2448 2191 2520 Spiritus
2223 2446 2365 2519 quod
2390 2457 2471 2502 est
2491 2460 2613 2501 esse
2637 2443 2921 2516 signiﬁcat.
2943 2443 3150 2498 Rursus
3164 2441 3289 2512 quid
3312 2450 3395 2496 est
3415 2438 3550 2494 vita?

1949 2544 2090 2616 quod
2124 2543 2382 2614 Spiritus.
2440 2541 2677 2610 Spiritus
2721 2554 2851 2610 ergo
2897 2549 2951 2593 et
2982 2538 3089 2592 vita
3133 2534 3277 2608 quod
3323 2542 3547 2591 estesse

1948 2639 2217 2710 signiﬁcat
2246 2655 2257 2690 :
2290 2636 2368 2690 sic
2405 2645 2458 2688 et
2507 2634 2741 2705 Spiritus
2772 2640 2989 2687 sanctus
3019 2629 3162 2699 quod
3189 2638 3273 2686 est
3300 2642 3421 2683 esse
3459 2641 3548 2682 se-

1947 2731 2181 2787 cundum
2226 2730 2365 2785 istutl
2395 2731 2568 2799 ipsum
2622 2742 2816 2781 nomen
2863 2723 3169 2796 signiﬁcat,
3226 2738 3349 2777 cum
3396 2720 3545 2777 dilI‘c-

1947 2824 2118 2880 rentia
2146 2822 2375 2877 duorum
2408 2821 2704 2892 primorum
2729 2833 2836 2873 uno
2862 2818 3083 2873 nomine
3113 2813 3539 2871 nominatorum.

1946 2916 2078 2984 Quae
2098 2915 2400 2971 diﬁ'erentia
2423 2912 2789 2969 substantialis
2816 2926 2937 2966 cum
2973 2910 3062 2976 sit,
3093 2907 3235 2980 quod
3264 2916 3347 2962 est
3374 2904 3543 2977 signi-

1948 3012 2091 3066 ﬁcat.
2118 3010 2199 3065 Ex
2247 3009 2313 3064 iis
2340 3008 2450 3079 jam
2494 3016 2740 3076 apparet,
2771 3004 3024 3076 quoniam
3068 2999 3371 3057 substantia
3398 3013 3539 3067 uno:

1945 3119 2164 3177 quoque
2203 3104 2471 3159 existente
2518 3100 2660 3173 quod
2710 3108 2793 3155 est
2837 3113 2958 3154 esse
2992 3098 3277 3169 signiﬁcat.
3324 3096 3380 3151 In
3424 3094 3544 3150 istis

243 3203 351 3246 non
376 3200 555 3245 autem
590 3207 734 3248 nunc
763 3193 935 3249 forma
983 3208 1107 3250 esse
1146 3195 1275 3250 loris
1302 3204 1453 3250 extra
1482 3195 1839 3250 substantiam
1867 3192 1913 3255 C
1949 3199 2125 3254 tribus
2148 3197 2308 3268 igitur
2327 3195 2561 3267 Spiritus
2591 3194 2912 3258 substantia,
2939 3192 3189 3266 ὁμοούσια
3214 3203 3363 3261 ergo.
3389 3188 3539 3257 Quo-

241 3280 592 3355 intelligitur,
618 3299 794 3355 neque
846 3294 905 3341 ut
932 3286 984 3341 in
1018 3287 1172 3343 nobis
1226 3287 1480 3358 adjacens
1525 3288 1840 3343 substantia:

242 3373 464 3440 facies;
514 3376 610 3432 sed
656 3378 954 3433 substantia
985 3380 1233 3449 qumdatn
1279 3381 1601 3448 subsistens,
1653 3382 1840 3452 inqua

239 3478 472 3541 apparet
519 3481 574 3526 et
621 3471 1029 3529 demonstratur
1054 3475 1195 3546 quod
1224 3476 1497 3531 occultum
1526 3485 1581 3531 et
1604 3476 1840 3532 velatum

240 3575 329 3622 est
378 3567 431 3622 in
479 3566 608 3623 alio.
644 3568 786 3624 Deus
834 3579 1013 3626 autem
1056 3580 1114 3625 ut
1144 3571 1376 3626 velatum
1428 3569 1682 3641 quiddam
1709 3580 1838 3625 est:

240 3675 405 3717 nemo
431 3663 576 3717 enim
606 3663 756 3719 videt
799 3664 964 3719 Deum
997 3682 1011 3718 :
1053 3666 1225 3720 forma
1273 3664 1436 3736 igitur
1464 3663 1626 3730 ﬁlius,
1652 3665 1704 3719 iit
1734 3680 1840 3735 quo

239 3754 455 3812 videtur
488 3757 646 3812 Deus.
667 3758 723 3813 Si
747 3758 889 3813 enim
923 3761 1210 3815 existentia
1238 3760 1398 3825 Deus,
1421 3761 1680 3829 potentia,
1709 3762 1839 3816 sub-

238 3853 463 3919 stantia,
513 3862 714 3921 motus,
759 3865 813 3910 et
857 3855 1044 3910 vitain
1086 3856 1307 3921 _occulto
1357 3855 1498 3911 Deus
1554 3859 1699 3911 velut
1725 3856 1841 3912 sine

238 3944 435 4001 forma.
466 3945 612 4018 Ergo
659 3947 705 4003 si
755 3948 1035 4004 manifesta
1089 3950 1218 4017 vita,
1269 3960 1322 4006 et
1358 3949 1641 4005 manifesta
1686 3951 1839 4020 juxta

239 4049 419 4095 motus
449 4042 764 4110 potentiam,
798 4042 905 4097 vita
946 4043 1106 4111 juxta
1157 4054 1361 4099 motum
1416 4045 1466 4099 in
1518 4044 1752 4111 occulto,
1786 4046 1838 4100 in

236 4137 577 4206 apparentia,
630 4137 680 4190 in
726 4136 993 4192 existente
1042 4138 1284 4192 motione
1334 4138 1677 4209 intelligitur,
1708 4154 1837 4210 pro-

239 4227 537 4296 nuntiatur,
568 4227 799 4284 videtur.
836 4228 1028 4284 Adltttc
1053 4228 1132 4284 sic
1161 4229 1305 4300 quod
1353 4239 1437 4285 εει
1466 4245 1605 4299 εεεε,
1640 4242 1791 4301 pater
1820 4247 1833 4284 :

236 4320 382 4391 quod
414 4332 595 4376 autem
649 4322 774 4388 vita,
804 4321 966 4386 ﬁlius,
1001 4336 1122 4376 cum
1152 4322 1223 4377 sit
1254 4322 1583 4392 impossibile
1610 4323 1661 4379 id
1693 4324 1837 4395 quod

236 4422 322 4469 est
347 4427 470 4469 esse
519 4416 1024 4483 comprehendere:
1058 4417 1111 4471 in
1141 4416 1353 4472 occulto
1381 4418 1524 4472 enim
1568 4418 1699 4473 illttd
1731 4428 1836 4485 est,

234 4508 349 4565 vita
374 4517 554 4565 autem
580 4510 730 4580 juxta
753 4510 896 4582 quod
922 4512 1028 4566 vita
1052 4521 1154 4580 cst,
1186 4511 1299 4583 jam
1323 4523 1377 4568 ει
1406 4512 1537 4568 illttd
1562 4521 1646 4569 εει
1668 4528 1787 4569 esse
1819 4530 1834 4567 :

1945 3292 2088 3347 niam
2136 3290 2366 3362 Spiritus
2405 3305 2511 3344 tton
2544 3287 2718 3343 diviso
2746 3286 2947 3358 Spirittt
2978 3302 2990 3339 :
3021 3286 3218 3356 quippe
3249 3299 3389 3340 unus
3415 3298 3539 3340 cum

1942 3388 2015 3442 sit
2060 3389 2112 3443 in
2158 3386 2350 3451 tribus,
2381 3385 2474 3441 sed
2521 3394 2744 3450 naturre,
2789 3381 3043 3453 potentiae
3069 3392 3124 3437 et
3173 3381 3400 3437 actionis
3436 3397 3540 3437 una

1942 3495 2062 3536 cum
2090 3480 2163 3534 sit
2211 3480 2495 3534 exisrentia
2524 3478 2715 3549 patria,
2748 3486 2806 3532 et
2837 3475 2939 3545 ipsi
2970 3474 3111 3545 quod
3141 3484 3222 3529 cst
3274 3488 3393 3529 esse
3444 3475 3540 3527 lia-

1943 3570 2091 3629 benti
2130 3573 2225 3629 tria
2255 3587 2375 3628 sese
2418 3571 2729 3643 generantia
2788 3569 3085 3625 substantia
3140 3579 3267 3623 sunt
3291 3568 3540 3639 omnipo-

1943 3668 2108 3723 tentia
2136 3687 2149 3723 :
2174 3682 2348 3738 neque
2371 3667 2533 3737 igitur
2557 3665 2846 3735 prmextitit
2870 3664 3176 3719 existentia.
3210 3661 3369 3718 Pater
3390 3662 3531 3717 enini

1942 3772 2054 3814 sum
2082 3759 2249 3829 ipsius
2279 3758 2593 3814 substantia:
2620 3765 2928 3827 generator,
2958 3766 3013 3809 et
3061 3755 3287 3809 aliorum
3338 3770 3537 3810 secun-

1942 3852 2068 3907 dum
2099 3851 2359 3907 verticem
2402 3850 2618 3904 fontana
2666 3858 2750 3903 est
2792 3848 3075 3904 existentia
3102 3865 3116 3901 :
3144 3863 3317 3919 neque
3371 3848 3552 3904 scissa‘

1942 3954 2025 4001 est
2049 3947 2167 4015 ipsa
2208 3945 2535 4000 existentia:
2569 3953 2623 3998 et
2650 3943 2955 4010 existentia,
3003 3954 3056 3997 et
3086 3944 3322 4014 potentia
3371 3943 3422 3999 in
3472 3959 3540 4000 eo

1941 4040 2083 4111 quod
2113 4051 2194 4094 εει
2237 4054 2397 4104 εεεε,
2452 4037 2507 4093 iit
2559 4052 2883 4108 unoquoque
2931 4038 3157 4095 istorum
3200 4038 3359 4093 trium
3388 4040 3539 4108 juxta

1943 4134 2279 4203 ntajestatetn
2326 4147 2543 4187 onmem
2596 4132 3148 4203 ctomnipotentiam,
3182 4142 3238 4188 et
3288 4131 3541 4187 omnibus

1941 4228 2115 4284 modis
2171 4226 2580 4298 perfectionem,
2611 4241 2733 4297 quae
2774 4235 2942 4281 semet
3003 4234 3245 4296 generat,
3279 4225 3448 4296 ipsam
3480 4239 3541 4281 se

1941 4322 2350 4376 sttbstitucntem
2380 4336 2409 4374 a
2439 4336 2560 4377 sese
2606 4331 2937 4387 moventem,
2976 4335 3035 4374 sc
3066 4335 3282 4391 semper
3309 4334 3536 4375 moven-

1942 4423 2073 4481 tem,
2120 4414 2660 4481 consubstantialem,
2691 4415 2848 4470 simul
2895 4423 3165 4483 potentetn
3209 4414 3383 4483 ipsum
3432 4412 3537 4469 boc

1939 4508 2081 4580 quod
2110 4508 2187 4563 sic
2216 4517 2453 4574 estesse,
2478 4508 2722 4578 etipsum
2755 4507 2896 4578 quod
2921 4517 3148 4563 estesse
3174 4514 3326 4578 patre
3350 4506 3533 4562 dante.

234 4598 291 4656 in
324 4601 430 4656 vita
476 4601 640 4674 igitur
666 4613 891 4674 apparet
919 4604 1060 4676 quod
1092 4614 1176 4661 est
1219 4620 1363 4674 esse,
1396 4606 1556 4672 igitur
1583 4607 1692 4661 vita
1716 4607 1834 4675 ejus
1863 4585 1917 4646 D
1945 4603 2085 4658 Dicit
2112 4602 2361 4660 Salvator
2395 4621 2408 4657 :
2442 4602 2633 4658 ()nmia
2677 4617 2792 4674 quia
2831 4601 2981 4656 habet
3010 4612 3155 4670 pater
3182 4618 3297 4656 mea
3325 4612 3466 4670 sunt,
3490 4612 3538 4657 et

233 4693 380 4765 quod
417 4703 500 4750 est
546 4710 688 4751 esse.
732 4696 840 4752 Sed
871 4699 1015 4753 enim
1047 4708 1202 4768 pater
1231 4698 1376 4754 Dens
1405 4699 1547 4770 quod
1574 4709 1660 4754 est
1686 4715 1831 4767 esse,

234 4786 381 4844 ﬁlius
403 4798 582 4844 autem
607 4790 737 4858 vita,
754 4791 893 4846 ﬁlius
915 4807 1045 4863 ergo
1067 4792 1177 4846 vita
1207 4793 1377 4863 patris
1404 4794 1498 4849 Dei
1527 4793 1697 4848 forma
1728 4804 1832 4856 est.

238 4883 294 4939 in
323 4899 427 4955 qua
471 4885 781 4955 speculatur
808 4887 1045 4957 potentia
1078 4887 1269 4957 patria.
1296 4884 1637 4943 Credendum
1672 4888 1834 4959 igitur

237 4979 294 5035 in
330 4980 497 5034 lilium
530 4981 644 5049 Dei,
673 4989 732 5036 ut
755 4981 861 5035 vita
891 4982 944 5036 in
977 4981 1133 5038 nobis
1184 4981 1298 5048 ﬁat,
1329 4998 1449 5052 quae
1477 4993 1560 5037 est
1599 4992 1655 5038 et
1683 4999 1831 5050 vera,

230 5083 289 5130 et
308 5083 510 5130 aeterna
540 5076 667 5130 vita.
696 5073 752 5131 Si
776 5074 919 5130 enim
953 5075 1271 5131 habebimus
1297 5076 1454 5130 ﬁdem
1482 5076 1535 5130 in
1558 5074 1830 5133 Christum

230 5166 592 5235 Nazarenam,
622 5167 958 5223 incarnatum
988 5166 1058 5223 de
1083 5167 1271 5234 Maria,
1295 5168 1346 5222 in
1373 5168 1537 5222 liliunt
1569 5168 1662 5222 Dei
1689 5170 1830 5225 idem

231 5262 582 5330 habebimus,
614 5263 707 5334 qui
762 5261 862 5318 fuit
888 5271 944 5318 et
971 5262 1196 5319 eﬂ'cctus
1224 5271 1305 5318 est
1325 5261 1559 5334 Spiritus
1582 5262 1833 5320 incarna-

229 5365 340 5412 tus.
368 5353 653 5427 Quomodo
683 5355 825 5409 istud
856 5354 1057 5420 audivi,
1081 5354 1223 5408 dico.
1431 5347 1434 5352 ’

302 5448 441 5506 LIV.
474 5449 579 5507 Sed
611 5459 826 5520 oportet
878 5448 1027 5520 prius
1060 5449 1262 5514 videre,
1291 5453 1565 5520 quomodo
1603 5451 1708 5505 alia
1738 5450 1826 5506 cui

229 5542 601 5598 attribuentur
636 5542 794 5611 patri,
828 5556 895 5595 an
945 5540 1096 5596 ﬁlio?
1128 5540 1257 5596 Dico
1311 5551 1491 5597 autem
1542 5541 1827 5612 Spiritum,

228 5639 401 5714 λόγον,
427 5642 565 5704 νοῦν,
595 5644 840 5690 sanctum
865 5636 1145 5706 Spiritum,
1179 5637 1520 5705 sapientiam,
1569 5636 1826 5693 substan-

232 5734 385 5796 tiam,
412 5730 640 5802 primum
667 5741 817 5800 pater
840 5739 894 5785 et
917 5730 1056 5785 ﬁlius
1079 5729 1245 5796 idem,
1263 5730 1402 5785 ﬁlius
1427 5737 1604 5786 autem
1621 5738 1677 5787 et
1704 5745 1827 5787 san-

233 5830 354 5883 etus
368 5826 599 5897 Spiritus
619 5825 760 5881 idem
779 5841 792 5879 :
808 5822 1093 5881 existentia
1114 5824 1275 5896 igitur
1294 5831 1350 5880 et
1376 5825 1481 5881 vita
1502 5823 1672 5891 idem;
1696 5840 1826 5897 ergo

1938 4699 2130 4753 idcirco
2155 4697 2269 4752 dixi
2281 4714 2378 4753 :ea:
2403 4714 2512 4752 meo
2538 4697 2752 4766 accipiet
2776 4694 2955 4766 (Joau.
2991 4711 3104 4763 xvt,
3137 4696 3253 4764 I5);
3281 4712 3382 4751 non
3401 4698 3536 4751 enim

1937 4793 2197 4862 loquetur-
2223 4807 2255 4844 α
2290 4791 2578 4861 semetipso,
2623 4791 2713 4843 sed
2738 4804 3070 4859 quwcumque
3097 4789 3265 4855 audit,
3298 4789 3535 4860 loquetur

1937 4884 2193 4959 (Ib.,l3).
2217 4884 2443 4939 Sanctus
2474 4882 2635 4953 igitur
2665 4883 2896 4953 Spiritus
2920 4883 2963 4938 si
2996 4882 3295 4952 loquitur,a
3324 4883 3432 4937 ﬁlio
3451 4883 3535 4936 lo-

1936 4982 2148 5050 quitur;
2174 4978 2287 5048 ipse
2303 4985 2479 5033 autem
2498 4993 2527 5031 a
2552 4976 2848 5056 patre.Vox
2870 4976 3048 5045 igitur,
3067 4986 3118 5031 et
3139 4976 3304 5048 λόγος,
3324 4981 3381 5030 ει
3405 4974 3537 5030 Ver-

1936 5073 2084 5140 bum,
2112 5073 2196 5128 isti
2217 5081 2346 5135 tres,
2367 5079 2585 5142 propter
2609 5072 2750 5140 quod
2775 5054 2937 5126 unum
2960 5079 3091 5127 tres.
3108 5070 3214 5127 Sed
3236 5077 3385 5140 pater
3408 5054 3532 5140 qui-

1936 5168 2059 5225 dem
2090 5169 2141 5223 in
2194 5168 2407 5243 silentio
2452 5167 2706 5234 loquitur,
2741 5168 2880 5223 ﬁlius
2923 5168 2976 5223 in
3014 5168 3320 5232 manifesto,
3374 5174 3431 5221 et
3478 5166 3531 5221 in

1936 5263 2208 5320 locutione
2249 5270 2469 5319 sanctus
2502 5262 2734 5332 Spiritus
2791 5277 2899 5316 non
2942 5261 2995 5315 in
3045 5259 3330 5316 manifesto
3360 5259 3534 5331 loqui-

1935 5367 2044 5423 tur,
2070 5358 2165 5415 sed
2195 5373 2314 5427 quae
2340 5356 2573 5427 loquitur
2611 5355 2959 5426 spiritualiter
2990 5354 3245 5425 loquitur.

2008 5451 2139 5508 LVI.
2164 5451 2267 5507 Ista
2289 5452 2445 5523 igitur
2463 5452 2563 5507 tria
2582 5466 2707 5506 vera
2734 5450 2958 5517 lumina,
2980 5448 3148 5518 magis
3168 5456 3345 5503 autem
3367 5460 3537 5502 unum

1937 5547 2141 5613 lumen,
2183 5560 2371 5600 verum
2415 5559 2555 5599 unus
2594 5545 2755 5619 λόγος,
2787 5558 2891 5597 una
2921 5555 3229 5606 vox,nnum
3268 5538 3530 5607 Verbum,

1935 5639 2041 5695 hoc
2070 5646 2174 5705 est,
2205 5654 2307 5694 una
2335 5638 2571 5709 potentia
2600 5636 2798 5703 activa,
2830 5644 3114 5700 consonat,
3139 5641 3426 5703 antequam
3454 5632 3531 5687 Ia-

1933 5737 2041 5794 ciet
2066 5750 2185 5793 esse
2211 5734 2486 5806 quiddam.
2509 5734 2713 5789 Animae
2732 5740 2912 5788 autem
2940 5731 3081 5802 quod
3109 5729 3212 5784 alia
3233 5728 3531 5785 substantia

1935 5826 2027 5899 sit,
2057 5826 2401 5885 manifestum
2432 5843 2446 5880 :
2469 5825 2634 5882 Facta
2664 5823 2808 5883 enim
2831 5839 2860 5880 a
2889 5820 3171 5896 tripotenti
3196 5818 3418 5894 Spiritu,
3440 5835 3536 5878 no-
