4024 6306
543 238 684 298 1083

1748 233 1940 295 MAR"
1986 230 2325 295 νιετοιιιιιι
2364 232 2524 292 AFRI

3678 246 3787 304 1084

544 371 647 427 que
669 368 801 426 pure
831 368 957 418 vox,
991 366 1166 424 neque
1194 350 1438 416 verbum,
1462 348 1556 405 sed
1595 348 1736 407 sicut
1759 353 1882 422 ἠχὼ
1910 347 2061 409 audit
2080 357 2136 402 nt
2161 347 2217 415 Α
2242 348 2673 417 ρι’ωειίειειιιειιι
2722 349 2774 407 in
2801 350 3053 422 patriam.
3105 351 3163 415 In
3201 351 3308 411 isto
3334 353 3493 425 igitur
3518 356 3632 419 sine
3653 358 3788 417 inn-1.

542 448 813 520 loquatur.
829 445 1007 517 imago
1021 445 1189 515 magis
1206 442 1351 499 vocis
1366 458 1526 513 quam
1546 457 1667 498 vox.
1689 441 1758 497 Et
1770 442 1869 497 lioc
1886 441 2141 497 cstJoau-

542 542 629 599 nis
667 558 764 597 vos:
790 540 1124 596 miserantis
1153 539 1205 593 in
1242 538 1439 592 deserto
1471 559 1484 595 :
1518 535 1737 607 Dirigit:
1776 537 1908 593 viam
1931 534 2141 591 Domini

547 636 626 710 (Μ
634 645 706 691 ιιι.
735 652 815 703 tu,
837 633 893 707 5)
917 651 929 689 :
957 634 1133 691 anima
1157 631 1299 689 enim
1325 630 1376 689 in
1396 616 1633 695 deserto,
1656 629 1756 687 hoc
1770 638 1855 686 est
1874 630 1925 687 in
1943 628 2143 685 mundo

542 730 842 796 exclamat,
883 725 1136 798 quoniam
1164 725 1237 780 sit
1255 723 1537 781 Doninum
1569 724 1732 777 Deum
1761 731 1818 778 ct
1843 724 1959 779 vult
1984 740 2141 779 mun-

542 820 679 886 dari,
701 828 759 875 ut
786 818 1010 874 Domino
1036 819 1241 873 fruatur
1262 816 1390 884 Deo;
1409 824 1465 872 et
1486 816 1590 881 ista
1620 814 1751 872 dicit
1769 815 2140 873 testimonium

546 916 615 972 de
648 916 781 980 Deo,
814 921 868 968 et
894 911 1169 984 praemissa
1199 919 1285 967 est
1312 910 1365 968 in
1397 910 1654 967 mundum
1676 911 1741 971 ad
1775 911 2142 973 testimonium

542 1005 1277 1068 testimonii:testimonium
1329 1004 1471 1061 enim
1522 1005 1617 1060 Dei
1669 1004 1827 1062 Jesus
1875 1005 2141 1072 Christus,

544 1100 712 1158 Filius
737 1117 867 1173 ergo
886 1100 1001 1166 Dei,
1023 1100 1163 1155 ﬁlius
1189 1099 1426 1156 Joannes
1443 1080 2145 1159 Domitii.EtcnimJoannes

541 1211 643 1250 non
663 1204 771 1250 erat
785 1195 978 1257 lumen,
1002 1193 1093 1248 sed
1105 1193 1237 1248 venit
1257 1203 1312 1246 ut
1339 1193 1680 1247 testimonium
1698 1194 1881 1248 diceret
1895 1193 1959 1248 de
1984 1192 2140 1249 lumi-

543 1304 606 1342 ne
625 1286 805 1361 (Joan.
826 1305 867 1354 ι,
885 1287 965 1360 8).
989 1286 1220 1343 Verbum
1236 1286 1415 1358 igitur,
1429 1295 1487 1343 et
1499 1303 1599 1341 vox
1614 1286 1753 1345 lilins
1764 1286 2000 1356 est,ipse
2012 1286 2142 1354 vita,

544 1379 664 1453 ipse
693 1380 855 1456 λόγος,
880 1380 997 1452 ipse
1025 1387 1224 1447 motus,
1251 1379 1367 1449 ipsc
1403 1387 1539 1447 νοῦς,
1572 1379 1686 1452 ipse
1714 1379 2001 1450 sapientia,
2030 1378 2145 1449 ipse

540 1473 850 1540 cxistentia,
875 1482 930 1531 et
956 1473 1258 1531 substantia
1279 1473 1471 1544 prima,
1499 1474 1614 1546 ip<e
1641 1474 1784 1531 actio
1812 1474 2141 1545 potentialis,

542 1568 657 1641 ipse
680 1566 755 1631 ὅν,
798 1568 1032 1639 primum
1078 1585 1228 1634 vero,
1260 1566 1314 1626 ὅν
1342 1584 1411 1624 ex
1438 1586 1543 1640 quo
1572 1568 1754 1627 omnia
1785 1566 1928 1633 ὄντα,
1959 1577 2015 1625 ει
2045 1584 2142 1638 per

543 1678 703 1734 quem
732 1669 787 1716 et
806 1660 859 1715 in
891 1675 999 1732 quo
1030 1679 1043 1714 :
1069 1660 1160 1732 qui
1184 1669 1269 1716 est
1296 1660 1508 1717 medius
1530 1660 1586 1717 in
1610 1661 1813 1733 Angelo
1840 1660 2141 1725 Trinitatis,

2243 439 2382 496 lectu
2416 444 2671 513 temporis
2702 452 2968 514 tempore,
3005 447 3073 503 alt
3112 461 3180 504 eo
3206 447 3349 518 quod
3390 458 3503 517 erat
3526 454 3792 513 essercluti

2243 534 2525 605 egrediens
2552 536 2606 595 in
2650 538 3038 608 inspiciendum
3067 540 3241 611 ipsum
3269 541 3410 613 quod
3438 552 3552 601 erat
3574 547 3791 614 quoniam

2245 628 2315 685 ibi
2345 630 2522 686 onmis
2547 641 2725 689 motus
2774 632 3072 693 substantia
3101 642 3187 695 est
3213 635 3453 692 alteritas
3480 645 3621 705 nata,
3636 639 3733 711 gito
3752 644 3791 701 iu

2245 725 2578 783 identitatem
2623 727 2852 785 revenit.
2876 728 2994 787 Non
3017 730 3162 787 enim
3189 731 3480 791 seortndum
3509 732 3712 793 dorsum
3734 737 3796 793 el-

2246 818 2524 892 l'ulgcntia,
2558 822 2652 879 sed
2705 823 2863 879 sicuti
2891 823 3116 889 lumina,
3142 833 3234 883 aut
3262 824 3438 881 vultus
3461 840 3521 882 se
3562 828 3796 887 intuentes

2245 914 2454 970 visione
2476 914 2527 971 in
2551 929 2611 971 se
2640 915 2891 995 invicem,
2920 913 2974 970 id
3016 916 3191 984 ipsum
3211 932 3370 971 unum
3386 917 3573 973 eodem
3599 918 3740 975 modo
3755 929 3797 975 et

2246 1006 2541 1080 perfectura
2568 1005 2828 1063 substitit.
2852 1005 3080 1065 Lumina
3107 1017 3285 1064 autem
3307 1009 3544 1080 undique
3572 1021 3626 1065 ut
3650 1013 3796 1069 vultus

2246 1115 2307 1157 se
2339 1100 2667 1170 aspicientes
2694 1108 2841 1168 sunt,
2891 1108 2949 1156 et
2996 1100 3215 1159 dorsum
3267 1116 3372 1161 non
3403 1103 3618 1167 habent,
3640 1113 3800 1175 otiiq-

2248 1193 2385 1249 stice
2414 1192 2613 1249 dicitur
2644 1191 2808 1257 Deus,
2835 1191 3131 1249 secundum
3158 1191 3378 1249 dorsum
3409 1194 3615 1251 videtur
3641 1212 3654 1247 :
3685 1196 3796 1249 nulla

2248 1285 2410 1357 igitur
2471 1285 2826 1342 diminutione
2886 1295 3054 1343 totum
3110 1302 3326 1358 semper
3400 1304 3565 1349 unum
3614 1288 3798 1353 mansit,

2250 1381 2483 1437 maxime
2508 1381 2870 1450 potentiﬁcata
2893 1382 3205 1447 counitione
3232 1384 3468 1453 potentia
3497 1385 3675 1453 patria.
3692 1383 3800 1439 Sari.

2247 1484 2364 1531 ctus
2390 1474 2548 1545 igitur
2580 1475 2813 1547 Spiritus
2865 1485 3041 1532 motus
3072 1476 3275 1548 primus
3301 1478 3475 1547 intus,
3500 1496 3616 1548 qua!
3643 1480 3703 1535 sit
3726 1496 3802 1535 cs-

2248 1570 2501 1640 cogitatio
2525 1570 2719 1639 patria,
2745 1571 2847 1626 hoc
2867 1580 2954 1633 est
2973 1572 3054 1627 sui
3081 1571 3246 1642 ipsius
3267 1574 3673 1643 cognoscentis:
3696 1592 3803 1646 pra-

2249 1663 2688 1733 cognoscentiam
2731 1662 2875 1717 enim
2928 1663 3306 1735 cognoscentia
3366 1666 3635 1735 praecedit.
3675 1668 3803 1729 Juxta

542 1764 752 1827 patrem
784 1754 1025 1812 declarat
1053 1754 1511 1826 prmexistentem,
1539 1764 1595 1812 et
1638 1756 1874 1827 complet
1896 1764 2141 1813 sanctum
2174 1760 2222 1821 B
2249 1755 2407 1815 istum
2435 1772 2565 1829 ergo
2591 1758 2997 1828 cognoscendae
3027 1758 3244 1815 modum
3273 1760 3570 1817 naturalem
3612 1763 3724 1819 toris
3745 1762 3804 1819 el-

540 1850 799 1928 Spiritum
826 1851 876 1905 in
909 1850 1290 1921 perfectionem
1316 1867 1332 1909 :
1360 1858 1420 1909 ut
1446 1850 1590 1907 enim
1622 1850 1753 1907 dicit
1781 1851 1976 1907 Paulus
2005 1851 2140 1908 bea-

549 1955 634 2002 tus
652 1945 1017 2018 :Evangelium
1030 1946 1191 2001 virtus
1203 1954 1277 2001 est
1300 1944 1395 2000 Dei
1411 1955 1454 2001 st
1475 1945 1731 2015 sapientia
1745 1944 1922 2018 (Rom.
1933 1985 1949 2009 ,
1970 1960 2007 2011 ι,
2034 1946 2055 2001 ί
2068 1943 2144 2017 6):

545 2056 644 2113 per
656 2042 909 2096 virtutem
930 2038 1124 2095 Filium
1140 2039 1620 2111 signiﬁcans,quod
1636 2038 1813 2095 omnia
1837 2053 1930 2109 per
1945 2038 2145 2109 ipsum;

547 2138 715 2193 verbo
743 2135 888 2192 enim
918 2135 1133 2191 virtutis
1166 2134 1295 2190 ﬁent
1350 2134 1553 2200 omnia,
1603 2142 1658 2189 et
1703 2133 1875 2189 sancti
1918 2132 2149 2203 Spiritus

547 2229 811 2301 sapientia
860 2229 1101 2300 perlecta
1148 2229 1285 2284 ﬁunt
1335 2228 1538 2285 omnia.
1574 2228 1633 2286 Si
1652 2228 1813 2299 igitur
1843 2228 1983 2284 Deus
2023 2228 2147 2297 ista,

542 2321 699 2377 simul
729 2323 828 2377 ista
882 2321 1001 2376 tria.
1037 2320 1299 2390 Quoniam
1349 2328 1528 2376 autem
1576 2318 1739 2377 unum
1788 2320 1918 2388 duo,
1962 2320 2151 2379 omnia

540 2414 699 2472 simul
726 2413 965 2471 existunt
1004 2414 1059 2470 in
1087 2412 1393 2485 cegnitionc
1421 2413 1582 2468 simul
1630 2413 1904 2471 exi~tente
1932 2413 2043 2469 vita
2094 2413 2149 2469 in

541 2516 715 2580 patre,
747 2506 801 2563 iu
832 2522 934 2577 qua
958 2514 1044 2563 est
1090 2513 1311 2562 sanctus
1340 2513 1396 2561 et
1448 2503 1682 2576 Spiritus
1708 2504 2009 2571 secundum
2036 2505 2151 2561 exi-

544 2600 823 2664 stentiam,
854 2599 1108 2671 quoniam
1138 2598 1240 2657 tria
1268 2615 1429 2655 unum
1463 2606 1638 2665 erant,
1669 2607 1723 2654 ει
1748 2614 1965 2670 semper
1990 2608 2139 2655 sunt.

543 2693 599 2749 Si
627 2693 788 2764 igitur
814 2702 1020 2769 :eternla
1034 2691 1140 2748 vita
1155 2691 1297 2748 ﬁlius
1322 2691 1686 2748 elui-escentia
1712 2698 1795 2747 est
1817 2704 2150 2762 praxeternzc

543 2788 687 2853 vitae,
708 2787 824 2859 ipse
853 2795 1031 2843 autem
1059 2786 1164 2842 vita
1191 2786 1570 2857 cognoscentia
1601 2786 1842 2855 perlecta
1869 2793 1925 2841 et
1943 2793 2145 2841 reterns

547 2881 655 2938 vita
684 2897 697 2935 :
728 2889 855 2937 tunc
885 2882 1029 2937 enim
1075 2879 1312 2951 perfecta
1347 2893 1467 2935 cum
1506 2878 1828 2950 cognoverit
1854 2887 2065 2950 etquze,
2098 2888 2153 2936 et

544 2976 697 3046 cujus
721 2974 812 3040 sit,
844 2974 1097 3045 quonitm
1127 2981 1183 3029 et
1233 2971 1524 3044 semetipsa
1577 2981 1632 3028 et
1664 2972 1911 3044 iussione
1940 2972 2146 3045 patris:

552 3076 679 3124 tunc
726 3067 870 3123 enim
902 3066 954 3122 in
1010 3075 1185 3123 seruet
1226 3065 1483 3131 existens,
1518 3082 1625 3122 non
1676 3065 1736 3123 Iit
1785 3065 2018 3136 inﬁnita,
2044 3067 2150 3125 sal-

2253 1849 2443 1906 fectam
2486 1850 2889 1920 intelligentiam
2941 1862 3098 1907 natus
3143 1862 3226 1906 est
3292 1852 3457 1921 ﬁlius,
3491 1853 3595 1911 vita
3625 1854 3801 1919 factum

2253 1960 2359 2001 non
2391 1945 2556 2016 quod,
2590 1961 2696 2003 non
2722 1943 2880 2001 fuerit
2903 1946 3032 2011 vita,
3056 1945 3154 2001 sed
3176 1949 3427 2018 quoniam
3454 1948 3580 2005 foris
3602 1951 3699 2011 vita
3718 1966 3805 2009 uts-

2251 2040 2332 2110 gis
2357 2040 2486 2108 vita,
2519 2040 2572 2096 in
2602 2049 2748 2097 motu
2780 2040 2923 2099 enim
2954 2042 3079 2097 vita.
3107 2041 3201 2099 llic
3229 2053 3311 2105 est
3508 2044 3598 2115 qui
3625 2055 3807 2103 vocatur

2251 2129 2408 2186 Jesus
2451 2129 2716 2197 Christus,
2745 2146 2841 2202 per
2870 2148 3029 2203 quem
3058 2131 3244 2191 ell‘ecm
3283 2144 3403 2189 sunt
3427 2135 3627 2202 munia,
3656 2150 3804 2191 semen

2253 2223 2495 2287 omnium
2524 2224 2590 2281 ad
2622 2223 2675 2280 id
2709 2237 2765 2278 ιιι
2788 2227 2918 2292 εἰηι,
2947 2225 3148 2297 quippe
3173 2223 3278 2281 vita
3306 2241 3407 2297 qua
3434 2228 3576 2295 sine,
3600 2229 3805 2299 impossi-

2251 2316 2361 2374 bile
2415 2326 2499 2375 est
2551 2333 2671 2373 esse
2707 2317 2907 2390 aliquid
2957 2318 3010 2374 in
3043 2318 3108 2374 iis
3134 2334 3253 2389 qua:
3282 2327 3431 2387 sunt,
3454 2330 3512 2377 et
3541 2322 3590 2376 in
3624 2320 3685 2379 iis
3704 2336 3796 2391 qua

2253 2424 2358 2465 neu
2387 2417 2532 2479 sunt,
2564 2425 2683 2482 quae
2709 2410 3125 2467 consecutiones
3150 2420 3294 2469 sunt.

2325 2504 2509 2565 LVIII.
2533 2505 2797 2575 Quoniam
2825 2514 3005 2563 autem
3032 2506 3267 2565 diximus
3288 2521 3449 2563 unam
3476 2508 3743 2569 motionem
3764 2515 3805 2562 el

2251 2597 2522 2666 eamdem,
2554 2607 2609 2654 et
2650 2599 2790 2673 λόγον
2838 2607 2894 2654 ει
2943 2609 3187 2659 sanctum
3221 2599 3505 2671 Spiritum,
3536 2601 3670 2675 λόγον
3694 2601 3805 2655 ineo

2253 2689 2394 2760 quod
2420 2690 2524 2745 vita
2551 2698 2637 2747 est
2666 2708 2679 2745 :
2723 2699 2967 2751 sanctum
2998 2690 3257 2762 Spiritqu
3288 2693 3429 2763 quod
3482 2703 3695 2751 estesse
3735 2707 3806 2746 co-

2250 2784 2640 2854 gnoscentiam,
2688 2791 2744 2839 et
2793 2784 3197 2855 intelligentiam
3226 2801 3348 2842 esse
3374 2801 3390 2839 :
3420 2786 3677 2854 Quoniam
3711 2800 3803 2856 qua

2254 2876 2487 2933 diximus
2512 2875 2565 2932 id
2597 2878 2772 2946 ipsum
2819 2892 2944 2933 esse
2990 2879 3152 2934 vitam
3200 2887 3257 2935 et
3282 2882 3736 2950 cogitoscentiatu:
3763 2887 3805 2935 et

2253 2971 2506 3042 quoniam
2553 2970 2792 3035 diximus
2822 2979 3022 3027 motam
3073 2972 3125 3027 in
3157 2972 3328 3049 prima
3382 2971 3804 3035 rltotinneintelli-

2255 3063 2526 3135 ligentiam
2553 3082 2566 3119 :
2598 3062 2708 3146 Iste
2730 3063 2873 3121 enim
2902 3063 3039 3127 ordo
3069 3066 3327 3123 naturalis
3352 3074 3409 3123 et
3426 3067 3634 3125 divinus
3657 3080 3804 3137 poiso-

549 3176 683 3216 vans
713 3168 769 3215 ει
816 3159 1018 3216 salvata
1063 3174 1093 3215 a
1139 3158 1449 3230 semetipsa,
1479 3173 1701 3215 necesse
1726 3169 1809 3217 est
1851 3158 2151 3231 intelligere
2179 3161 2225 3226 C
2257 3159 2328 3213 tia
2359 3172 2480 3217 cum
2524 3158 2635 3226 sit,
2683 3172 2907 3216 necesse
2959 3158 3059 3215 fuit
3099 3160 3513 3232 intelligentiam
3560 3161 3623 3219 ad
3649 3163 3804 3217 suimet

547 3260 603 3307 et
626 3251 810 3307 dicere
835 3270 847 3304 :
878 3252 1020 3320 quod
1049 3251 1288 3323 potentia
1323 3251 1417 3307 Dei
1454 3250 1507 3306 in
1538 3250 1654 3320 ipsa
1680 3260 1785 3319 est,
1810 3253 1914 3308 hoc
1940 3262 2025 3309 est
2056 3270 2148 3324 pa—

550 3352 632 3400 ter
662 3343 716 3397 in
756 3342 884 3410 lilio,
914 3343 1024 3414 ipsa
1055 3352 1236 3400 autem
1266 3360 1359 3414 per
1382 3343 1728 3413 semetipsum
1761 3343 1970 3405 inﬁnita
2025 3344 2144 3407 fuit.

551 3439 622 3495 Et
648 3440 748 3494 hoc
771 3437 1072 3511 signiﬁcat:
1098 3449 1141 3493 et
1167 3439 1308 3515 λόγος
1330 3456 1450 3494 caro
1472 3440 1639 3508 [actus
1663 3449 1738 3494 est
1767 3438 1947 3512 (latin.
1970 3457 2005 3507 ι,
2030 3441 2143 3508 14).

555 3531 773 3587 Infinita
822 3531 963 3587 enim
1015 3540 1163 3587 motu
1214 3534 1265 3588 in
1317 3530 1570 3588 inferiora
1605 3532 1712 3590 \ita
1761 3533 2065 3599 descendit,
2095 3542 2151 3591 et

555 3624 808 3681 vivelecit
833 3626 1255 3696 corruptionem,
1289 3625 1441 3695 cujus
1481 3641 1641 3682 causa
1668 3626 1988 3687 universalis
2007 3627 2151 3701 λόγος

550 3730 608 3778 ει
651 3720 890 3791 potentia
948 3720 1068 3776 vite
1116 3735 1245 3776 caro
1275 3718 1445 3776 factus
1497 3728 1601 3787 est,
1626 3728 1684 3775 ut
1720 3718 1855 3776 dixit
1882 3722 2146 3792 angelus:

550 3813 781 3885 Spiritus
820 3821 1027 3869 sanctus
1054 3813 1286 3868 adveniet
1315 3812 1368 3867 in
1408 3822 1478 3875 te,
1506 3822 1553 3868 et
1600 3814 1761 3868 uirtus
1790 3813 2041 3871 Altissimi
2061 3813 2152 3870 οὺ⁴

550 3905 803 3963 umbrabit
851 3906 940 3961 tibi
970 3905 1141 3976 (Luc.
1184 3922 1233 3974 I,
1267 3908 1337 3962 55
1366 3905 1412 3979 ).
1447 3906 1610 3962 Natus
1661 3916 1744 3963 est
1790 3906 1952 3978 igitur
1994 3907 2153 3969 Iesus

551 3998 797 4055 Christus
845 4000 1140 4055 secundum
1168 4015 1386 4057 carnem
1430 4000 1501 4056 de
1551 4000 1735 4069 Maria,
1764 4009 1819 4057 et
1867 4018 1930 4059 cx
1962 4010 2152 4063 sancto

551 4093 780 4166 Spiritu,
813 4093 1008 4151 \irlute
1035 4094 1322 4150 Altissimi.

627 4186 784 4245 LVII.
821 4187 1010 4245 Omnia
1042 4187 1204 4260 igitur
1230 4188 1477 4245 Christus
1511 4187 1766 4246 Dominus
1802 4197 2009 4257 noster,
2025 4202 2153 4247 caro

550 4291 770 4343 sanctus
796 4282 1049 4353 Spiritus,
1076 4282 1335 4338 Altissimi
1367 4282 1555 4350 virtus,
1581 4283 1745 4359 λόγος.
1771 4281 1889 4356 ipse
1912 4282 2155 4357 implevit

553 4377 893 4449 mysterium,
922 4384 981 4432 ut
1012 4375 1189 4432 omnis
1213 4375 1320 4431 vita
1349 4392 1471 4432 cum
1512 4392 1676 4433 carne
1724 4377 1790 4434 ad
1833 4377 2051 4447 impleta
2074 4378 2156 4433 lu-

555 4472 703 4531 miue
722 4482 928 4531 aeterno
957 4479 1202 4541 recurrat
1227 4472 1295 4528 ab
1324 4470 1473 4528 onmi
1504 4471 1851 4544 corruptione
1881 4471 1934 4527 in
1961 4472 2149 4531 etelos.

2249 3251 2417 3323 ipsius
2456 3253 2895 3323 cognoscenliam
2948 3253 3173 3309 moveri.
3201 3252 3371 3310 Natus
3399 3264 3487 3313 est
3508 3254 3663 3321 ﬁlius,
3690 3254 3804 3326 λὸτος

2249 3344 2340 3415 qni
2370 3346 2460 3411 sit,
2486 3343 2588 3401 hoc
2641 3353 2727 3405 est
2756 3346 2864 3403 vita
2894 3346 3090 3401 virtute
3140 3347 3332 3416 patria,
3367 3359 3656 3419 generante
3678 3347 3802 3402 intel-

2251 3438 2492 3510 ligentia,
2520 3438 2625 3495 hoc
2650 3449 2733 3495 est
2762 3438 2904 3510 quod
2928 3454 3049 3495 esse
3080 3440 3320 3497 onmium
3349 3456 3475 3511 qua:
3513 3448 3652 3505 sunt,
3679 3437 3802 3495 veluti

2251 3540 2517 3589 aeternum
2550 3531 2777 3601 fontem.
2802 3532 2918 3591 Non
2953 3532 3169 3589 fallelur
3197 3548 3350 3605 ergo,
3377 3535 3425 3593 si
3449 3534 3566 3606 quis
3589 3532 3803 3589 subintel-

2253 3626 2447 3685 lexerit
2469 3635 2711 3683 sanctum
2745 3626 3003 3698 Spiritum
3034 3637 3260 3683 matrem
3288 3643 3409 3685 esse
3438 3630 3587 3698 Jesu,
3606 3637 3658 3683 et
3676 3638 3801 3696 supra

2252 3727 2308 3781 et
2351 3719 2626 3789 deorsum,
2657 3735 2817 3793 supra
2859 3719 3073 3793 quidem
3116 3730 3174 3775 ut
3203 3719 3427 3788 dictum,
3463 3722 3698 3778 deorsum
3732 3733 3802 3774 suo

2255 3824 2361 3871 tem
2389 3815 2495 3871 isto
2524 3814 2688 3872 modo
2720 3832 2734 3869 :
2764 3829 2987 3871 necesse
3016 3814 3113 3869 fuit
3140 3813 3481 3873 liberationis
3500 3817 3661 3886 gratia
3680 3824 3802 3867 omne

2254 3906 2516 3973 divinum,
2541 3906 2645 3963 hoc
2672 3917 2755 3964 est
2784 3907 3131 3963 seminarium
3154 3906 3448 3979 spirituum
3475 3908 3696 3964 ontuiutn
3715 3902 3803 3959 uni.

2256 4002 2539 4061 vcrsaliter
2569 4002 2942 4071 existentium,
2974 4010 3028 4059 et
3049 4003 3100 4059 id
3127 4001 3270 4072 quod
3319 4011 3404 4059 est
3430 4018 3553 4061 esse
3597 4002 3800 4074 primum,

2254 4097 2360 4161 hoc
2388 4110 2471 4155 est
2501 4099 2862 4157 universalem
2909 4098 3069 4174 λόγον,
3094 4097 3162 4155 ab
3189 4097 3449 4155 inferiore
3477 4098 3599 4171 Ityle
3633 4104 3681 4152 et
3704 4108 3797 4149 cor-

2256 4195 2508 4266 ruptione
2538 4194 2687 4258 omni
2734 4191 3029 4259 incarnari,
3060 4192 3113 4247 in
3160 4190 3624 4248 mortiﬁcationem
3665 4183 3803 4242 omnis

2256 4288 2622 4359 corruptionis
2648 4297 2697 4345 et
2731 4287 2933 4360 peccati
2966 4304 2979 4341 :
3010 4285 3248 4343 tenebras
3293 4288 3438 4342 enim
3488 4295 3542 4343 et
3592 4279 3802 4355 ignoratio

2256 4383 2453 4451 animm
2482 4384 2709 4454 direpta:
2749 4382 2819 4438 ab
2844 4381 3037 4455 Itylicis
3061 4381 3318 4452 potentiis
3360 4389 3622 4451 eguerunt
3646 4375 3802 4435 lumine

2256 4488 2463 4544 aeterno
2509 4477 2562 4533 in
2590 4475 2848 4533 auxilium
2880 4482 2939 4530 nt
2987 4475 3132 4550 λόγος
3161 4474 3377 4543 animae,
3406 4483 3462 4531 et
3484 4474 3644 4549 λόγος,
3665 4467 3802 4526 carnis

554 4563 738 4636 Neque
770 4566 930 4635 igitur
958 4566 1133 4622 solum
1174 4581 1326 4634 caro,
1375 4581 1551 4638 neque
1579 4567 1756 4623 solum
1784 4573 2002 4625 sanctus
2031 4566 2155 4637 Spi-
2180 4558 2232 4623 D
2259 4570 2518 4646 mysterio
2546 4570 2739 4627 mortis
2786 4568 3004 4624 detrusa
3037 4568 3389 4639 corruptione
3424 4567 3480 4627 in
3528 4564 3801 4621 reviviscen-

555 4658 715 4725 ritus,
742 4676 912 4731 neque
940 4661 1113 4717 solum
1155 4658 1412 4733 Spiritus,
1444 4675 1546 4718 inec
1564 4662 1705 4738 λόγος
1726 4662 1922 4729 solum,
1953 4661 2048 4719 sed
2070 4662 2150 4727 si-

556 4750 668 4805 mul
696 4751 874 4805 omnia
909 4752 1165 4808 Dominus
1190 4762 1376 4811 noster
1400 4752 1576 4810 Jesus.
1603 4754 1835 4811 Sanctus
1860 4768 1989 4825 ergo
2032 4752 2155 4826 Spi-

556 4842 692 4898 ritus
717 4845 894 4899 omnis
918 4844 1193 4901 beatitudo
1221 4848 1275 4903 in
1307 4848 1481 4920 prima
1514 4848 1749 4920 ingenita
1779 4834 2150 4919 generatione,

557 4950 679 5007 qua:
707 4934 821 4991 sola
847 4940 1123 5008 generatio
1154 4947 1237 4994 est
1266 4950 1320 4995 et
1350 4940 1568 5006 dicitur,
1600 4942 1715 5011 ipse
1747 4952 1917 5012 pater,
1950 4942 2065 5013 ipse
2090 4941 2153 4997 ll-

555 5031 660 5088 lius
718 5030 838 5088 fuit.
885 5032 1088 5102 Spiritu
1119 5035 1263 5089 enim
1287 5047 1489 5092 motoa
1546 5038 1862 5109 semetipso,
1922 5038 2024 5095 hoc
2068 5047 2152 5095 est

556 5129 680 5189 vilic
723 5128 978 5201 perfectae
1004 5130 1056 5185 in
1094 5131 1332 5195 motione
1360 5131 1669 5199 existentis,
1705 5133 1936 5193 volentis
1966 5135 2153 5192 videre

555 5224 925 5294 semetipsam,
982 5223 1085 5279 hoc
1128 5233 1212 5278 est
1241 5224 1533 5294 potentiam
1562 5241 1738 5295 suam,
1771 5240 1975 5299 patrem
2006 5230 2167 5287 scili-’

558 5325 665 5383 cet,
700 5316 834 5371 facta
866 5326 950 5373 est
972 5316 1086 5387 ipsa
1110 5316 1473 5373 manifestatio
1493 5318 1597 5385 sui,
1624 5335 1746 5389 qua:
1769 5323 2049 5391 generatio
2069 5332 2153 5389 est

558 5418 613 5464 et
660 5408 877 5478 dicitur,
908 5420 960 5465 et
981 5408 1133 5481 juxta
1184 5409 1287 5465 hoc
1332 5407 1465 5466 foris
1491 5410 1751 5469 existens.
1800 5412 1988 5473 Omnis
2005 5416 2150 5479 enim

557 5506 968 5574 cognoscentia,
999 5505 1297 5567 secundum
1322 5504 1463 5576 quod
1492 5510 1867 5576 cognoscentia
1888 5521 1995 5566 εει.
2024 5510 2158 5569 toris

558 5598 729 5654 estab
761 5599 853 5655 illo
880 5599 1020 5669 quod
1070 5600 1217 5670 cupit
1250 5614 1597 5671 cognoscere.
1630 5599 1785 5656 Foris
1806 5609 1983 5657 autem
2008 5601 2148 5674 dico,

555 5694 700 5749 sicut
723 5694 773 5748 in
797 5695 1127 5763 inspectione
1152 5694 1448 5751 secundum
1471 5693 1614 5765 quod
1641 5704 1726 5751 est
1750 5696 1933 5754 videre
1954 5708 2156 5754 semet-

562 5787 781 5857 ipsam:
821 5788 963 5860 quod
1009 5798 1093 5846 est
1135 5790 1277 5851 scire
1313 5789 1397 5853 vel
1442 5789 1628 5857 videre
1673 5790 1965 5865 potentiam
2008 5791 2156 5861 illam

2257 4663 2406 4731 tiam,
2440 4670 2496 4718 et
2518 4661 2748 4731 animus,
2772 4669 2830 4716 et
2857 4674 3047 4715 carnes
3078 4674 3175 4732 per
3205 4668 3452 4715 sanctum
3480 4656 3712 4730 Spiritum
3732 4648 3801 4707 sd-

2256 4756 2675 4813 ministratorem
2707 4752 2774 4811 ad
2802 4752 3016 4808 divinas
3059 4762 3114 4811 et
3140 4749 3524 4811 vivel'acientes
3547 4747 3800 4815 intelligen-

2257 4850 2359 4906 tias
2397 4849 2672 4920 erigerent
2709 4848 3112 4918 cognoscentis,
3142 4845 3269 4915 ﬁde,
3303 4860 3512 4914 amore.
3555 4836 3799 4914 Respoudil

2257 4944 2418 5014 igitur
2444 4944 2666 5016 angelus
2692 4942 2872 5027 Maria:
2895 4951 2950 4998 et
2970 4942 3102 4998 dixit
3127 4941 3202 4997 illi
3233 4959 3246 4996 :
3271 4942 3500 5012 Spiritus
3528 4931 3798 5027 sanctast"!-

2258 5039 2420 5094 seniet
2441 5039 2495 5097 in
2520 5047 2590 5106 te,
2623 5046 2670 5093 et
2725 5025 2889 5097 virtus
2915 5034 3163 5093 Altissimi
3207 5035 3519 5097 iuumbrabit
3548 5033 3631 5088 tibi
3669 5025 3795 5104 (Litt.

2258 5148 2299 5201 r,
2333 5132 2447 5193 35).
2481 5130 2608 5199 Haec
2650 5129 2757 5187 duo
2804 5130 2856 5187 in
2884 5138 3055 5199 metu,
3087 5144 3205 5201 qua:
3225 5137 3353 5197 sunt
3392 5126 3538 5204 λόγος
3557 5135 3609 5182 et
3628 5132 3797 5181 sanctus

2261 5224 2514 5296 Spiritus,
2548 5224 2615 5279 ad
2652 5223 2706 5281 id
2745 5233 2806 5279 ut
2843 5223 3065 5294 gravida
3094 5231 3240 5287 esset
3268 5223 3453 5290 alario,
3476 5231 3533 5277 ut
3555 5218 3796 5276 aediﬁcare.

2259 5325 2347 5373 tur
2366 5332 2493 5373 caro
2514 5333 2545 5372 a
2573 5332 2759 5385 carne,
2791 5318 2885 5372 Dei
2912 5316 3168 5389 templum
3193 5324 3249 5371 ει
3268 5315 3593 5373 domicilium
3611 5312 3795 5368 adseuev

2258 5422 2385 5475 sunt
2417 5430 2431 5466 :
2456 5423 2679 5473 sanctus
2706 5413 2922 5486 quidem
2954 5412 3187 5484 Spiritus
3206 5414 3442 5484 petentia
3471 5412 3524 5467 in
3553 5417 3703 5475 multi.
3724 5417 3792 5476 ιε’

2262 5508 2557 5573 iterationis
2602 5509 2746 5565 enim
2814 5494 3137 5579 principium
3189 5516 3405 5574 motus;
3454 5506 3617 5563 virtus
3654 5508 3791 5557 autem

2260 5603 2508 5659 altissimi
2542 5602 2656 5674 ipse
2696 5600 2843 5678 λόγος
2868 5612 2949 5658 εει
2976 5619 2991 5653 :
3035 5599 3208 5657 Virtus
3247 5601 3383 5657 enim
3409 5609 3455 5656 ιι
3479 5595 3703 5671 sapientia
3720 5586 3792 5645 Dei

2266 5696 2414 5769 λόγος
2456 5696 2609 5761 Iesus
2640 5697 2702 5768 ‘(l
2733 5697 2851 5752 Cor.
2884 5713 2923 5765 ι,
2970 5694 3089 5769 94).
3121 5695 3228 5753 Sed
3259 5695 3328 5755 tle
3353 5697 3502 5771 λόγῳ,
3542 5693 3635 5750 hoc
3658 5684 3790 5744 estde

2268 5791 2403 5861 ﬁlio,
2423 5792 2745 5853 obumbrabit
2768 5793 2880 5863 tibi,
2903 5790 3060 5849 dixit.
3090 5789 3399 5850 Perfecmm
3425 5795 3584 5860 enim,
3602 5782 3787 5845 divinum

3931 3820 3933 3919 1

3930 4048 3931 4133 ι
