  <div class='ocr_page' id='page_1' title='image "/cluster/home/n/w/nwhite01/storage/ocr_20150623/8/hvd.32044015471253/550.png"; bbox 0 0 4024 6306; ppageno 0'>
   <div class='ocr_carea' id='block_1_1' title="bbox 282 272 421 328">
    <p class='ocr_par' dir='ltr' id='par_1_1' title="bbox 282 272 421 328">
     <span class='ocr_line' id='line_1_1' title="bbox 282 272 421 328; baseline -0.007 0"><span class='ocrx_word' id='word_1_1' title='bbox 282 272 421 328; x_wconf 69' lang='grc'><strong>1035</strong></span> 
     </span>
    </p>
   </div>
   <div class='ocr_carea' id='block_1_2' title="bbox 1486 228 2427 330">
    <p class='ocr_par' dir='ltr' id='par_1_2' title="bbox 1486 228 2427 330">
     <span class='ocr_line' id='line_1_2' title="bbox 1486 228 2427 330; baseline 0.004 -4"><span class='ocrx_word' id='word_1_2' title='bbox 1486 228 1855 327; x_wconf 68' lang='lat' dir='ltr'><strong>anvsnsus</strong></span> <span class='ocrx_word' id='word_1_3' title='bbox 1894 270 2110 329; x_wconf 75' lang='lat' dir='ltr'><strong>ARIUM</strong></span> <span class='ocrx_word' id='word_1_4' title='bbox 2143 271 2344 330; x_wconf 81' lang='lat' dir='ltr'><strong>LIBER</strong></span> <span class='ocrx_word' id='word_1_5' title='bbox 2385 273 2427 330; x_wconf 82' lang='grc' dir='ltr'>ι.</span> 
     </span>
    </p>
   </div>
   <div class='ocr_carea' id='block_1_3' title="bbox 3437 278 3576 336">
    <p class='ocr_par' dir='ltr' id='par_1_3' title="bbox 3437 278 3576 336">
     <span class='ocr_line' id='line_1_3' title="bbox 3437 278 3576 336; baseline 0.007 -1"><span class='ocrx_word' id='word_1_6' title='bbox 3437 278 3576 336; x_wconf 72' lang='lat'><strong>1086</strong></span> 
     </span>
    </p>
   </div>
   <div class='ocr_carea' id='block_1_4' title="bbox 279 384 3574 464">
    <p class='ocr_par' dir='ltr' id='par_1_4' title="bbox 279 384 3574 464">
     <span class='ocr_line' id='line_1_4' title="bbox 279 384 3574 464; baseline 0.003 -23"><span class='ocrx_word' id='word_1_7' title='bbox 279 395 334 441; x_wconf 90' lang='lat' dir='ltr'><strong>et</strong></span> <span class='ocrx_word' id='word_1_8' title='bbox 380 385 661 457; x_wconf 83' lang='lat' dir='ltr'><strong>splendide</strong></span> <span class='ocrx_word' id='word_1_9' title='bbox 705 395 764 445; x_wconf 90' lang='lat' dir='ltr'><strong>ut</strong></span> <span class='ocrx_word' id='word_1_10' title='bbox 816 396 897 441; x_wconf 81' lang='lat' dir='ltr'><strong>cst</strong></span> <span class='ocrx_word' id='word_1_11' title='bbox 950 386 1157 443; x_wconf 86' lang='lat' dir='ltr'><strong>clarum</strong></span> <span class='ocrx_word' id='word_1_12' title='bbox 1205 399 1314 441; x_wconf 91' lang='lat' dir='ltr'><strong>non</strong></span> <span class='ocrx_word' id='word_1_13' title='bbox 1352 384 1496 456; x_wconf 87' lang='lat' dir='ltr'><strong>capit</strong></span> <span class='ocrx_word' id='word_1_14' title='bbox 1521 384 1752 441; x_wconf 82' lang='lat' dir='ltr'><strong>humana</strong></span> <span class='ocrx_word' id='word_1_15' title='bbox 1780 400 1878 441; x_wconf 90' lang='lat' dir='ltr'><strong>na-</strong></span> <span class='ocrx_word' id='word_1_16' title='bbox 1902 394 1953 455; x_wconf 76' lang='grc' dir='ltr'>Α</span> <span class='ocrx_word' id='word_1_17' title='bbox 1983 385 2103 443; x_wconf 98' lang='lat' dir='ltr'><strong>sibi.</strong></span> <span class='ocrx_word' id='word_1_18' title='bbox 2139 387 2307 459; x_wconf 79' lang='lat' dir='ltr'><strong>Magis</strong></span> <span class='ocrx_word' id='word_1_19' title='bbox 2335 397 2512 446; x_wconf 86' lang='lat' dir='ltr'><strong>autem</strong></span> <span class='ocrx_word' id='word_1_20' title='bbox 2543 389 2704 446; x_wconf 81' lang='lat' dir='ltr'><strong>simul</strong></span> <span class='ocrx_word' id='word_1_21' title='bbox 2746 390 3029 451; x_wconf 85' lang='lat' dir='ltr'><strong>existenlia</strong></span> <span class='ocrx_word' id='word_1_22' title='bbox 3059 392 3174 453; x_wconf 88' lang='lat' dir='ltr'><strong>sine</strong></span> <span class='ocrx_word' id='word_1_23' title='bbox 3203 393 3380 464; x_wconf 84' lang='lat' dir='ltr'><strong>aliquo</strong></span> <span class='ocrx_word' id='word_1_24' title='bbox 3407 394 3574 450; x_wconf 83' lang='lat' dir='ltr'><strong>inter-</strong></span> 
     </span>
    </p>
   </div>
   <div class='ocr_carea' id='block_1_5' title="bbox 279 476 1876 553">
    <p class='ocr_par' dir='ltr' id='par_1_5' title="bbox 279 476 1876 553">
     <span class='ocr_line' id='line_1_5' title="bbox 279 476 1876 553; baseline -0.004 -14"><span class='ocrx_word' id='word_1_25' title='bbox 279 487 421 539; x_wconf 83' lang='lat' dir='ltr'><strong>lnra.</strong></span> <span class='ocrx_word' id='word_1_26' title='bbox 476 481 544 536; x_wconf 86' lang='lat' dir='ltr'><strong>Et</strong></span> <span class='ocrx_word' id='word_1_27' title='bbox 589 481 693 536; x_wconf 89' lang='lat' dir='ltr'><strong>boc</strong></span> <span class='ocrx_word' id='word_1_28' title='bbox 738 480 1001 551; x_wconf 79' lang='lat' dir='ltr'><strong>signiﬁcat</strong></span> <span class='ocrx_word' id='word_1_29' title='bbox 1048 497 1061 530; x_wconf 94' lang='lat'>:</span> <span class='ocrx_word' id='word_1_30' title='bbox 1108 476 1176 533; x_wconf 86' lang='lat' dir='ltr'><strong>Et</strong></span> <span class='ocrx_word' id='word_1_31' title='bbox 1221 478 1366 553; x_wconf 86' lang='grc' dir='ltr'>λόγος</span> <span class='ocrx_word' id='word_1_32' title='bbox 1414 493 1535 534; x_wconf 86' lang='lat' dir='ltr'><strong>caro</strong></span> <span class='ocrx_word' id='word_1_33' title='bbox 1589 479 1758 550; x_wconf 79' lang='lat' dir='ltr'><strong>factus</strong></span> <span class='ocrx_word' id='word_1_34' title='bbox 1802 488 1876 535; x_wconf 86' lang='lat' dir='ltr'><strong>est</strong></span> 
     </span>
    </p>
   </div>
   <div class='ocr_carea' id='block_1_6' title="bbox 279 570 1878 646">
    <p class='ocr_par' dir='ltr' id='par_1_6' title="bbox 279 570 1878 646">
     <span class='ocr_line' id='line_1_6' title="bbox 279 570 1878 646; baseline -0.001 -17"><span class='ocrx_word' id='word_1_35' title='bbox 279 572 461 643; x_wconf 83' lang='lat' dir='ltr'><strong>(Joan.</strong></span> <span class='ocrx_word' id='word_1_36' title='bbox 496 589 554 640; x_wconf 84' lang='grc' dir='ltr'>ι,</span> <span class='ocrx_word' id='word_1_37' title='bbox 613 572 729 646; x_wconf 72' lang='grc'><strong>14).</strong></span> <span class='ocrx_word' id='word_1_38' title='bbox 764 573 930 643; x_wconf 80' lang='lat' dir='ltr'><strong>Magis</strong></span> <span class='ocrx_word' id='word_1_39' title='bbox 978 579 1156 628; x_wconf 88' lang='lat' dir='ltr'><strong>autem</strong></span> <span class='ocrx_word' id='word_1_40' title='bbox 1187 570 1659 627; x_wconf 84' lang='lat' dir='ltr'><strong>obnmbrationetn</strong></span> <span class='ocrx_word' id='word_1_41' title='bbox 1712 572 1878 644; x_wconf 87' lang='lat' dir='ltr'><strong>signi-</strong></span> 
     </span>
    </p>
   </div>
   <div class='ocr_carea' id='block_1_7' title="bbox 277 665 1879 742">
    <p class='ocr_par' dir='ltr' id='par_1_7' title="bbox 277 665 1879 742">
     <span class='ocr_line' id='line_1_7' title="bbox 277 665 1879 742; baseline 0.001 -18"><span class='ocrx_word' id='word_1_42' title='bbox 277 665 424 735; x_wconf 79' lang='lat' dir='ltr'><strong>ﬁcat,</strong></span> <span class='ocrx_word' id='word_1_43' title='bbox 484 668 625 740; x_wconf 90' lang='lat' dir='ltr'><strong>quod</strong></span> <span class='ocrx_word' id='word_1_44' title='bbox 654 668 855 726; x_wconf 89' lang='lat' dir='ltr'><strong>dictum</strong></span> <span class='ocrx_word' id='word_1_45' title='bbox 883 682 1001 730; x_wconf 83' lang='lat' dir='ltr'><strong>est:</strong></span> <span class='ocrx_word' id='word_1_46' title='bbox 1030 668 1329 727; x_wconf 76' lang='lat' dir='ltr'><strong>Exinaaivit</strong></span> <span class='ocrx_word' id='word_1_47' title='bbox 1371 671 1696 742; x_wconf 73' lang='lat' dir='ltr'><strong>semetipsum</strong></span> <span class='ocrx_word' id='word_1_48' title='bbox 1721 667 1879 741; x_wconf 80' lang='lat' dir='ltr'><strong>(Phi-</strong></span> 
     </span>
    </p>
   </div>
   <div class='ocr_carea' id='block_1_8' title="bbox 277 758 616 833">
    <p class='ocr_par' dir='ltr' id='par_1_8' title="bbox 277 758 616 833">
     <span class='ocr_line' id='line_1_8' title="bbox 277 758 616 833; baseline 0.003 -18"><span class='ocrx_word' id='word_1_49' title='bbox 277 758 409 831; x_wconf 79' lang='lat' dir='ltr'><strong>lipp.</strong></span> <span class='ocrx_word' id='word_1_50' title='bbox 440 777 502 827; x_wconf 88' lang='lat' dir='ltr'><strong>tt,</strong></span> <span class='ocrx_word' id='word_1_51' title='bbox 536 759 616 833; x_wconf 85' lang='grc'><strong>7).</strong></span> 
     </span>
    </p>
   </div>
   <div class='ocr_carea' id='block_1_9' title="bbox 347 854 1877 933">
    <p class='ocr_par' dir='ltr' id='par_1_9' title="bbox 347 854 1877 933">
     <span class='ocr_line' id='line_1_9' title="bbox 347 854 1877 933; baseline 0.003 -23"><span class='ocrx_word' id='word_1_52' title='bbox 347 854 483 911; x_wconf 80' lang='lat' dir='ltr'><strong>LIX.</strong></span> <span class='ocrx_word' id='word_1_53' title='bbox 518 855 786 916; x_wconf 88' lang='lat' dir='ltr'><strong>llabemus</strong></span> <span class='ocrx_word' id='word_1_54' title='bbox 813 873 944 930; x_wconf 84' lang='lat' dir='ltr'><strong>ergo</strong></span> <span class='ocrx_word' id='word_1_55' title='bbox 973 859 1271 933; x_wconf 84' lang='lat' dir='ltr'><strong>secundum</strong></span> <span class='ocrx_word' id='word_1_56' title='bbox 1317 859 1564 919; x_wconf 82' lang='lat' dir='ltr'><strong>ordinem</strong></span> <span class='ocrx_word' id='word_1_57' title='bbox 1598 857 1877 930; x_wconf 72' lang='lat' dir='ltr'><strong>praemissa</strong></span> 
     </span>
    </p>
   </div>
   <div class='ocr_carea' id='block_1_10' title="bbox 275 948 1878 1029">
    <p class='ocr_par' dir='ltr' id='par_1_10' title="bbox 275 948 1878 1029">
     <span class='ocr_line' id='line_1_10' title="bbox 275 948 1878 1029; baseline 0.004 -26"><span class='ocrx_word' id='word_1_58' title='bbox 275 948 370 1006; x_wconf 86' lang='lat' dir='ltr'><strong>Dei</strong></span> <span class='ocrx_word' id='word_1_59' title='bbox 400 959 455 1008; x_wconf 88' lang='lat' dir='ltr'><strong>et</strong></span> <span class='ocrx_word' id='word_1_60' title='bbox 484 952 718 1019; x_wconf 84' lang='lat' dir='ltr'><strong>Patrem,</strong></span> <span class='ocrx_word' id='word_1_61' title='bbox 738 963 792 1010; x_wconf 90' lang='lat' dir='ltr'><strong>et</strong></span> <span class='ocrx_word' id='word_1_62' title='bbox 819 954 1008 1010; x_wconf 85' lang='lat' dir='ltr'><strong>Filium</strong></span> <span class='ocrx_word' id='word_1_63' title='bbox 1032 956 1315 1029; x_wconf 79' lang='grc' dir='ltr'>ὁμοούσιον,</span> <span class='ocrx_word' id='word_1_64' title='bbox 1335 965 1383 1011; x_wconf 87' lang='grc' dir='ltr'><strong>ει</strong></span> <span class='ocrx_word' id='word_1_65' title='bbox 1413 953 1660 1029; x_wconf 77' lang='grc' dir='ltr'><strong>ὁμοούσια</strong></span> <span class='ocrx_word' id='word_1_66' title='bbox 1688 969 1878 1010; x_wconf 84' lang='lat' dir='ltr'><strong>secun-</strong></span> 
     </span>
    </p>
   </div>
   <div class='ocr_carea' id='block_1_11' title="bbox 275 1042 1877 1111">
    <p class='ocr_par' dir='ltr' id='par_1_11' title="bbox 275 1042 1877 1111">
     <span class='ocr_line' id='line_1_11' title="bbox 275 1042 1877 1111; baseline 0.004 -13"><span class='ocrx_word' id='word_1_67' title='bbox 275 1042 401 1100; x_wconf 90' lang='lat' dir='ltr'><strong>dtun</strong></span> <span class='ocrx_word' id='word_1_68' title='bbox 432 1046 766 1104; x_wconf 88' lang='lat' dir='ltr'><strong>identitatem</strong></span> <span class='ocrx_word' id='word_1_69' title='bbox 800 1049 853 1105; x_wconf 91' lang='lat' dir='ltr'><strong>in</strong></span> <span class='ocrx_word' id='word_1_70' title='bbox 882 1050 1199 1108; x_wconf 74' lang='lat' dir='ltr'><strong>substantia.</strong></span> <span class='ocrx_word' id='word_1_71' title='bbox 1243 1051 1358 1111; x_wconf 89' lang='lat' dir='ltr'><strong>Una</strong></span> <span class='ocrx_word' id='word_1_72' title='bbox 1389 1050 1532 1107; x_wconf 91' lang='lat' dir='ltr'><strong>enim</strong></span> <span class='ocrx_word' id='word_1_73' title='bbox 1579 1048 1877 1106; x_wconf 87' lang='lat' dir='ltr'><strong>snbstantia</strong></span> 
     </span>
    </p>
   </div>
   <div class='ocr_carea' id='block_1_12' title="bbox 278 1135 1878 1217">
    <p class='ocr_par' dir='ltr' id='par_1_12' title="bbox 278 1135 1878 1217">
     <span class='ocr_line' id='line_1_12' title="bbox 278 1135 1878 1217; baseline 0.005 -23"><span class='ocrx_word' id='word_1_74' title='bbox 278 1135 535 1208; x_wconf 88' lang='lat' dir='ltr'><strong>Spiritus,</strong></span> <span class='ocrx_word' id='word_1_75' title='bbox 567 1140 611 1194; x_wconf 93' lang='lat' dir='ltr'><strong>is</strong></span> <span class='ocrx_word' id='word_1_76' title='bbox 640 1142 813 1212; x_wconf 89' lang='lat' dir='ltr'><strong>ipsum</strong></span> <span class='ocrx_word' id='word_1_77' title='bbox 842 1158 961 1199; x_wconf 84' lang='lat' dir='ltr'><strong>esse</strong></span> <span class='ocrx_word' id='word_1_78' title='bbox 1000 1153 1103 1201; x_wconf 88' lang='lat' dir='ltr'><strong>est.</strong></span> <span class='ocrx_word' id='word_1_79' title='bbox 1136 1145 1313 1217; x_wconf 87' lang='lat' dir='ltr'><strong>Ipsum</strong></span> <span class='ocrx_word' id='word_1_80' title='bbox 1342 1161 1462 1203; x_wconf 88' lang='lat' dir='ltr'><strong>esse</strong></span> <span class='ocrx_word' id='word_1_81' title='bbox 1488 1156 1665 1203; x_wconf 89' lang='lat' dir='ltr'><strong>autem</strong></span> <span class='ocrx_word' id='word_1_82' title='bbox 1688 1157 1739 1204; x_wconf 91' lang='lat' dir='ltr'><strong>et</strong></span> <span class='ocrx_word' id='word_1_83' title='bbox 1771 1146 1878 1202; x_wconf 87' lang='lat' dir='ltr'><strong>vita</strong></span> 
     </span>
    </p>
   </div>
   <div class='ocr_carea' id='block_1_13' title="bbox 273 1231 1881 1313">
    <p class='ocr_par' dir='ltr' id='par_1_13' title="bbox 273 1231 1881 1313">
     <span class='ocr_line' id='line_1_13' title="bbox 273 1231 1881 1313; baseline 0.007 -27"><span class='ocrx_word' id='word_1_84' title='bbox 273 1240 330 1286; x_wconf 90' lang='lat' dir='ltr'><strong>et</strong></span> <span class='ocrx_word' id='word_1_85' title='bbox 363 1231 664 1304; x_wconf 74' lang='lat' dir='ltr'><strong>intelligere</strong></span> <span class='ocrx_word' id='word_1_86' title='bbox 702 1245 806 1291; x_wconf 91' lang='lat' dir='ltr'><strong>est.</strong></span> <span class='ocrx_word' id='word_1_87' title='bbox 836 1235 942 1292; x_wconf 87' lang='lat' dir='ltr'><strong>ista</strong></span> <span class='ocrx_word' id='word_1_88' title='bbox 976 1239 1094 1304; x_wconf 85' lang='lat' dir='ltr'><strong>tria,</strong></span> <span class='ocrx_word' id='word_1_89' title='bbox 1131 1239 1182 1293; x_wconf 93' lang='lat' dir='ltr'><strong>in</strong></span> <span class='ocrx_word' id='word_1_90' title='bbox 1224 1238 1448 1312; x_wconf 73' lang='lat' dir='ltr'><strong>singulis</strong></span> <span class='ocrx_word' id='word_1_91' title='bbox 1476 1241 1797 1313; x_wconf 88' lang='lat' dir='ltr'><strong>quibusque,</strong></span> <span class='ocrx_word' id='word_1_92' title='bbox 1824 1248 1881 1297; x_wconf 84' lang='lat' dir='ltr'><strong>et</strong></span> 
     </span>
    </p>
   </div>
   <div class='ocr_carea' id='block_1_14' title="bbox 274 1326 1877 1405">
    <p class='ocr_par' dir='ltr' id='par_1_14' title="bbox 274 1326 1877 1405">
     <span class='ocr_line' id='line_1_14' title="bbox 274 1326 1877 1405; baseline 0.005 -23"><span class='ocrx_word' id='word_1_93' title='bbox 274 1326 396 1383; x_wconf 89' lang='lat' dir='ltr'><strong>ideo</strong></span> <span class='ocrx_word' id='word_1_94' title='bbox 423 1344 527 1384; x_wconf 91' lang='lat' dir='ltr'><strong>una</strong></span> <span class='ocrx_word' id='word_1_95' title='bbox 551 1328 826 1399; x_wconf 80' lang='lat' dir='ltr'><strong>divinitas,</strong></span> <span class='ocrx_word' id='word_1_96' title='bbox 856 1342 910 1389; x_wconf 88' lang='lat' dir='ltr'><strong>et</strong></span> <span class='ocrx_word' id='word_1_97' title='bbox 939 1349 1141 1400; x_wconf 89' lang='lat' dir='ltr'><strong>unum;</strong></span> <span class='ocrx_word' id='word_1_98' title='bbox 1170 1334 1312 1405; x_wconf 89' lang='lat' dir='ltr'><strong>quod</strong></span> <span class='ocrx_word' id='word_1_99' title='bbox 1360 1350 1520 1391; x_wconf 91' lang='lat' dir='ltr'><strong>omne</strong></span> <span class='ocrx_word' id='word_1_100' title='bbox 1546 1351 1684 1392; x_wconf 92' lang='lat' dir='ltr'><strong>unus</strong></span> <span class='ocrx_word' id='word_1_101' title='bbox 1715 1335 1877 1402; x_wconf 90' lang='lat' dir='ltr'><strong>Deus,</strong></span> 
     </span>
    </p>
   </div>
   <div class='ocr_carea' id='block_1_15' title="bbox 274 1419 1877 1499">
    <p class='ocr_par' dir='ltr' id='par_1_15' title="bbox 274 1419 1877 1499">
     <span class='ocr_line' id='line_1_15' title="bbox 274 1419 1877 1499; baseline 0.006 -24"><span class='ocrx_word' id='word_1_102' title='bbox 274 1419 398 1491; x_wconf 85' lang='lat' dir='ltr'><strong>quia</strong></span> <span class='ocrx_word' id='word_1_103' title='bbox 424 1436 591 1477; x_wconf 89' lang='lat' dir='ltr'><strong>unum</strong></span> <span class='ocrx_word' id='word_1_104' title='bbox 612 1422 808 1492; x_wconf 87' lang='lat' dir='ltr'><strong>Pater,</strong></span> <span class='ocrx_word' id='word_1_105' title='bbox 844 1424 1014 1481; x_wconf 90' lang='lat' dir='ltr'><strong>Filius</strong></span> <span class='ocrx_word' id='word_1_106' title='bbox 1043 1424 1262 1483; x_wconf 84' lang='lat' dir='ltr'><strong>sanctus</strong></span> <span class='ocrx_word' id='word_1_107' title='bbox 1288 1428 1521 1499; x_wconf 86' lang='lat' dir='ltr'><strong>Spiritus</strong></span> <span class='ocrx_word' id='word_1_108' title='bbox 1545 1448 1557 1483; x_wconf 88' lang='lat'><strong>:</strong></span> <span class='ocrx_word' id='word_1_109' title='bbox 1581 1428 1877 1485; x_wconf 89' lang='lat' dir='ltr'><strong>secundum</strong></span> 
     </span>
    </p>
   </div>
   <div class='ocr_carea' id='block_1_16' title="bbox 279 1516 1874 1594">
    <p class='ocr_par' dir='ltr' id='par_1_16' title="bbox 279 1516 1874 1594">
     <span class='ocr_line' id='line_1_16' title="bbox 279 1516 1874 1594; baseline 0.008 -26"><span class='ocrx_word' id='word_1_110' title='bbox 279 1516 578 1586; x_wconf 83' lang='lat' dir='ltr'><strong>potentiam</strong></span> <span class='ocrx_word' id='word_1_111' title='bbox 618 1526 674 1574; x_wconf 89' lang='lat' dir='ltr'><strong>et</strong></span> <span class='ocrx_word' id='word_1_112' title='bbox 702 1519 968 1579; x_wconf 87' lang='lat' dir='ltr'><strong>actionem</strong></span> <span class='ocrx_word' id='word_1_113' title='bbox 1012 1521 1185 1577; x_wconf 89' lang='lat' dir='ltr'><strong>solum</strong></span> <span class='ocrx_word' id='word_1_114' title='bbox 1238 1532 1535 1594; x_wconf 88' lang='lat' dir='ltr'><strong>apparente</strong></span> <span class='ocrx_word' id='word_1_115' title='bbox 1588 1524 1874 1580; x_wconf 87' lang='lat' dir='ltr'><strong>alteritate.</strong></span> 
     </span>
    </p>
   </div>
   <div class='ocr_carea' id='block_1_17' title="bbox 274 1605 1881 1681">
    <p class='ocr_par' dir='ltr' id='par_1_17' title="bbox 274 1605 1881 1681">
     <span class='ocr_line' id='line_1_17' title="bbox 274 1605 1881 1681; baseline 0.006 -19"><span class='ocrx_word' id='word_1_116' title='bbox 274 1605 427 1675; x_wconf 85' lang='lat' dir='ltr'><strong>Quod</strong></span> <span class='ocrx_word' id='word_1_117' title='bbox 456 1608 601 1666; x_wconf 87' lang='lat' dir='ltr'><strong>Deus</strong></span> <span class='ocrx_word' id='word_1_118' title='bbox 628 1611 680 1666; x_wconf 91' lang='lat' dir='ltr'><strong>in</strong></span> <span class='ocrx_word' id='word_1_119' title='bbox 711 1612 981 1681; x_wconf 90' lang='lat' dir='ltr'><strong>potentia,</strong></span> <span class='ocrx_word' id='word_1_120' title='bbox 1012 1622 1069 1670; x_wconf 91' lang='lat' dir='ltr'><strong>et</strong></span> <span class='ocrx_word' id='word_1_121' title='bbox 1099 1615 1150 1670; x_wconf 92' lang='lat' dir='ltr'><strong>in</strong></span> <span class='ocrx_word' id='word_1_122' title='bbox 1179 1615 1392 1670; x_wconf 89' lang='lat' dir='ltr'><strong>occulto</strong></span> <span class='ocrx_word' id='word_1_123' title='bbox 1418 1624 1567 1672; x_wconf 89' lang='lat' dir='ltr'><strong>motu</strong></span> <span class='ocrx_word' id='word_1_124' title='bbox 1610 1624 1790 1671; x_wconf 89' lang='lat' dir='ltr'><strong>movet</strong></span> <span class='ocrx_word' id='word_1_125' title='bbox 1825 1623 1881 1672; x_wconf 88' lang='lat' dir='ltr'><strong>et</strong></span> 
     </span>
    </p>
   </div>
   <div class='ocr_carea' id='block_1_18' title="bbox 273 1700 1875 1786">
    <p class='ocr_par' dir='ltr' id='par_1_18' title="bbox 273 1700 1875 1786">
     <span class='ocr_line' id='line_1_18' title="bbox 273 1700 1875 1786; baseline 0.007 -30"><span class='ocrx_word' id='word_1_126' title='bbox 273 1700 503 1773; x_wconf 89' lang='lat' dir='ltr'><strong>imperat</strong></span> <span class='ocrx_word' id='word_1_127' title='bbox 540 1704 741 1771; x_wconf 88' lang='lat' dir='ltr'><strong>omnia,</strong></span> <span class='ocrx_word' id='word_1_128' title='bbox 786 1714 843 1762; x_wconf 91' lang='lat' dir='ltr'><strong>ut</strong></span> <span class='ocrx_word' id='word_1_129' title='bbox 883 1708 933 1762; x_wconf 91' lang='lat' dir='ltr'><strong>in</strong></span> <span class='ocrx_word' id='word_1_130' title='bbox 972 1709 1221 1775; x_wconf 81' lang='lat' dir='ltr'><strong>silentio;</strong></span> <span class='ocrx_word' id='word_1_131' title='bbox 1268 1711 1416 1786; x_wconf 83' lang='grc' dir='ltr'>λόγος</span> <span class='ocrx_word' id='word_1_132' title='bbox 1461 1721 1640 1766; x_wconf 88' lang='lat' dir='ltr'><strong>autem</strong></span> <span class='ocrx_word' id='word_1_133' title='bbox 1684 1711 1875 1777; x_wconf 87' lang='lat' dir='ltr'><strong>Filius,</strong></span> 
     </span>
    </p>
   </div>
   <div class='ocr_carea' id='block_1_19' title="bbox 1976 478 3576 556">
    <p class='ocr_par' dir='ltr' id='par_1_19' title="bbox 1976 478 3576 556">
     <span class='ocr_line' id='line_1_19' title="bbox 1976 478 3576 556; baseline 0.007 -23"><span class='ocrx_word' id='word_1_134' title='bbox 1976 478 2138 545; x_wconf 90' lang='lat' dir='ltr'><strong>vallo,</strong></span> <span class='ocrx_word' id='word_1_135' title='bbox 2163 480 2374 551; x_wconf 73' lang='lat' dir='ltr'><strong>splitcra</strong></span> <span class='ocrx_word' id='word_1_136' title='bbox 2401 492 2481 539; x_wconf 89' lang='lat' dir='ltr'><strong>est</strong></span> <span class='ocrx_word' id='word_1_137' title='bbox 2513 492 2566 538; x_wconf 89' lang='lat' dir='ltr'><strong>et</strong></span> <span class='ocrx_word' id='word_1_138' title='bbox 2597 484 2788 554; x_wconf 88' lang='lat' dir='ltr'><strong>prima,</strong></span> <span class='ocrx_word' id='word_1_139' title='bbox 2813 493 2867 540; x_wconf 91' lang='lat' dir='ltr'><strong>et</strong></span> <span class='ocrx_word' id='word_1_140' title='bbox 2906 483 3165 554; x_wconf 82' lang='lat' dir='ltr'><strong>perlecta,</strong></span> <span class='ocrx_word' id='word_1_141' title='bbox 3210 494 3264 541; x_wconf 91' lang='lat' dir='ltr'><strong>et</strong></span> <span class='ocrx_word' id='word_1_142' title='bbox 3311 485 3420 556; x_wconf 85' lang='lat' dir='ltr'><strong>ipsa</strong></span> <span class='ocrx_word' id='word_1_143' title='bbox 3462 488 3576 544; x_wconf 74' lang='lat' dir='ltr'><strong>sola</strong></span> 
     </span>
    </p>
   </div>
   <div class='ocr_carea' id='block_1_20' title="bbox 1976 574 3575 649">
    <p class='ocr_par' dir='ltr' id='par_1_20' title="bbox 1976 574 3575 649">
     <span class='ocr_line' id='line_1_20' title="bbox 1976 574 3575 649; baseline 0.005 -20"><span class='ocrx_word' id='word_1_144' title='bbox 1976 574 2187 644; x_wconf 73' lang='lat' dir='ltr'><strong>Spltzcra</strong></span> <span class='ocrx_word' id='word_1_145' title='bbox 2228 586 2319 631; x_wconf 89' lang='lat' dir='ltr'><strong>:at</strong></span> <span class='ocrx_word' id='word_1_146' title='bbox 2352 592 2481 633; x_wconf 82' lang='lat' dir='ltr'><strong>vero</strong></span> <span class='ocrx_word' id='word_1_147' title='bbox 2517 577 2618 635; x_wconf 81' lang='lat' dir='ltr'><strong>alia</strong></span> <span class='ocrx_word' id='word_1_148' title='bbox 2643 577 2796 647; x_wconf 83' lang='lat' dir='ltr'><strong>juxta</strong></span> <span class='ocrx_word' id='word_1_149' title='bbox 2824 578 3227 637; x_wconf 77' lang='lat' dir='ltr'><strong>similitudinem</strong></span> <span class='ocrx_word' id='word_1_150' title='bbox 3261 578 3575 649; x_wconf 66' lang='lat' dir='ltr'><strong>spbu&#39;riram</strong></span> 
     </span>
    </p>
   </div>
   <div class='ocr_carea' id='block_1_21' title="bbox 1977 667 3577 746">
    <p class='ocr_par' dir='ltr' id='par_1_21' title="bbox 1977 667 3577 746">
     <span class='ocr_line' id='line_1_21' title="bbox 1977 667 3577 746; baseline 0.004 -24"><span class='ocrx_word' id='word_1_151' title='bbox 1977 667 2168 739; x_wconf 85' lang='lat' dir='ltr'><strong>magis.</strong></span> <span class='ocrx_word' id='word_1_152' title='bbox 2202 668 2280 725; x_wconf 85' lang='lat' dir='ltr'><strong>Ex</strong></span> <span class='ocrx_word' id='word_1_153' title='bbox 2302 669 2401 724; x_wconf 88' lang='lat' dir='ltr'><strong>ista</strong></span> <span class='ocrx_word' id='word_1_154' title='bbox 2433 669 2642 727; x_wconf 81' lang='lat' dir='ltr'><strong>ratione</strong></span> <span class='ocrx_word' id='word_1_155' title='bbox 2681 672 3009 737; x_wconf 85' lang='lat' dir='ltr'><strong>necessario,</strong></span> <span class='ocrx_word' id='word_1_156' title='bbox 3044 683 3099 726; x_wconf 92' lang='lat' dir='ltr'><strong>et</strong></span> <span class='ocrx_word' id='word_1_157' title='bbox 3126 681 3359 746; x_wconf 79' lang='grc' dir='ltr'><strong>σημιῑον,</strong></span> <span class='ocrx_word' id='word_1_158' title='bbox 3392 682 3577 741; x_wconf 84' lang='lat' dir='ltr'><strong>poten-</strong></span> 
     </span>
    </p>
   </div>
   <div class='ocr_carea' id='block_1_22' title="bbox 1980 762 3580 840">
    <p class='ocr_par' dir='ltr' id='par_1_22' title="bbox 1980 762 3580 840">
     <span class='ocr_line' id='line_1_22' title="bbox 1980 762 3580 840; baseline -0.002 -17"><span class='ocrx_word' id='word_1_159' title='bbox 1980 762 2049 815; x_wconf 70' lang='grc' dir='ltr'><strong>ιία</strong></span> <span class='ocrx_word' id='word_1_160' title='bbox 2082 771 2187 826; x_wconf 63' lang='lat' dir='ltr'><strong>est;</strong></span> <span class='ocrx_word' id='word_1_161' title='bbox 2212 772 2261 817; x_wconf 87' lang='lat' dir='ltr'><strong>et</strong></span> <span class='ocrx_word' id='word_1_162' title='bbox 2285 768 2499 839; x_wconf 76' lang='grc' dir='ltr'><strong><em>γραμμή</em></strong></span> <span class='ocrx_word' id='word_1_163' title='bbox 2526 771 2580 819; x_wconf 86' lang='grc' dir='ltr'><strong>ει</strong></span> <span class='ocrx_word' id='word_1_164' title='bbox 2607 768 2849 840; x_wconf 71' lang='grc' dir='ltr'><strong>γραμμήν</strong></span> <span class='ocrx_word' id='word_1_165' title='bbox 2872 778 3105 833; x_wconf 81' lang='lat' dir='ltr'><strong>Operaus</strong></span> <span class='ocrx_word' id='word_1_166' title='bbox 3135 774 3348 838; x_wconf 65' lang='grc' dir='ltr'><strong>σημεῖον</strong></span> <span class='ocrx_word' id='word_1_167' title='bbox 3370 775 3450 821; x_wconf 80' lang='grc' dir='ltr'><strong>εει</strong></span> <span class='ocrx_word' id='word_1_168' title='bbox 3484 784 3496 821; x_wconf 91' lang='lat'><strong>:</strong></span> <span class='ocrx_word' id='word_1_169' title='bbox 3525 774 3580 820; x_wconf 85' lang='lat' dir='ltr'><strong>et</strong></span> 
     </span>
    </p>
   </div>
   <div class='ocr_carea' id='block_1_23' title="bbox 1977 854 3580 928">
    <p class='ocr_par' dir='ltr' id='par_1_23' title="bbox 1977 854 3580 928">
     <span class='ocr_line' id='line_1_23' title="bbox 1977 854 3580 928; baseline 0.004 -17"><span class='ocrx_word' id='word_1_170' title='bbox 1977 868 2006 911; x_wconf 74' lang='grc' dir='ltr'><strong>ιι</strong></span> <span class='ocrx_word' id='word_1_171' title='bbox 2037 854 2332 925; x_wconf 63' lang='lat' dir='ltr'><strong>semetipso</strong></span> <span class='ocrx_word' id='word_1_172' title='bbox 2361 856 2570 924; x_wconf 83' lang='lat' dir='ltr'><strong>exiens,</strong></span> <span class='ocrx_word' id='word_1_173' title='bbox 2602 867 2655 911; x_wconf 91' lang='lat' dir='ltr'><strong>et</strong></span> <span class='ocrx_word' id='word_1_174' title='bbox 2698 858 2888 913; x_wconf 79' lang='lat' dir='ltr'><strong>exiens</strong></span> <span class='ocrx_word' id='word_1_175' title='bbox 2929 872 3035 921; x_wconf 85' lang='lat' dir='ltr'><strong>non</strong></span> <span class='ocrx_word' id='word_1_176' title='bbox 3063 873 3300 928; x_wconf 85' lang='lat' dir='ltr'><strong>semper,</strong></span> <span class='ocrx_word' id='word_1_177' title='bbox 3344 857 3397 914; x_wconf 90' lang='lat' dir='ltr'><strong>in</strong></span> <span class='ocrx_word' id='word_1_178' title='bbox 3428 874 3580 917; x_wconf 85' lang='lat' dir='ltr'><strong>man-</strong></span> 
     </span>
    </p>
   </div>
   <div class='ocr_carea' id='block_1_24' title="bbox 1979 948 3578 1027">
    <p class='ocr_par' dir='ltr' id='par_1_24' title="bbox 1979 948 3578 1027">
     <span class='ocr_line' id='line_1_24' title="bbox 1979 948 3578 1027; baseline 0.004 -26"><span class='ocrx_word' id='word_1_179' title='bbox 1979 948 2155 1015; x_wconf 88' lang='lat' dir='ltr'><strong>sione,</strong></span> <span class='ocrx_word' id='word_1_180' title='bbox 2184 956 2238 1005; x_wconf 77' lang='grc' dir='ltr'><strong>ει</strong></span> <span class='ocrx_word' id='word_1_181' title='bbox 2266 948 2319 1004; x_wconf 91' lang='lat' dir='ltr'><strong>in</strong></span> <span class='ocrx_word' id='word_1_182' title='bbox 2347 961 2495 1005; x_wconf 87' lang='lat' dir='ltr'><strong>metu</strong></span> <span class='ocrx_word' id='word_1_183' title='bbox 2522 949 2705 1016; x_wconf 83' lang='lat' dir='ltr'><strong>simul,</strong></span> <span class='ocrx_word' id='word_1_184' title='bbox 2735 965 2949 1020; x_wconf 85' lang='lat' dir='ltr'><strong>semper</strong></span> <span class='ocrx_word' id='word_1_185' title='bbox 2975 951 3156 1017; x_wconf 91' lang='lat' dir='ltr'><strong>simul,</strong></span> <span class='ocrx_word' id='word_1_186' title='bbox 3197 953 3362 1027; x_wconf 71' lang='grc' dir='ltr'><strong>κύκλῳ</strong></span> <span class='ocrx_word' id='word_1_187' title='bbox 3406 962 3578 1011; x_wconf 82' lang='grc' dir='ltr'>εειηει</span> 
     </span>
    </p>
   </div>
   <div class='ocr_carea' id='block_1_25' title="bbox 1979 1040 3571 1115">
    <p class='ocr_par' dir='ltr' id='par_1_25' title="bbox 1979 1040 3571 1115">
     <span class='ocr_line' id='line_1_25' title="bbox 1979 1040 3571 1115; baseline 0.001 -19"><span class='ocrx_word' id='word_1_188' title='bbox 1979 1041 2251 1097; x_wconf 89' lang='lat' dir='ltr'><strong>circulans</strong></span> <span class='ocrx_word' id='word_1_189' title='bbox 2281 1040 2517 1113; x_wconf 90' lang='lat' dir='ltr'><strong>undique</strong></span> <span class='ocrx_word' id='word_1_190' title='bbox 2546 1041 2813 1113; x_wconf 73' lang='lat' dir='ltr'><strong>Spbmram</strong></span> <span class='ocrx_word' id='word_1_191' title='bbox 2844 1057 2966 1099; x_wconf 83' lang='lat' dir='ltr'><strong>esse</strong></span> <span class='ocrx_word' id='word_1_192' title='bbox 3018 1044 3124 1099; x_wconf 78' lang='lat' dir='ltr'><strong>[leo</strong></span> <span class='ocrx_word' id='word_1_193' title='bbox 3173 1044 3371 1115; x_wconf 89' lang='lat' dir='ltr'><strong>ubique</strong></span> <span class='ocrx_word' id='word_1_194' title='bbox 3428 1045 3571 1100; x_wconf 64' lang='lat' dir='ltr'><strong>exis-</strong></span> 
     </span>
    </p>
   </div>
   <div class='ocr_carea' id='block_1_26' title="bbox 1982 1137 3579 1211">
    <p class='ocr_par' dir='ltr' id='par_1_26' title="bbox 1982 1137 3579 1211">
     <span class='ocr_line' id='line_1_26' title="bbox 1982 1137 3579 1211; baseline 0.002 -21"><span class='ocrx_word' id='word_1_195' title='bbox 1982 1143 2146 1191; x_wconf 89' lang='lat' dir='ltr'><strong>tente.</strong></span> <span class='ocrx_word' id='word_1_196' title='bbox 2178 1137 2390 1207; x_wconf 82' lang='lat' dir='ltr'><strong>Quippe</strong></span> <span class='ocrx_word' id='word_1_197' title='bbox 2418 1152 2541 1199; x_wconf 87' lang='lat' dir='ltr'><strong>cum</strong></span> <span class='ocrx_word' id='word_1_198' title='bbox 2571 1138 2641 1195; x_wconf 87' lang='lat' dir='ltr'><strong>sit</strong></span> <span class='ocrx_word' id='word_1_199' title='bbox 2673 1147 2886 1211; x_wconf 73' lang='grc' dir='ltr'><strong>σημεῖον</strong></span> <span class='ocrx_word' id='word_1_200' title='bbox 2911 1153 2940 1193; x_wconf 91' lang='lat' dir='ltr'><strong>a</strong></span> <span class='ocrx_word' id='word_1_201' title='bbox 2968 1154 3095 1208; x_wconf 90' lang='lat' dir='ltr'><strong>quo,</strong></span> <span class='ocrx_word' id='word_1_202' title='bbox 3128 1147 3183 1193; x_wconf 90' lang='lat' dir='ltr'><strong>et</strong></span> <span class='ocrx_word' id='word_1_203' title='bbox 3213 1138 3263 1194; x_wconf 93' lang='lat' dir='ltr'><strong>in</strong></span> <span class='ocrx_word' id='word_1_204' title='bbox 3289 1139 3430 1210; x_wconf 88' lang='lat' dir='ltr'><strong>quod</strong></span> <span class='ocrx_word' id='word_1_205' title='bbox 3459 1153 3579 1195; x_wconf 91' lang='lat' dir='ltr'><strong>om-</strong></span> 
     </span>
    </p>
   </div>
   <div class='ocr_carea' id='block_1_27' title="bbox 1982 1232 3577 1308">
    <p class='ocr_par' dir='ltr' id='par_1_27' title="bbox 1982 1232 3577 1308">
     <span class='ocr_line' id='line_1_27' title="bbox 1982 1232 3577 1308; baseline 0.002 -19"><span class='ocrx_word' id='word_1_206' title='bbox 1982 1232 2066 1289; x_wconf 86' lang='lat' dir='ltr'><strong>nis</strong></span> <span class='ocrx_word' id='word_1_207' title='bbox 2094 1232 2265 1289; x_wconf 89' lang='lat' dir='ltr'><strong>motio</strong></span> <span class='ocrx_word' id='word_1_208' title='bbox 2289 1232 2650 1291; x_wconf 88' lang='lat' dir='ltr'><strong>conversione</strong></span> <span class='ocrx_word' id='word_1_209' title='bbox 2676 1233 2975 1300; x_wconf 81' lang='lat' dir='ltr'><strong>reducitur,</strong></span> <span class='ocrx_word' id='word_1_210' title='bbox 3003 1232 3090 1288; x_wconf 88' lang='lat' dir='ltr'><strong>hic</strong></span> <span class='ocrx_word' id='word_1_211' title='bbox 3120 1241 3203 1289; x_wconf 86' lang='lat' dir='ltr'><strong>est</strong></span> <span class='ocrx_word' id='word_1_212' title='bbox 3244 1234 3386 1293; x_wconf 90' lang='lat' dir='ltr'><strong>Deus</strong></span> <span class='ocrx_word' id='word_1_213' title='bbox 3433 1235 3577 1308; x_wconf 76' lang='grc' dir='ltr'>λόγος</span> 
     </span>
    </p>
   </div>
   <div class='ocr_carea' id='block_1_28' title="bbox 1981 1326 3574 1397">
    <p class='ocr_par' dir='ltr' id='par_1_28' title="bbox 1981 1326 3574 1397">
     <span class='ocr_line' id='line_1_28' title="bbox 1981 1326 3574 1397; baseline 0.003 -19"><span class='ocrx_word' id='word_1_214' title='bbox 1981 1331 2147 1391; x_wconf 85' lang='lat' dir='ltr'><strong>totus,</strong></span> <span class='ocrx_word' id='word_1_215' title='bbox 2177 1330 2296 1393; x_wconf 84' lang='grc' dir='ltr'>νοῦς</span> <span class='ocrx_word' id='word_1_216' title='bbox 2339 1332 2506 1392; x_wconf 84' lang='grc' dir='ltr'>ιοιυε,</span> <span class='ocrx_word' id='word_1_217' title='bbox 2554 1334 2698 1381; x_wconf 91' lang='lat' dir='ltr'><strong>totus</strong></span> <span class='ocrx_word' id='word_1_218' title='bbox 2745 1326 3025 1397; x_wconf 84' lang='lat' dir='ltr'><strong>sapientia,</strong></span> <span class='ocrx_word' id='word_1_219' title='bbox 3060 1327 3397 1397; x_wconf 90' lang='lat' dir='ltr'><strong>omnipotens</strong></span> <span class='ocrx_word' id='word_1_220' title='bbox 3446 1330 3574 1385; x_wconf 88' lang='lat' dir='ltr'><strong>sub-</strong></span> 
     </span>
    </p>
   </div>
   <div class='ocr_carea' id='block_1_29' title="bbox 1980 1410 3572 1490">
    <p class='ocr_par' dir='ltr' id='par_1_29' title="bbox 1980 1410 3572 1490">
     <span class='ocr_line' id='line_1_29' title="bbox 1980 1410 3572 1490; baseline 0 -16"><span class='ocrx_word' id='word_1_221' title='bbox 1980 1419 2197 1484; x_wconf 77' lang='lat' dir='ltr'><strong>Stantia,</strong></span> <span class='ocrx_word' id='word_1_222' title='bbox 2240 1419 2541 1485; x_wconf 74' lang='lat' dir='ltr'><strong>substantia</strong></span> <span class='ocrx_word' id='word_1_223' title='bbox 2583 1436 2742 1490; x_wconf 90' lang='lat' dir='ltr'><strong>quem</strong></span> <span class='ocrx_word' id='word_1_224' title='bbox 2800 1436 3071 1487; x_wconf 88' lang='lat' dir='ltr'><strong>veremur,</strong></span> <span class='ocrx_word' id='word_1_225' title='bbox 3123 1436 3279 1490; x_wconf 83' lang='lat' dir='ltr'><strong>quem</strong></span> <span class='ocrx_word' id='word_1_226' title='bbox 3323 1410 3572 1489; x_wconf 75' lang='lat' dir='ltr'><strong>colimus,</strong></span> 
     </span>
    </p>
   </div>
   <div class='ocr_carea' id='block_1_30' title="bbox 1980 1516 3573 1591">
    <p class='ocr_par' dir='ltr' id='par_1_30' title="bbox 1980 1516 3573 1591">
     <span class='ocr_line' id='line_1_30' title="bbox 1980 1516 3573 1591; baseline 0.001 -19"><span class='ocrx_word' id='word_1_227' title='bbox 1980 1516 2099 1572; x_wconf 89' lang='lat' dir='ltr'><strong>solo</strong></span> <span class='ocrx_word' id='word_1_228' title='bbox 2125 1516 2328 1587; x_wconf 81' lang='lat' dir='ltr'><strong>Spiritu</strong></span> <span class='ocrx_word' id='word_1_229' title='bbox 2358 1516 2623 1586; x_wconf 87' lang='lat' dir='ltr'><strong>videntes,</strong></span> <span class='ocrx_word' id='word_1_230' title='bbox 2660 1518 2827 1588; x_wconf 87' lang='lat' dir='ltr'><strong>ipsius</strong></span> <span class='ocrx_word' id='word_1_231' title='bbox 2858 1529 2988 1577; x_wconf 91' lang='lat' dir='ltr'><strong>nutu</strong></span> <span class='ocrx_word' id='word_1_232' title='bbox 3016 1527 3074 1575; x_wconf 86' lang='lat' dir='ltr'><strong>et</strong></span> <span class='ocrx_word' id='word_1_233' title='bbox 3104 1519 3376 1581; x_wconf 83' lang='lat' dir='ltr'><strong>voluntate</strong></span> <span class='ocrx_word' id='word_1_234' title='bbox 3408 1521 3458 1575; x_wconf 91' lang='lat' dir='ltr'><strong>in</strong></span> <span class='ocrx_word' id='word_1_235' title='bbox 3492 1521 3573 1591; x_wconf 83' lang='lat' dir='ltr'><strong>ip-</strong></span> 
     </span>
    </p>
   </div>
   <div class='ocr_carea' id='block_1_31' title="bbox 1984 1611 3571 1681">
    <p class='ocr_par' dir='ltr' id='par_1_31' title="bbox 1984 1611 3571 1681">
     <span class='ocr_line' id='line_1_31' title="bbox 1984 1611 3571 1681; baseline 0.003 -16"><span class='ocrx_word' id='word_1_236' title='bbox 1984 1624 2102 1665; x_wconf 90' lang='lat' dir='ltr'><strong>sum</strong></span> <span class='ocrx_word' id='word_1_237' title='bbox 2145 1611 2311 1666; x_wconf 82' lang='lat' dir='ltr'><strong>erecti</strong></span> <span class='ocrx_word' id='word_1_238' title='bbox 2337 1611 2506 1681; x_wconf 83' lang='lat' dir='ltr'><strong>gratia</strong></span> <span class='ocrx_word' id='word_1_239' title='bbox 2539 1612 2716 1669; x_wconf 85' lang='lat' dir='ltr'><strong>crucis</strong></span> <span class='ocrx_word' id='word_1_240' title='bbox 2739 1612 3030 1671; x_wconf 86' lang='lat' dir='ltr'><strong>miserante</strong></span> <span class='ocrx_word' id='word_1_241' title='bbox 3060 1628 3159 1669; x_wconf 89' lang='lat' dir='ltr'><strong>nos</strong></span> <span class='ocrx_word' id='word_1_242' title='bbox 3193 1612 3421 1670; x_wconf 84' lang='lat' dir='ltr'><strong>Domino</strong></span> <span class='ocrx_word' id='word_1_243' title='bbox 3448 1630 3571 1670; x_wconf 87' lang='lat' dir='ltr'><strong>uos-</strong></span> 
     </span>
    </p>
   </div>
   <div class='ocr_carea' id='block_1_32' title="bbox 1982 1704 2688 1780">
    <p class='ocr_par' dir='ltr' id='par_1_32' title="bbox 1982 1704 2688 1780">
     <span class='ocr_line' id='line_1_32' title="bbox 1982 1704 2688 1780; baseline 0.008 -24"><span class='ocrx_word' id='word_1_244' title='bbox 1982 1716 2065 1761; x_wconf 88' lang='lat' dir='ltr'><strong>tro</strong></span> <span class='ocrx_word' id='word_1_245' title='bbox 2090 1704 2217 1763; x_wconf 84' lang='lat' dir='ltr'><strong>Jesu</strong></span> <span class='ocrx_word' id='word_1_246' title='bbox 2245 1705 2461 1763; x_wconf 87' lang='lat' dir='ltr'><strong>Christo</strong></span> <span class='ocrx_word' id='word_1_247' title='bbox 2490 1722 2503 1759; x_wconf 92' lang='lat'><strong>:</strong></span> <span class='ocrx_word' id='word_1_248' title='bbox 2536 1710 2688 1780; x_wconf 73' lang='grc' dir='ltr'><strong>ἁμήν.</strong></span> 
     </span>
    </p>
   </div>
   <div class='ocr_carea' id='block_1_33' title="bbox 270 1791 3575 1874">
    <p class='ocr_par' dir='ltr' id='par_1_33' title="bbox 270 1791 3575 1874">
     <span class='ocr_line' id='line_1_33' title="bbox 270 1791 3575 1874; baseline 0.006 -29"><span class='ocrx_word' id='word_1_249' title='bbox 270 1794 467 1864; x_wconf 88' lang='lat' dir='ltr'><strong>quiest</strong></span> <span class='ocrx_word' id='word_1_250' title='bbox 495 1794 739 1866; x_wconf 89' lang='lat' dir='ltr'><strong>Spiritus</strong></span> <span class='ocrx_word' id='word_1_251' title='bbox 769 1809 1012 1866; x_wconf 79' lang='lat' dir='ltr'><strong>Sanetus,</strong></span> <span class='ocrx_word' id='word_1_252' title='bbox 1041 1809 1096 1857; x_wconf 89' lang='lat' dir='ltr'><strong>et</strong></span> <span class='ocrx_word' id='word_1_253' title='bbox 1119 1817 1253 1858; x_wconf 91' lang='lat' dir='ltr'><strong>voce</strong></span> <span class='ocrx_word' id='word_1_254' title='bbox 1295 1801 1669 1859; x_wconf 80' lang='lat' dir='ltr'><strong>confabulatur</strong></span> <span class='ocrx_word' id='word_1_255' title='bbox 1688 1802 1753 1861; x_wconf 80' lang='lat' dir='ltr'><strong>ad</strong></span> <span class='ocrx_word' id='word_1_256' title='bbox 1781 1819 1876 1874; x_wconf 65' lang='grc' dir='ltr'><strong>κε·</strong></span> <span class='ocrx_word' id='word_1_257' title='bbox 1911 1791 1954 1851; x_wconf 80' lang='grc' dir='ltr'><strong>Β</strong></span> <span class='ocrx_word' id='word_1_258' title='bbox 2055 1797 2190 1855; x_wconf 79' lang='lat' dir='ltr'><strong>LXI-</strong></span> <span class='ocrx_word' id='word_1_259' title='bbox 2228 1799 2418 1855; x_wconf 77' lang='lat' dir='ltr'><strong>Erccla</strong></span> <span class='ocrx_word' id='word_1_260' title='bbox 2447 1801 2684 1857; x_wconf 66' lang='lat' dir='ltr'><strong>motione</strong></span> <span class='ocrx_word' id='word_1_261' title='bbox 2712 1799 2912 1871; x_wconf 78' lang='lat' dir='ltr'><strong>cyclica</strong></span> <span class='ocrx_word' id='word_1_262' title='bbox 2950 1808 3151 1857; x_wconf 65' lang='lat' dir='ltr'><strong>metam</strong></span> <span class='ocrx_word' id='word_1_263' title='bbox 3184 1799 3327 1867; x_wconf 63' lang='lat' dir='ltr'><strong>dico.</strong></span> <span class='ocrx_word' id='word_1_264' title='bbox 3359 1801 3500 1872; x_wconf 84' lang='lat' dir='ltr'><strong>quod</strong></span> <span class='ocrx_word' id='word_1_265' title='bbox 3545 1816 3575 1856; x_wconf 71' lang='grc' dir='ltr'><strong>ει</strong></span> 
     </span>
    </p>
   </div>
   <div class='ocr_carea' id='block_1_34' title="bbox 268 1887 1877 1961">
    <p class='ocr_par' dir='ltr' id='par_1_34' title="bbox 268 1887 1877 1961">
     <span class='ocr_line' id='line_1_34' title="bbox 268 1887 1877 1961; baseline 0.006 -17"><span class='ocrx_word' id='word_1_266' title='bbox 268 1887 507 1945; x_wconf 86' lang='lat' dir='ltr'><strong>neranda</strong></span> <span class='ocrx_word' id='word_1_267' title='bbox 546 1890 724 1948; x_wconf 89' lang='lat' dir='ltr'><strong>omnia</strong></span> <span class='ocrx_word' id='word_1_268' title='bbox 766 1894 1062 1951; x_wconf 86' lang='lat' dir='ltr'><strong>secundum</strong></span> <span class='ocrx_word' id='word_1_269' title='bbox 1084 1897 1268 1961; x_wconf 83' lang='lat' dir='ltr'><strong>vitam,</strong></span> <span class='ocrx_word' id='word_1_270' title='bbox 1302 1905 1355 1951; x_wconf 91' lang='lat' dir='ltr'><strong>ct</strong></span> <span class='ocrx_word' id='word_1_271' title='bbox 1381 1896 1675 1952; x_wconf 87' lang='lat' dir='ltr'><strong>secundum</strong></span> <span class='ocrx_word' id='word_1_272' title='bbox 1719 1897 1877 1953; x_wconf 82' lang='lat' dir='ltr'><strong>intel-</strong></span> 
     </span>
    </p>
   </div>
   <div class='ocr_carea' id='block_1_35' title="bbox 268 1982 1871 2060">
    <p class='ocr_par' dir='ltr' id='par_1_35' title="bbox 268 1982 1871 2060">
     <span class='ocr_line' id='line_1_35' title="bbox 268 1982 1871 2060; baseline 0.007 -24"><span class='ocrx_word' id='word_1_273' title='bbox 268 1982 544 2054; x_wconf 86' lang='lat' dir='ltr'><strong>ligentiatn</strong></span> <span class='ocrx_word' id='word_1_274' title='bbox 576 1984 975 2053; x_wconf 88' lang='lat' dir='ltr'><strong>substituentia,</strong></span> <span class='ocrx_word' id='word_1_275' title='bbox 1008 1988 1074 2044; x_wconf 89' lang='lat' dir='ltr'><strong>ad</strong></span> <span class='ocrx_word' id='word_1_276' title='bbox 1104 1989 1153 2044; x_wconf 89' lang='lat' dir='ltr'><strong>id</strong></span> <span class='ocrx_word' id='word_1_277' title='bbox 1175 1989 1319 2060; x_wconf 91' lang='lat' dir='ltr'><strong>quod</strong></span> <span class='ocrx_word' id='word_1_278' title='bbox 1348 1999 1572 2048; x_wconf 84' lang='lat' dir='ltr'><strong>estesse</strong></span> <span class='ocrx_word' id='word_1_279' title='bbox 1601 1989 1871 2047; x_wconf 81' lang='lat' dir='ltr'><strong>omnibus.</strong></span> 
     </span>
    </p>
   </div>
   <div class='ocr_carea' id='block_1_36' title="bbox 276 2075 1877 2155">
    <p class='ocr_par' dir='ltr' id='par_1_36' title="bbox 276 2075 1877 2155">
     <span class='ocr_line' id='line_1_36' title="bbox 276 2075 1877 2155; baseline 0.004 -21"><span class='ocrx_word' id='word_1_280' title='bbox 276 2075 358 2134; x_wconf 84' lang='lat' dir='ltr'><strong>Ex</strong></span> <span class='ocrx_word' id='word_1_281' title='bbox 390 2076 457 2135; x_wconf 90' lang='lat' dir='ltr'><strong>iis</strong></span> <span class='ocrx_word' id='word_1_282' title='bbox 484 2089 728 2149; x_wconf 81' lang='lat' dir='ltr'><strong>apparet,</strong></span> <span class='ocrx_word' id='word_1_283' title='bbox 761 2080 901 2153; x_wconf 91' lang='grc' dir='ltr'>λογος</span> <span class='ocrx_word' id='word_1_284' title='bbox 931 2082 1044 2155; x_wconf 85' lang='lat' dir='ltr'><strong>ipse</strong></span> <span class='ocrx_word' id='word_1_285' title='bbox 1070 2092 1124 2141; x_wconf 90' lang='lat' dir='ltr'><strong>et</strong></span> <span class='ocrx_word' id='word_1_286' title='bbox 1150 2082 1382 2154; x_wconf 79' lang='lat' dir='ltr'><strong>Spiritus</strong></span> <span class='ocrx_word' id='word_1_287' title='bbox 1421 2093 1640 2139; x_wconf 86' lang='lat' dir='ltr'><strong>sanctus</strong></span> <span class='ocrx_word' id='word_1_288' title='bbox 1684 2090 1799 2147; x_wconf 87' lang='grc' dir='ltr'>νοῦς</span> <span class='ocrx_word' id='word_1_289' title='bbox 1826 2092 1877 2140; x_wconf 85' lang='grc' dir='ltr'><strong>ει</strong></span> 
     </span>
    </p>
   </div>
   <div class='ocr_carea' id='block_1_37' title="bbox 261 2168 1871 2243">
    <p class='ocr_par' dir='ltr' id='par_1_37' title="bbox 261 2168 1871 2243">
     <span class='ocr_line' id='line_1_37' title="bbox 261 2168 1871 2243; baseline 0.004 -18"><span class='ocrx_word' id='word_1_290' title='bbox 261 2168 565 2237; x_wconf 83' lang='lat' dir='ltr'><strong>sapientia:</strong></span> <span class='ocrx_word' id='word_1_291' title='bbox 619 2170 671 2225; x_wconf 90' lang='lat' dir='ltr'><strong>id</strong></span> <span class='ocrx_word' id='word_1_292' title='bbox 720 2172 893 2243; x_wconf 91' lang='lat' dir='ltr'><strong>ipsum</strong></span> <span class='ocrx_word' id='word_1_293' title='bbox 926 2174 1123 2230; x_wconf 89' lang='lat' dir='ltr'><strong>etenim</strong></span> <span class='ocrx_word' id='word_1_294' title='bbox 1159 2184 1214 2230; x_wconf 92' lang='lat' dir='ltr'><strong>et</strong></span> <span class='ocrx_word' id='word_1_295' title='bbox 1262 2175 1455 2231; x_wconf 81' lang='lat' dir='ltr'><strong>Paulus</strong></span> <span class='ocrx_word' id='word_1_296' title='bbox 1482 2175 1616 2231; x_wconf 76' lang='lat' dir='ltr'><strong>dixit</strong></span> <span class='ocrx_word' id='word_1_297' title='bbox 1645 2176 1824 2241; x_wconf 82' lang='lat' dir='ltr'><strong>divine</strong></span> <span class='ocrx_word' id='word_1_298' title='bbox 1857 2194 1871 2231; x_wconf 91' lang='lat'>:</span> 
     </span>
    </p>
   </div>
   <div class='ocr_carea' id='block_1_38' title="bbox 265 2261 1875 2338">
    <p class='ocr_par' dir='ltr' id='par_1_38' title="bbox 265 2261 1875 2338">
     <span class='ocr_line' id='line_1_38' title="bbox 265 2261 1875 2338; baseline 0.006 -21"><span class='ocrx_word' id='word_1_299' title='bbox 265 2261 396 2329; x_wconf 81' lang='lat' dir='ltr'><strong>Quis</strong></span> <span class='ocrx_word' id='word_1_300' title='bbox 413 2264 644 2336; x_wconf 81' lang='lat' dir='ltr'><strong>cognovit</strong></span> <span class='ocrx_word' id='word_1_301' title='bbox 684 2273 800 2322; x_wconf 91' lang='grc' dir='ltr'>νοῦν</span> <span class='ocrx_word' id='word_1_302' title='bbox 841 2264 1093 2323; x_wconf 80' lang='lat' dir='ltr'><strong>Domini?</strong></span> <span class='ocrx_word' id='word_1_303' title='bbox 1133 2266 1312 2338; x_wconf 82' lang='lat' dir='ltr'><strong>(Rom.</strong></span> <span class='ocrx_word' id='word_1_304' title='bbox 1339 2284 1419 2337; x_wconf 88' lang='lat' dir='ltr'><strong>xt,</strong></span> <span class='ocrx_word' id='word_1_305' title='bbox 1450 2266 1565 2338; x_wconf 73' lang='grc'>54).</span> <span class='ocrx_word' id='word_1_306' title='bbox 1598 2269 1664 2325; x_wconf 89' lang='lat' dir='ltr'><strong>Et</strong></span> <span class='ocrx_word' id='word_1_307' title='bbox 1690 2285 1875 2326; x_wconf 87' lang='lat' dir='ltr'><strong>rursus</strong></span> 
     </span>
    </p>
   </div>
   <div class='ocr_carea' id='block_1_39' title="bbox 260 2352 1877 2433">
    <p class='ocr_par' dir='ltr' id='par_1_39' title="bbox 260 2352 1877 2433">
     <span class='ocr_line' id='line_1_39' title="bbox 260 2352 1877 2433; baseline 0.003 -23"><span class='ocrx_word' id='word_1_308' title='bbox 260 2352 329 2410; x_wconf 88' lang='lat' dir='ltr'><strong>de</strong></span> <span class='ocrx_word' id='word_1_309' title='bbox 348 2354 468 2425; x_wconf 80' lang='lat' dir='ltr'><strong>ipso</strong></span> <span class='ocrx_word' id='word_1_310' title='bbox 503 2373 515 2411; x_wconf 89' lang='lat'><strong>:</strong></span> <span class='ocrx_word' id='word_1_311' title='bbox 561 2354 733 2417; x_wconf 86' lang='lat' dir='ltr'><strong>Virtus</strong></span> <span class='ocrx_word' id='word_1_312' title='bbox 758 2368 805 2411; x_wconf 87' lang='lat' dir='ltr'><strong>et</strong></span> <span class='ocrx_word' id='word_1_313' title='bbox 834 2360 1086 2429; x_wconf 78' lang='lat' dir='ltr'><strong>sapientia</strong></span> <span class='ocrx_word' id='word_1_314' title='bbox 1121 2360 1218 2416; x_wconf 86' lang='lat' dir='ltr'><strong>Dei</strong></span> <span class='ocrx_word' id='word_1_315' title='bbox 1245 2360 1298 2432; x_wconf 88' lang='grc' dir='ltr'><strong>(Ι</strong></span> <span class='ocrx_word' id='word_1_316' title='bbox 1343 2360 1463 2417; x_wconf 87' lang='lat' dir='ltr'><strong>Cor.</strong></span> <span class='ocrx_word' id='word_1_317' title='bbox 1494 2377 1532 2424; x_wconf 86' lang='grc' dir='ltr'>ι.</span> <span class='ocrx_word' id='word_1_318' title='bbox 1570 2360 1684 2433; x_wconf 69' lang='grc'><strong>24).</strong></span> <span class='ocrx_word' id='word_1_319' title='bbox 1723 2360 1877 2419; x_wconf 86' lang='lat' dir='ltr'><strong>Salu-</strong></span> 
     </span>
    </p>
   </div>
   <div class='ocr_carea' id='block_1_40' title="bbox 266 2449 1875 2525">
    <p class='ocr_par' dir='ltr' id='par_1_40' title="bbox 266 2449 1875 2525">
     <span class='ocr_line' id='line_1_40' title="bbox 266 2449 1875 2525; baseline 0.003 -23"><span class='ocrx_word' id='word_1_320' title='bbox 266 2464 394 2507; x_wconf 86' lang='lat' dir='ltr'><strong>rnon</strong></span> <span class='ocrx_word' id='word_1_321' title='bbox 427 2449 589 2503; x_wconf 90' lang='lat' dir='ltr'><strong>etiam</strong></span> <span class='ocrx_word' id='word_1_322' title='bbox 616 2450 933 2521; x_wconf 84' lang='lat' dir='ltr'><strong>sapientiam</strong></span> <span class='ocrx_word' id='word_1_323' title='bbox 957 2451 1026 2509; x_wconf 90' lang='lat' dir='ltr'><strong>de</strong></span> <span class='ocrx_word' id='word_1_324' title='bbox 1069 2454 1185 2525; x_wconf 69' lang='lat' dir='ltr'><strong>ipso</strong></span> <span class='ocrx_word' id='word_1_325' title='bbox 1213 2453 1362 2521; x_wconf 88' lang='lat' dir='ltr'><strong>dicit,</strong></span> <span class='ocrx_word' id='word_1_326' title='bbox 1387 2463 1434 2507; x_wconf 89' lang='lat' dir='ltr'><strong>ct</strong></span> <span class='ocrx_word' id='word_1_327' title='bbox 1467 2454 1629 2511; x_wconf 89' lang='lat' dir='ltr'><strong>multa</strong></span> <span class='ocrx_word' id='word_1_328' title='bbox 1659 2454 1875 2508; x_wconf 88' lang='lat' dir='ltr'><strong>nomina</strong></span> 
     </span>
    </p>
   </div>
   <div class='ocr_carea' id='block_1_41' title="bbox 262 2540 1877 2618">
    <p class='ocr_par' dir='ltr' id='par_1_41' title="bbox 262 2540 1877 2618">
     <span class='ocr_line' id='line_1_41' title="bbox 262 2540 1877 2618; baseline 0.002 -20"><span class='ocrx_word' id='word_1_329' title='bbox 262 2540 318 2598; x_wconf 85' lang='lat' dir='ltr'><strong>in</strong></span> <span class='ocrx_word' id='word_1_330' title='bbox 343 2540 538 2599; x_wconf 80' lang='lat' dir='ltr'><strong>Filium</strong></span> <span class='ocrx_word' id='word_1_331' title='bbox 567 2554 909 2612; x_wconf 82' lang='lat' dir='ltr'><strong>revocantur,</strong></span> <span class='ocrx_word' id='word_1_332' title='bbox 939 2554 995 2601; x_wconf 90' lang='lat' dir='ltr'><strong>et</strong></span> <span class='ocrx_word' id='word_1_333' title='bbox 1026 2545 1201 2618; x_wconf 88' lang='lat' dir='ltr'><strong>ipsum</strong></span> <span class='ocrx_word' id='word_1_334' title='bbox 1247 2557 1303 2603; x_wconf 87' lang='lat' dir='ltr'><strong>et</strong></span> <span class='ocrx_word' id='word_1_335' title='bbox 1348 2546 1706 2602; x_wconf 81' lang='lat' dir='ltr'><strong>substantiam</strong></span> <span class='ocrx_word' id='word_1_336' title='bbox 1747 2548 1877 2602; x_wconf 85' lang='lat' dir='ltr'><strong>dicit</strong></span> 
     </span>
    </p>
   </div>
   <div class='ocr_carea' id='block_1_42' title="bbox 260 2633 1871 2713">
    <p class='ocr_par' dir='ltr' id='par_1_42' title="bbox 260 2633 1871 2713">
     <span class='ocr_line' id='line_1_42' title="bbox 260 2633 1871 2713; baseline 0.004 -23"><span class='ocrx_word' id='word_1_337' title='bbox 260 2633 464 2691; x_wconf 86' lang='lat' dir='ltr'><strong>Paulus</strong></span> <span class='ocrx_word' id='word_1_338' title='bbox 486 2635 554 2693; x_wconf 86' lang='lat' dir='ltr'><strong>ad</strong></span> <span class='ocrx_word' id='word_1_339' title='bbox 597 2636 851 2695; x_wconf 72' lang='lat' dir='ltr'><strong>ilebrtros</strong></span> <span class='ocrx_word' id='word_1_340' title='bbox 870 2657 882 2693; x_wconf 86' lang='lat'><strong>:</strong></span> <span class='ocrx_word' id='word_1_341' title='bbox 899 2640 1066 2712; x_wconf 79' lang='lat' dir='ltr'><strong>imago</strong></span> <span class='ocrx_word' id='word_1_342' title='bbox 1088 2641 1386 2698; x_wconf 72' lang='lat' dir='ltr'><strong>substantiis</strong></span> <span class='ocrx_word' id='word_1_343' title='bbox 1405 2643 1516 2713; x_wconf 87' lang='lat' dir='ltr'><strong>ejus</strong></span> <span class='ocrx_word' id='word_1_344' title='bbox 1537 2640 1696 2713; x_wconf 81' lang='lat' dir='ltr'><strong>(Heb.</strong></span> <span class='ocrx_word' id='word_1_345' title='bbox 1723 2657 1761 2707; x_wconf 88' lang='lat' dir='ltr'><strong>I,</strong></span> <span class='ocrx_word' id='word_1_346' title='bbox 1792 2642 1871 2713; x_wconf 76' lang='grc'>5).</span> 
     </span>
    </p>
   </div>
   <div class='ocr_carea' id='block_1_43' title="bbox 260 2727 1864 2806">
    <p class='ocr_par' dir='ltr' id='par_1_43' title="bbox 260 2727 1864 2806">
     <span class='ocr_line' id='line_1_43' title="bbox 260 2727 1864 2806; baseline 0.004 -22"><span class='ocrx_word' id='word_1_347' title='bbox 260 2727 335 2784; x_wconf 87' lang='lat' dir='ltr'><strong>Et</strong></span> <span class='ocrx_word' id='word_1_348' title='bbox 386 2729 510 2785; x_wconf 90' lang='lat' dir='ltr'><strong>item</strong></span> <span class='ocrx_word' id='word_1_349' title='bbox 566 2730 1076 2791; x_wconf 81' lang='lat' dir='ltr'><strong>consubstantialem</strong></span> <span class='ocrx_word' id='word_1_350' title='bbox 1130 2735 1384 2806; x_wconf 87' lang='lat' dir='ltr'><strong>populum</strong></span> <span class='ocrx_word' id='word_1_351' title='bbox 1430 2734 1565 2790; x_wconf 73' lang='lat' dir='ltr'><strong>dixit</strong></span> <span class='ocrx_word' id='word_1_352' title='bbox 1613 2742 1668 2790; x_wconf 91' lang='lat' dir='ltr'><strong>et</strong></span> <span class='ocrx_word' id='word_1_353' title='bbox 1713 2735 1864 2791; x_wconf 85' lang='lat' dir='ltr'><strong>Jere-</strong></span> 
     </span>
    </p>
   </div>
   <div class='ocr_carea' id='block_1_44' title="bbox 260 2823 1873 2898">
    <p class='ocr_par' dir='ltr' id='par_1_44' title="bbox 260 2823 1873 2898">
     <span class='ocr_line' id='line_1_44' title="bbox 260 2823 1873 2898; baseline 0.002 -17"><span class='ocrx_word' id='word_1_354' title='bbox 260 2823 443 2881; x_wconf 80' lang='lat' dir='ltr'><strong>mins:</strong></span> <span class='ocrx_word' id='word_1_355' title='bbox 476 2825 595 2896; x_wconf 85' lang='lat' dir='ltr'><strong>quia</strong></span> <span class='ocrx_word' id='word_1_356' title='bbox 620 2826 734 2896; x_wconf 88' lang='lat' dir='ltr'><strong>quis</strong></span> <span class='ocrx_word' id='word_1_357' title='bbox 762 2829 895 2883; x_wconf 86' lang='lat' dir='ltr'><strong>stetit</strong></span> <span class='ocrx_word' id='word_1_358' title='bbox 936 2828 989 2883; x_wconf 85' lang='lat' dir='ltr'><strong>in</strong></span> <span class='ocrx_word' id='word_1_359' title='bbox 1024 2830 1307 2886; x_wconf 78' lang='lat' dir='ltr'><strong>substantia</strong></span> <span class='ocrx_word' id='word_1_360' title='bbox 1337 2848 1469 2898; x_wconf 74' lang='lat' dir='ltr'><strong>mea,</strong></span> <span class='ocrx_word' id='word_1_361' title='bbox 1498 2842 1543 2885; x_wconf 89' lang='lat' dir='ltr'><strong>et</strong></span> <span class='ocrx_word' id='word_1_362' title='bbox 1583 2830 1708 2886; x_wconf 82' lang='lat' dir='ltr'><strong>vidit</strong></span> <span class='ocrx_word' id='word_1_363' title='bbox 1749 2830 1873 2886; x_wconf 82' lang='lat' dir='ltr'><strong>Ver-</strong></span> 
     </span>
    </p>
   </div>
   <div class='ocr_carea' id='block_1_45' title="bbox 260 2916 1876 2996">
    <p class='ocr_par' dir='ltr' id='par_1_45' title="bbox 260 2916 1876 2996">
     <span class='ocr_line' id='line_1_45' title="bbox 260 2916 1876 2996; baseline 0.005 -26"><span class='ocrx_word' id='word_1_364' title='bbox 260 2916 380 2977; x_wconf 84' lang='lat' dir='ltr'><strong>bum</strong></span> <span class='ocrx_word' id='word_1_365' title='bbox 407 2934 574 2973; x_wconf 84' lang='lat' dir='ltr'><strong>meum</strong></span> <span class='ocrx_word' id='word_1_366' title='bbox 602 2916 736 2989; x_wconf 82' lang='lat' dir='ltr'><strong>(Jer.</strong></span> <span class='ocrx_word' id='word_1_367' title='bbox 769 2936 922 2987; x_wconf 81' lang='lat' dir='ltr'><strong>xxrtt,</strong></span> <span class='ocrx_word' id='word_1_368' title='bbox 978 2922 1065 2991; x_wconf 71' lang='lat'><strong>18,</strong></span> <span class='ocrx_word' id='word_1_369' title='bbox 1098 2940 1199 2978; x_wconf 87' lang='lat' dir='ltr'><strong>sec.</strong></span> <span class='ocrx_word' id='word_1_370' title='bbox 1245 2925 1394 2996; x_wconf 73' lang='lat' dir='ltr'><strong>us).</strong></span> <span class='ocrx_word' id='word_1_371' title='bbox 1434 2925 1501 2980; x_wconf 88' lang='lat' dir='ltr'><strong>Et</strong></span> <span class='ocrx_word' id='word_1_372' title='bbox 1546 2941 1735 2982; x_wconf 90' lang='lat' dir='ltr'><strong>rursus</strong></span> <span class='ocrx_word' id='word_1_373' title='bbox 1769 2943 1782 2980; x_wconf 89' lang='lat'><strong>:</strong></span> <span class='ocrx_word' id='word_1_374' title='bbox 1814 2923 1876 2982; x_wconf 85' lang='lat' dir='ltr'><strong>Si</strong></span> 
     </span>
    </p>
   </div>
   <div class='ocr_carea' id='block_1_46' title="bbox 260 3010 1877 3083">
    <p class='ocr_par' dir='ltr' id='par_1_46' title="bbox 260 3010 1877 3083">
     <span class='ocr_line' id='line_1_46' title="bbox 260 3010 1877 3083; baseline 0.007 -20"><span class='ocrx_word' id='word_1_375' title='bbox 260 3010 509 3069; x_wconf 83' lang='lat' dir='ltr'><strong>stetissent</strong></span> <span class='ocrx_word' id='word_1_376' title='bbox 555 3011 608 3065; x_wconf 88' lang='lat' dir='ltr'><strong>in</strong></span> <span class='ocrx_word' id='word_1_377' title='bbox 628 3011 912 3069; x_wconf 86' lang='lat' dir='ltr'><strong>substantia</strong></span> <span class='ocrx_word' id='word_1_378' title='bbox 957 3032 1098 3083; x_wconf 85' lang='lat' dir='ltr'><strong>mea,</strong></span> <span class='ocrx_word' id='word_1_379' title='bbox 1147 3026 1194 3070; x_wconf 90' lang='lat' dir='ltr'><strong>et</strong></span> <span class='ocrx_word' id='word_1_380' title='bbox 1246 3018 1507 3073; x_wconf 84' lang='lat' dir='ltr'><strong>audissent</strong></span> <span class='ocrx_word' id='word_1_381' title='bbox 1552 3018 1703 3073; x_wconf 80' lang='lat' dir='ltr'><strong>verba</strong></span> <span class='ocrx_word' id='word_1_382' title='bbox 1761 3035 1877 3077; x_wconf 81' lang='lat' dir='ltr'><strong>mea</strong></span> 
     </span>
    </p>
   </div>
   <div class='ocr_carea' id='block_1_47' title="bbox 263 3096 1871 3179">
    <p class='ocr_par' dir='ltr' id='par_1_47' title="bbox 263 3096 1871 3179">
     <span class='ocr_line' id='line_1_47' title="bbox 263 3096 1871 3179; baseline 0.008 -24"><span class='ocrx_word' id='word_1_383' title='bbox 263 3096 441 3167; x_wconf 86' lang='lat' dir='ltr'><strong>(Ibid.</strong></span> <span class='ocrx_word' id='word_1_384' title='bbox 498 3102 615 3176; x_wconf 74' lang='lat'><strong>22).</strong></span> <span class='ocrx_word' id='word_1_385' title='bbox 674 3105 741 3161; x_wconf 88' lang='lat' dir='ltr'><strong>Et</strong></span> <span class='ocrx_word' id='word_1_386' title='bbox 796 3107 1139 3179; x_wconf 79' lang='lat' dir='ltr'><strong>Evangelium</strong></span> <span class='ocrx_word' id='word_1_387' title='bbox 1191 3110 1484 3166; x_wconf 89' lang='lat' dir='ltr'><strong>secundum</strong></span> <span class='ocrx_word' id='word_1_388' title='bbox 1514 3111 1871 3168; x_wconf 64' lang='lat' dir='ltr'><strong>Manlianum:</strong></span> 
     </span>
    </p>
   </div>
   <div class='ocr_carea' id='block_1_48' title="bbox 1976 1890 3576 1967">
    <p class='ocr_par' dir='ltr' id='par_1_48' title="bbox 1976 1890 3576 1967">
     <span class='ocr_line' id='line_1_48' title="bbox 1976 1890 3576 1967; baseline -0.002 -15"><span class='ocrx_word' id='word_1_389' title='bbox 1976 1899 2196 1965; x_wconf 76' lang='grc' dir='ltr'><strong>σημεῖον</strong></span> <span class='ocrx_word' id='word_1_390' title='bbox 2223 1890 2278 1951; x_wconf 86' lang='lat' dir='ltr'><strong>in</strong></span> <span class='ocrx_word' id='word_1_391' title='bbox 2325 1901 2554 1967; x_wconf 77' lang='grc' dir='ltr'><strong>σημεῖον,</strong></span> <span class='ocrx_word' id='word_1_392' title='bbox 2589 1892 2690 1949; x_wconf 87' lang='lat' dir='ltr'><strong>ltoc</strong></span> <span class='ocrx_word' id='word_1_393' title='bbox 2709 1903 2793 1951; x_wconf 87' lang='lat' dir='ltr'><strong>est</strong></span> <span class='ocrx_word' id='word_1_394' title='bbox 2819 1908 2846 1953; x_wconf 77' lang='lat' dir='ltr'><strong>tt</strong></span> <span class='ocrx_word' id='word_1_395' title='bbox 2876 1893 3035 1951; x_wconf 85' lang='lat' dir='ltr'><strong>Patre</strong></span> <span class='ocrx_word' id='word_1_396' title='bbox 3062 1894 3112 1950; x_wconf 91' lang='lat' dir='ltr'><strong>in</strong></span> <span class='ocrx_word' id='word_1_397' title='bbox 3145 1894 3356 1951; x_wconf 85' lang='lat' dir='ltr'><strong>Patrem</strong></span> <span class='ocrx_word' id='word_1_398' title='bbox 3388 1895 3437 1950; x_wconf 91' lang='lat' dir='ltr'><strong>in</strong></span> <span class='ocrx_word' id='word_1_399' title='bbox 3481 1911 3576 1965; x_wconf 83' lang='lat' dir='ltr'><strong>ap-</strong></span> 
     </span>
    </p>
   </div>
   <div class='ocr_carea' id='block_1_49' title="bbox 1980 1986 3575 2057">
    <p class='ocr_par' dir='ltr' id='par_1_49' title="bbox 1980 1986 3575 2057">
     <span class='ocr_line' id='line_1_49' title="bbox 1980 1986 3575 2057; baseline 0.004 -19"><span class='ocrx_word' id='word_1_400' title='bbox 1980 1986 2220 2057; x_wconf 82' lang='lat' dir='ltr'><strong>parentia</strong></span> <span class='ocrx_word' id='word_1_401' title='bbox 2277 1986 2433 2047; x_wconf 85' lang='lat' dir='ltr'><strong>istius</strong></span> <span class='ocrx_word' id='word_1_402' title='bbox 2475 1988 2730 2043; x_wconf 88' lang='lat' dir='ltr'><strong>motionis</strong></span> <span class='ocrx_word' id='word_1_403' title='bbox 2771 1996 2827 2044; x_wconf 89' lang='lat' dir='ltr'><strong>ct</strong></span> <span class='ocrx_word' id='word_1_404' title='bbox 2854 1987 3152 2045; x_wconf 86' lang='lat' dir='ltr'><strong>divinitatis</strong></span> <span class='ocrx_word' id='word_1_405' title='bbox 3192 1988 3476 2054; x_wconf 67' lang='lat' dir='ltr'><strong>universae,</strong></span> <span class='ocrx_word' id='word_1_406' title='bbox 3522 2001 3575 2045; x_wconf 87' lang='lat' dir='ltr'><strong>et</strong></span> 
     </span>
    </p>
   </div>
   <div class='ocr_carea' id='block_1_50' title="bbox 1976 2079 3576 2155">
    <p class='ocr_par' dir='ltr' id='par_1_50' title="bbox 1976 2079 3576 2155">
     <span class='ocr_line' id='line_1_50' title="bbox 1976 2079 3576 2155; baseline 0.001 -18"><span class='ocrx_word' id='word_1_407' title='bbox 1976 2082 2064 2139; x_wconf 81' lang='grc' dir='ltr'>τὸν</span> <span class='ocrx_word' id='word_1_408' title='bbox 2104 2080 2267 2155; x_wconf 82' lang='grc' dir='ltr'>λόγον,</span> <span class='ocrx_word' id='word_1_409' title='bbox 2313 2089 2366 2135; x_wconf 91' lang='grc' dir='ltr'><strong>ει</strong></span> <span class='ocrx_word' id='word_1_410' title='bbox 2395 2079 2513 2136; x_wconf 85' lang='lat' dir='ltr'><strong>Filii</strong></span> <span class='ocrx_word' id='word_1_411' title='bbox 2568 2081 2750 2144; x_wconf 85' lang='lat' dir='ltr'><strong>esistit</strong></span> <span class='ocrx_word' id='word_1_412' title='bbox 2789 2080 3035 2151; x_wconf 86' lang='lat' dir='ltr'><strong>jussione</strong></span> <span class='ocrx_word' id='word_1_413' title='bbox 3082 2081 3173 2137; x_wconf 86' lang='lat' dir='ltr'><strong>Dei</strong></span> <span class='ocrx_word' id='word_1_414' title='bbox 3208 2082 3381 2153; x_wconf 88' lang='lat' dir='ltr'><strong>imago</strong></span> <span class='ocrx_word' id='word_1_415' title='bbox 3425 2081 3576 2152; x_wconf 77' lang='lat' dir='ltr'><strong>juxta</strong></span> 
     </span>
    </p>
   </div>
   <div class='ocr_carea' id='block_1_51' title="bbox 1976 2171 3576 2246">
    <p class='ocr_par' dir='ltr' id='par_1_51' title="bbox 1976 2171 3576 2246">
     <span class='ocr_line' id='line_1_51' title="bbox 1976 2171 3576 2246; baseline 0.003 -19"><span class='ocrx_word' id='word_1_416' title='bbox 1976 2171 2262 2243; x_wconf 76' lang='lat' dir='ltr'><strong>imaginem</strong></span> <span class='ocrx_word' id='word_1_417' title='bbox 2292 2184 2347 2230; x_wconf 90' lang='lat' dir='ltr'><strong>et</strong></span> <span class='ocrx_word' id='word_1_418' title='bbox 2375 2174 2784 2237; x_wconf 84' lang='lat' dir='ltr'><strong>similitudinem</strong></span> <span class='ocrx_word' id='word_1_419' title='bbox 2816 2174 2907 2231; x_wconf 88' lang='lat' dir='ltr'><strong>Dei</strong></span> <span class='ocrx_word' id='word_1_420' title='bbox 2949 2174 3124 2246; x_wconf 85' lang='lat' dir='ltr'><strong>imago</strong></span> <span class='ocrx_word' id='word_1_421' title='bbox 3156 2174 3425 2246; x_wconf 77' lang='lat' dir='ltr'><strong>imaginis,</strong></span> <span class='ocrx_word' id='word_1_422' title='bbox 3469 2174 3576 2232; x_wconf 89' lang='lat' dir='ltr'><strong>boc</strong></span> 
     </span>
    </p>
   </div>
   <div class='ocr_carea' id='block_1_52' title="bbox 1976 2266 3574 2341">
    <p class='ocr_par' dir='ltr' id='par_1_52' title="bbox 1976 2266 3574 2341">
     <span class='ocr_line' id='line_1_52' title="bbox 1976 2266 3574 2341; baseline 0.001 -18"><span class='ocrx_word' id='word_1_423' title='bbox 1976 2277 2062 2323; x_wconf 84' lang='lat' dir='ltr'><strong>est</strong></span> <span class='ocrx_word' id='word_1_424' title='bbox 2106 2266 2224 2325; x_wconf 83' lang='lat' dir='ltr'><strong>Filii</strong></span> <span class='ocrx_word' id='word_1_425' title='bbox 2256 2285 2269 2322; x_wconf 92' lang='lat'><strong>:</strong></span> <span class='ocrx_word' id='word_1_426' title='bbox 2304 2269 2480 2341; x_wconf 89' lang='lat' dir='ltr'><strong>imago</strong></span> <span class='ocrx_word' id='word_1_427' title='bbox 2526 2269 2669 2329; x_wconf 89' lang='lat' dir='ltr'><strong>enim</strong></span> <span class='ocrx_word' id='word_1_428' title='bbox 2701 2269 2874 2328; x_wconf 85' lang='lat' dir='ltr'><strong>Patris</strong></span> <span class='ocrx_word' id='word_1_429' title='bbox 2920 2269 3108 2335; x_wconf 80' lang='lat' dir='ltr'><strong>Filius,</strong></span> <span class='ocrx_word' id='word_1_430' title='bbox 3138 2278 3193 2329; x_wconf 90' lang='lat' dir='ltr'><strong>nt</strong></span> <span class='ocrx_word' id='word_1_431' title='bbox 3233 2269 3574 2329; x_wconf 84' lang='lat' dir='ltr'><strong>demonstra-</strong></span> 
     </span>
    </p>
   </div>
   <div class='ocr_carea' id='block_1_53' title="bbox 1980 2360 3573 2431">
    <p class='ocr_par' dir='ltr' id='par_1_53' title="bbox 1980 2360 3573 2431">
     <span class='ocr_line' id='line_1_53' title="bbox 1980 2360 3573 2431; baseline 0 -14"><span class='ocrx_word' id='word_1_432' title='bbox 1980 2369 2090 2417; x_wconf 90' lang='lat' dir='ltr'><strong>tum</strong></span> <span class='ocrx_word' id='word_1_433' title='bbox 2136 2370 2219 2416; x_wconf 86' lang='lat' dir='ltr'><strong>est</strong></span> <span class='ocrx_word' id='word_1_434' title='bbox 2249 2378 2263 2416; x_wconf 88' lang='lat'><strong>:</strong></span> <span class='ocrx_word' id='word_1_435' title='bbox 2291 2360 2395 2417; x_wconf 87' lang='lat' dir='ltr'><strong>hoc</strong></span> <span class='ocrx_word' id='word_1_436' title='bbox 2432 2371 2613 2424; x_wconf 78' lang='lat' dir='ltr'><strong>autem</strong></span> <span class='ocrx_word' id='word_1_437' title='bbox 2661 2373 2762 2429; x_wconf 87' lang='lat' dir='ltr'><strong>est,</strong></span> <span class='ocrx_word' id='word_1_438' title='bbox 2802 2361 3059 2431; x_wconf 88' lang='lat' dir='ltr'><strong>quoniam</strong></span> <span class='ocrx_word' id='word_1_439' title='bbox 3110 2362 3277 2419; x_wconf 86' lang='lat' dir='ltr'><strong>Filius</strong></span> <span class='ocrx_word' id='word_1_440' title='bbox 3317 2362 3425 2419; x_wconf 88' lang='lat' dir='ltr'><strong>vita</strong></span> <span class='ocrx_word' id='word_1_441' title='bbox 3470 2371 3573 2429; x_wconf 63' lang='lat' dir='ltr'><strong>est,</strong></span> 
     </span>
    </p>
   </div>
   <div class='ocr_carea' id='block_1_54' title="bbox 1978 2455 3575 2528">
    <p class='ocr_par' dir='ltr' id='par_1_54' title="bbox 1978 2455 3575 2528">
     <span class='ocr_line' id='line_1_54' title="bbox 1978 2455 3575 2528; baseline 0.001 -17"><span class='ocrx_word' id='word_1_442' title='bbox 1978 2455 2156 2528; x_wconf 80' lang='lat' dir='ltr'><strong>imago</strong></span> <span class='ocrx_word' id='word_1_443' title='bbox 2208 2456 2367 2526; x_wconf 73' lang='lat' dir='ltr'><strong>igitur</strong></span> <span class='ocrx_word' id='word_1_444' title='bbox 2412 2457 2536 2517; x_wconf 71' lang='lat' dir='ltr'><strong>vita:</strong></span> <span class='ocrx_word' id='word_1_445' title='bbox 2564 2457 2742 2513; x_wconf 79' lang='lat' dir='ltr'><strong>anima</strong></span> <span class='ocrx_word' id='word_1_446' title='bbox 2781 2455 2973 2513; x_wconf 68' lang='lat' dir='ltr'><strong>eﬂ‘ecta</strong></span> <span class='ocrx_word' id='word_1_447' title='bbox 2999 2466 3104 2524; x_wconf 90' lang='lat' dir='ltr'><strong>est,</strong></span> <span class='ocrx_word' id='word_1_448' title='bbox 3168 2457 3345 2512; x_wconf 87' lang='lat' dir='ltr'><strong>anima</strong></span> <span class='ocrx_word' id='word_1_449' title='bbox 3395 2465 3575 2513; x_wconf 84' lang='lat' dir='ltr'><strong>autem</strong></span> 
     </span>
    </p>
   </div>
   <div class='ocr_carea' id='block_1_55' title="bbox 1977 2550 3577 2626">
    <p class='ocr_par' dir='ltr' id='par_1_55' title="bbox 1977 2550 3577 2626">
     <span class='ocr_line' id='line_1_55' title="bbox 1977 2550 3577 2626; baseline -0.001 -21"><span class='ocrx_word' id='word_1_450' title='bbox 1977 2566 2098 2606; x_wconf 88' lang='lat' dir='ltr'><strong>cum</strong></span> <span class='ocrx_word' id='word_1_451' title='bbox 2140 2566 2237 2605; x_wconf 88' lang='lat' dir='ltr'><strong>suo</strong></span> <span class='ocrx_word' id='word_1_452' title='bbox 2258 2560 2349 2626; x_wconf 85' lang='grc' dir='ltr'>νῷ,</span> <span class='ocrx_word' id='word_1_453' title='bbox 2376 2551 2444 2606; x_wconf 91' lang='lat' dir='ltr'><strong>ab</strong></span> <span class='ocrx_word' id='word_1_454' title='bbox 2475 2567 2541 2607; x_wconf 89' lang='lat' dir='ltr'><strong>eo</strong></span> <span class='ocrx_word' id='word_1_455' title='bbox 2571 2551 2662 2621; x_wconf 90' lang='lat' dir='ltr'><strong>qui</strong></span> <span class='ocrx_word' id='word_1_456' title='bbox 2694 2558 2813 2613; x_wconf 87' lang='grc' dir='ltr'>νοῦς</span> <span class='ocrx_word' id='word_1_457' title='bbox 2838 2558 2943 2618; x_wconf 89' lang='lat' dir='ltr'><strong>est,</strong></span> <span class='ocrx_word' id='word_1_458' title='bbox 2977 2550 3218 2622; x_wconf 89' lang='lat' dir='ltr'><strong>potentia</strong></span> <span class='ocrx_word' id='word_1_459' title='bbox 3248 2551 3370 2623; x_wconf 77' lang='lat' dir='ltr'><strong>vita:</strong></span> <span class='ocrx_word' id='word_1_460' title='bbox 3418 2550 3577 2606; x_wconf 91' lang='lat' dir='ltr'><strong>intel-</strong></span> 
     </span>
    </p>
   </div>
   <div class='ocr_carea' id='block_1_56' title="bbox 1977 2641 3577 2714">
    <p class='ocr_par' dir='ltr' id='par_1_56' title="bbox 1977 2641 3577 2714">
     <span class='ocr_line' id='line_1_56' title="bbox 1977 2641 3577 2714; baseline 0 -15"><span class='ocrx_word' id='word_1_461' title='bbox 1977 2641 2219 2699; x_wconf 86' lang='lat' dir='ltr'><strong>lcctualis</strong></span> <span class='ocrx_word' id='word_1_462' title='bbox 2246 2653 2350 2710; x_wconf 86' lang='lat' dir='ltr'><strong>est,</strong></span> <span class='ocrx_word' id='word_1_463' title='bbox 2380 2658 2486 2703; x_wconf 84' lang='lat' dir='ltr'><strong>non</strong></span> <span class='ocrx_word' id='word_1_464' title='bbox 2516 2650 2630 2706; x_wconf 83' lang='grc' dir='ltr'>νοῦς</span> <span class='ocrx_word' id='word_1_465' title='bbox 2661 2654 2765 2710; x_wconf 80' lang='grc' dir='ltr'>εει,</span> <span class='ocrx_word' id='word_1_466' title='bbox 2799 2643 2863 2701; x_wconf 87' lang='lat' dir='ltr'><strong>ad</strong></span> <span class='ocrx_word' id='word_1_467' title='bbox 2881 2650 2998 2699; x_wconf 85' lang='grc' dir='ltr'>νοῦν</span> <span class='ocrx_word' id='word_1_468' title='bbox 3041 2643 3257 2714; x_wconf 89' lang='lat' dir='ltr'><strong>quidem</strong></span> <span class='ocrx_word' id='word_1_469' title='bbox 3283 2642 3577 2713; x_wconf 76' lang='lat' dir='ltr'><strong>respiciens</strong></span> 
     </span>
    </p>
   </div>
   <div class='ocr_carea' id='block_1_57' title="bbox 1977 2735 3577 2808">
    <p class='ocr_par' dir='ltr' id='par_1_57' title="bbox 1977 2735 3577 2808">
     <span class='ocr_line' id='line_1_57' title="bbox 1977 2735 3577 2808; baseline 0 -17"><span class='ocrx_word' id='word_1_470' title='bbox 1977 2737 2129 2808; x_wconf 88' lang='lat' dir='ltr'><strong>quasi</strong></span> <span class='ocrx_word' id='word_1_471' title='bbox 2174 2743 2291 2800; x_wconf 86' lang='grc' dir='ltr'>νοῦς</span> <span class='ocrx_word' id='word_1_472' title='bbox 2338 2746 2420 2795; x_wconf 83' lang='grc' dir='ltr'><strong>εει</strong></span> <span class='ocrx_word' id='word_1_473' title='bbox 2449 2755 2464 2792; x_wconf 91' lang='lat'><strong>:</strong></span> <span class='ocrx_word' id='word_1_474' title='bbox 2496 2737 2632 2793; x_wconf 87' lang='lat' dir='ltr'><strong>visio</strong></span> <span class='ocrx_word' id='word_1_475' title='bbox 2672 2736 2816 2795; x_wconf 88' lang='lat' dir='ltr'><strong>enim</strong></span> <span class='ocrx_word' id='word_1_476' title='bbox 2867 2735 2941 2795; x_wconf 89' lang='lat' dir='ltr'><strong>ibi</strong></span> <span class='ocrx_word' id='word_1_477' title='bbox 2982 2736 3151 2792; x_wconf 91' lang='lat' dir='ltr'><strong>unitio</strong></span> <span class='ocrx_word' id='word_1_478' title='bbox 3194 2744 3297 2800; x_wconf 89' lang='lat' dir='ltr'><strong>est,</strong></span> <span class='ocrx_word' id='word_1_479' title='bbox 3349 2750 3577 2806; x_wconf 81' lang='lat' dir='ltr'><strong>vergens</strong></span> 
     </span>
    </p>
   </div>
   <div class='ocr_carea' id='block_1_58' title="bbox 1976 2829 3578 2905">
    <p class='ocr_par' dir='ltr' id='par_1_58' title="bbox 1976 2829 3578 2905">
     <span class='ocr_line' id='line_1_58' title="bbox 1976 2829 3578 2905; baseline 0.001 -21"><span class='ocrx_word' id='word_1_480' title='bbox 1976 2841 2153 2886; x_wconf 88' lang='lat' dir='ltr'><strong>autem</strong></span> <span class='ocrx_word' id='word_1_481' title='bbox 2184 2829 2460 2896; x_wconf 84' lang='lat' dir='ltr'><strong>deorsum,</strong></span> <span class='ocrx_word' id='word_1_482' title='bbox 2491 2840 2545 2887; x_wconf 90' lang='lat' dir='ltr'><strong>et</strong></span> <span class='ocrx_word' id='word_1_483' title='bbox 2587 2843 2776 2889; x_wconf 74' lang='lat' dir='ltr'><strong>averSa</strong></span> <span class='ocrx_word' id='word_1_484' title='bbox 2801 2843 2828 2882; x_wconf 91' lang='lat' dir='ltr'><strong>a</strong></span> <span class='ocrx_word' id='word_1_485' title='bbox 2856 2836 2945 2905; x_wconf 83' lang='grc' dir='ltr'>νῷ,</span> <span class='ocrx_word' id='word_1_486' title='bbox 2971 2838 3025 2884; x_wconf 86' lang='grc' dir='ltr'><strong>ει</strong></span> <span class='ocrx_word' id='word_1_487' title='bbox 3074 2843 3133 2889; x_wconf 84' lang='lat' dir='ltr'><strong>so</strong></span> <span class='ocrx_word' id='word_1_488' title='bbox 3161 2838 3215 2884; x_wconf 87' lang='lat' dir='ltr'><strong>et</strong></span> <span class='ocrx_word' id='word_1_489' title='bbox 3257 2844 3413 2885; x_wconf 90' lang='lat' dir='ltr'><strong>suum</strong></span> <span class='ocrx_word' id='word_1_490' title='bbox 3457 2835 3578 2885; x_wconf 84' lang='grc' dir='ltr'>νοῦν</span> 
     </span>
    </p>
   </div>
   <div class='ocr_carea' id='block_1_59' title="bbox 1978 2922 3578 2994">
    <p class='ocr_par' dir='ltr' id='par_1_59' title="bbox 1978 2922 3578 2994">
     <span class='ocr_line' id='line_1_59' title="bbox 1978 2922 3578 2994; baseline -0.001 -14"><span class='ocrx_word' id='word_1_491' title='bbox 1978 2924 2141 2980; x_wconf 77' lang='lat' dir='ltr'><strong>trahit</strong></span> <span class='ocrx_word' id='word_1_492' title='bbox 2168 2924 2445 2981; x_wconf 87' lang='lat' dir='ltr'><strong>deorsum.</strong></span> <span class='ocrx_word' id='word_1_493' title='bbox 2481 2924 2787 2994; x_wconf 83' lang='lat' dir='ltr'><strong>lntelligens</strong></span> <span class='ocrx_word' id='word_1_494' title='bbox 2837 2932 3040 2981; x_wconf 87' lang='lat' dir='ltr'><strong>tantum</strong></span> <span class='ocrx_word' id='word_1_495' title='bbox 3072 2922 3283 2989; x_wconf 85' lang='lat' dir='ltr'><strong>ell&#39;ecta,</strong></span> <span class='ocrx_word' id='word_1_496' title='bbox 3318 2938 3425 2980; x_wconf 92' lang='lat' dir='ltr'><strong>non</strong></span> <span class='ocrx_word' id='word_1_497' title='bbox 3465 2923 3578 2993; x_wconf 83' lang='lat' dir='ltr'><strong>jam</strong></span> 
     </span>
    </p>
   </div>
   <div class='ocr_carea' id='block_1_60' title="bbox 1977 3015 3578 3088">
    <p class='ocr_par' dir='ltr' id='par_1_60' title="bbox 1977 3015 3578 3088">
     <span class='ocr_line' id='line_1_60' title="bbox 1977 3015 3578 3088; baseline -0.001 -16"><span class='ocrx_word' id='word_1_498' title='bbox 1977 3028 2029 3072; x_wconf 91' lang='lat' dir='ltr'><strong>ut</strong></span> <span class='ocrx_word' id='word_1_499' title='bbox 2062 3015 2415 3088; x_wconf 83' lang='lat' dir='ltr'><strong>intelligibile,</strong></span> <span class='ocrx_word' id='word_1_500' title='bbox 2452 3016 2545 3073; x_wconf 90' lang='lat' dir='ltr'><strong>sed</strong></span> <span class='ocrx_word' id='word_1_501' title='bbox 2577 3016 2624 3071; x_wconf 94' lang='lat' dir='ltr'><strong>si</strong></span> <span class='ocrx_word' id='word_1_502' title='bbox 2659 3016 2739 3072; x_wconf 90' lang='lat' dir='ltr'><strong>sic</strong></span> <span class='ocrx_word' id='word_1_503' title='bbox 2766 3016 3214 3087; x_wconf 75' lang='lat' dir='ltr'><strong>perseveraverit,</strong></span> <span class='ocrx_word' id='word_1_504' title='bbox 3244 3031 3429 3071; x_wconf 86' lang='lat' dir='ltr'><strong>eorum</strong></span> <span class='ocrx_word' id='word_1_505' title='bbox 3457 3028 3578 3087; x_wconf 63' lang='lat' dir='ltr'><strong>quae</strong></span> 
     </span>
    </p>
   </div>
   <div class='ocr_carea' id='block_1_61' title="bbox 1975 3110 3574 3182">
    <p class='ocr_par' dir='ltr' id='par_1_61' title="bbox 1975 3110 3574 3182">
     <span class='ocr_line' id='line_1_61' title="bbox 1975 3110 3574 3182; baseline -0.001 -16"><span class='ocrx_word' id='word_1_506' title='bbox 1975 3127 2140 3182; x_wconf 90' lang='lat' dir='ltr'><strong>super</strong></span> <span class='ocrx_word' id='word_1_507' title='bbox 2159 3112 2353 3167; x_wconf 75' lang='lat' dir='ltr'><strong>emlum</strong></span> <span class='ocrx_word' id='word_1_508' title='bbox 2382 3121 2508 3167; x_wconf 90' lang='lat' dir='ltr'><strong>sunt</strong></span> <span class='ocrx_word' id='word_1_509' title='bbox 2533 3120 2705 3169; x_wconf 82' lang='lat' dir='ltr'><strong>mater</strong></span> <span class='ocrx_word' id='word_1_510' title='bbox 2743 3119 2847 3179; x_wconf 89' lang='lat' dir='ltr'><strong>est,</strong></span> <span class='ocrx_word' id='word_1_511' title='bbox 2892 3111 3093 3175; x_wconf 88' lang='lat' dir='ltr'><strong>lumen,</strong></span> <span class='ocrx_word' id='word_1_512' title='bbox 3129 3126 3233 3167; x_wconf 90' lang='lat' dir='ltr'><strong>non</strong></span> <span class='ocrx_word' id='word_1_513' title='bbox 3265 3125 3448 3167; x_wconf 84' lang='lat' dir='ltr'><strong>verum</strong></span> <span class='ocrx_word' id='word_1_514' title='bbox 3493 3110 3574 3164; x_wconf 87' lang='lat' dir='ltr'><strong>lu-</strong></span> 
     </span>
    </p>
   </div>
   <div class='ocr_carea' id='block_1_62' title="bbox 262 3188 3578 3280">
    <p class='ocr_par' dir='ltr' id='par_1_62' title="bbox 262 3188 3578 3280">
     <span class='ocr_line' id='line_1_62' title="bbox 262 3188 3578 3280; baseline 0.003 -32"><span class='ocrx_word' id='word_1_515' title='bbox 262 3192 707 3252; x_wconf 83' lang='lat' dir='ltr'><strong>Panemnostrum</strong></span> <span class='ocrx_word' id='word_1_516' title='bbox 729 3201 1213 3256; x_wconf 81' lang='lat' dir='ltr'><strong>consubstantialem</strong></span> <span class='ocrx_word' id='word_1_517' title='bbox 1236 3202 1302 3259; x_wconf 80' lang='lat' dir='ltr'><strong>da</strong></span> <span class='ocrx_word' id='word_1_518' title='bbox 1326 3204 1870 3277; x_wconf 80' lang='lat' dir='ltr'><strong>nobishodie(.llault.</strong></span> <span class='ocrx_word' id='word_1_519' title='bbox 1902 3188 1949 3251; x_wconf 73' lang='grc' dir='ltr'>Ο</span> <span class='ocrx_word' id='word_1_520' title='bbox 1982 3222 2127 3272; x_wconf 88' lang='lat' dir='ltr'><strong>men,</strong></span> <span class='ocrx_word' id='word_1_521' title='bbox 2156 3216 2210 3262; x_wconf 90' lang='lat' dir='ltr'><strong>et</strong></span> <span class='ocrx_word' id='word_1_522' title='bbox 2238 3205 2454 3275; x_wconf 85' lang='lat' dir='ltr'><strong>quidem</strong></span> <span class='ocrx_word' id='word_1_523' title='bbox 2484 3221 2604 3262; x_wconf 91' lang='lat' dir='ltr'><strong>cum</strong></span> <span class='ocrx_word' id='word_1_524' title='bbox 2633 3220 2732 3261; x_wconf 87' lang='lat' dir='ltr'><strong>suo</strong></span> <span class='ocrx_word' id='word_1_525' title='bbox 2774 3204 2994 3276; x_wconf 85' lang='lat' dir='ltr'><strong>proprio</strong></span> <span class='ocrx_word' id='word_1_526' title='bbox 3015 3213 3082 3280; x_wconf 89' lang='grc' dir='ltr'><strong>νῷ</strong></span> <span class='ocrx_word' id='word_1_527' title='bbox 3127 3204 3327 3265; x_wconf 86' lang='lat' dir='ltr'><strong>lumen.</strong></span> <span class='ocrx_word' id='word_1_528' title='bbox 3360 3203 3415 3259; x_wconf 86' lang='lat' dir='ltr'><strong>Si</strong></span> <span class='ocrx_word' id='word_1_529' title='bbox 3447 3219 3578 3258; x_wconf 79' lang='lat' dir='ltr'><strong>vero</strong></span> 
     </span>
    </p>
   </div>
   <div class='ocr_carea' id='block_1_63' title="bbox 260 3290 1872 3370">
    <p class='ocr_par' dir='ltr' id='par_1_63' title="bbox 260 3290 1872 3370">
     <span class='ocr_line' id='line_1_63' title="bbox 260 3290 1872 3370; baseline 0.005 -27"><span class='ocrx_word' id='word_1_530' title='bbox 260 3304 339 3352; x_wconf 80' lang='lat' dir='ltr'><strong>vt,</strong></span> <span class='ocrx_word' id='word_1_531' title='bbox 372 3290 482 3360; x_wconf 80' lang='lat' dir='ltr'><strong>il).</strong></span> <span class='ocrx_word' id='word_1_532' title='bbox 518 3290 573 3346; x_wconf 93' lang='lat' dir='ltr'><strong>In</strong></span> <span class='ocrx_word' id='word_1_533' title='bbox 613 3294 865 3362; x_wconf 89' lang='lat' dir='ltr'><strong>parabola</strong></span> <span class='ocrx_word' id='word_1_534' title='bbox 895 3293 1065 3350; x_wconf 83' lang='lat' dir='ltr'><strong>Lucas</strong></span> <span class='ocrx_word' id='word_1_535' title='bbox 1097 3312 1111 3349; x_wconf 92' lang='lat'>:</span> <span class='ocrx_word' id='word_1_536' title='bbox 1141 3293 1289 3351; x_wconf 77' lang='lat' dir='ltr'><strong>Dixit</strong></span> <span class='ocrx_word' id='word_1_537' title='bbox 1304 3296 1577 3370; x_wconf 60' lang='grc' dir='ltr'><strong>λυπέονρε</strong></span> <span class='ocrx_word' id='word_1_538' title='bbox 1617 3298 1741 3365; x_wconf 76' lang='lat' dir='ltr'><strong>ﬁliis</strong></span> <span class='ocrx_word' id='word_1_539' title='bbox 1776 3314 1872 3369; x_wconf 55' lang='lat' dir='ltr'><strong>pa-</strong></span> 
     </span>
    </p>
   </div>
   <div class='ocr_carea' id='block_1_64' title="bbox 270 3381 1869 3461">
    <p class='ocr_par' dir='ltr' id='par_1_64' title="bbox 270 3381 1869 3461">
     <span class='ocr_line' id='line_1_64' title="bbox 270 3381 1869 3461; baseline 0.004 -24"><span class='ocrx_word' id='word_1_540' title='bbox 270 3383 339 3437; x_wconf 86' lang='lat' dir='ltr'><strong>tri</strong></span> <span class='ocrx_word' id='word_1_541' title='bbox 368 3398 385 3437; x_wconf 88' lang='lat'><strong><em>:</em></strong></span> <span class='ocrx_word' id='word_1_542' title='bbox 418 3381 497 3437; x_wconf 87' lang='lat' dir='ltr'><strong>Da</strong></span> <span class='ocrx_word' id='word_1_543' title='bbox 524 3383 652 3438; x_wconf 73' lang='lat' dir='ltr'><strong>mihi</strong></span> <span class='ocrx_word' id='word_1_544' title='bbox 699 3400 976 3455; x_wconf 85' lang='lat' dir='ltr'><strong>congruam</strong></span> <span class='ocrx_word' id='word_1_545' title='bbox 1011 3397 1209 3459; x_wconf 78' lang='lat' dir='ltr'><strong>partem</strong></span> <span class='ocrx_word' id='word_1_546' title='bbox 1245 3387 1543 3445; x_wconf 79' lang='lat' dir='ltr'><strong>substantia:</strong></span> <span class='ocrx_word' id='word_1_547' title='bbox 1574 3388 1729 3461; x_wconf 86' lang='lat' dir='ltr'><strong>(Luc.</strong></span> <span class='ocrx_word' id='word_1_548' title='bbox 1778 3406 1869 3460; x_wconf 85' lang='lat' dir='ltr'><strong>xv,</strong></span> 
     </span>
    </p>
   </div>
   <div class='ocr_carea' id='block_1_65' title="bbox 264 3473 1870 3553">
    <p class='ocr_par' dir='ltr' id='par_1_65' title="bbox 264 3473 1870 3553">
     <span class='ocr_line' id='line_1_65' title="bbox 264 3473 1870 3553; baseline 0.007 -25"><span class='ocrx_word' id='word_1_549' title='bbox 264 3473 384 3545; x_wconf 69' lang='lat'><strong>12).</strong></span> <span class='ocrx_word' id='word_1_550' title='bbox 411 3474 471 3531; x_wconf 84' lang='lat' dir='ltr'><strong>Et</strong></span> <span class='ocrx_word' id='word_1_551' title='bbox 507 3490 695 3531; x_wconf 86' lang='lat' dir='ltr'><strong>rursus</strong></span> <span class='ocrx_word' id='word_1_552' title='bbox 723 3494 738 3532; x_wconf 89' lang='lat'><strong>:</strong></span> <span class='ocrx_word' id='word_1_553' title='bbox 769 3476 854 3537; x_wconf 85' lang='lat' dir='ltr'><strong>lbi</strong></span> <span class='ocrx_word' id='word_1_554' title='bbox 878 3478 1143 3550; x_wconf 84' lang='lat' dir='ltr'><strong>dissipauit</strong></span> <span class='ocrx_word' id='word_1_555' title='bbox 1170 3480 1515 3537; x_wconf 84' lang='lat' dir='ltr'><strong>substantiam</strong></span> <span class='ocrx_word' id='word_1_556' title='bbox 1537 3498 1681 3536; x_wconf 85' lang='lat' dir='ltr'><strong>suam</strong></span> <span class='ocrx_word' id='word_1_557' title='bbox 1708 3480 1870 3553; x_wconf 81' lang='lat' dir='ltr'><strong>(Ibid.</strong></span> 
     </span>
    </p>
   </div>
   <div class='ocr_carea' id='block_1_66' title="bbox 266 3570 1873 3647">
    <p class='ocr_par' dir='ltr' id='par_1_66' title="bbox 266 3570 1873 3647">
     <span class='ocr_line' id='line_1_66' title="bbox 266 3570 1873 3647; baseline 0.006 -24"><span class='ocrx_word' id='word_1_558' title='bbox 266 3570 379 3641; x_wconf 73' lang='grc'><strong>15).</strong></span> <span class='ocrx_word' id='word_1_559' title='bbox 428 3570 582 3639; x_wconf 85' lang='lat' dir='ltr'><strong>Quod</strong></span> <span class='ocrx_word' id='word_1_560' title='bbox 628 3573 772 3628; x_wconf 90' lang='lat' dir='ltr'><strong>enim</strong></span> <span class='ocrx_word' id='word_1_561' title='bbox 802 3573 925 3631; x_wconf 89' lang='lat' dir='ltr'><strong>inde</strong></span> <span class='ocrx_word' id='word_1_562' title='bbox 973 3573 1276 3643; x_wconf 89' lang='lat' dir='ltr'><strong>descendit,</strong></span> <span class='ocrx_word' id='word_1_563' title='bbox 1311 3577 1576 3647; x_wconf 88' lang='lat' dir='ltr'><strong>potentias</strong></span> <span class='ocrx_word' id='word_1_564' title='bbox 1604 3592 1729 3632; x_wconf 83' lang='lat' dir='ltr'><strong>suas</strong></span> <span class='ocrx_word' id='word_1_565' title='bbox 1766 3591 1873 3633; x_wconf 92' lang='lat' dir='ltr'><strong>non</strong></span> 
     </span>
    </p>
   </div>
   <div class='ocr_carea' id='block_1_67' title="bbox 264 3663 1875 3734">
    <p class='ocr_par' dir='ltr' id='par_1_67' title="bbox 264 3663 1875 3734">
     <span class='ocr_line' id='line_1_67' title="bbox 264 3663 1875 3734; baseline 0.006 -16"><span class='ocrx_word' id='word_1_566' title='bbox 264 3664 456 3718; x_wconf 90' lang='lat' dir='ltr'><strong>tenuit.</strong></span> <span class='ocrx_word' id='word_1_567' title='bbox 491 3663 594 3721; x_wconf 76' lang='lat' dir='ltr'><strong>Ista</strong></span> <span class='ocrx_word' id='word_1_568' title='bbox 624 3668 822 3722; x_wconf 81' lang='lat' dir='ltr'><strong>anima:</strong></span> <span class='ocrx_word' id='word_1_569' title='bbox 852 3678 998 3734; x_wconf 90' lang='lat' dir='ltr'><strong>sunt,</strong></span> <span class='ocrx_word' id='word_1_570' title='bbox 1031 3667 1125 3722; x_wconf 84' lang='lat' dir='ltr'><strong>sed</strong></span> <span class='ocrx_word' id='word_1_571' title='bbox 1157 3668 1266 3723; x_wconf 83' lang='lat' dir='ltr'><strong>dixi</strong></span> <span class='ocrx_word' id='word_1_572' title='bbox 1292 3668 1433 3724; x_wconf 89' lang='lat' dir='ltr'><strong>istud</strong></span> <span class='ocrx_word' id='word_1_573' title='bbox 1462 3669 1748 3725; x_wconf 89' lang='lat' dir='ltr'><strong>adversum</strong></span> <span class='ocrx_word' id='word_1_574' title='bbox 1782 3685 1875 3727; x_wconf 88' lang='lat' dir='ltr'><strong>ue-</strong></span> 
     </span>
    </p>
   </div>
   <div class='ocr_carea' id='block_1_68' title="bbox 261 3760 1861 3835">
    <p class='ocr_par' dir='ltr' id='par_1_68' title="bbox 261 3760 1861 3835">
     <span class='ocr_line' id='line_1_68' title="bbox 261 3760 1861 3835; baseline 0.006 -25"><span class='ocrx_word' id='word_1_575' title='bbox 261 3768 453 3827; x_wconf 87' lang='lat' dir='ltr'><strong>gantes</strong></span> <span class='ocrx_word' id='word_1_576' title='bbox 480 3760 662 3821; x_wconf 78' lang='grc' dir='ltr'>οὐσίας</span> <span class='ocrx_word' id='word_1_577' title='bbox 691 3774 885 3816; x_wconf 89' lang='lat' dir='ltr'><strong>nomen</strong></span> <span class='ocrx_word' id='word_1_578' title='bbox 912 3761 1143 3835; x_wconf 88' lang='lat' dir='ltr'><strong>positum</strong></span> <span class='ocrx_word' id='word_1_579' title='bbox 1170 3776 1290 3819; x_wconf 85' lang='lat' dir='ltr'><strong>esse</strong></span> <span class='ocrx_word' id='word_1_580' title='bbox 1319 3760 1371 3816; x_wconf 93' lang='lat' dir='ltr'><strong>in</strong></span> <span class='ocrx_word' id='word_1_581' title='bbox 1407 3762 1574 3817; x_wconf 89' lang='lat' dir='ltr'><strong>sacris</strong></span> <span class='ocrx_word' id='word_1_582' title='bbox 1621 3763 1861 3835; x_wconf 84' lang='lat' dir='ltr'><strong>Scriptu-</strong></span> 
     </span>
    </p>
   </div>
   <div class='ocr_carea' id='block_1_69' title="bbox 268 3850 1872 3925">
    <p class='ocr_par' dir='ltr' id='par_1_69' title="bbox 268 3850 1872 3925">
     <span class='ocr_line' id='line_1_69' title="bbox 268 3850 1872 3925; baseline 0.004 -19"><span class='ocrx_word' id='word_1_583' title='bbox 268 3854 367 3908; x_wconf 87' lang='lat' dir='ltr'><strong>ris.</strong></span> <span class='ocrx_word' id='word_1_584' title='bbox 392 3850 616 3907; x_wconf 86' lang='lat' dir='ltr'><strong>Accedit</strong></span> <span class='ocrx_word' id='word_1_585' title='bbox 647 3862 849 3921; x_wconf 88' lang='lat' dir='ltr'><strong>autem,</strong></span> <span class='ocrx_word' id='word_1_586' title='bbox 875 3854 1016 3925; x_wconf 86' lang='lat' dir='ltr'><strong>quod</strong></span> <span class='ocrx_word' id='word_1_587' title='bbox 1044 3855 1301 3923; x_wconf 90' lang='lat' dir='ltr'><strong>animam,</strong></span> <span class='ocrx_word' id='word_1_588' title='bbox 1339 3853 1439 3910; x_wconf 87' lang='lat' dir='ltr'><strong>hoc</strong></span> <span class='ocrx_word' id='word_1_589' title='bbox 1469 3864 1550 3912; x_wconf 90' lang='lat' dir='ltr'><strong>est</strong></span> <span class='ocrx_word' id='word_1_590' title='bbox 1598 3854 1872 3913; x_wconf 90' lang='lat' dir='ltr'><strong>hominem</strong></span> 
     </span>
    </p>
   </div>
   <div class='ocr_carea' id='block_1_70' title="bbox 268 3944 1691 4017">
    <p class='ocr_par' dir='ltr' id='par_1_70' title="bbox 268 3944 1691 4017">
     <span class='ocr_line' id='line_1_70' title="bbox 268 3944 1691 4017; baseline 0.001 -16"><span class='ocrx_word' id='word_1_591' title='bbox 268 3945 415 4001; x_wconf 89' lang='lat' dir='ltr'><strong>Deus</strong></span> <span class='ocrx_word' id='word_1_592' title='bbox 439 3944 565 4003; x_wconf 81' lang='lat' dir='ltr'><strong>fecit</strong></span> <span class='ocrx_word' id='word_1_593' title='bbox 590 3946 655 4000; x_wconf 91' lang='lat' dir='ltr'><strong>ad</strong></span> <span class='ocrx_word' id='word_1_594' title='bbox 688 3946 975 4017; x_wconf 83' lang='lat' dir='ltr'><strong>imaginem</strong></span> <span class='ocrx_word' id='word_1_595' title='bbox 1001 3956 1055 4003; x_wconf 90' lang='grc' dir='ltr'><strong>ει</strong></span> <span class='ocrx_word' id='word_1_596' title='bbox 1083 3946 1491 4009; x_wconf 85' lang='lat' dir='ltr'><strong>similitudinem</strong></span> <span class='ocrx_word' id='word_1_597' title='bbox 1520 3963 1691 4005; x_wconf 85' lang='lat' dir='ltr'><strong>suam.</strong></span> 
     </span>
    </p>
   </div>
   <div class='ocr_carea' id='block_1_71' title="bbox 345 4038 1874 4114">
    <p class='ocr_par' dir='ltr' id='par_1_71' title="bbox 345 4038 1874 4114">
     <span class='ocr_line' id='line_1_71' title="bbox 345 4038 1874 4114; baseline 0.002 -17"><span class='ocrx_word' id='word_1_598' title='bbox 345 4039 457 4097; x_wconf 82' lang='lat' dir='ltr'><strong>LX.</strong></span> <span class='ocrx_word' id='word_1_599' title='bbox 484 4038 625 4109; x_wconf 87' lang='lat' dir='ltr'><strong>Quid</strong></span> <span class='ocrx_word' id='word_1_600' title='bbox 652 4055 782 4097; x_wconf 89' lang='lat' dir='ltr'><strong>vero</strong></span> <span class='ocrx_word' id='word_1_601' title='bbox 806 4040 907 4098; x_wconf 89' lang='lat' dir='ltr'><strong>ista</strong></span> <span class='ocrx_word' id='word_1_602' title='bbox 936 4042 1264 4114; x_wconf 79' lang='lat' dir='ltr'><strong>signiﬁcent,</strong></span> <span class='ocrx_word' id='word_1_603' title='bbox 1292 4042 1413 4098; x_wconf 90' lang='lat' dir='ltr'><strong>audi</strong></span> <span class='ocrx_word' id='word_1_604' title='bbox 1446 4052 1504 4101; x_wconf 89' lang='lat' dir='ltr'><strong>ut</strong></span> <span class='ocrx_word' id='word_1_605' title='bbox 1531 4045 1689 4099; x_wconf 89' lang='lat' dir='ltr'><strong>dico:</strong></span> <span class='ocrx_word' id='word_1_606' title='bbox 1715 4044 1874 4101; x_wconf 84' lang='lat' dir='ltr'><strong>Sunt-</strong></span> 
     </span>
    </p>
   </div>
   <div class='ocr_carea' id='block_1_72' title="bbox 265 4136 1871 4215">
    <p class='ocr_par' dir='ltr' id='par_1_72' title="bbox 265 4136 1871 4215">
     <span class='ocr_line' id='line_1_72' title="bbox 265 4136 1871 4215; baseline 0.003 -24"><span class='ocrx_word' id='word_1_607' title='bbox 265 4149 388 4191; x_wconf 86' lang='lat' dir='ltr'><strong>mus</strong></span> <span class='ocrx_word' id='word_1_608' title='bbox 411 4142 527 4191; x_wconf 85' lang='grc' dir='ltr'>νοῦν</span> <span class='ocrx_word' id='word_1_609' title='bbox 561 4177 575 4200; x_wconf 89' lang='grc'><em>,</em></span> <span class='ocrx_word' id='word_1_610' title='bbox 609 4144 663 4191; x_wconf 86' lang='grc' dir='ltr'><strong>ει</strong></span> <span class='ocrx_word' id='word_1_611' title='bbox 695 4136 954 4206; x_wconf 81' lang='lat' dir='ltr'><strong>sapientia</strong></span> <span class='ocrx_word' id='word_1_612' title='bbox 996 4136 1256 4209; x_wconf 82' lang='lat' dir='ltr'><strong>perfecta,</strong></span> <span class='ocrx_word' id='word_1_613' title='bbox 1289 4137 1393 4193; x_wconf 90' lang='lat' dir='ltr'><strong>boc</strong></span> <span class='ocrx_word' id='word_1_614' title='bbox 1434 4148 1517 4194; x_wconf 90' lang='lat' dir='ltr'><strong>est</strong></span> <span class='ocrx_word' id='word_1_615' title='bbox 1555 4140 1701 4215; x_wconf 81' lang='grc' dir='ltr'>λόγος</span> <span class='ocrx_word' id='word_1_616' title='bbox 1751 4140 1871 4197; x_wconf 91' lang='lat' dir='ltr'><strong>uni-</strong></span> 
     </span>
    </p>
   </div>
   <div class='ocr_carea' id='block_1_73' title="bbox 269 4229 1876 4301">
    <p class='ocr_par' dir='ltr' id='par_1_73' title="bbox 269 4229 1876 4301">
     <span class='ocr_line' id='line_1_73' title="bbox 269 4229 1876 4301; baseline 0.007 -17"><span class='ocrx_word' id='word_1_617' title='bbox 269 4230 518 4297; x_wconf 87' lang='lat' dir='ltr'><strong>versalis,</strong></span> <span class='ocrx_word' id='word_1_618' title='bbox 552 4229 693 4286; x_wconf 90' lang='lat' dir='ltr'><strong>idem</strong></span> <span class='ocrx_word' id='word_1_619' title='bbox 737 4230 911 4301; x_wconf 87' lang='lat' dir='ltr'><strong>ipsum</strong></span> <span class='ocrx_word' id='word_1_620' title='bbox 941 4231 1086 4291; x_wconf 88' lang='lat' dir='ltr'><strong>enim</strong></span> <span class='ocrx_word' id='word_1_621' title='bbox 1119 4233 1170 4288; x_wconf 92' lang='lat' dir='ltr'><strong>in</strong></span> <span class='ocrx_word' id='word_1_622' title='bbox 1212 4242 1418 4290; x_wconf 77' lang='lat' dir='ltr'><strong>:eterno</strong></span> <span class='ocrx_word' id='word_1_623' title='bbox 1447 4242 1614 4299; x_wconf 89' lang='lat' dir='ltr'><strong>motu,</strong></span> <span class='ocrx_word' id='word_1_624' title='bbox 1646 4234 1876 4295; x_wconf 82' lang='lat' dir='ltr'><strong>circula-</strong></span> 
     </span>
    </p>
   </div>
   <div class='ocr_carea' id='block_1_74' title="bbox 268 4325 1874 4400">
    <p class='ocr_par' dir='ltr' id='par_1_74' title="bbox 268 4325 1874 4400">
     <span class='ocr_line' id='line_1_74' title="bbox 268 4325 1874 4400; baseline 0.005 -21"><span class='ocrx_word' id='word_1_625' title='bbox 268 4325 345 4379; x_wconf 88' lang='lat' dir='ltr'><strong>ris</strong></span> <span class='ocrx_word' id='word_1_626' title='bbox 373 4333 552 4380; x_wconf 88' lang='lat' dir='ltr'><strong>motus</strong></span> <span class='ocrx_word' id='word_1_627' title='bbox 582 4333 697 4379; x_wconf 88' lang='lat' dir='ltr'><strong>erat</strong></span> <span class='ocrx_word' id='word_1_628' title='bbox 728 4341 758 4380; x_wconf 92' lang='lat' dir='ltr'><strong>a</strong></span> <span class='ocrx_word' id='word_1_629' title='bbox 810 4331 1008 4400; x_wconf 78' lang='grc' dir='ltr'><strong>σημείῳ</strong></span> <span class='ocrx_word' id='word_1_630' title='bbox 1034 4327 1210 4398; x_wconf 91' lang='lat' dir='ltr'><strong>primo</strong></span> <span class='ocrx_word' id='word_1_631' title='bbox 1238 4336 1292 4384; x_wconf 92' lang='lat' dir='ltr'><strong>et</strong></span> <span class='ocrx_word' id='word_1_632' title='bbox 1331 4326 1384 4383; x_wconf 91' lang='lat' dir='ltr'><strong>in</strong></span> <span class='ocrx_word' id='word_1_633' title='bbox 1429 4342 1642 4384; x_wconf 90' lang='lat' dir='ltr'><strong>summo</strong></span> <span class='ocrx_word' id='word_1_634' title='bbox 1672 4331 1874 4387; x_wconf 90' lang='lat' dir='ltr'><strong>vertice</strong></span> 
     </span>
    </p>
   </div>
   <div class='ocr_carea' id='block_1_75' title="bbox 270 4417 1871 4495">
    <p class='ocr_par' dir='ltr' id='par_1_75' title="bbox 270 4417 1871 4495">
     <span class='ocr_line' id='line_1_75' title="bbox 270 4417 1871 4495; baseline 0.002 -22"><span class='ocrx_word' id='word_1_635' title='bbox 270 4417 546 4473; x_wconf 88' lang='lat' dir='ltr'><strong>circnlaris</strong></span> <span class='ocrx_word' id='word_1_636' title='bbox 599 4418 837 4474; x_wconf 78' lang='lat' dir='ltr'><strong>existens</strong></span> <span class='ocrx_word' id='word_1_637' title='bbox 901 4418 1052 4490; x_wconf 72' lang='lat' dir='ltr'><strong>juxta</strong></span> <span class='ocrx_word' id='word_1_638' title='bbox 1130 4421 1304 4490; x_wconf 90' lang='lat' dir='ltr'><strong>ipsum</strong></span> <span class='ocrx_word' id='word_1_639' title='bbox 1365 4430 1613 4495; x_wconf 81' lang='grc' dir='ltr'><strong>σημεῖον,</strong></span> <span class='ocrx_word' id='word_1_640' title='bbox 1670 4422 1871 4489; x_wconf 84' lang='lat' dir='ltr'><strong>cyclica</strong></span> 
     </span>
    </p>
   </div>
   <div class='ocr_carea' id='block_1_76' title="bbox 270 4513 1870 4584">
    <p class='ocr_par' dir='ltr' id='par_1_76' title="bbox 270 4513 1870 4584">
     <span class='ocr_line' id='line_1_76' title="bbox 270 4513 1870 4584; baseline 0.004 -18"><span class='ocrx_word' id='word_1_641' title='bbox 270 4525 433 4569; x_wconf 89' lang='lat' dir='ltr'><strong>causa</strong></span> <span class='ocrx_word' id='word_1_642' title='bbox 475 4513 904 4584; x_wconf 87' lang='lat' dir='ltr'><strong>inseparabiliter</strong></span> <span class='ocrx_word' id='word_1_643' title='bbox 957 4527 1220 4568; x_wconf 86' lang='lat' dir='ltr'><strong>conversa</strong></span> <span class='ocrx_word' id='word_1_644' title='bbox 1247 4555 1262 4581; x_wconf 95' lang='lat'><strong>,</strong></span> <span class='ocrx_word' id='word_1_645' title='bbox 1304 4526 1363 4569; x_wconf 93' lang='lat' dir='ltr'><strong>ut</strong></span> <span class='ocrx_word' id='word_1_646' title='bbox 1414 4531 1445 4570; x_wconf 85' lang='lat' dir='ltr'><strong>a</strong></span> <span class='ocrx_word' id='word_1_647' title='bbox 1487 4516 1665 4584; x_wconf 87' lang='lat' dir='ltr'><strong>Patre,</strong></span> <span class='ocrx_word' id='word_1_648' title='bbox 1712 4525 1767 4575; x_wconf 91' lang='lat' dir='ltr'><strong>et</strong></span> <span class='ocrx_word' id='word_1_649' title='bbox 1819 4517 1870 4573; x_wconf 93' lang='lat' dir='ltr'><strong>in</strong></span> 
     </span>
    </p>
   </div>
   <div class='ocr_carea' id='block_1_77' title="bbox 1981 3295 3581 3368">
    <p class='ocr_par' dir='ltr' id='par_1_77' title="bbox 1981 3295 3581 3368">
     <span class='ocr_line' id='line_1_77' title="bbox 1981 3295 3581 3368; baseline -0.002 -15"><span class='ocrx_word' id='word_1_650' title='bbox 1981 3298 2033 3353; x_wconf 74' lang='lat' dir='ltr'><strong>in</strong></span> <span class='ocrx_word' id='word_1_651' title='bbox 2063 3299 2319 3366; x_wconf 75' lang='lat' dir='ltr'><strong>inferiora</strong></span> <span class='ocrx_word' id='word_1_652' title='bbox 2353 3297 2511 3368; x_wconf 61' lang='lat' dir='ltr'><strong>respit</strong></span> <span class='ocrx_word' id='word_1_653' title='bbox 2532 3297 2594 3365; x_wconf 89' lang='lat' dir='ltr'><strong>it,</strong></span> <span class='ocrx_word' id='word_1_654' title='bbox 2622 3314 2745 3361; x_wconf 86' lang='lat' dir='ltr'><strong>cum</strong></span> <span class='ocrx_word' id='word_1_655' title='bbox 2785 3298 2854 3353; x_wconf 85' lang='lat' dir='ltr'><strong>sit</strong></span> <span class='ocrx_word' id='word_1_656' title='bbox 2884 3297 3149 3368; x_wconf 88' lang='lat' dir='ltr'><strong>petulans,</strong></span> <span class='ocrx_word' id='word_1_657' title='bbox 3182 3295 3413 3367; x_wconf 81' lang='lat' dir='ltr'><strong>potentia</strong></span> <span class='ocrx_word' id='word_1_658' title='bbox 3447 3295 3581 3352; x_wconf 66' lang='lat' dir='ltr'><strong>viti-</strong></span> 
     </span>
    </p>
   </div>
   <div class='ocr_carea' id='block_1_78' title="bbox 1981 3391 3577 3463">
    <p class='ocr_par' dir='ltr' id='par_1_78' title="bbox 1981 3391 3577 3463">
     <span class='ocr_line' id='line_1_78' title="bbox 1981 3391 3577 3463; baseline -0.001 -14"><span class='ocrx_word' id='word_1_659' title='bbox 1981 3392 2179 3449; x_wconf 88' lang='lat' dir='ltr'><strong>licandi</strong></span> <span class='ocrx_word' id='word_1_660' title='bbox 2199 3392 2274 3460; x_wconf 84' lang='lat' dir='ltr'><strong>lit,</strong></span> <span class='ocrx_word' id='word_1_661' title='bbox 2298 3392 2479 3449; x_wconf 78' lang='lat' dir='ltr'><strong>vivere</strong></span> <span class='ocrx_word' id='word_1_662' title='bbox 2507 3410 2624 3463; x_wconf 78' lang='lat' dir='ltr'><strong>qna:</strong></span> <span class='ocrx_word' id='word_1_663' title='bbox 2644 3392 2801 3447; x_wconf 81' lang='lat' dir='ltr'><strong>faciet</strong></span> <span class='ocrx_word' id='word_1_664' title='bbox 2828 3392 2881 3447; x_wconf 87' lang='lat' dir='ltr'><strong>in</strong></span> <span class='ocrx_word' id='word_1_665' title='bbox 2906 3393 3184 3458; x_wconf 88' lang='lat' dir='ltr'><strong>mundum,</strong></span> <span class='ocrx_word' id='word_1_666' title='bbox 3213 3401 3266 3452; x_wconf 86' lang='lat' dir='ltr'><strong>et</strong></span> <span class='ocrx_word' id='word_1_667' title='bbox 3290 3406 3349 3446; x_wconf 90' lang='lat' dir='ltr'><strong>ea</strong></span> <span class='ocrx_word' id='word_1_668' title='bbox 3380 3407 3496 3462; x_wconf 76' lang='lat' dir='ltr'><strong>qua-</strong></span> <span class='ocrx_word' id='word_1_669' title='bbox 3524 3391 3577 3447; x_wconf 86' lang='lat' dir='ltr'><strong>in</strong></span> 
     </span>
    </p>
   </div>
   <div class='ocr_carea' id='block_1_79' title="bbox 1979 3484 3578 3558">
    <p class='ocr_par' dir='ltr' id='par_1_79' title="bbox 1979 3484 3578 3558">
     <span class='ocr_line' id='line_1_79' title="bbox 1979 3484 3578 3558; baseline -0.001 -16"><span class='ocrx_word' id='word_1_670' title='bbox 1979 3487 2181 3542; x_wconf 90' lang='lat' dir='ltr'><strong>mundo</strong></span> <span class='ocrx_word' id='word_1_671' title='bbox 2199 3502 2367 3557; x_wconf 79' lang='lat' dir='ltr'><strong>uSque</strong></span> <span class='ocrx_word' id='word_1_672' title='bbox 2379 3488 2443 3543; x_wconf 87' lang='lat' dir='ltr'><strong>ad</strong></span> <span class='ocrx_word' id='word_1_673' title='bbox 2459 3485 2690 3558; x_wconf 87' lang='lat' dir='ltr'><strong>lapidem</strong></span> <span class='ocrx_word' id='word_1_674' title='bbox 2711 3486 2941 3557; x_wconf 81' lang='lat' dir='ltr'><strong>lapidum</strong></span> <span class='ocrx_word' id='word_1_675' title='bbox 2961 3501 3129 3551; x_wconf 82' lang='lat' dir='ltr'><strong>more,</strong></span> <span class='ocrx_word' id='word_1_676' title='bbox 3151 3484 3262 3555; x_wconf 86' lang='lat' dir='ltr'><strong>ipsa</strong></span> <span class='ocrx_word' id='word_1_677' title='bbox 3277 3484 3437 3543; x_wconf 86' lang='lat' dir='ltr'><strong>etiam</strong></span> <span class='ocrx_word' id='word_1_678' title='bbox 3455 3499 3578 3543; x_wconf 77' lang='lat' dir='ltr'><strong>cum</strong></span> 
     </span>
    </p>
   </div>
   <div class='ocr_carea' id='block_1_80' title="bbox 1976 3578 3579 3656">
    <p class='ocr_par' dir='ltr' id='par_1_80' title="bbox 1976 3578 3579 3656">
     <span class='ocr_line' id='line_1_80' title="bbox 1976 3578 3579 3656; baseline -0.001 -21"><span class='ocrx_word' id='word_1_679' title='bbox 1976 3589 2047 3656; x_wconf 89' lang='grc' dir='ltr'><strong>νῷ</strong></span> <span class='ocrx_word' id='word_1_680' title='bbox 2075 3582 2229 3637; x_wconf 80' lang='lat' dir='ltr'><strong>facta.</strong></span> <span class='ocrx_word' id='word_1_681' title='bbox 2287 3580 2496 3643; x_wconf 84' lang='lat' dir='ltr'><strong>Etenim</strong></span> <span class='ocrx_word' id='word_1_682' title='bbox 2527 3595 2650 3643; x_wconf 89' lang='lat' dir='ltr'><strong>cum</strong></span> <span class='ocrx_word' id='word_1_683' title='bbox 2702 3579 2941 3651; x_wconf 76' lang='lat' dir='ltr'><strong>quidem,</strong></span> <span class='ocrx_word' id='word_1_684' title='bbox 2972 3580 3112 3655; x_wconf 85' lang='grc' dir='ltr'>λόγος</span> <span class='ocrx_word' id='word_1_685' title='bbox 3142 3578 3209 3634; x_wconf 71' lang='lat' dir='ltr'><strong>sit</strong></span> <span class='ocrx_word' id='word_1_686' title='bbox 3240 3578 3440 3644; x_wconf 90' lang='lat' dir='ltr'><strong>anima,</strong></span> <span class='ocrx_word' id='word_1_687' title='bbox 3472 3594 3579 3635; x_wconf 89' lang='lat' dir='ltr'><strong>non</strong></span> 
     </span>
    </p>
   </div>
   <div class='ocr_carea' id='block_1_81' title="bbox 1976 3668 3579 3748">
    <p class='ocr_par' dir='ltr' id='par_1_81' title="bbox 1976 3668 3579 3748">
     <span class='ocr_line' id='line_1_81' title="bbox 1976 3668 3579 3748; baseline -0.002 -19"><span class='ocrx_word' id='word_1_688' title='bbox 1976 3674 2120 3748; x_wconf 81' lang='grc' dir='ltr'>λόγος</span> <span class='ocrx_word' id='word_1_689' title='bbox 2151 3690 2165 3728; x_wconf 88' lang='lat'><strong>:</strong></span> <span class='ocrx_word' id='word_1_690' title='bbox 2197 3688 2426 3743; x_wconf 87' lang='lat' dir='ltr'><strong>cumque</strong></span> <span class='ocrx_word' id='word_1_691' title='bbox 2468 3672 2521 3729; x_wconf 88' lang='lat' dir='ltr'><strong>in</strong></span> <span class='ocrx_word' id='word_1_692' title='bbox 2551 3671 2786 3728; x_wconf 88' lang='lat' dir='ltr'><strong>medium</strong></span> <span class='ocrx_word' id='word_1_693' title='bbox 2832 3670 3140 3742; x_wconf 62' lang='lat' dir='ltr'><strong>Spirituum,</strong></span> <span class='ocrx_word' id='word_1_694' title='bbox 3173 3680 3227 3725; x_wconf 88' lang='lat' dir='ltr'><strong>et</strong></span> <span class='ocrx_word' id='word_1_695' title='bbox 3269 3668 3579 3740; x_wconf 73' lang='lat' dir='ltr'><strong>intelligibi-</strong></span> 
     </span>
    </p>
   </div>
   <div class='ocr_carea' id='block_1_82' title="bbox 1977 3763 3571 3839">
    <p class='ocr_par' dir='ltr' id='par_1_82' title="bbox 1977 3763 3571 3839">
     <span class='ocr_line' id='line_1_82' title="bbox 1977 3763 3571 3839; baseline -0.003 -18"><span class='ocrx_word' id='word_1_696' title='bbox 1977 3766 2146 3832; x_wconf 91' lang='lat' dir='ltr'><strong>lium,</strong></span> <span class='ocrx_word' id='word_1_697' title='bbox 2180 3776 2233 3821; x_wconf 90' lang='lat' dir='ltr'><strong>et</strong></span> <span class='ocrx_word' id='word_1_698' title='bbox 2260 3776 2352 3833; x_wconf 83' lang='grc' dir='ltr'>τῆς</span> <span class='ocrx_word' id='word_1_699' title='bbox 2374 3767 2496 3829; x_wconf 76' lang='grc' dir='ltr'>ὕλης</span> <span class='ocrx_word' id='word_1_700' title='bbox 2539 3765 2755 3835; x_wconf 76' lang='lat' dir='ltr'><strong>proprio</strong></span> <span class='ocrx_word' id='word_1_701' title='bbox 2798 3773 2865 3839; x_wconf 88' lang='grc' dir='ltr'><strong>νῷ</strong></span> <span class='ocrx_word' id='word_1_702' title='bbox 2909 3763 2975 3818; x_wconf 92' lang='lat' dir='ltr'><strong>ad</strong></span> <span class='ocrx_word' id='word_1_703' title='bbox 3017 3773 3243 3831; x_wconf 87' lang='lat' dir='ltr'><strong>utraque</strong></span> <span class='ocrx_word' id='word_1_704' title='bbox 3289 3777 3571 3829; x_wconf 89' lang='lat' dir='ltr'><strong>conversa,</strong></span> 
     </span>
    </p>
   </div>
   <div class='ocr_carea' id='block_1_83' title="bbox 1976 3852 3576 3928">
    <p class='ocr_par' dir='ltr' id='par_1_83' title="bbox 1976 3852 3576 3928">
     <span class='ocr_line' id='line_1_83' title="bbox 1976 3852 3576 3928; baseline -0.003 -14"><span class='ocrx_word' id='word_1_705' title='bbox 1976 3869 2069 3927; x_wconf 85' lang='lat' dir='ltr'><strong>aut</strong></span> <span class='ocrx_word' id='word_1_706' title='bbox 2112 3856 2291 3915; x_wconf 68' lang='lat' dir='ltr'><strong>divina</strong></span> <span class='ocrx_word' id='word_1_707' title='bbox 2322 3856 2401 3927; x_wconf 85' lang='lat' dir='ltr'><strong>lit,</strong></span> <span class='ocrx_word' id='word_1_708' title='bbox 2452 3864 2544 3912; x_wconf 88' lang='lat' dir='ltr'><strong>aut</strong></span> <span class='ocrx_word' id='word_1_709' title='bbox 2582 3856 2957 3928; x_wconf 84' lang='lat' dir='ltr'><strong>incorporatur</strong></span> <span class='ocrx_word' id='word_1_710' title='bbox 2990 3874 3002 3909; x_wconf 91' lang='lat'>:</span> <span class='ocrx_word' id='word_1_711' title='bbox 3034 3853 3099 3910; x_wconf 85' lang='lat' dir='ltr'><strong>ad</strong></span> <span class='ocrx_word' id='word_1_712' title='bbox 3164 3852 3576 3925; x_wconf 81' lang='lat' dir='ltr'><strong>intclligentiun</strong></span> 
     </span>
    </p>
   </div>
   <div class='ocr_carea' id='block_1_84' title="bbox 1977 3945 3579 4019">
    <p class='ocr_par' dir='ltr' id='par_1_84' title="bbox 1977 3945 3579 4019">
     <span class='ocr_line' id='line_1_84' title="bbox 1977 3945 3579 4019; baseline -0.003 -11"><span class='ocrx_word' id='word_1_713' title='bbox 1977 3951 2175 4008; x_wconf 88' lang='lat' dir='ltr'><strong>etenim</strong></span> <span class='ocrx_word' id='word_1_714' title='bbox 2218 3966 2330 4006; x_wconf 67' lang='lat' dir='ltr'><strong>sum</strong></span> <span class='ocrx_word' id='word_1_715' title='bbox 2364 3948 2593 4007; x_wconf 75' lang='lat' dir='ltr'><strong>licentia:</strong></span> <span class='ocrx_word' id='word_1_716' title='bbox 2635 3958 2738 4017; x_wconf 88' lang='lat' dir='ltr'><strong>est,</strong></span> <span class='ocrx_word' id='word_1_717' title='bbox 2767 3958 2823 4005; x_wconf 85' lang='lat' dir='ltr'><strong>et</strong></span> <span class='ocrx_word' id='word_1_718' title='bbox 2870 3947 3170 4019; x_wconf 74' lang='lat' dir='ltr'><strong>privatione</strong></span> <span class='ocrx_word' id='word_1_719' title='bbox 3204 3946 3314 4003; x_wconf 72' lang='lat' dir='ltr'><strong>veri</strong></span> <span class='ocrx_word' id='word_1_720' title='bbox 3361 3945 3579 4003; x_wconf 87' lang='lat' dir='ltr'><strong>luminis</strong></span> 
     </span>
    </p>
   </div>
   <div class='ocr_carea' id='block_1_85' title="bbox 1976 4040 3577 4118">
    <p class='ocr_par' dir='ltr' id='par_1_85' title="bbox 1976 4040 3577 4118">
     <span class='ocr_line' id='line_1_85' title="bbox 1976 4040 3577 4118; baseline -0.004 -17"><span class='ocrx_word' id='word_1_721' title='bbox 1976 4055 2200 4118; x_wconf 87' lang='lat' dir='ltr'><strong>propter</strong></span> <span class='ocrx_word' id='word_1_722' title='bbox 2226 4044 2516 4101; x_wconf 87' lang='lat' dir='ltr'><strong>scintillam</strong></span> <span class='ocrx_word' id='word_1_723' title='bbox 2545 4053 2760 4099; x_wconf 88' lang='lat' dir='ltr'><strong>tenuem</strong></span> <span class='ocrx_word' id='word_1_724' title='bbox 2784 4040 2988 4113; x_wconf 72' lang='lat' dir='ltr'><strong>proprii</strong></span> <span class='ocrx_word' id='word_1_725' title='bbox 3015 4048 3108 4098; x_wconf 82' lang='grc' dir='ltr'><strong>τοῦ</strong></span> <span class='ocrx_word' id='word_1_726' title='bbox 3122 4047 3208 4098; x_wconf 91' lang='grc' dir='ltr'><strong>νοῦ</strong></span> <span class='ocrx_word' id='word_1_727' title='bbox 3236 4057 3447 4097; x_wconf 88' lang='lat' dir='ltr'><strong>rursum</strong></span> <span class='ocrx_word' id='word_1_728' title='bbox 3478 4055 3577 4095; x_wconf 79' lang='lat' dir='ltr'><strong>vo-</strong></span> 
     </span>
    </p>
   </div>
   <div class='ocr_carea' id='block_1_86' title="bbox 1980 4134 3577 4210">
    <p class='ocr_par' dir='ltr' id='par_1_86' title="bbox 1980 4134 3577 4210">
     <span class='ocr_line' id='line_1_86' title="bbox 1980 4134 3577 4210; baseline -0.005 -13"><span class='ocrx_word' id='word_1_729' title='bbox 1980 4149 2168 4207; x_wconf 84' lang='lat' dir='ltr'><strong>catur;</strong></span> <span class='ocrx_word' id='word_1_730' title='bbox 2197 4137 2451 4210; x_wconf 82' lang='lat' dir='ltr'><strong>quoniam</strong></span> <span class='ocrx_word' id='word_1_731' title='bbox 2496 4136 2712 4207; x_wconf 67' lang='lat' dir='ltr'><strong>quidem</strong></span> <span class='ocrx_word' id='word_1_732' title='bbox 2761 4136 2934 4193; x_wconf 88' lang='lat' dir='ltr'><strong>solum</strong></span> <span class='ocrx_word' id='word_1_733' title='bbox 2965 4146 3069 4200; x_wconf 87' lang='lat' dir='ltr'><strong>est,</strong></span> <span class='ocrx_word' id='word_1_734' title='bbox 3101 4134 3374 4190; x_wconf 87' lang='lat' dir='ltr'><strong>tenebrata</strong></span> <span class='ocrx_word' id='word_1_735' title='bbox 3399 4146 3577 4189; x_wconf 80' lang='lat' dir='ltr'><strong>autem</strong></span> 
     </span>
    </p>
   </div>
   <div class='ocr_carea' id='block_1_87' title="bbox 1975 4227 3675 4297">
    <p class='ocr_par' dir='ltr' id='par_1_87' title="bbox 1975 4227 3675 4297">
     <span class='ocr_line' id='line_1_87' title="bbox 1975 4227 3675 4297; baseline -0.005 -7"><span class='ocrx_word' id='word_1_736' title='bbox 1975 4234 2229 4293; x_wconf 88' lang='lat' dir='ltr'><strong>deorsum</strong></span> <span class='ocrx_word' id='word_1_737' title='bbox 2253 4230 2475 4287; x_wconf 90' lang='lat' dir='ltr'><strong>dicitur.</strong></span> <span class='ocrx_word' id='word_1_738' title='bbox 2510 4228 2719 4297; x_wconf 80' lang='lat' dir='ltr'><strong>Etenim</strong></span> <span class='ocrx_word' id='word_1_739' title='bbox 2752 4228 3092 4289; x_wconf 85' lang='lat' dir='ltr'><strong>summitates</strong></span> <span class='ocrx_word' id='word_1_740' title='bbox 3128 4238 3220 4290; x_wconf 81' lang='grc' dir='ltr'>τῆς</span> <span class='ocrx_word' id='word_1_741' title='bbox 3245 4228 3367 4290; x_wconf 78' lang='grc' dir='ltr'>ὕλης</span> <span class='ocrx_word' id='word_1_742' title='bbox 3399 4227 3581 4296; x_wconf 88' lang='lat' dir='ltr'><strong>purio—</strong></span> <span class='ocrx_word' id='word_1_743' title='bbox 3662 4254 3675 4266; x_wconf 66' lang='grc' dir='ltr'><strong>ε</strong></span> 
     </span>
    </p>
   </div>
   <div class='ocr_carea' id='block_1_88' title="bbox 1974 4321 3579 4391">
    <p class='ocr_par' dir='ltr' id='par_1_88' title="bbox 1974 4321 3579 4391">
     <span class='ocr_line' id='line_1_88' title="bbox 1974 4321 3579 4391; baseline -0.003 -7"><span class='ocrx_word' id='word_1_744' title='bbox 1974 4343 2063 4384; x_wconf 88' lang='lat' dir='ltr'><strong>res</strong></span> <span class='ocrx_word' id='word_1_745' title='bbox 2087 4325 2365 4385; x_wconf 79' lang='lat' dir='ltr'><strong>animantli</strong></span> <span class='ocrx_word' id='word_1_746' title='bbox 2408 4324 2513 4383; x_wconf 87' lang='lat' dir='ltr'><strong>vim</strong></span> <span class='ocrx_word' id='word_1_747' title='bbox 2545 4324 2831 4391; x_wconf 89' lang='lat' dir='ltr'><strong>habentes,</strong></span> <span class='ocrx_word' id='word_1_748' title='bbox 2859 4337 3018 4378; x_wconf 89' lang='lat' dir='ltr'><strong>causa</strong></span> <span class='ocrx_word' id='word_1_749' title='bbox 3060 4333 3185 4379; x_wconf 89' lang='lat' dir='ltr'><strong>sunt</strong></span> <span class='ocrx_word' id='word_1_750' title='bbox 3215 4321 3406 4379; x_wconf 87' lang='lat' dir='ltr'><strong>lumini</strong></span> <span class='ocrx_word' id='word_1_751' title='bbox 3435 4322 3579 4379; x_wconf 72' lang='lat' dir='ltr'><strong>Velut</strong></span> 
     </span>
    </p>
   </div>
   <div class='ocr_carea' id='block_1_89' title="bbox 1974 4412 3579 4486">
    <p class='ocr_par' dir='ltr' id='par_1_89' title="bbox 1974 4412 3579 4486">
     <span class='ocr_line' id='line_1_89' title="bbox 1974 4412 3579 4486; baseline -0.006 -8"><span class='ocrx_word' id='word_1_752' title='bbox 1974 4421 2028 4478; x_wconf 89' lang='lat' dir='ltr'><strong>in</strong></span> <span class='ocrx_word' id='word_1_753' title='bbox 2058 4434 2152 4477; x_wconf 84' lang='lat' dir='ltr'><strong>sua</strong></span> <span class='ocrx_word' id='word_1_754' title='bbox 2177 4416 2555 4485; x_wconf 76' lang='lat' dir='ltr'><strong>descenderet.</strong></span> <span class='ocrx_word' id='word_1_755' title='bbox 2585 4416 2763 4486; x_wconf 89' lang='lat' dir='ltr'><strong>Quare</strong></span> <span class='ocrx_word' id='word_1_756' title='bbox 2801 4414 2944 4471; x_wconf 87' lang='lat' dir='ltr'><strong>enim</strong></span> <span class='ocrx_word' id='word_1_757' title='bbox 2986 4413 3187 4475; x_wconf 88' lang='lat' dir='ltr'><strong>dictum</strong></span> <span class='ocrx_word' id='word_1_758' title='bbox 3218 4424 3299 4473; x_wconf 90' lang='lat' dir='ltr'><strong>est</strong></span> <span class='ocrx_word' id='word_1_759' title='bbox 3334 4431 3346 4466; x_wconf 91' lang='lat'><strong>:</strong></span> <span class='ocrx_word' id='word_1_760' title='bbox 3376 4422 3430 4468; x_wconf 88' lang='lat' dir='ltr'><strong>et</strong></span> <span class='ocrx_word' id='word_1_761' title='bbox 3477 4412 3579 4470; x_wconf 60' lang='lat' dir='ltr'><strong>ista</strong></span> 
     </span>
    </p>
   </div>
   <div class='ocr_carea' id='block_1_90' title="bbox 1976 4506 3580 4581">
    <p class='ocr_par' dir='ltr' id='par_1_90' title="bbox 1976 4506 3580 4581">
     <span class='ocr_line' id='line_1_90' title="bbox 1976 4506 3580 4581; baseline -0.005 -11"><span class='ocrx_word' id='word_1_762' title='bbox 1976 4511 2263 4579; x_wconf 87' lang='lat' dir='ltr'><strong>discernit,</strong></span> <span class='ocrx_word' id='word_1_763' title='bbox 2297 4510 2427 4580; x_wconf 79' lang='lat' dir='ltr'><strong>dit-it</strong></span> <span class='ocrx_word' id='word_1_764' title='bbox 2459 4510 2677 4581; x_wconf 70' lang='lat' dir='ltr'><strong>aliquis,</strong></span> <span class='ocrx_word' id='word_1_765' title='bbox 2701 4508 2751 4566; x_wconf 88' lang='lat' dir='ltr'><strong>si</strong></span> <span class='ocrx_word' id='word_1_766' title='bbox 2791 4509 2912 4564; x_wconf 87' lang='lat' dir='ltr'><strong>talis</strong></span> <span class='ocrx_word' id='word_1_767' title='bbox 2941 4519 3023 4564; x_wconf 89' lang='lat' dir='ltr'><strong>est</strong></span> <span class='ocrx_word' id='word_1_768' title='bbox 3068 4507 3266 4563; x_wconf 84' lang='lat' dir='ltr'><strong>anima.</strong></span> <span class='ocrx_word' id='word_1_769' title='bbox 3299 4506 3580 4575; x_wconf 87' lang='lat' dir='ltr'><strong>Quomodo</strong></span> 
     </span>
    </p>
   </div>
   <div class='ocr_carea' id='block_1_91' title="bbox 273 4585 3579 4679">
    <p class='ocr_par' dir='ltr' id='par_1_91' title="bbox 273 4585 3579 4679">
     <span class='ocr_line' id='line_1_91' title="bbox 273 4585 3579 4679; baseline -0.002 -17"><span class='ocrx_word' id='word_1_770' title='bbox 273 4605 509 4675; x_wconf 88' lang='lat' dir='ltr'><strong>Patrem,</strong></span> <span class='ocrx_word' id='word_1_771' title='bbox 533 4621 654 4663; x_wconf 91' lang='lat' dir='ltr'><strong>eum</strong></span> <span class='ocrx_word' id='word_1_772' title='bbox 676 4605 837 4662; x_wconf 88' lang='lat' dir='ltr'><strong>Patre</strong></span> <span class='ocrx_word' id='word_1_773' title='bbox 857 4607 1114 4670; x_wconf 77' lang='lat' dir='ltr'><strong>existens,</strong></span> <span class='ocrx_word' id='word_1_774' title='bbox 1135 4607 1411 4676; x_wconf 90' lang='lat' dir='ltr'><strong>incedens,</strong></span> <span class='ocrx_word' id='word_1_775' title='bbox 1429 4609 1589 4665; x_wconf 90' lang='lat' dir='ltr'><strong>simul</strong></span> <span class='ocrx_word' id='word_1_776' title='bbox 1610 4611 1864 4679; x_wconf 80' lang='lat' dir='ltr'><strong>existens,</strong></span> <span class='ocrx_word' id='word_1_777' title='bbox 1898 4585 1953 4653; x_wconf 74' lang='lat' dir='ltr'><strong>D</strong></span> <span class='ocrx_word' id='word_1_778' title='bbox 1976 4609 2176 4665; x_wconf 89' lang='lat' dir='ltr'><strong>dictum</strong></span> <span class='ocrx_word' id='word_1_779' title='bbox 2206 4616 2289 4662; x_wconf 90' lang='lat' dir='ltr'><strong>cst</strong></span> <span class='ocrx_word' id='word_1_780' title='bbox 2316 4627 2331 4662; x_wconf 87' lang='lat'><strong>:</strong></span> <span class='ocrx_word' id='word_1_781' title='bbox 2362 4602 2642 4661; x_wconf 80' lang='lat' dir='ltr'><strong>Faciamus</strong></span> <span class='ocrx_word' id='word_1_782' title='bbox 2668 4604 2923 4659; x_wconf 78' lang='lat' dir='ltr'><strong>hominem</strong></span> <span class='ocrx_word' id='word_1_783' title='bbox 2952 4604 3107 4676; x_wconf 75' lang='lat' dir='ltr'><strong>juxta</strong></span> <span class='ocrx_word' id='word_1_784' title='bbox 3136 4602 3407 4673; x_wconf 86' lang='lat' dir='ltr'><strong>imaginem</strong></span> <span class='ocrx_word' id='word_1_785' title='bbox 3432 4611 3478 4658; x_wconf 81' lang='lat' dir='ltr'><strong>et</strong></span> <span class='ocrx_word' id='word_1_786' title='bbox 3504 4602 3579 4657; x_wconf 81' lang='lat' dir='ltr'><strong>si-</strong></span> 
     </span>
    </p>
   </div>
   <div class='ocr_carea' id='block_1_92' title="bbox 273 4698 1869 4765">
    <p class='ocr_par' dir='ltr' id='par_1_92' title="bbox 273 4698 1869 4765">
     <span class='ocr_line' id='line_1_92' title="bbox 273 4698 1869 4765; baseline 0.002 -10"><span class='ocrx_word' id='word_1_787' title='bbox 273 4708 328 4755; x_wconf 91' lang='lat' dir='ltr'><strong>et</strong></span> <span class='ocrx_word' id='word_1_788' title='bbox 354 4699 406 4755; x_wconf 88' lang='lat' dir='ltr'><strong>in</strong></span> <span class='ocrx_word' id='word_1_789' title='bbox 437 4699 598 4756; x_wconf 81' lang='lat' dir='ltr'><strong>Patre</strong></span> <span class='ocrx_word' id='word_1_790' title='bbox 619 4710 735 4756; x_wconf 89' lang='lat' dir='ltr'><strong>erat</strong></span> <span class='ocrx_word' id='word_1_791' title='bbox 761 4698 952 4765; x_wconf 85' lang='lat' dir='ltr'><strong>Filius,</strong></span> <span class='ocrx_word' id='word_1_792' title='bbox 976 4709 1027 4755; x_wconf 88' lang='lat' dir='ltr'><strong>et</strong></span> <span class='ocrx_word' id='word_1_793' title='bbox 1057 4702 1106 4755; x_wconf 90' lang='lat' dir='ltr'><strong>in</strong></span> <span class='ocrx_word' id='word_1_794' title='bbox 1141 4699 1279 4756; x_wconf 86' lang='lat' dir='ltr'><strong>Filio</strong></span> <span class='ocrx_word' id='word_1_795' title='bbox 1298 4701 1478 4758; x_wconf 85' lang='lat' dir='ltr'><strong>Pater.</strong></span> <span class='ocrx_word' id='word_1_796' title='bbox 1512 4703 1688 4763; x_wconf 82' lang='lat' dir='ltr'><strong>Prima</strong></span> <span class='ocrx_word' id='word_1_797' title='bbox 1737 4704 1869 4761; x_wconf 86' lang='lat' dir='ltr'><strong>sub-</strong></span> 
     </span>
    </p>
   </div>
   <div class='ocr_carea' id='block_1_93' title="bbox 273 4791 1873 4866">
    <p class='ocr_par' dir='ltr' id='par_1_93' title="bbox 273 4791 1873 4866">
     <span class='ocr_line' id='line_1_93' title="bbox 273 4791 1873 4866; baseline 0.004 -19"><span class='ocrx_word' id='word_1_798' title='bbox 273 4792 493 4860; x_wconf 89' lang='lat' dir='ltr'><strong>stantia,</strong></span> <span class='ocrx_word' id='word_1_799' title='bbox 537 4802 593 4849; x_wconf 88' lang='lat' dir='ltr'><strong>et</strong></span> <span class='ocrx_word' id='word_1_800' title='bbox 648 4792 699 4849; x_wconf 91' lang='lat' dir='ltr'><strong>in</strong></span> <span class='ocrx_word' id='word_1_801' title='bbox 754 4791 1053 4849; x_wconf 88' lang='lat' dir='ltr'><strong>substantia</strong></span> <span class='ocrx_word' id='word_1_802' title='bbox 1089 4792 1200 4864; x_wconf 89' lang='lat' dir='ltr'><strong>jam</strong></span> <span class='ocrx_word' id='word_1_803' title='bbox 1250 4793 1568 4862; x_wconf 88' lang='lat' dir='ltr'><strong>substantia,</strong></span> <span class='ocrx_word' id='word_1_804' title='bbox 1615 4796 1873 4866; x_wconf 81' lang='lat' dir='ltr'><strong>spiritalis</strong></span> 
     </span>
    </p>
   </div>
   <div class='ocr_carea' id='block_1_94' title="bbox 272 4885 1875 4957">
    <p class='ocr_par' dir='ltr' id='par_1_94' title="bbox 272 4885 1875 4957">
     <span class='ocr_line' id='line_1_94' title="bbox 272 4885 1875 4957; baseline 0.003 -17"><span class='ocrx_word' id='word_1_805' title='bbox 272 4885 572 4941; x_wconf 88' lang='lat' dir='ltr'><strong>substantia</strong></span> <span class='ocrx_word' id='word_1_806' title='bbox 599 4885 894 4942; x_wconf 90' lang='lat' dir='ltr'><strong>secundum</strong></span> <span class='ocrx_word' id='word_1_807' title='bbox 924 4885 1381 4957; x_wconf 67' lang='lat' dir='ltr'><strong>voﬁv,generatrix</strong></span> <span class='ocrx_word' id='word_1_808' title='bbox 1401 4897 1450 4942; x_wconf 91' lang='lat' dir='ltr'><strong>et</strong></span> <span class='ocrx_word' id='word_1_809' title='bbox 1478 4886 1717 4944; x_wconf 73' lang='lat' dir='ltr'><strong>effectrix</strong></span> <span class='ocrx_word' id='word_1_810' title='bbox 1748 4889 1875 4945; x_wconf 86' lang='lat' dir='ltr'><strong>sub-</strong></span> 
     </span>
    </p>
   </div>
   <div class='ocr_carea' id='block_1_95' title="bbox 275 4978 1876 5051">
    <p class='ocr_par' dir='ltr' id='par_1_95' title="bbox 275 4978 1876 5051">
     <span class='ocr_line' id='line_1_95' title="bbox 275 4978 1876 5051; baseline 0.004 -18"><span class='ocrx_word' id='word_1_811' title='bbox 275 4978 495 5043; x_wconf 83' lang='lat' dir='ltr'><strong>stantia,</strong></span> <span class='ocrx_word' id='word_1_812' title='bbox 532 4978 965 5050; x_wconf 78' lang='lat' dir='ltr'><strong>prtcprincipium</strong></span> <span class='ocrx_word' id='word_1_813' title='bbox 1002 4980 1267 5035; x_wconf 77' lang='lat' dir='ltr'><strong>universa:</strong></span> <span class='ocrx_word' id='word_1_814' title='bbox 1314 4981 1682 5051; x_wconf 79' lang='lat' dir='ltr'><strong>intelligibilis,</strong></span> <span class='ocrx_word' id='word_1_815' title='bbox 1712 4994 1763 5037; x_wconf 91' lang='lat' dir='ltr'><strong>et</strong></span> <span class='ocrx_word' id='word_1_816' title='bbox 1796 4983 1876 5039; x_wconf 88' lang='lat' dir='ltr'><strong>in-</strong></span> 
     </span>
    </p>
   </div>
   <div class='ocr_carea' id='block_1_96' title="bbox 281 5071 1879 5146">
    <p class='ocr_par' dir='ltr' id='par_1_96' title="bbox 281 5071 1879 5146">
     <span class='ocr_line' id='line_1_96' title="bbox 281 5071 1879 5146; baseline 0.003 -17"><span class='ocrx_word' id='word_1_817' title='bbox 281 5071 607 5129; x_wconf 86' lang='lat' dir='ltr'><strong>tellectualis</strong></span> <span class='ocrx_word' id='word_1_818' title='bbox 636 5082 687 5129; x_wconf 89' lang='lat' dir='ltr'><strong>et</strong></span> <span class='ocrx_word' id='word_1_819' title='bbox 713 5072 929 5139; x_wconf 73' lang='lat' dir='ltr'><strong>animm,</strong></span> <span class='ocrx_word' id='word_1_820' title='bbox 958 5084 1013 5129; x_wconf 89' lang='lat' dir='ltr'><strong>et</strong></span> <span class='ocrx_word' id='word_1_821' title='bbox 1052 5074 1243 5146; x_wconf 75' lang='lat' dir='ltr'><strong>bylicre</strong></span> <span class='ocrx_word' id='word_1_822' title='bbox 1270 5075 1539 5137; x_wconf 68' lang='lat' dir='ltr'><strong>universa:</strong></span> <span class='ocrx_word' id='word_1_823' title='bbox 1567 5076 1879 5134; x_wconf 68' lang='lat' dir='ltr'><strong>substantia:</strong></span> 
     </span>
    </p>
   </div>
   <div class='ocr_carea' id='block_1_97' title="bbox 279 5167 1879 5240">
    <p class='ocr_par' dir='ltr' id='par_1_97' title="bbox 279 5167 1879 5240">
     <span class='ocr_line' id='line_1_97' title="bbox 279 5167 1879 5240; baseline 0.001 -16"><span class='ocrx_word' id='word_1_824' title='bbox 279 5167 332 5224; x_wconf 92' lang='lat' dir='ltr'><strong>in</strong></span> <span class='ocrx_word' id='word_1_825' title='bbox 362 5167 504 5240; x_wconf 81' lang='lat' dir='ltr'><strong>Ityle.</strong></span> <span class='ocrx_word' id='word_1_826' title='bbox 536 5168 589 5224; x_wconf 87' lang='lat' dir='ltr'><strong>Si</strong></span> <span class='ocrx_word' id='word_1_827' title='bbox 624 5168 785 5239; x_wconf 90' lang='lat' dir='ltr'><strong>igitur</strong></span> <span class='ocrx_word' id='word_1_828' title='bbox 816 5170 984 5237; x_wconf 88' lang='lat' dir='ltr'><strong>prima</strong></span> <span class='ocrx_word' id='word_1_829' title='bbox 1032 5169 1223 5237; x_wconf 88' lang='lat' dir='ltr'><strong>motio,</strong></span> <span class='ocrx_word' id='word_1_830' title='bbox 1265 5170 1393 5237; x_wconf 81' lang='lat' dir='ltr'><strong>vita,</strong></span> <span class='ocrx_word' id='word_1_831' title='bbox 1425 5170 1659 5239; x_wconf 89' lang='lat' dir='ltr'><strong>inquam,</strong></span> <span class='ocrx_word' id='word_1_832' title='bbox 1692 5182 1744 5226; x_wconf 90' lang='lat' dir='ltr'><strong>et</strong></span> <span class='ocrx_word' id='word_1_833' title='bbox 1795 5170 1879 5227; x_wconf 93' lang='lat' dir='ltr'><strong>in-</strong></span> 
     </span>
    </p>
   </div>
   <div class='ocr_carea' id='block_1_98' title="bbox 281 5260 1872 5333">
    <p class='ocr_par' dir='ltr' id='par_1_98' title="bbox 281 5260 1872 5333">
     <span class='ocr_line' id='line_1_98' title="bbox 281 5260 1872 5333; baseline 0.003 -17"><span class='ocrx_word' id='word_1_834' title='bbox 281 5260 571 5333; x_wconf 82' lang='lat' dir='ltr'><strong>lelligentia</strong></span> <span class='ocrx_word' id='word_1_835' title='bbox 606 5277 618 5315; x_wconf 91' lang='lat'><strong>:</strong></span> <span class='ocrx_word' id='word_1_836' title='bbox 654 5260 753 5315; x_wconf 87' lang='lat' dir='ltr'><strong>ista</strong></span> <span class='ocrx_word' id='word_1_837' title='bbox 777 5260 919 5316; x_wconf 90' lang='lat' dir='ltr'><strong>enim</strong></span> <span class='ocrx_word' id='word_1_838' title='bbox 942 5260 1072 5316; x_wconf 91' lang='lat' dir='ltr'><strong>illud</strong></span> <span class='ocrx_word' id='word_1_839' title='bbox 1094 5261 1388 5333; x_wconf 85' lang='lat' dir='ltr'><strong>perlectum</strong></span> <span class='ocrx_word' id='word_1_840' title='bbox 1409 5279 1570 5317; x_wconf 90' lang='lat' dir='ltr'><strong>unum</strong></span> <span class='ocrx_word' id='word_1_841' title='bbox 1598 5274 1651 5319; x_wconf 91' lang='lat' dir='ltr'><strong>et</strong></span> <span class='ocrx_word' id='word_1_842' title='bbox 1677 5264 1872 5320; x_wconf 88' lang='lat' dir='ltr'><strong>solum.</strong></span> 
     </span>
    </p>
   </div>
   <div class='ocr_carea' id='block_1_99' title="bbox 279 5352 1879 5428">
    <p class='ocr_par' dir='ltr' id='par_1_99' title="bbox 279 5352 1879 5428">
     <span class='ocr_line' id='line_1_99' title="bbox 279 5352 1879 5428; baseline 0.003 -18"><span class='ocrx_word' id='word_1_843' title='bbox 279 5353 396 5411; x_wconf 86' lang='lat' dir='ltr'><strong>Non</strong></span> <span class='ocrx_word' id='word_1_844' title='bbox 450 5352 625 5409; x_wconf 87' lang='lat' dir='ltr'><strong>solum</strong></span> <span class='ocrx_word' id='word_1_845' title='bbox 667 5353 945 5409; x_wconf 90' lang='lat' dir='ltr'><strong>circnlaris</strong></span> <span class='ocrx_word' id='word_1_846' title='bbox 975 5354 1143 5410; x_wconf 90' lang='lat' dir='ltr'><strong>motio</strong></span> <span class='ocrx_word' id='word_1_847' title='bbox 1176 5354 1299 5422; x_wconf 89' lang='lat' dir='ltr'><strong>ista,</strong></span> <span class='ocrx_word' id='word_1_848' title='bbox 1347 5356 1442 5411; x_wconf 82' lang='lat' dir='ltr'><strong>sed</strong></span> <span class='ocrx_word' id='word_1_849' title='bbox 1487 5355 1776 5428; x_wconf 65' lang='lat' dir='ltr'><strong>spbmriea,</strong></span> <span class='ocrx_word' id='word_1_850' title='bbox 1822 5367 1879 5414; x_wconf 89' lang='lat' dir='ltr'><strong>et</strong></span> 
     </span>
    </p>
   </div>
   <div class='ocr_carea' id='block_1_100' title="bbox 282 5446 1873 5522">
    <p class='ocr_par' dir='ltr' id='par_1_100' title="bbox 282 5446 1873 5522">
     <span class='ocr_line' id='line_1_100' title="bbox 282 5446 1873 5522; baseline 0.001 -17"><span class='ocrx_word' id='word_1_851' title='bbox 282 5448 454 5519; x_wconf 89' lang='lat' dir='ltr'><strong>magis</strong></span> <span class='ocrx_word' id='word_1_852' title='bbox 478 5446 712 5518; x_wconf 62' lang='lat' dir='ltr'><strong>sphaera,</strong></span> <span class='ocrx_word' id='word_1_853' title='bbox 744 5455 799 5502; x_wconf 87' lang='lat' dir='ltr'><strong>et</strong></span> <span class='ocrx_word' id='word_1_854' title='bbox 823 5462 949 5502; x_wconf 80' lang='lat' dir='ltr'><strong>vere</strong></span> <span class='ocrx_word' id='word_1_855' title='bbox 991 5447 1313 5503; x_wconf 87' lang='lat' dir='ltr'><strong>omnimodis</strong></span> <span class='ocrx_word' id='word_1_856' title='bbox 1358 5450 1591 5521; x_wconf 82' lang='lat' dir='ltr'><strong>perlecta</strong></span> <span class='ocrx_word' id='word_1_857' title='bbox 1640 5451 1873 5522; x_wconf 63' lang='lat' dir='ltr'><strong>sphaera.</strong></span> 
     </span>
    </p>
   </div>
   <div class='ocr_carea' id='block_1_101' title="bbox 283 5540 1876 5615">
    <p class='ocr_par' dir='ltr' id='par_1_101' title="bbox 283 5540 1876 5615">
     <span class='ocr_line' id='line_1_101' title="bbox 283 5540 1876 5615; baseline 0.001 -15"><span class='ocrx_word' id='word_1_858' title='bbox 283 5543 340 5601; x_wconf 90' lang='lat' dir='ltr'><strong>Si</strong></span> <span class='ocrx_word' id='word_1_859' title='bbox 370 5542 512 5597; x_wconf 78' lang='lat' dir='ltr'><strong>enim</strong></span> <span class='ocrx_word' id='word_1_860' title='bbox 545 5555 665 5597; x_wconf 86' lang='lat' dir='ltr'><strong>esse</strong></span> <span class='ocrx_word' id='word_1_861' title='bbox 692 5549 747 5596; x_wconf 91' lang='lat' dir='ltr'><strong>et</strong></span> <span class='ocrx_word' id='word_1_862' title='bbox 772 5541 955 5597; x_wconf 89' lang='lat' dir='ltr'><strong>vivere</strong></span> <span class='ocrx_word' id='word_1_863' title='bbox 980 5550 1032 5596; x_wconf 91' lang='lat' dir='ltr'><strong>et</strong></span> <span class='ocrx_word' id='word_1_864' title='bbox 1056 5540 1379 5613; x_wconf 87' lang='lat' dir='ltr'><strong>intelligere,</strong></span> <span class='ocrx_word' id='word_1_865' title='bbox 1420 5552 1470 5598; x_wconf 91' lang='lat' dir='ltr'><strong>et</strong></span> <span class='ocrx_word' id='word_1_866' title='bbox 1500 5544 1544 5599; x_wconf 90' lang='lat' dir='ltr'><strong>si</strong></span> <span class='ocrx_word' id='word_1_867' title='bbox 1567 5544 1672 5598; x_wconf 90' lang='lat' dir='ltr'><strong>vita</strong></span> <span class='ocrx_word' id='word_1_868' title='bbox 1702 5544 1876 5615; x_wconf 89' lang='lat' dir='ltr'><strong>ipsum</strong></span> 
     </span>
    </p>
   </div>
   <div class='ocr_carea' id='block_1_102' title="bbox 278 5634 1879 5706">
    <p class='ocr_par' dir='ltr' id='par_1_102' title="bbox 278 5634 1879 5706">
     <span class='ocr_line' id='line_1_102' title="bbox 278 5634 1879 5706; baseline 0.001 -12"><span class='ocrx_word' id='word_1_869' title='bbox 278 5652 402 5694; x_wconf 87' lang='lat' dir='ltr'><strong>esse</strong></span> <span class='ocrx_word' id='word_1_870' title='bbox 427 5643 511 5691; x_wconf 88' lang='lat' dir='ltr'><strong>est</strong></span> <span class='ocrx_word' id='word_1_871' title='bbox 532 5643 587 5690; x_wconf 89' lang='lat' dir='ltr'><strong>et</strong></span> <span class='ocrx_word' id='word_1_872' title='bbox 606 5634 975 5706; x_wconf 87' lang='lat' dir='ltr'><strong>intelligentia,</strong></span> <span class='ocrx_word' id='word_1_873' title='bbox 1002 5644 1056 5690; x_wconf 92' lang='lat' dir='ltr'><strong>ct</strong></span> <span class='ocrx_word' id='word_1_874' title='bbox 1081 5636 1437 5706; x_wconf 79' lang='lat' dir='ltr'><strong>summitates,</strong></span> <span class='ocrx_word' id='word_1_875' title='bbox 1459 5645 1514 5691; x_wconf 90' lang='lat' dir='ltr'><strong>et</strong></span> <span class='ocrx_word' id='word_1_876' title='bbox 1534 5638 1766 5694; x_wconf 91' lang='lat' dir='ltr'><strong>medium</strong></span> <span class='ocrx_word' id='word_1_877' title='bbox 1794 5649 1879 5695; x_wconf 89' lang='lat' dir='ltr'><strong>est</strong></span> 
     </span>
    </p>
   </div>
   <div class='ocr_carea' id='block_1_103' title="bbox 277 5728 1876 5803">
    <p class='ocr_par' dir='ltr' id='par_1_103' title="bbox 277 5728 1876 5803">
     <span class='ocr_line' id='line_1_103' title="bbox 277 5728 1876 5803; baseline 0.003 -16"><span class='ocrx_word' id='word_1_878' title='bbox 277 5732 332 5790; x_wconf 89' lang='lat' dir='ltr'><strong>in</strong></span> <span class='ocrx_word' id='word_1_879' title='bbox 366 5743 710 5800; x_wconf 88' lang='lat' dir='ltr'><strong>unoquoque,</strong></span> <span class='ocrx_word' id='word_1_880' title='bbox 734 5729 814 5785; x_wconf 91' lang='lat' dir='ltr'><strong>sic</strong></span> <span class='ocrx_word' id='word_1_881' title='bbox 844 5739 893 5784; x_wconf 89' lang='lat' dir='ltr'><strong>et</strong></span> <span class='ocrx_word' id='word_1_882' title='bbox 925 5728 1273 5802; x_wconf 80' lang='lat' dir='ltr'><strong>intelligentia</strong></span> <span class='ocrx_word' id='word_1_883' title='bbox 1306 5747 1319 5785; x_wconf 91' lang='lat'><strong>:</strong></span> <span class='ocrx_word' id='word_1_884' title='bbox 1352 5746 1513 5786; x_wconf 91' lang='lat' dir='ltr'><strong>unum</strong></span> <span class='ocrx_word' id='word_1_885' title='bbox 1555 5732 1714 5803; x_wconf 91' lang='lat' dir='ltr'><strong>igitur</strong></span> <span class='ocrx_word' id='word_1_886' title='bbox 1744 5733 1876 5793; x_wconf 85' lang='lat' dir='ltr'><strong>isto-</strong></span> 
     </span>
    </p>
   </div>
   <div class='ocr_carea' id='block_1_104' title="bbox 280 5821 1873 5896">
    <p class='ocr_par' dir='ltr' id='par_1_104' title="bbox 280 5821 1873 5896">
     <span class='ocr_line' id='line_1_104' title="bbox 280 5821 1873 5896; baseline 0.003 -15"><span class='ocrx_word' id='word_1_887' title='bbox 280 5838 401 5886; x_wconf 84' lang='lat' dir='ltr'><strong>rum</strong></span> <span class='ocrx_word' id='word_1_888' title='bbox 433 5822 534 5878; x_wconf 90' lang='lat' dir='ltr'><strong>tria</strong></span> <span class='ocrx_word' id='word_1_889' title='bbox 561 5831 688 5878; x_wconf 89' lang='lat' dir='ltr'><strong>sunt</strong></span> <span class='ocrx_word' id='word_1_890' title='bbox 712 5821 764 5877; x_wconf 92' lang='lat' dir='ltr'><strong>in</strong></span> <span class='ocrx_word' id='word_1_891' title='bbox 793 5835 854 5879; x_wconf 90' lang='lat' dir='ltr'><strong>se</strong></span> <span class='ocrx_word' id='word_1_892' title='bbox 881 5821 1137 5880; x_wconf 87' lang='lat' dir='ltr'><strong>circulata</strong></span> <span class='ocrx_word' id='word_1_893' title='bbox 1165 5832 1220 5880; x_wconf 91' lang='lat' dir='ltr'><strong>et</strong></span> <span class='ocrx_word' id='word_1_894' title='bbox 1248 5822 1622 5896; x_wconf 85' lang='lat' dir='ltr'><strong>participantia</strong></span> <span class='ocrx_word' id='word_1_895' title='bbox 1644 5825 1873 5884; x_wconf 88' lang='lat' dir='ltr'><strong>invicem</strong></span> 
     </span>
    </p>
   </div>
   <div class='ocr_carea' id='block_1_105' title="bbox 1978 4694 3039 4768">
    <p class='ocr_par' dir='ltr' id='par_1_105' title="bbox 1978 4694 3039 4768">
     <span class='ocr_line' id='line_1_105' title="bbox 1978 4694 3039 4768; baseline -0.008 -11"><span class='ocrx_word' id='word_1_896' title='bbox 1978 4702 2318 4765; x_wconf 84' lang='lat' dir='ltr'><strong>militudiuem</strong></span> <span class='ocrx_word' id='word_1_897' title='bbox 2348 4696 2616 4761; x_wconf 79' lang='lat' dir='ltr'><strong>nostram?</strong></span> <span class='ocrx_word' id='word_1_898' title='bbox 2642 4694 2805 4768; x_wconf 81' lang='lat' dir='ltr'><strong>(Gen.</strong></span> <span class='ocrx_word' id='word_1_899' title='bbox 2837 4712 2873 4762; x_wconf 84' lang='grc' dir='ltr'>ι,</span> <span class='ocrx_word' id='word_1_900' title='bbox 2903 4695 2994 4749; x_wconf 69' lang='lat'><strong>26.</strong></span> <span class='ocrx_word' id='word_1_901' title='bbox 3019 4694 3039 4767; x_wconf 94' lang='lat'><strong>)</strong></span> 
     </span>
    </p>
   </div>
   <div class='ocr_carea' id='block_1_106' title="bbox 2050 4788 3579 4863">
    <p class='ocr_par' dir='ltr' id='par_1_106' title="bbox 2050 4788 3579 4863">
     <span class='ocr_line' id='line_1_106' title="bbox 2050 4788 3579 4863; baseline -0.006 -12"><span class='ocrx_word' id='word_1_902' title='bbox 2050 4793 2211 4851; x_wconf 75' lang='lat' dir='ltr'><strong>LXII.</strong></span> <span class='ocrx_word' id='word_1_903' title='bbox 2244 4790 2640 4863; x_wconf 60' lang='lat' dir='ltr'><strong>Insttit&#39;iendum</strong></span> <span class='ocrx_word' id='word_1_904' title='bbox 2673 4790 2820 4860; x_wconf 87' lang='lat' dir='ltr'><strong>prius</strong></span> <span class='ocrx_word' id='word_1_905' title='bbox 2849 4788 2974 4861; x_wconf 76' lang='lat' dir='ltr'><strong>quid</strong></span> <span class='ocrx_word' id='word_1_906' title='bbox 3004 4799 3086 4844; x_wconf 86' lang='lat' dir='ltr'><strong>est</strong></span> <span class='ocrx_word' id='word_1_907' title='bbox 3128 4789 3314 4857; x_wconf 84' lang='lat' dir='ltr'><strong>homo,</strong></span> <span class='ocrx_word' id='word_1_908' title='bbox 3346 4788 3579 4862; x_wconf 80' lang='lat' dir='ltr'><strong>denique</strong></span> 
     </span>
    </p>
   </div>
   <div class='ocr_carea' id='block_1_107' title="bbox 1981 4881 3580 4958">
    <p class='ocr_par' dir='ltr' id='par_1_107' title="bbox 1981 4881 3580 4958">
     <span class='ocr_line' id='line_1_107' title="bbox 1981 4881 3580 4958; baseline 0 -19"><span class='ocrx_word' id='word_1_909' title='bbox 1981 4886 2107 4958; x_wconf 84' lang='lat' dir='ltr'><strong>quid</strong></span> <span class='ocrx_word' id='word_1_910' title='bbox 2134 4886 2334 4955; x_wconf 85' lang='lat' dir='ltr'><strong>imago,</strong></span> <span class='ocrx_word' id='word_1_911' title='bbox 2363 4894 2417 4939; x_wconf 87' lang='lat' dir='ltr'><strong>et</strong></span> <span class='ocrx_word' id='word_1_912' title='bbox 2448 4882 2575 4952; x_wconf 83' lang='lat' dir='ltr'><strong>quid</strong></span> <span class='ocrx_word' id='word_1_913' title='bbox 2615 4881 2794 4938; x_wconf 76' lang='lat' dir='ltr'><strong>dili‘ert</strong></span> <span class='ocrx_word' id='word_1_914' title='bbox 2825 4882 3000 4952; x_wconf 84' lang='lat' dir='ltr'><strong>imago</strong></span> <span class='ocrx_word' id='word_1_915' title='bbox 3038 4897 3069 4936; x_wconf 86' lang='lat' dir='ltr'><strong>a</strong></span> <span class='ocrx_word' id='word_1_916' title='bbox 3101 4881 3479 4951; x_wconf 78' lang='lat' dir='ltr'><strong>similitudine,</strong></span> <span class='ocrx_word' id='word_1_917' title='bbox 3525 4893 3580 4939; x_wconf 89' lang='lat' dir='ltr'><strong>et</strong></span> 
     </span>
    </p>
   </div>
   <div class='ocr_carea' id='block_1_108' title="bbox 1978 4974 3575 5050">
    <p class='ocr_par' dir='ltr' id='par_1_108' title="bbox 1978 4974 3575 5050">
     <span class='ocr_line' id='line_1_108' title="bbox 1978 4974 3575 5050; baseline -0.001 -16"><span class='ocrx_word' id='word_1_918' title='bbox 1978 4978 2252 5050; x_wconf 89' lang='lat' dir='ltr'><strong>quomodo</strong></span> <span class='ocrx_word' id='word_1_919' title='bbox 2304 4977 2465 5032; x_wconf 84' lang='lat' dir='ltr'><strong>homo</strong></span> <span class='ocrx_word' id='word_1_920' title='bbox 2507 4975 2670 5047; x_wconf 83' lang='lat' dir='ltr'><strong>juxta</strong></span> <span class='ocrx_word' id='word_1_921' title='bbox 2718 4975 3005 5046; x_wconf 85' lang='lat' dir='ltr'><strong>imaginem</strong></span> <span class='ocrx_word' id='word_1_922' title='bbox 3051 4984 3103 5031; x_wconf 90' lang='lat' dir='ltr'><strong>et</strong></span> <span class='ocrx_word' id='word_1_923' title='bbox 3147 4974 3575 5043; x_wconf 81' lang='lat' dir='ltr'><strong>similitudinem,</strong></span> 
     </span>
    </p>
   </div>
   <div class='ocr_carea' id='block_1_109' title="bbox 1979 5067 3579 5142">
    <p class='ocr_par' dir='ltr' id='par_1_109' title="bbox 1979 5067 3579 5142">
     <span class='ocr_line' id='line_1_109' title="bbox 1979 5067 3579 5142; baseline -0.005 -12"><span class='ocrx_word' id='word_1_924' title='bbox 1979 5089 2088 5131; x_wconf 90' lang='lat' dir='ltr'><strong>non</strong></span> <span class='ocrx_word' id='word_1_925' title='bbox 2117 5075 2293 5142; x_wconf 82' lang='lat' dir='ltr'><strong>imago</strong></span> <span class='ocrx_word' id='word_1_926' title='bbox 2317 5085 2380 5125; x_wconf 91' lang='lat' dir='ltr'><strong>ae</strong></span> <span class='ocrx_word' id='word_1_927' title='bbox 2410 5068 2706 5129; x_wconf 88' lang='lat' dir='ltr'><strong>similitudo</strong></span> <span class='ocrx_word' id='word_1_928' title='bbox 2735 5068 2959 5123; x_wconf 84' lang='lat' dir='ltr'><strong>eli&#39;ectns</strong></span> <span class='ocrx_word' id='word_1_929' title='bbox 2985 5070 3056 5124; x_wconf 86' lang='lat' dir='ltr'><strong>sit</strong></span> <span class='ocrx_word' id='word_1_930' title='bbox 3089 5086 3102 5125; x_wconf 89' lang='lat'><strong>:</strong></span> <span class='ocrx_word' id='word_1_931' title='bbox 3133 5079 3188 5129; x_wconf 86' lang='lat' dir='ltr'><strong>et</strong></span> <span class='ocrx_word' id='word_1_932' title='bbox 3230 5067 3356 5138; x_wconf 88' lang='lat' dir='ltr'><strong>quid</strong></span> <span class='ocrx_word' id='word_1_933' title='bbox 3386 5077 3487 5135; x_wconf 88' lang='lat' dir='ltr'><strong>est,</strong></span> <span class='ocrx_word' id='word_1_934' title='bbox 3511 5070 3579 5123; x_wconf 71' lang='lat' dir='ltr'><strong>ait</strong></span> 
     </span>
    </p>
   </div>
   <div class='ocr_carea' id='block_1_110' title="bbox 1982 5159 3580 5231">
    <p class='ocr_par' dir='ltr' id='par_1_110' title="bbox 1982 5159 3580 5231">
     <span class='ocr_line' id='line_1_110' title="bbox 1982 5159 3580 5231; baseline -0.002 -10"><span class='ocrx_word' id='word_1_935' title='bbox 1982 5163 2251 5221; x_wconf 84' lang='lat' dir='ltr'><strong>nostram?</strong></span> <span class='ocrx_word' id='word_1_936' title='bbox 2280 5160 2514 5218; x_wconf 84' lang='lat' dir='ltr'><strong>Dnaliter</strong></span> <span class='ocrx_word' id='word_1_937' title='bbox 2539 5160 2682 5218; x_wconf 87' lang='lat' dir='ltr'><strong>enim</strong></span> <span class='ocrx_word' id='word_1_938' title='bbox 2726 5159 2907 5225; x_wconf 84' lang='lat' dir='ltr'><strong>homo,</strong></span> <span class='ocrx_word' id='word_1_939' title='bbox 2938 5160 3079 5231; x_wconf 89' lang='lat' dir='ltr'><strong>quod</strong></span> <span class='ocrx_word' id='word_1_940' title='bbox 3111 5168 3194 5215; x_wconf 88' lang='lat' dir='ltr'><strong>est</strong></span> <span class='ocrx_word' id='word_1_941' title='bbox 3248 5159 3304 5214; x_wconf 90' lang='lat' dir='ltr'><strong>in</strong></span> <span class='ocrx_word' id='word_1_942' title='bbox 3350 5175 3580 5218; x_wconf 85' lang='lat' dir='ltr'><strong>consuc-</strong></span> 
     </span>
    </p>
   </div>
   <div class='ocr_carea' id='block_1_111' title="bbox 1986 5254 3580 5327">
    <p class='ocr_par' dir='ltr' id='par_1_111' title="bbox 1986 5254 3580 5327">
     <span class='ocr_line' id='line_1_111' title="bbox 1986 5254 3580 5327; baseline -0.003 -13"><span class='ocrx_word' id='word_1_943' title='bbox 1986 5258 2192 5327; x_wconf 79' lang='lat' dir='ltr'><strong>tudine,</strong></span> <span class='ocrx_word' id='word_1_944' title='bbox 2226 5274 2292 5313; x_wconf 79' lang='lat' dir='ltr'><strong>ex</strong></span> <span class='ocrx_word' id='word_1_945' title='bbox 2322 5272 2550 5327; x_wconf 89' lang='lat' dir='ltr'><strong>corpore</strong></span> <span class='ocrx_word' id='word_1_946' title='bbox 2571 5265 2626 5311; x_wconf 91' lang='lat' dir='ltr'><strong>et</strong></span> <span class='ocrx_word' id='word_1_947' title='bbox 2650 5254 2830 5310; x_wconf 89' lang='lat' dir='ltr'><strong>anima</strong></span> <span class='ocrx_word' id='word_1_948' title='bbox 2854 5254 3190 5327; x_wconf 84' lang='lat' dir='ltr'><strong>intelligitur.</strong></span> <span class='ocrx_word' id='word_1_949' title='bbox 3224 5254 3451 5322; x_wconf 89' lang='lat' dir='ltr'><strong>Quidam</strong></span> <span class='ocrx_word' id='word_1_950' title='bbox 3483 5271 3580 5326; x_wconf 89' lang='lat' dir='ltr'><strong>pu-</strong></span> 
     </span>
    </p>
   </div>
   <div class='ocr_carea' id='block_1_112' title="bbox 1983 5348 3579 5423">
    <p class='ocr_par' dir='ltr' id='par_1_112' title="bbox 1983 5348 3579 5423">
     <span class='ocr_line' id='line_1_112' title="bbox 1983 5348 3579 5423; baseline -0.002 -13"><span class='ocrx_word' id='word_1_951' title='bbox 1983 5362 2100 5410; x_wconf 89' lang='lat' dir='ltr'><strong>tant</strong></span> <span class='ocrx_word' id='word_1_952' title='bbox 2127 5371 2190 5408; x_wconf 83' lang='lat' dir='ltr'><strong>ex</strong></span> <span class='ocrx_word' id='word_1_953' title='bbox 2220 5367 2448 5423; x_wconf 87' lang='lat' dir='ltr'><strong>corpore</strong></span> <span class='ocrx_word' id='word_1_954' title='bbox 2477 5359 2531 5407; x_wconf 86' lang='lat' dir='ltr'><strong>et</strong></span> <span class='ocrx_word' id='word_1_955' title='bbox 2558 5351 2738 5407; x_wconf 86' lang='lat' dir='ltr'><strong>anima</strong></span> <span class='ocrx_word' id='word_1_956' title='bbox 2769 5348 2967 5420; x_wconf 89' lang='lat' dir='ltr'><strong>triplici</strong></span> <span class='ocrx_word' id='word_1_957' title='bbox 2996 5368 3009 5403; x_wconf 84' lang='lat'><strong>:</strong></span> <span class='ocrx_word' id='word_1_958' title='bbox 3041 5348 3257 5420; x_wconf 88' lang='lat' dir='ltr'><strong>quidam</strong></span> <span class='ocrx_word' id='word_1_959' title='bbox 3285 5358 3464 5405; x_wconf 82' lang='lat' dir='ltr'><strong>autem</strong></span> <span class='ocrx_word' id='word_1_960' title='bbox 3510 5365 3579 5407; x_wconf 79' lang='lat' dir='ltr'><strong>ex</strong></span> 
     </span>
    </p>
   </div>
   <div class='ocr_carea' id='block_1_113' title="bbox 1984 5442 3579 5518">
    <p class='ocr_par' dir='ltr' id='par_1_113' title="bbox 1984 5442 3579 5518">
     <span class='ocr_line' id='line_1_113' title="bbox 1984 5442 3579 5518; baseline -0.003 -14"><span class='ocrx_word' id='word_1_961' title='bbox 1984 5461 2211 5518; x_wconf 90' lang='lat' dir='ltr'><strong>corpore</strong></span> <span class='ocrx_word' id='word_1_962' title='bbox 2262 5454 2318 5503; x_wconf 91' lang='lat' dir='ltr'><strong>et</strong></span> <span class='ocrx_word' id='word_1_963' title='bbox 2351 5444 2530 5515; x_wconf 82' lang='lat' dir='ltr'><strong>anima</strong></span> <span class='ocrx_word' id='word_1_964' title='bbox 2577 5453 2690 5505; x_wconf 87' lang='lat' dir='ltr'><strong>tres</strong></span> <span class='ocrx_word' id='word_1_965' title='bbox 2734 5443 3000 5515; x_wconf 89' lang='lat' dir='ltr'><strong>potentias</strong></span> <span class='ocrx_word' id='word_1_966' title='bbox 3047 5444 3297 5498; x_wconf 85' lang='lat' dir='ltr'><strong>habente.</strong></span> <span class='ocrx_word' id='word_1_967' title='bbox 3350 5442 3579 5511; x_wconf 87' lang='lat' dir='ltr'><strong>Quidam</strong></span> 
     </span>
    </p>
   </div>
   <div class='ocr_carea' id='block_1_114' title="bbox 1983 5536 3627 5613">
    <p class='ocr_par' dir='ltr' id='par_1_114' title="bbox 1983 5536 3627 5613">
     <span class='ocr_line' id='line_1_114' title="bbox 1983 5536 3627 5613; baseline -0.003 -15"><span class='ocrx_word' id='word_1_968' title='bbox 1983 5556 2168 5598; x_wconf 62' lang='lat' dir='ltr'><strong>rursus</strong></span> <span class='ocrx_word' id='word_1_969' title='bbox 2196 5540 2379 5596; x_wconf 90' lang='lat' dir='ltr'><strong>dicunt</strong></span> <span class='ocrx_word' id='word_1_970' title='bbox 2407 5555 2472 5596; x_wconf 87' lang='lat' dir='ltr'><strong>ex</strong></span> <span class='ocrx_word' id='word_1_971' title='bbox 2520 5553 2748 5609; x_wconf 88' lang='lat' dir='ltr'><strong>corpore</strong></span> <span class='ocrx_word' id='word_1_972' title='bbox 2797 5547 2851 5594; x_wconf 91' lang='lat' dir='ltr'><strong>et</strong></span> <span class='ocrx_word' id='word_1_973' title='bbox 2875 5546 2943 5613; x_wconf 89' lang='grc' dir='ltr'><strong>νῷ</strong></span> <span class='ocrx_word' id='word_1_974' title='bbox 2974 5537 3173 5608; x_wconf 85' lang='lat' dir='ltr'><strong>partili,</strong></span> <span class='ocrx_word' id='word_1_975' title='bbox 3223 5546 3276 5592; x_wconf 91' lang='lat' dir='ltr'><strong>et</strong></span> <span class='ocrx_word' id='word_1_976' title='bbox 3316 5536 3494 5593; x_wconf 89' lang='lat' dir='ltr'><strong>anima</strong></span> <span class='ocrx_word' id='word_1_977' title='bbox 3526 5546 3583 5595; x_wconf 90' lang='lat' dir='ltr'><strong>et</strong></span> <span class='ocrx_word' id='word_1_978' title='bbox 3616 5546 3627 5549; x_wconf 82' lang='lat'>&#39;</span> 
     </span>
    </p>
   </div>
   <div class='ocr_carea' id='block_1_115' title="bbox 1982 5628 3579 5705">
    <p class='ocr_par' dir='ltr' id='par_1_115' title="bbox 1982 5628 3579 5705">
     <span class='ocr_line' id='line_1_115' title="bbox 1982 5628 3579 5705; baseline -0.004 -14"><span class='ocrx_word' id='word_1_979' title='bbox 1982 5633 2197 5705; x_wconf 78' lang='grc' dir='ltr'>ειιίιίιυ,</span> <span class='ocrx_word' id='word_1_980' title='bbox 2231 5648 2339 5705; x_wconf 91' lang='lat' dir='ltr'><strong>quo</strong></span> <span class='ocrx_word' id='word_1_981' title='bbox 2381 5630 2631 5688; x_wconf 69' lang='lat' dir='ltr'><strong>eonsisﬁt</strong></span> <span class='ocrx_word' id='word_1_982' title='bbox 2676 5630 2847 5685; x_wconf 83' lang='lat' dir='ltr'><strong>ﬂuens</strong></span> <span class='ocrx_word' id='word_1_983' title='bbox 2886 5644 3102 5700; x_wconf 89' lang='lat' dir='ltr'><strong>corpus.</strong></span> <span class='ocrx_word' id='word_1_984' title='bbox 3153 5628 3342 5684; x_wconf 83' lang='lat' dir='ltr'><strong>Adhuc</strong></span> <span class='ocrx_word' id='word_1_985' title='bbox 3366 5628 3579 5699; x_wconf 86' lang='lat' dir='ltr'><strong>qnilatn</strong></span> 
     </span>
    </p>
   </div>
   <div class='ocr_carea' id='block_1_116' title="bbox 1983 5724 3584 5801">
    <p class='ocr_par' dir='ltr' id='par_1_116' title="bbox 1983 5724 3584 5801">
     <span class='ocr_line' id='line_1_116' title="bbox 1983 5724 3584 5801; baseline -0.002 -15"><span class='ocrx_word' id='word_1_986' title='bbox 1983 5729 2053 5786; x_wconf 90' lang='lat' dir='ltr'><strong>de</strong></span> <span class='ocrx_word' id='word_1_987' title='bbox 2104 5744 2332 5801; x_wconf 86' lang='lat' dir='ltr'><strong>corpore</strong></span> <span class='ocrx_word' id='word_1_988' title='bbox 2375 5726 2778 5799; x_wconf 88' lang='lat' dir='ltr'><strong>quadripotenti</strong></span> <span class='ocrx_word' id='word_1_989' title='bbox 2826 5734 3055 5796; x_wconf 87' lang='lat' dir='ltr'><strong>quatuor</strong></span> <span class='ocrx_word' id='word_1_990' title='bbox 3095 5724 3484 5781; x_wconf 88' lang='lat' dir='ltr'><strong>elementorum</strong></span> <span class='ocrx_word' id='word_1_991' title='bbox 3526 5733 3584 5783; x_wconf 89' lang='lat' dir='ltr'><strong>et</strong></span> 
     </span>
    </p>
   </div>
   <div class='ocr_carea' id='block_1_117' title="bbox 1985 5818 3581 5899">
    <p class='ocr_par' dir='ltr' id='par_1_117' title="bbox 1985 5818 3581 5899">
     <span class='ocr_line' id='line_1_117' title="bbox 1985 5818 3581 5899; baseline -0.004 -17"><span class='ocrx_word' id='word_1_992' title='bbox 1985 5824 2165 5885; x_wconf 86' lang='lat' dir='ltr'><strong>anima</strong></span> <span class='ocrx_word' id='word_1_993' title='bbox 2219 5822 2442 5897; x_wconf 85' lang='lat' dir='ltr'><strong>duplici,</strong></span> <span class='ocrx_word' id='word_1_994' title='bbox 2485 5832 2543 5882; x_wconf 90' lang='lat' dir='ltr'><strong>et</strong></span> <span class='ocrx_word' id='word_1_995' title='bbox 2583 5821 2787 5895; x_wconf 85' lang='lat' dir='ltr'><strong>duplici</strong></span> <span class='ocrx_word' id='word_1_996' title='bbox 2817 5830 2892 5899; x_wconf 83' lang='grc' dir='ltr'>τῷ</span> <span class='ocrx_word' id='word_1_997' title='bbox 2935 5830 3023 5899; x_wconf 83' lang='grc' dir='ltr'>νῷ.</span> <span class='ocrx_word' id='word_1_998' title='bbox 3069 5819 3183 5877; x_wconf 81' lang='lat' dir='ltr'><strong>Mea</strong></span> <span class='ocrx_word' id='word_1_999' title='bbox 3232 5818 3581 5893; x_wconf 80' lang='lat' dir='ltr'><strong>intelligentia</strong></span> 
     </span>
    </p>
   </div>
  </div>
