4024 6306
523 309 662 368 1087
1733 309 1926 367 MAR"
1970 305 2112 364 VIC'I

2184 305 2310 364 RINI
2349 308 2507 366 ΛΡΜ
3664 313 3773 372 1088

531 431 652 488 hrcc
687 449 700 488 :
744 430 952 504 Corpus
1001 431 1168 502 enim,
1217 433 1356 489 sicut
1401 433 1827 489 demonstratum
1868 449 1880 483 :
1916 428 2125 500 accepit
2152 430 2201 489 Λ
2232 425 2296 481 Ει
2317 428 2455 485 sicut
2480 429 2639 485 Pater
2659 443 2778 486 esse
2797 437 2900 496 est,
2924 429 3090 486 Filius
3118 440 3294 486 autem
3317 429 3440 498 duo,
3465 430 3557 486 sed
3584 431 3630 486 in
3658 446 3778 489 motu

525 525 670 581 enim
718 527 993 595 pulverem
1036 527 1176 583 Deus
1198 535 1252 581 et
1282 525 1561 598 plasmavit
1609 525 1779 582 Adam
1803 567 1818 592 ,
1867 517 1971 578 hoc
2018 531 2122 586 est.
2231 526 2363 584 etin
2396 532 2548 588 actu;
2579 524 2657 579 sic
2703 525 2878 579 anima
2912 524 2963 579 in
2994 540 3060 580 eo
3088 525 3228 594 quod
3271 525 3465 589 anima,
3503 535 3557 579 ut
3583 529 3780 594 potentia

494 618 794 674 -fabricata
830 619 942 688 jam
973 628 1138 685 terra,
1165 619 1504 674 summitates
1535 627 1690 674 terra:
1729 627 1784 672 et
1818 615 2006 670 ﬂorem
2034 611 2126 666 ha-
2231 618 2401 689 patria
2446 635 2460 676 :
2506 617 2794 672 virilicatio
2838 626 3016 672 autem
3063 630 3116 672 et
3161 618 3508 690 intelligentia
3552 620 3602 674 in
3643 631 3780 676 motu.

528 711 720 768 bemus
747 712 1008 785 principia
1045 713 1308 782 corporis.
1344 711 1630 768 Geminum
1655 710 1816 766 etiam
1857 715 1990 768 νοῦν.
2032 723 2124 778 ge-
2230 712 2331 768 Ista
2372 727 2500 782 ergo
2528 725 2648 766 esse
2674 709 2866 766 animo:
2889 710 3038 781 juxta
3071 712 3355 782 imaginem
3387 713 3556 768 Patris
3583 715 3800 773 ctl-‘iliiz.

526 806 729 862 minam
773 807 1006 862 animam
1031 807 1270 863 declarat
1301 806 1646 878 Evangelium
1696 808 1832 862 κατά
1876 806 2115 860 Mareade:

2231 806 2307 861 sic
2333 815 2511 860 autem
2560 821 2680 860 esse
2723 805 2872 876 juxta
2921 805 3350 870 similitudinem,
3388 809 3648 882 ὁμοοὺσιον
3680 827 3781 882 ergo

527 911 586 958 et
640 905 838 960 Λουκάν
869 921 882 956 :
915 902 993 957 sic
1022 902 1163 958 enim
1194 901 1382 957 dicunt
1415 922 1427 958 :
1462 901 1552 955 Sic
1581 901 1674 955 erit
1701 911 1749 954 et
1776 899 2044 969 prmentia
2066 898 2129 966 ﬁ-
2231 902 2390 954 etiam
2439 899 2551 969 ipsa
2584 898 2637 953 in
2667 913 2762 953 sua
2806 898 3086 966 unalitate,
3110 909 3163 955 et
3193 900 3355 955 simili
3395 903 3678 956 substantia
3703 920 3716 955 :
3739 903 3780 959 in

527 995 587 1050 lii
615 996 853 1051 hominis.
906 993 1045 1048 Tunc
1071 995 1174 1048 duo
1200 1004 1346 1049 erunt
1375 995 1425 1048 in
1453 1009 1576 1065 agro
1611 1009 1630 1048 :
1651 1009 1782 1046 unus
1826 991 2128 1060 accipietur,
2233 992 2426 1062 triplici
2459 991 2713 1063 potentia.
2741 991 2852 1057 ipsa
2875 1007 3162 1063 generatis,
3197 1008 3323 1063 ergo
3351 993 3462 1063 ipsa
3491 1011 3549 1050 se
3578 1009 3787 1061 movens,

529 1098 576 1144 et
605 1106 736 1144 unus
787 1090 1120 1162 relinquetur;
1149 1088 1264 1142 dna:
1289 1089 1531 1142 molentes
1559 1088 1609 1140 in
1641 1085 1881 1156 pistrino,
1905 1101 2007 1138 una
2044 1099 2128 1137 ac-
2233 1093 2287 1138 et
2309 1099 2524 1154 semper
2553 1084 2604 1138 iu
2639 1096 2784 1138 motu
2811 1083 2864 1138 in
2897 1084 3096 1138 mundo
3120 1085 3437 1150 motionum,
3460 1086 3576 1142 fons
3601 1097 3650 1143 et
3674 1087 3790 1157 prin-

527 1183 764 1253 cipietur,
813 1193 860 1239 et
910 1199 1012 1236 una
1060 1183 1374 1251 relinquetur
1421 1179 1646 1251 (Matth.
1689 1193 1840 1244 xxiv,
1872 1177 1962 1242 40,
2003 1176 2126 1245 41).
2233 1175 2454 1248 cipium,
2487 1175 2644 1230 sicuti
2673 1185 2820 1244 pater
2863 1186 2918 1232 et
2949 1177 3090 1232 filius
3130 1177 3297 1247 ipsius
3347 1179 3543 1234 animze'
3579 1181 3794 1236 motionis

530 1275 707 1332 Lucas
733 1285 910 1332 autem
940 1275 1138 1346 adjecit
1169 1275 1235 1331 de
1260 1288 1488 1344 corpore
1509 1262 1643 1337 duo,
1677 1273 1788 1345 ipsa
1820 1281 1966 1325 nocte
1985 1280 2131 1324 erunt
2233 1279 2287 1326 et
2317 1280 2528 1325 creator
2549 1312 2564 1335 ,
2596 1279 2646 1323 et
2677 1285 2952 1339 prarcausa
2982 1280 3035 1325 ει
3064 1272 3518 1342 pra-principium.

529 1372 634 1426 duo
664 1373 716 1426 in
737 1389 837 1426 uno
861 1371 1066 1436 lectulo,
1092 1387 1223 1424 unus
1243 1371 1540 1441 accipietur,
1565 1379 1611 1422 et
1637 1369 1767 1422 alter
1813 1367 2127 1436 relinquetur
2310 1362 2490 1416 LXIV.
2527 1362 2717 1418 Adhuc
2740 1364 2859 1418 dico
2889 1363 2942 1417 in
2964 1364 3174 1419 occulto
3200 1366 3513 1436 mysteriqu
3546 1384 3794 1438 magnum:

530 1464 693 1538 (Luc.
739 1481 873 1530 xvtt,
909 1464 1034 1536 54).
1087 1464 1204 1520 Alia
1233 1473 1412 1519 autem
1449 1461 1718 1517 simiiiter.
1750 1461 1891 1531 Ergo
1919 1459 2040 1529 quia
2077 1459 2130 1514 in
2236 1455 2396 1511 sicuti
2427 1455 2662 1511 divinior
2691 1456 2927 1512 Trinitas
2953 1457 3121 1523 unali,
3155 1459 3448 1514 secundum
3481 1461 3623 1531 quod
3650 1478 3730 1530 per
3753 1479 3798 1517 se

528 1575 679 1630 agro,
725 1560 869 1631 λόγος
898 1558 1006 1614 duo
1047 1567 1192 1623 sunt,
1246 1556 1328 1613 vel
1357 1564 1472 1618 νοῦς
1501 1565 1555 1611 ει
1599 1556 1742 1630 λόγος
1769 1553 2028 1618 ςωιεειίς,
2079 1567 2117 1607 ei

2237 1550 2554 1620 ell‘ulgenter
2593 1549 2718 1606 fecit
2757 1551 2992 1606 animam
3035 1552 3086 1606 in
3143 1553 3341 1608 mundo
3381 1554 3719 1611 intellectibili
3759 1559 3796 1611 in

530 1653 668 1708 alius
698 1651 926 1724 hylicus.
977 1651 1043 1706 Et
1091 1651 1353 1706 moleutes
1378 1650 1499 1704 duae
1545 1647 1762 1713 animm,
1791 1646 2035 1702 caelestis
2080 1655 2135 1700 et
2240 1645 2594 1700 substantiam
2630 1658 2684 1700 et
2716 1647 2984 1715 propriam
3027 1645 3405 1715 substantiam,
3435 1664 3593 1718 quam
3621 1651 3799 1721 proprie

531 1745 711 1818 hylica
745 1756 834 1802 :et
854 1744 1150 1816 accipietur
1175 1743 1334 1815 igitur
1352 1741 1589 1798 cmlesris
1612 1748 1725 1802 νοῦς
1752 1739 1834 1795 vel
1855 1741 1998 1815 λόγος
2018 1754 2130 1794 εω-
2238 1738 2465 1795 dicimus
2492 1740 2845 1794 substantiam
2878 1759 2890 1794 :
2931 1741 3010 1796 sic
3061 1742 3252 1795 anima:
3282 1743 3498 1797 trinitas
3531 1745 3694 1800 unalis
3731 1761 3800 1799 sc-

531 1839 682 1896 iestis
703 1839 904 1906 anima,
937 1839 1148 1912 lrylicus
1172 1846 1348 1892 autem
1374 1837 1542 1911 λόγος,
1573 1845 1626 1890 ει
1656 1835 1833 1889 anima
1863 1833 2131 1904 relinque-
2165 1835 2211 1895 B
2239 1835 2415 1892 cunda
2453 1837 2738 1905 explicavit
2786 1836 3218 1907 imaginationem
3273 1838 3571 1894 insensibili
3613 1840 3800 1907 mundo,

532 1945 640 1992 tur.
665 1935 947 2004 Quomodo
972 1935 1137 2000 istud,
1160 1934 1307 1989 audi.
1340 1933 1512 1990 Homo
1533 1948 1596 1988 ex
1621 1931 1797 1986 anima
1820 1940 1875 1988 et
1903 1945 2133 2001 corpore
2236 1930 2350 2001 ipsa
2379 1931 2557 1986 anima
2591 1946 2806 2002 semper
2829 1947 2947 2003 quae
2965 1946 3180 1986 sursum
3204 1933 3274 1987 sit
3301 1934 3603 1988 mundanas
3631 1937 3803 1989 animas

533 2029 893 2085 conlltendus.
926 2028 1003 2084 Ex
1046 2043 1292 2099 corpore,
1324 2026 1468 2098 quod
1507 2041 1537 2080 a
1585 2035 1724 2081 terra
1755 2024 2131 2096 compositum,
2237 2027 2481 2098 gignens,
2515 2036 2568 2082 ει
2598 2025 2737 2081 istud
2761 2042 2890 2098 ergo
2916 2027 3064 2097 juxta
3097 2027 3380 2098 imaginem
3431 2039 3487 2085 et
3531 2027 3802 2083 similitudi-

535 2124 696 2180 habet
716 2139 846 2196 ergo
867 2123 1099 2179 animam
1124 2134 1262 2179 terra
1288 2121 1542 2194 hylicam,
1563 2130 1618 2176 ει
1646 2122 1814 2176 lactus
1835 2130 1917 2176 est
1940 2118 2132 2185 Adam,
2240 2138 2386 2177 nem.
2433 2121 2722 2176 Videamus
2749 2137 2878 2191 ergo
2904 2121 2950 2176 si
2981 2131 3036 2177 et
3072 2123 3224 2194 juxta
3257 2138 3477 2179 carnem
3510 2122 3739 2194 quidem,
3765 2131 3805 2176 et

534 2216 687 2289 juxta
729 2231 926 2286 corpus
957 2217 1180 2283 animal,
1223 2215 1383 2270 sicuti
1411 2223 1494 2270 est
1536 2213 1734 2269 animal
1785 2213 1854 2268 de
1899 2227 2036 2282 aqua
2083 2219 2138 2266 et
2236 2219 2386 2287 juxta
2408 2233 2627 2272 carnem
2670 2219 2856 2274 dicunt
2883 2234 2992 2288 prie
3019 2218 3368 2284 divinatione,
3401 2218 3656 2288 quoniam
3688 2216 3804 2271 lutu-

538 2320 701 2366 tcrra.
732 2310 850 2366 Alia
878 2308 1130 2364 animalia
1162 2308 1216 2364 in
1237 2309 1473 2364 animam
1493 2307 1688 2373 vivam,
1709 2305 1802 2362 sed
1829 2305 2000 2361 Adam
2031 2319 2135 2358 non
2241 2327 2357 2365 rum
2385 2320 2505 2366 erat
2538 2325 2594 2365 ut
2622 2311 2776 2367 Jesus
2799 2312 3047 2366 indueret
3068 2327 3308 2369 carnem.
3341 2311 3454 2381 Ego
3497 2321 3669 2366 autem
3710 2310 3805 2363 dico

535 2403 636 2471 sic,
670 2403 960 2459 insultlavit
986 2403 1132 2458 enim
1179 2403 1319 2458 Deus
1347 2400 1398 2456 iu
1429 2401 1618 2456 faciem
1648 2401 1768 2470 ejus
1811 2398 1883 2455 ibi
1922 2413 2136 2452 omnem
2242 2402 2382 2460 forte
2409 2406 2452 2458 si
2484 2414 2536 2459 el.
2565 2407 2617 2460 in
2659 2406 2762 2460 isto
2789 2406 2927 2475 quod
2959 2405 3136 2480 Λόγος,
3170 2414 3220 2459 ει
3247 2404 3427 2459 carnis
3455 2415 3542 2459 est
3586 2403 3745 2477 Λόγος,
3767 2412 3807 2456 et

537 2497 830 2568 potentiam
862 2496 1195 2563 sensinilem,
1235 2496 1321 2552 cui
1346 2495 1498 2550 adest
1523 2501 1638 2556 νοῦς
1666 2493 1718 2548 iu
1759 2491 2136 2548 discretionem
2243 2498 2381 2553 Deus
2428 2508 2478 2553 ei
2525 2498 2843 2569 corporalis,
2869 2508 2922 2553 ei
2969 2513 3131 2566 super
3173 2511 3330 2552 omne
3359 2511 3563 2566 corpus
3612 2495 3808 2550 dicitur:

536 2605 746 2646 sensus.
781 2589 897 2645 Alia
931 2589 1092 2660 igitur
1113 2589 1290 2644 anima
1328 2588 1716 2658 diviniorieum
1749 2601 1847 2641 suo
1876 2593 1944 2660 νῷ
1970 2603 1981 2636 ;
2011 2598 2138 2639 seu-
2246 2591 2481 2660 potentia
2529 2591 2675 2644 enim
2727 2591 3100 2645 universorqu
3146 2599 3200 2644 et
3238 2591 3482 2642 omnium
3527 2588 3682 2650 Deus,
3726 2600 3807 2640 non

537 2683 680 2739 sibili
705 2683 850 2739 enim
883 2682 1137 2752 potentia:
1169 2682 1378 2754 hylicus
1406 2689 1526 2745 νοῦς
1553 2691 1635 2737 est
1666 2680 1881 2746 insitus,
1914 2690 1968 2735 et
2011 2696 2142 2736 conv
2245 2682 2438 2737 frustra
2469 2682 2760 2737 secundant
2810 2683 3093 2752 imaginem
3127 2681 3391 2753 corporis.
3444 2681 3506 2738 Si
3529 2681 3666 2736 enim
3695 2679 3807 2733 lutu-

536 2775 903 2832 substautialis
931 2774 1143 2848 hylicw.
1199 2775 1255 2833 Si
1319 2775 1480 2845 igitur
1511 2774 1650 2829 istud
1681 2783 1785 2841 est,
1832 2773 1993 2849 Λόγος
2033 2789 2143 2830 ρω-
2249 2791 2367 2831 rom
2397 2784 2480 2831 est
2505 2786 2745 2830 nostrum
2778 2790 2973 2846 corpus
3001 2785 3054 2830 ct
3081 2791 3307 2830 'carucm
3335 2790 3644 2846 resurgere,
3672 2783 3720 2829 et
3745 2776 3808 2827 in-

537 2871 708 2938 lesris,
740 2871 842 2927 hoc
871 2881 953 2927 est
978 2879 1094 2935 νοῦς
1124 2872 1208 2928 vel
1235 2871 1465 2943 Spiritus
1490 2871 1705 2926 diiinus
1734 2881 1817 2926 est
1861 2870 1914 2926 in
1963 2870 2141 2950 anima
2245 2869 2414 2925 duere
2448 2869 2932 2939 incorruptionem,
2959 2878 3015 2924 et
3041 2870 3153 2923 lieri
3182 2869 3486 2940 spiritualis
3512 2885 3657 2934 caro,
3687 2867 3810 2922 sicuti

537 2965 739 3022 divina.
771 2964 889 3036 Ipsa
920 2977 1100 3022 autem
1132 2966 1314 3021 diiiua
1361 2966 1539 3021 anima
1594 2965 1646 3020 in
1697 2964 1876 3038 hylico
1927 2964 2139 3035 spiritu,
2246 2975 2299 3021 et
2329 2966 2582 3022 Salvator
2612 2978 2795 3021 misrer
2817 2965 2964 3034 juxta
2994 2966 3173 3020 omnia
3205 2975 3258 3020 et
3285 2961 3402 3030 luit,
3431 2977 3489 3021 et
3523 2962 3811 3028 resurrexit,

539 3058 748 3128 hylicus
775 3067 956 3114 autem
983 3059 1208 3129 Spiritus
1239 3059 1290 3114 iu
1318 3059 1494 3131 hyliea
1525 3058 1725 3124 anima,
1756 3058 1932 3130 hylica
1962 3069 2140 3112 autem
2247 3068 2303 3114 et
2323 3059 2586 3124 ascendit,
2610 3069 2664 3114 et
2690 3060 2922 3114 futurum
2947 3070 3029 3115 est
3053 3069 3108 3113 ut
3129 3059 3306 3115 veniat
3330 3078 3342 3114 :
3371 3068 3429 3115 et
3450 3062 3496 3115 si
3523 3070 3642 3131 post
3670 3073 3815 3114 resur-

542 3153 720 3208 anima
755 3152 807 3208 in
835 3154 1042 3208 earuali
1066 3169 1317 3224 corpore,
1355 3154 1498 3225 quod
1526 3164 1740 3225 oportet
1771 3153 1983 3225 purgari
2015 3167 2137 3208 cum
2251 3154 2549 3209 rectionem
2595 3153 2994 3218 immolabitur,
3029 3155 3357 3222 accipientes
3407 3155 3656 3226 spiritale
3692 3152 3813 3206 indu-

545 3246 717 3301 trihus
748 3247 1019 3312 omnibus,
1055 3257 1112 3302 ut
1138 3247 1366 3319 accipiat
1395 3249 1572 3304 lumen
1599 3259 1882 3313 :eternum,
1913 3256 1967 3303 et
1988 3256 2144 3302 :eter—
2170 3229 2215 3292 Ο
2252 3256 2512 3311 mentum,
2546 3245 2678 3300 nihil
2709 3247 3104 3317 impeditjuxta
3148 3247 3434 3318 imaginem
3484 3248 3661 3302 carnis
3683 3259 3814 3314 snpe-

545 3354 671 3394 nam
695 3338 859 3393 vitam
887 3358 900 3393 :
935 3339 1036 3395 hoc
1056 3350 1232 3396 autem
1266 3341 1446 3411 peﬁt'it
1474 3342 1606 3398 lides
1637 3343 1690 3396 iu
1721 3343 1962 3397 Christo.
2251 3338 2408 3394 rioris
2429 3347 2519 3395 τοῦ
2545 3338 2691 3411 λόγου
2723 3339 2992 3394 hominem
3033 3338 3227 3395 factum
3257 3354 3396 3398 esse.
3423 3341 3510 3394 Ad
3545 3340 3677 3394 istud
3703 3339 3814 3393 enim

616 3431 798 3488 LXIII.
840 3433 1084 3488 laicamus
1129 3434 1289 3506 igitur
1318 3437 1590 3506 quomodo
1614 3437 1736 3491 talis
1780 3437 1957 3492 anima
1994 3437 2147 3508 juxta
2253 3432 2620 3487 testimoniqu
2673 3431 2804 3487 dicit
2847 3431 3148 3502 Propheta,
3190 3433 3419 3488 dicens:
3462 3432 3528 3487 Et
3562 3435 3675 3504 fecit
3712 3429 3816 3485 Dm

555 3525 844 3596 imaginem
876 3527 989 3595 Dei,
1038 3539 1091 3584 et
1130 3529 1281 3599 juxta
1311 3529 1716 3586 similitudinem
1746 3529 1934 3586 etl‘ecta
1981 3531 2071 3595 sit,
2097 3541 2150 3586 ει
2251 3526 2507 3580 hominem
2539 3528 2695 3598 juxta
2740 3527 3016 3597 imaginem
3057 3523 3155 3580 Dei
3203 3524 3372 3594 (Gen.
3407 3542 3445 3592 ι,
3498 3527 3614 3596 27).
3643 3525 3690 3580 Si
3723 3522 3818 3577 fecit

549 3618 598 3673 si
625 3619 739 3675 sola
765 3619 942 3674 anima
984 3619 1169 3688 homo,
1222 3631 1279 3675 ut
1304 3621 1433 3690 dicit
1464 3621 1678 3689 Paulus,
1709 3620 1847 3676 alius
1879 3632 2146 3689 terrenus,
2254 3617 2394 3673 Deus
2415 3617 2710 3673 secundmn
2736 3617 3043 3689 imaginem,
3071 3619 3389 3688 paterjuxta
3416 3619 3514 3673 lilii
3537 3620 3816 3688 imaginem:

544 3713 682 3769 alius
727 3715 994 3782 animalis,
1024 3716 1160 3772 alius
1191 3717 1468 3787 spiritalis,
1501 3728 1556 3773 et
1604 3717 1705 3774 ista
1735 3717 1915 3773 omnia
1949 3719 2001 3773 iu
2035 3734 2133 3774 uno

2253 3711 2296 3765 si
2328 3721 2507 3765 autem
2537 3710 2674 3764 istud
2710 3710 2858 3776 dicit,
2884 3712 3001 3782 fecit
3023 3712 3190 3778 ipsum
3210 3711 3497 3765 masculum
3527 3722 3571 3765 et
3595 3711 3815 3780 feminam,

545 3805 788 3868 homine.
817 3809 912 3863 sed
943 3813 1172 3864 maxime
1202 3809 1474 3866 hominem
1495 3811 1811 3867 interiorem
1842 3811 2152 3883 frequenter
2255 3814 2308 3858 ul
2343 3803 2654 3874 praediolum
2689 3814 2792 3869 est.
2823 3807 2942 3877 fecit
2971 3801 3396 3878 homine’mjuxla
3424 3806 3698 3877 imaginem
3725 3802 3821 3864 Dei;

551 3899 702 3966 dicit,
747 3901 827 3955 sic
855 3903 997 3956 enim
1028 3911 1109 3958 est
1153 3903 1331 3957 anima
1368 3921 1381 3957 :
1411 3904 1618 3976 colligit
1642 3905 1785 3960 enim
1817 3912 1949 3969 νοῦν,
1984 3914 2036 3959 ει
2070 3904 2153 3959 di-
2256 3898 2601 3954 tuanil‘estum
2626 3901 2881 3970 quoniam
2907 3910 2960 3955 et
2980 3899 3133 3970 juxta
3161 3914 3361 3970 corpus
3381 3909 3435 3954 et
3460 3914 3677 3954 carnem
3703 3896 3822 3948 valde

546 3992 727 4048 vinam
750 3994 1016 4060 animam;
1046 3996 1540 4053 etdicitcmlestem
1567 3999 1861 4067 hominem,
1889 3999 2150 4070 reliqumn
2255 4002 2310 4048 et
2339 3995 2584 4065 mystice,
2618 4002 2692 4068 τῷ
2733 3995 2865 4068 λὸγῷ
2912 3994 2961 4046 iu
3012 4007 3160 4048 mare
3211 4001 3264 4046 et
3302 3991 3501 4047 femina
3551 3992 3821 4046 existente:

547 4097 727 4143 autem
756 4097 1029 4143 terrenum
1056 4088 1349 4146 hominem.
1377 4091 1433 4146 Si
1465 4091 1605 4146 istud
1629 4104 1734 4158 est,
1762 4092 1939 4148 anima
1971 4103 2152 4147 nostra
2255 4088 2507 4158 Quoniam
2532 4086 2648 4157 ipse
2677 4087 2892 4142 sibimet
2921 4087 3060 4141 ﬁlius
3097 4096 3232 4148 erat,
3264 4087 3314 4140 in
3345 4087 3525 4156 primo
3555 4095 3610 4141 et
3629 4080 3823 4138 secundo

543 4179 696 4251 juxta
721 4180 1006 4252 imaginem
1035 4191 1119 4237 est
1162 4182 1272 4243 Dei.
1313 4195 1368 4239 et
1411 4185 1623 4240 Domini
1669 4185 1796 4241 .Iesu
1842 4184 2064 4241 Chrisri.
2096 4183 2153 4240 Si
2257 4187 2414 4246 partu
2460 4178 2774 4248 spiritaliter
2800 4185 2854 4233 ει
2883 4179 3190 4233 carnaliter.
3217 4177 3402 4234 Gratia
3450 4178 3568 4233 Deo
3613 4175 3760 4237 Patri,
3787 4186 3825 4226 ct

547 4274 690 4330 enim
712 4273 960 4330 Christus
987 4275 1116 4342 vita,
1135 4286 1187 4330 et
1221 4278 1380 4351 Λόγος
1393 4288 1494 4342 est,
1520 4277 1696 4349 imago
1722 4288 1804 4333 est
1825 4277 1940 4344 Dei,
1972 4278 2023 4332 in
2049 4292 2136 4349 qu:

2257 4269 2393 4324 Filio
2423 4270 2557 4338 ejus,
2593 4269 2820 4323 Domino
2867 4281 3051 4324 nostro
3093 4268 3220 4325 Jesu
3264 4267 3507 4336 Christo,
3557 4285 3622 4326 ex
3660 4276 3825 4323 aeterno

547 4367 779 4439 imagine
801 4369 1124 4440 perspicitur
1146 4370 1302 4425 Pater
1323 4372 1481 4433 Deus,
1510 4371 1613 4426 hoc
1642 4383 1725 4428 est
1746 4371 1888 4443 quod
1912 4372 2050 4426 Deus
2072 4380 2157 4426 est
2259 4361 2311 4416 ill
2342 4363 2523 4417 οηιιιίίι
2555 4362 2752 4416 saecula
2784 4362 3130 4418 smculorllm.
3163 4363 3356 4418 Amen.

549 4474 672 4515 esse
700 4461 752 4514 in
780 4459 889 4514 vita
925 4479 937 4513 :
966 4461 1070 4517 hoc
1107 4470 1190 4516 est
1223 4462 1366 4517 enim
1400 4464 1577 4534 imago
1607 4473 1666 4518 ut
1691 4462 1896 4518 dictum
1940 4472 2024 4518 est
2055 4479 2070 4516 :
2103 4471 2156 4518 et
2739 4457 2939 4512 LIBER
2981 4455 3362 4515 SECUNDUS.

550 4551 593 4605 si
624 4562 708 4607 est
741 4552 990 4610 Christus
1019 4555 1146 4620 vita,
1176 4555 1316 4625 quod
1348 4566 1429 4612 est
1477 4566 1658 4612 autem
1689 4557 1892 4624 vivere,
1933 4556 2036 4612 hoc
2072 4566 2155 4612 est
2329 4551 2369 4607 Ι.
2416 4551 2582 4608 Deum
2612 4553 3036 4622 omnipotentem
3082 4567 3274 4606 omnes
3329 4552 3568 4608 fatemur
3593 4552 3826 4608 Christum

551 4643 712 4720 Λόγος
742 4646 853 4716 ipsa
882 4656 1060 4703 autem
1090 4647 1218 4716 vita,
1247 4647 1348 4704 hoc
1376 4658 1458 4704 est
1485 4649 1624 4721 quod
1648 4660 1732 4704 est
1760 4664 1902 4714 eSse,
1937 4649 2039 4704 hoc
2058 4664 2154 4702 au-
2182 4626 2236 4687 Ῑ)
2263 4643 2443 4703 Jesum
2474 4661 2570 4701 uos
2597 4662 2736 4700 nunc
2761 4663 2775 4712 ;
2806 4662 2927 4702 mox
2959 4656 3138 4702 tamen
3168 4647 3478 4703 fatebuntur
3503 4662 3708 4710 ournes,
3736 4642 3826 4714 qui-

561 4745 666 4791 tcm
720 4739 862 4807 quod
890 4750 1140 4806 estesse,
1173 4741 1333 4797 Pater
1358 4751 1460 4798 est.
1493 4742 1560 4797 Et
1587 4743 1636 4797 si
1665 4757 1850 4798 rursus
1891 4741 2004 4812 ipsa
2053 4743 2158 4797 \ita
2263 4741 2363 4798 bus
2393 4741 2526 4796 ﬁdes
2556 4741 2609 4796 in
2651 4740 2926 4796 Christum
2956 4740 3147 4796 lilium.
3201 4742 3274 4796 De
3315 4752 3548 4812 utroque
3578 4740 3710 4810 quod
3749 4737 3829 4791 sint

556 4829 658 4883 hoc
683 4832 926 4900 estquod
960 4832 1258 4905 intelligere
1287 4853 1299 4888 :
1329 4835 1379 4890 id
1411 4846 1586 4892 autem
1617 4846 1702 4892 est
1732 4846 1950 4892 sanctus
1975 4836 2158 4906 Spivi-
2264 4833 2444 4897 ambo,
2478 4842 2533 4888 et
2572 4833 2766 4903 singuli
2792 4850 2804 4886 :
2835 4835 3038 4905 quippe
3069 4842 3126 4887 ut
3162 4844 3314 4904 pater
3344 4835 3508 4901 Deus,
3547 4834 3682 4888 (ilius
3704 4831 3827 4885 1th

559 4931 661 4988 tus,
696 4931 750 4977 ct
783 4923 880 4977 tria
913 4924 1011 4978 ista
1038 4938 1162 4981 sunt
1188 4928 1390 4994 omnia;
1419 4940 1472 4985 et
1511 4929 1564 4984 in
1597 4946 1920 5000 unoquoque
1955 4929 2076 4996 tria,
2109 4937 2164 4984 et
2261 4925 2527 4991 Christ-rs,
2565 4937 2672 4981 tota
2728 4927 2884 4981 nobis
2926 4928 3115 4998 religio
3150 4939 3254 4994 est,
3283 4938 3339 4984 et
3367 4943 3498 4998 spes
3549 4939 3678 4991 tota,
3705 4935 3752 4981 et
3789 4924 3827 4976 in

559 5031 724 5070 unum
749 5017 848 5071 tria
867 5027 919 5070 et
940 5018 1445 5093 omniuoé‘uoooma.
1467 5023 1525 5078 Si
1553 5023 1711 5094 igitur
1733 5023 1934 5089 anima,
1968 5039 2160 5078 secuu-
2265 5020 2368 5074 isto
2399 5020 2550 5076 lides.
2583 5019 2690 5076 Sed
2719 5035 2843 5075 cum
2871 5019 3104 5076 fatemur
3132 5022 3374 5092 singulos
3403 5022 3566 5090 duos,
3597 5035 3744 5076 unum
3771 5027 3828 5070 1³·

560 5111 686 5167 dum
718 5113 862 5184 quod
887 5111 1064 5168 anima
1095 5125 1196 5178 est,
1220 5127 1272 5171 et
1297 5118 1490 5172 animce
1523 5133 1644 5173 esse
1671 5128 1772 5186 est,
1805 5127 1860 5174 et
1902 5119 2081 5175 vivere
2107 5129 2162 5174 et
2266 5133 2388 5172 men
2425 5117 2590 5172 Deum
2621 5117 2872 5182 dicimus,
2921 5127 2977 5173 et
3006 5118 3192 5173 ambos
3221 5135 3383 5173 unum
3421 5121 3613 5185 Deum,
3645 5115 3769 5188 quod
3789 5123 3829 5167 et

562 5205 862 5277 intelligere
908 5215 987 5261 est
1025 5225 1038 5261 :
1067 5208 1162 5262 tria
1203 5224 1332 5278 ergo
1383 5210 1677 5279 Superioris
1723 5211 1948 5266 Triados
1983 5216 2161 5269 anima
2265 5221 2417 5282 pater
2455 5212 2522 5265 sit
2555 5213 2606 5265 in
2634 5209 2766 5276 ﬁlio,
2813 5220 2868 5266 ει
2898 5210 3038 5265 [ilius
3066 5213 3118 5266 iu
3150 5223 3321 5282 patre.
3356 5213 3460 5268 Alii
3503 5229 3666 5267 unum
3695 5211 3826 5265 Deum

561 5309 665 5362 est,
690 5310 744 5353 ut
772 5298 1230 5371 imagoimaginis.
1257 5300 1513 5356 Estenim
1533 5303 1683 5371 juxta
1706 5305 1846 5375 quod
1874 5305 2050 5361 anima
2081 5317 2164 5362 est
2265 5304 2451 5359 dicunt
2480 5313 2686 5374 patrem
2719 5305 2916 5368 solum,
2949 5305 3118 5359 ﬁlium
3151 5321 3280 5360 vero
3312 5307 3611 5372 hominem,
3641 5306 3726 5362 sed
3754 5303 3828 5356 hos

562 5391 616 5448 in
644 5407 709 5447 eo
734 5393 874 5463 quod
906 5403 1157 5461 estesse,
1184 5406 1237 5449 et
1264 5396 1426 5450 vitam
1459 5396 1614 5464 dans,
1649 5406 1702 5451 et
1729 5397 2159 5469 intelligentiam,
2267 5413 2407 5453 nunc
2435 5398 2748 5453 omittamus
2779 5417 2792 5453 :
2824 5399 3022 5454 etenim
3059 5399 3244 5455 Jesum
3275 5400 3442 5456 ﬁlium
3476 5417 3600 5456 cum
3640 5400 3828 5456 dicimus

563 5496 689 5542 ante
729 5489 1024 5560 intelligere
1054 5489 1214 5545 simul
1269 5491 1491 5557 habens,
1539 5491 1789 5563 ὁμοούσια
1840 5491 1892 5545 in
1941 5509 2066 5559 uno,
2110 5502 2166 5549 et
2269 5502 2321 5547 et
2349 5500 2633 5562 antequam
2664 5493 2729 5546 de
2753 5491 2918 5547 Miria
2952 5503 3295 5561 nasceretur,
3332 5493 3496 5549 fuisse
3538 5495 3699 5550 lilium
3725 5506 3829 5545 con-

565 5589 692 5633 sunt
719 5581 924 5652 singula
956 5591 1011 5636 ut
1040 5599 1134 5638 sua
1159 5583 1478 5648 substantia,
1509 5598 1612 5638 non
1643 5583 1925 5648 scissione,
1958 5601 2061 5640 non
2086 5585 2166 5640 di-
2273 5587 2506 5642 litemur.
2551 5585 2683 5641 Nam
2710 5585 2754 5641 si
2779 5584 2958 5661 (Joan.
2991 5603 3031 5653 ι,
3064 5585 3180 5659 ι-δ)
3209 5587 3262 5642 in
3294 5589 3544 5657 principio
3573 5588 3666 5656 fuit
3691 5583 3825 5657 λόγος.

569 5673 796 5738 visione,
827 5689 930 5729 non
961 5676 1241 5742 etl‘usione,
1281 5693 1380 5733 nec
1414 5677 1776 5748 protensione,
1812 5692 1985 5748 neque
2014 5689 2165 5748 partu
2271 5691 2324 5736 et
2350 5682 2497 5754 λόγος
2519 5681 2614 5749 fuit
2639 5680 2708 5732 ad
2742 5677 2926 5748 Deum,
2971 5689 3019 5733 et
3048 5678 3191 5733 Deus
3239 5682 3333 5750 [nit
3363 5681 3470 5750 ipse
3510 5681 3674 5753 λόγος,
3701 5696 3738 5731 ει
3759 5677 3827 5727 hoc

571 5767 815 5835 praecisa,
846 5767 941 5822 sed
977 5768 1302 5839 sempiterna
1335 5769 1433 5824 tri-r
1466 5787 1480 5823 :
1528 5767 1672 5824 aliud
1702 5768 1938 5825 existens
1979 5771 2031 5827 in
2059 5773 2165 5830 alio
2273 5777 2373 5848 fuit
2402 5775 2453 5828 in
2481 5774 2754 5844 principio,
2781 5775 2871 5844 qui
2897 5788 3019 5830 cum
3054 5782 3237 5844 postea
3266 5775 3413 5848 λόγος
3440 5791 3561 5829 caro
3587 5778 3738 5845 facta:
3753 5775 3824 5829 est,

571 5855 922 5924 existentemt
941 5858 1038 5914 ista
1058 5861 1675 5931 subStautialiter;juxta
1704 5857 1990 5932 imaginem
2012 5881 2162 5938 ergo.
2274 5867 2411 5921 idem
2432 5874 2515 5920 est
2557 5866 2712 5935 Λόγον
2739 5880 2859 5921 esse
2904 5874 2959 5920 et
2988 5865 3190 5921 Jesuin.
3244 5866 3298 5924 Si
3345 5869 3482 5923 enim
3516 5865 3569 5919 in
3617 5853 3826 5936 principi"
