4024 6306
240 240 379 317 toea

1361 232 1721 294 ADVERSUS
1754 229 1969 291 ΑΠΙοΜ
2010 232 2210 291 LIBER
2253 236 2318 293 ll.

3404 240 3543 301 1090

236 367 343 412 erat
393 356 555 430 λόγος,
605 353 658 411 iu
704 352 966 427 principio
1011 354 1172 419 ﬁlius,
1224 354 1316 427 qui
1365 362 1551 427 postea
1581 354 1632 409 in
1673 367 1837 410 carne
1861 350 1921 411 At
1942 360 2028 408 tur
2052 368 2240 409 omnes
2278 352 2372 425 qui
2402 349 2516 410 lucc
2539 361 2700 424 atque
2728 352 3032 424 hujusmodi
3081 354 3150 410 de
3180 354 3393 413 Christo
3419 372 3545 414 scn-

236 448 416 515 .lesus,
455 459 674 521 prouter
708 449 1045 521 mysterium,
1088 448 1230 521 quod
1260 448 1516 505 mandato
1547 450 1717 522 patris
1744 450 1842 504 im-

239 543 426 614 plevit.
462 542 754 600 Fatendum
792 555 876 601 est
907 543 1066 615 igitur
1090 559 1121 599 a
1153 543 1421 617 principio
1446 543 1615 601 fuisse
1645 542 1836 599 ﬁlium.

238 634 318 692 De
347 636 516 706 patris
541 636 863 700 substantia,
913 652 981 692 an
1028 647 1178 693 extra
1227 636 1496 692 dicimus?
1548 635 1656 692 Sed
1700 634 1841 691 istud

240 728 610 800 qumrendum.
640 727 781 785 Num
804 730 969 786 Deum
1000 745 1106 785 non
1131 728 1361 785 fatemur
1382 728 1538 785 esse?
1563 726 1837 784 Fatemur.

241 822 343 891 Qui
376 823 536 893 igitur
578 838 699 880 esse
745 822 887 880 istud
913 826 1144 881 ἀνοὺσιον
1187 823 1438 890 dicimus,
1470 838 1537 877 an
1572 822 1842 879 ivodaiov?

243 917 297 974 id
317 928 422 986 est,
438 918 557 975 sine
578 918 899 987 substantia,
919 935 987 975 an
1014 918 1408 976 substantiam?
1450 918 1724 983 ’Avodmov,
1757 917 1842 972 in-

242 1013 453 1084 quiunt.
501 1011 746 1083 Accipio,
779 1012 872 1068 sed
917 1028 1104 1084 quarro
1130 1011 1705 1083 timeumquomodo,
1753 1010 1844 1082 qui
1892 1051 1895 1054 μ

242 1107 540 1164 substantia
567 1124 672 1163 non
702 1109 776 1163 sit
799 1108 1058 1163 omnino?
1084 1124 1152 1164 an
1183 1110 1273 1180 qui
1300 1122 1460 1178 supra
1489 1106 1843 1163 substantiam

244 1201 347 1269 sit,
377 1200 430 1257 id
459 1209 541 1258 est
576 1202 926 1281 ὑπερούσιονῖ
971 1202 1098 1258 Sine
1150 1202 1452 1258 substantia
1506 1201 1627 1272 (luis
1677 1200 1843 1269 dicat,

246 1294 415 1351 Deum
440 1293 528 1365 qui
572 1308 693 1350 esse
724 1293 993 1351 fateatur?
1043 1310 1166 1351 esse
1211 1298 1356 1351 enim
1416 1294 1493 1350 illi
1544 1293 1844 1350 substantia

246 1401 362 1451 sua,
396 1402 501 1443 non
523 1385 611 1441 illa
628 1386 781 1442 nobis
805 1395 954 1454 nota,
978 1386 1072 1443 sed
1097 1387 1209 1457 ipse
1236 1388 1378 1458 quod
1397 1398 1477 1443 est
1502 1387 1676 1457 ipsum
1703 1401 1845 1453 esse,

247 1487 332 1535 est
356 1479 471 1551 ipse
491 1493 599 1535 non
617 1496 682 1535 cx
699 1479 1017 1548 substantia,
1050 1480 1145 1536 sed
1166 1482 1278 1551 ipsa
1307 1481 1627 1546 substantia,
1651 1496 1849 1551 parens

247 1572 510 1640 omnium,
538 1588 569 1627 a
597 1588 657 1629 se
697 1572 796 1629 sibi
844 1587 967 1629 esse
996 1573 1254 1639 tribuens,
1303 1576 1475 1645 prima
1522 1573 1844 1640 substantia,

250 1664 571 1721 universalis
597 1665 917 1733 substantia,
965 1673 1091 1720 ante
1121 1666 1475 1720 substantiam
1524 1665 1843 1721 substantia.

1945 445 2121 500 tiunt:
2151 445 2437 518 loquamur
2478 460 2600 501 cum
2640 446 2759 513 his,
2791 447 2884 518 qui
2931 446 3207 503 Christum
3249 449 3342 505 Dei
3372 448 3541 505 tilium

1942 540 2147 605 dicunt,
2180 551 2234 597 et
2263 540 2427 596 ﬁlium
2456 549 2663 607 natum,
2692 540 2891 612 quippe
2919 555 3042 596 cum
3067 540 3337 598 fateantur
3357 542 3545 614 unige-

1944 636 2136 701 nitum,
2160 636 2400 708 genitum
2427 636 2630 707 utique,
2664 652 2771 692 non
2798 635 3016 693 factum.
3045 637 3239 695 Parum
3266 637 3408 694 istud
3438 648 3539 707 est,

1945 728 2205 799 adjiciunt
2229 771 2243 793 ,
2275 729 2344 786 de
2390 737 2544 802 patre
2571 730 2776 794 ﬁlium.
2824 729 2893 788 de
2937 731 3046 787 Deo
3078 730 3280 798 Deum,
3311 732 3380 787 de
3418 747 3547 789 vero

1946 820 2150 877 lumine
2178 821 2358 877 lumen
2386 837 2601 891 verum,
2634 823 2818 893 utique
2844 832 2899 880 et
2922 825 3306 896 consequentia
3331 823 3400 882 de
3426 824 3551 896 Spi-

1946 915 2091 984 ritu,
2122 917 2382 989 Spiritum
2404 959 2421 984 ,
2450 928 2506 975 et
2528 918 2583 975 in
2606 931 2760 990 patre
2786 919 2956 977 ﬁlium
2976 963 2990 989 ,
3022 929 3077 978 et
3096 919 3149 976 in
3179 921 3288 978 tilio
3314 930 3546 993 patrem;

1947 1005 2065 1065 haec
2091 1025 2212 1065 cum
2238 1009 2507 1066 fateantur
2526 1010 2756 1067 consilio
2786 1011 2956 1079 nullo,
2987 1012 3193 1069 ratione
3215 1011 3427 1068 timoris
3448 1028 3549 1085 po-

1950 1103 2055 1159 tius
2092 1120 2252 1177 quam
2282 1105 2547 1162 veritatis.
2581 1105 2692 1163 Alii
2720 1108 3075 1165 substantiam
3110 1108 3232 1165 heic
3263 1109 3550 1166 nominan-

1952 1195 2075 1252 dam
2104 1207 2331 1269 negant,
2354 1198 2444 1254 alii
2477 1198 2776 1267 nominant,
2807 1200 2903 1257 sed
2932 1201 3165 1259 similem
3196 1203 3415 1269 volunt,
3445 1218 3550 1258 non

1950 1291 2199 1348 eamdem
2230 1292 2432 1350 dicere.
2458 1293 2667 1362 Quibus
2692 1295 2823 1351 illud
2853 1295 3084 1366 primum
3112 1298 3550 1373 prrspiriendum

1951 1394 2055 1453 est,
2090 1386 2231 1456 quod
2262 1386 2520 1458 propheta
2551 1387 2715 1444 Isaias
2736 1388 2873 1445 dixit
2898 1388 3031 1463 (Ira.
3064 1407 3213 1458 mn,
3241 1391 3333 1460 10)
3367 1410 3380 1447 :
3408 1390 3552 1447 Ναι-

1956 1479 2039 1534 lus
2085 1480 2184 1552 fuit
2230 1489 2349 1535 ante
2382 1497 2463 1537 me
2494 1479 2673 1548 Deus,
2710 1491 2898 1553 etpost
2938 1499 3018 1539 me
3059 1485 3234 1539 nullus
3267 1485 3365 1540 erit
3407 1484 3555 1540 simi-

1954 1571 2020 1626 lis
2090 1571 2251 1627 Deus.
2304 1572 2361 1629 Si
2414 1573 2558 1629 ﬁlius
2607 1572 2887 1643 Christus,
2940 1575 3124 1646 utique
3169 1587 3290 1648 post
3353 1577 3553 1647 Deum,

1956 1662 2209 1720 Christus
2238 1684 2252 1733 ;
2290 1665 2470 1720 nullus
2505 1676 2682 1723 autem
2711 1668 2898 1725 similis
2934 1678 3056 1740 post
3087 1670 3252 1726 Deum
3300 1671 3547 1729 Christus

248 1758 355 1814 Per
380 1757 431 1813 id
463 1757 623 1829 igitur
649 1756 792 1828 quod
827 1758 1138 1835 ὑπερούσιος
1168 1767 1270 1826 est,
1303 1760 1536 1822 ἀνούσιος
1565 1774 1594 1812 a
1624 1759 1845 1830 quibus-

1973 1773 2199 1829 trgonon
2222 1759 2416 1814 similis
2444 1760 2736 1826 Deo,autsi
2768 1776 2872 1816 non
2906 1772 3027 1833 post
3052 1763 3245 1831 Deum,
3275 1775 3419 1820 certe
3433 1780 3555 1821 cum

248 1851 372 1907 dam
418 1851 633 1919 dicitur,
684 1867 790 1907 non
838 1853 980 1923 quod
1012 1853 1084 1907 sit
1117 1853 1234 1908 sine
1277 1853 1600 1920 substantia,
1651 1854 1849 1924 quippe

249 1961 373 2001 cum
398 1946 470 2002 sit
502 1963 518 2001 :
553 1961 874 2003 veneremur
901 1961 1032 2018 ergo
1062 1948 1253 2015 Deum,
1286 1936 1342 2003 ei
1364 1963 1487 2003 esse
1507 1947 1768 2014 dicamus,
1800 1947 1851 2004 id

252 2048 336 2093 est
364 2039 610 2103 ἐνούσιον,
639 2038 726 2107 qui
755 2038 1034 2093 constituit
1061 2038 1265 2106 omnia,
1304 2039 1499 2095 cmlum
1531 2047 1586 2094 et
1629 2049 1849 2107 terram,

251 2130 539 2198 mundum,
570 2131 810 2201 spiritus,
854 2131 1096 2203 angelos,
1120 2133 1349 2198 animas,
1376 2132 1650 2201 animalia,
1679 2144 1734 2190 et
1761 2134 1858 2190 ho-

253 2224 459 2279 minem
486 2221 553 2279 ad
576 2224 860 2295 imaginem
882 2231 939 2281 et
958 2224 1359 2282 similitudinem
1380 2227 1629 2299 imaginis
1645 2243 1855 2285 eorum.

256 2317 396 2387 Quid
422 2320 583 2390 igitur
610 2335 730 2375 cum
769 2319 841 2375 sit
884 2319 1149 2383 ἐνούσιοςτ
1200 2320 1340 2376 Deus
1367 2330 1522 2392 pater
1565 2320 1750 2392 utique
1775 2321 1859 2379 di-

257 2413 416 2479 citur,
451 2413 530 2469 sic
557 2412 806 2482 fatemur,
848 2422 903 2470 et
934 2423 1085 2485 pater
1118 2413 1386 2486 Unigeniti
1416 2433 1428 2468 :
1458 2416 1698 2471 omnium
1728 2415 1861 2473 ﬁdes

258 2506 388 2563 ista.
420 2505 555 2562 Num
590 2506 748 2578 igitur
777 2506 912 2562 fallit
949 2507 1363 2579 intelligentiam
1393 2507 1656 2574 Verbum,
1689 2509 1862 2565 ambi-

254 2617 368 2673 guo
396 2599 532 2657 suo?
579 2598 778 2657 Genuit
822 2600 964 2656 enim
1009 2617 1127 2669 vos,
1177 2610 1232 2657 et
1275 2601 1342 2657 de
1376 2600 1685 2658 hominibus
1729 2602 1865 2659 dixit

264 2693 405 2750 Deus
435 2711 448 2746 :
480 2693 526 2749 si
556 2692 715 2764 igitur
745 2692 1013 2765 signiﬁcat
1041 2694 1201 2764 genui
1240 2700 1296 2750 et
1324 2693 1526 2760 creavi,
1561 2702 1620 2749 ut
1643 2701 1863 2750 creatu-

259 2802 402 2854 ram,
433 2796 489 2841 et
529 2786 846 2842 naturaliter
891 2785 959 2842 de
1003 2801 1120 2843 mea
1148 2787 1446 2843 substantia
1496 2788 1679 2860 genui.
1725 2787 1866 2856 Quid

260 2883 437 2952 magis
463 2881 773 2953 unigenitoi
803 2880 928 2953 quid
973 2882 1022 2938 ei
1050 2884 1139 2954 qui
1168 2881 1311 2939 ﬁlius
1355 2884 1480 2939 est?
1521 2883 1648 2956 quid
1682 2885 1731 2940 ei
1776 2885 1867 2955 qui

263 2991 405 3032 unus
434 2980 489 3030 et
516 2976 699 3031 solus?
720 2974 848 3048 quid
869 2975 918 3041 ei
942 2974 995 3030 in
1024 2991 1132 3047 quo
1159 2985 1312 3047 pater
1335 2976 1601 3048 estiqnid
1632 2979 1681 3035 ei
1704 2978 1795 3050 qni
1815 2979 1867 3035 in

264 3078 419 3143 patre
442 3069 563 3126 est?
591 3069 718 3141 quid
746 3070 795 3127 ei
816 3070 905 3142 qui
934 3071 1084 3144 λόγος
1109 3079 1211 3140 est,
1237 3074 1326 3141 qui
1372 3073 1425 3126 in
1448 3073 1703 3144 principio
1732 3083 1866 3139 erat,

262 3173 318 3220 et
343 3173 455 3220 erat
478 3163 618 3234 apud
652 3162 838 3233 Deum,
867 3173 915 3218 et
944 3163 1080 3219 Deus
1100 3173 1194 3229 est,
1223 3174 1270 3219 et
1296 3181 1386 3233 per
1406 3181 1555 3235 quem
1582 3169 1722 3237 facta
1749 3174 1871 3221 sunt
1895 3145 1941 3211 Ο

264 3260 464 3327 omnia,
495 3267 544 3314 et
569 3260 678 3314 sine
701 3275 798 3331 quo
827 3261 1020 3331 factum
1042 3269 1118 3315 est
1139 3260 1269 3315 nihil
1290 3258 1468 3335 (Joau.
1499 3260 1699 3334 1,1-5).
1730 3262 1869 3331 Quid

262 3365 451 3410 autem
498 3353 599 3407 hoc
629 3352 915 3425 signiﬁcat,
960 3354 1101 3424 quod
1131 3352 1380 3410 Christus
1427 3356 1771 3425 unigenitus?
1810 3355 1870 3413 Si

265 3448 414 3506 enim
450 3448 590 3503 Deus
631 3448 871 3503 omnium
915 3455 1066 3515 pater
1104 3459 1188 3504 est
1217 3448 1510 3505 secundum
1543 3460 1866 3517 creaturam,

266 3539 542 3612 quomodo
567 3538 728 3611 hujus
754 3541 1012 3613 unigeniti
1054 3552 1225 3611 pater,
1258 3542 1304 3598 si
1336 3556 1441 3596 non
1474 3542 1582 3598 alio
1625 3541 1788 3599 modo
1817 3550 1873 3599 et

268 3652 337 3693 ex
365 3635 687 3701 substantia,
740 3650 845 3690 non
885 3650 952 3692 ex
992 3634 1197 3691 nihilo?
1241 3635 1371 3691 Erat
1408 3643 1589 3691 autem
1631 3651 1739 3691 non
1771 3635 1873 3693 alia

266 3730 573 3787 substantia
615 3738 741 3786 ante
779 3730 957 3786 omnia
1000 3746 1160 3799 quam
1195 3729 1363 3802 patris
1392 3748 1405 3784 :
1435 3731 1503 3788 de
1533 3731 1703 3804 patris
1745 3746 1875 3803 ergo

268 3822 574 3880 substantia
599 3821 870 3880 Christus.

343 3917 411 3975 ll.
437 3920 548 3992 Age
573 3939 586 3973 :
610 3935 752 3976 nunc
771 3930 891 3977 esse
912 3919 966 3976 in
988 3919 1259 3977 Christum
1283 3920 1533 3978 fatemur.
1557 3922 1877 3991 Qumramus

271 4012 466 4070 eodem
491 4012 651 4069 modo
672 4011 798 4082 hoc,
830 4029 953 4070 esse
988 4016 1210 4071 ἐνούσιον
1233 4025 1337 4083 est,
1370 4031 1438 4071 an
1463 4016 1734 4073 ἁνούσιονῖ
1758 4016 1878 4073 Jam

270 4127 440 4185 supra
475 4111 678 4169 dictum
722 4115 954 4170 ἀνούσιον
991 4127 1113 4170 esse
1140 4129 1247 4169 non
1293 4128 1455 4185 posse
1498 4115 1585 4171 cui
1627 4116 1700 4171 sit
1735 4129 1879 4172 esse.

275 4204 416 4274 Quid
444 4203 638 4276 igitur?
664 4205 811 4261 istud
839 4219 979 4274 esse,
1010 4205 1152 4262 unde
1177 4214 1295 4273 est;
1336 4208 1495 4265 ἐκτοῦ
1525 4210 1791 4275 ἀποστασίου,
1814 4223 1883 4264 an

275 4300 444 4355 ἐκτοῦ
472 4300 728 4366 ἐνουσὶου,
758 4299 811 4355 id
842 4308 946 4367 est,
974 4298 1041 4355 ab
1067 4313 1134 4355 eo
1159 4298 1303 4370 quod
1330 4307 1413 4356 est
1448 4314 1592 4368 esse,
1623 4316 1692 4357 an
1721 4301 1790 4359 ab
1818 4315 1885 4359 eo

277 4393 424 4464 quod
451 4402 536 4451 est
578 4409 687 4450 non
744 4392 903 4450 esse?
957 4393 1121 4459 Deus,
1169 4398 1231 4448 ut
1266 4393 1551 4465 inquiunt,
1596 4408 1718 4450 esse
1757 4403 1884 4450 est‘:

277 4486 528 4545 Christus
569 4488 697 4544 item
740 4503 883 4557 esse,
923 4486 1021 4544 sed
1068 4488 1232 4559 carpit
1277 4496 1477 4545 tamen.
1524 4486 1735 4571 yerum
1785 4488 1889 4545 hoc

1956 1851 2084 1917 Deo,
2119 1867 2238 1907 nam
2268 1863 2392 1907 ante
2417 1851 2585 1908 Deum
2608 1853 2757 1908 nullo
2781 1854 2940 1912 modo
2968 1855 3263 1929 ὁμοούσιον.
3293 1856 3363 1913 Ει
3391 1857 3559 1915 David

1955 1946 2281 2016 εἰο(1ἰαιηι.
2307 1962 2437 2012 ιιι,
2473 1947 2564 2020 i9)
2592 1949 2767 2004 nullus
2798 1948 3109 2005 simitistibi.
3143 1949 3367 2019 Deinde,
3415 1951 3560 2024 quod

1958 2040 2140 2095 multis
2165 2040 2485 2107 docuimus,
2535 2040 2832 2097 substantia
2867 2042 2918 2097 in
2962 2057 3029 2098 eo
3072 2043 3213 2110 quod
3261 2044 3561 2101 substantia

1957 2140 2065 2198 est,
2093 2132 2333 2189 maxime
2359 2132 2407 2189 si
2429 2133 2500 2189 sit
2528 2133 2769 2205 ejusdem
2796 2136 3028 2207 generis,
3053 2144 3109 2191 et
3137 2136 3251 2193 hare
3279 2137 3329 2193 in
3352 2138 3563 2194 duobus

1958 2225 2287 2297 pluribusve,
2312 2226 2422 2293 sit,
2470 2226 2588 2283 lure
2611 2228 2799 2285 eadem
2830 2244 2937 2284 non
2983 2228 3176 2286 similis
3214 2230 3413 2288 dicitur
3439 2245 3562 2288 esse

1959 2319 2289 2387 substantia;
2322 2331 2381 2376 ut
2404 2323 2584 2378 anima
2612 2323 2910 2379 substantia
2955 2335 3070 2395 est,
3112 2335 3239 2381 sunt
3263 2327 3390 2383 licet
3417 2327 3559 2383 mul-‘

1960 2422 2030 2471 ta:
2068 2414 2299 2479 animm,
2348 2416 2401 2471 in
2453 2431 2520 2473 eo
2569 2417 2711 2489 quod
2760 2418 2956 2474 animae
3002 2429 3157 2489 sunt,
3186 2436 3292 2478 una
3337 2431 3420 2477 est
3457 2422 3565 2478 illis

1965 2506 2263 2579 eademque
2282 2508 2604 2565 substantia.
2636 2510 2753 2567 Non
2783 2513 2923 2584 quod
2952 2515 3292 2583 przecesserit
3319 2515 3407 2570 illa
3435 2515 3565 2573 sub-
3654 2540 3658 2545 ν

1963 2600 2158 2657 stantia
2189 2610 2243 2658 et
2283 2603 2685 2674 praeexstiterit,
2719 2604 2813 2661 sed
2842 2605 3000 2662 simul
3030 2622 3247 2680 semper
3271 2607 3563 2679 exstiterit,

1964 2692 2037 2748 ita
2059 2703 2115 2750 et
2146 2694 2198 2749 in
2225 2695 2459 2752 caeteris.
2497 2696 2710 2766 Quanto
2736 2699 2905 2771 magis
2930 2700 2985 2755 in
3018 2701 3165 2758 Deo?
3199 2718 3323 2759 cum
3351 2702 3468 2775 ipse
3495 2703 3569 2760 sit

1965 2787 2119 2860 origo
2144 2790 2492 2858 substantiae,
2522 2807 2643 2848 cum
2674 2807 2781 2864 quo
2803 2793 2989 2849 divino
3015 2795 3246 2868 quodam
3274 2806 3394 2852 ortu
3425 2795 3568 2855 ﬁlius

1968 2896 1997 2935 a
2031 2891 2184 2953 patre
2209 2892 2430 2955 accepta
2458 2886 2757 2943 substantia
2779 2930 2794 2955 ,
2824 2902 3041 2959 semper
3065 2904 3185 2945 cum
3208 2905 3276 2946 eo
3294 2932 3309 2959 ,
3333 2899 3388 2948 et
3407 2889 3461 2946 in
3478 2905 3566 2959 eo,

1970 2982 2030 3029 ut
2057 2974 2195 3032 alter
2222 2985 2382 3047 atque
2428 2975 2568 3033 idem
2611 2977 2853 3049 ejusdem
2899 2982 3249 3050 substantias,
3294 2982 3439 3040 nulla
3485 2984 3571 3042 vel
3638 3054 3648 3064 κ

1973 3068 2115 3124 illius
2142 3068 2531 3139 diminutione,
2562 3074 2646 3128 vel
2691 3071 2851 3143 hujus
2875 3077 3187 3148 acceptione
3213 3077 3574 3135 consubstan-

1976 3161 2088 3217 tiali
2118 3163 2441 3233 completiva
2467 3165 2727 3222 unalitate
2755 3168 2897 3224 Deus
2920 3180 3080 3242 atque
3104 3170 3275 3227 virtus
3295 3172 3410 3241 ejus
3432 3187 3576 3230 sem-

1978 3270 2076 3326 per
2101 3256 2191 3328 qui
2223 3256 2417 3321 fuerit,
2462 3268 2520 3315 et
2543 3274 2758 3332 semper
2787 3262 3075 3329 exstiterit,
3116 3263 3220 3321 hoc
3244 3273 3328 3320 est
3349 3265 3490 3323 Deus
3520 3274 3578 3323 et

1980 3344 2173 3426 Λόγος,
2209 3350 2351 3407 Dens
2380 3361 2434 3407 et
2470 3351 2643 3408 forma
2686 3354 2838 3425 ejus,
2881 3365 3036 3427 pater
3061 3366 3116 3413 et
3138 3356 3307 3424 ﬁlius,
3357 3358 3497 3415 Deus
3522 3366 3580 3416 et

1972 3442 2129 3499 Jesus
2151 3443 2416 3510 Christus,
2451 3446 2592 3502 Deus
2618 3456 2672 3503 et
2692 3446 2864 3505 virtus
2885 3460 2935 3505 et
2959 3449 3242 3521 sapientia,
3266 3452 3531 3525 ὀμοούσιον
3561 3468 3575 3507 :

1976 3552 2106 3608 ergo
2130 3536 2236 3593 hoc
2263 3538 2311 3594 si
2333 3538 2536 3595 dictum
2559 3540 2829 3614 ὁμοούσιον
2854 3551 2913 3599 ιιι
2931 3542 3229 3617 ὁμοούσιον,
3259 3560 3381 3602 cum
3407 3544 3460 3600 in
3487 3559 3581 3601 ea-

1977 3631 2098 3687 dem
2127 3641 2253 3688 sunt
2288 3624 2470 3704 specie
2498 3633 2659 3689 simul
2694 3634 2990 3693 existentes
3009 3679 3024 3704 ,
3066 3636 3311 3711 ὁμοειδεῖς
3336 3637 3579 3709 ejusdem

1981 3726 2241 3797 temporis
2262 3727 2533 3783 etaetatis.
2565 3727 2696 3784 Heic
2726 3745 2854 3786 vero
2880 3729 3147 3804 ὁμοηλικὴς
3167 3731 3432 3803 signiﬁcat
3451 3748 3583 3790 cou-

1979 3816 2332 3875 substantiale
2360 3818 2520 3875 simul
2548 3828 2604 3875 et
2632 3820 2991 3877 substantiam
3025 3824 3141 3880 sine
3167 3824 3470 3896 composito
3493 3826 3583 3885 vel

1980 3910 2312 3969 discretione
2330 3953 2346 3980 ,
2378 3913 2476 3969 sed
2503 3912 2660 3970 simul
2689 3929 2910 3987 semper
2935 3917 3079 3990 quod
3104 3918 3175 3975 sit
3206 3934 3387 3977 rerum
3412 3922 3585 3978 virtu-

1987 4004 2130 4061 tibus
2155 4005 2566 4079 actionibusque
2596 4006 2911 4065 discretum.

2056 4097 2147 4154 lll.
2179 4098 2309 4156 lleic
2334 4100 2583 4156 oriuntur
2604 4101 2936 4173 quaestiones
2964 4120 2977 4157 :
3002 4103 3182 4161 Prima
3202 4148 3216 4174 ,
3248 4106 3389 4179 quod
3417 4107 3470 4164 in
3501 4122 3588 4165 sa-

1986 4189 2094 4247 cris
2117 4190 2415 4263 Scripturis
2457 4191 2776 4249 substantia;
2813 4194 3017 4251 mentio
3056 4196 3196 4253 facta
3238 4200 3351 4254 'uon
3383 4198 3488 4267 sit,
3535 4208 3591 4257 et

1988 4286 2157 4358 magis
2185 4301 2294 4343 non
2319 4286 2584 4361 ὁμοούσιον
2606 4304 2712 4345 ηοη
2739 4291 2810 4347 sit
2840 4290 3058 4349 lectum.
3093 4294 3212 4351 Alia
3252 4295 3396 4368 quod
3419 4297 3463 4353 si
3488 4296 3590 4355 hoc

1989 4377 2063 4435 ita
2105 4388 2219 4447 est,
2270 4395 2588 4453 compassus
2616 4392 2704 4440 est
2740 4383 2854 4440 ﬁlio
2886 4394 3063 4458 pater.
3114 4387 3329 4459 Tertia,
3358 4390 3505 4462 quod
3543 4388 3592 4448 si

1992 4475 2097 4532 hoc
2125 4473 2202 4531 ita
2232 4475 2335 4545 sit,
2370 4492 2547 4549 neque
2573 4488 2726 4550 pater
2749 4479 2953 4551 major,
2980 4496 3156 4554 neque
3202 4482 3384 4540 minor
3406 4483 3550 4542 ﬁlius
3572 4527 3591 4556 ,

280 4590 386 4638 est.
434 4582 541 4639 Sed
581 4581 724 4638 istud
754 4555 875 4638 esse
915 4581 1055 4652 quod
1096 4555 1282 4654 erepit,
1324 4584 1394 4641 ab
1420 4598 1486 4640 eo
1513 4560 1698 4656 ἑωρῑι,
1741 4599 1868 4654 quat

2000 4584 2176 4641 neque
2204 4570 2343 4627 alius
2370 4571 2625 4640 mittens,
2656 4572 2794 4629 alius
2824 4575 3041 4631 missus.
3086 4576 3156 4632 Et
3183 4576 3301 4634 haec
3321 4587 3375 4635 et
3405 4578 3594 4651 hujus-

279 4677 384 4733 fuit
410 4676 591 4750 aliquo
615 4676 778 4734 modo
814 4677 1010 4746 fuisse,
1055 4686 1117 4734 ut
1142 4678 1321 4734 omnia
1348 4677 1563 4747 divina,
1594 4688 1650 4735 et
1677 4678 1709 4735 a
1739 4679 1885 4735 divi-

284 4771 372 4830 nis
400 4781 518 4829 orta
539 4813 556 4841 ,
607 4771 847 4844 potentia
874 4788 1090 4845 semper
1124 4780 1252 4828 sunt
1280 4787 1343 4828 ac
1372 4773 1587 4829 fuerunt
1614 4791 1629 4828 :
1664 4788 1881 4844 proces-

283 4883 380 4926 sus
400 4877 578 4925 autem
602 4883 791 4926 eorum
818 4876 970 4923 actus
997 4877 1081 4924 est
1101 4908 1117 4935 ,
1143 4875 1200 4923 et
1223 4881 1290 4922 ex
1313 4873 1462 4922 motu
1494 4866 1883 4934 manifestatio,

285 4972 340 5020 et
382 4962 599 5034 quidem
651 4959 889 5017 natalis:
938 4959 1066 5033 quid
1109 4959 1253 5016 enim
1294 4958 1392 5015 Dei
1438 4958 1714 5030 nascitur,
1765 4956 1909 5016 cum'

283 5057 432 5114 Deus
452 5055 526 5111 sit
552 5053 862 5127 ingenitus?
890 5070 957 5110 an
985 5052 1118 5110 illud
1139 5051 1399 5109 credibile
1428 5062 1549 5121 est,
1577 5061 1671 5109 aut
1695 5053 1777 5110 fas
1797 5064 1881 5110 est

286 5150 503 5217 dicere,
528 5166 595 5207 ex
620 5150 788 5205 nihilo
818 5149 902 5206 vel
931 5158 1114 5205 natum
1145 5163 1267 5223 esse
1281 5146 1585 5216 Christum,
1618 5164 1783 5221 quem
1806 5148 1889 5204 di-

282 5244 465 5300 rimus
493 5243 589 5300 Dei
612 5243 817 5298 ﬁlium?
844 5242 1043 5314 quiest
1066 5241 1328 5298 Dominus
1353 5242 1673 5312 majestatis;
1703 5252 1757 5301 et
1783 5258 1891 5300 ea:-

292 5347 407 5397 tera
447 5354 570 5412 qua:
618 5353 779 5410 supra
830 5337 1065 5394 diximus
1112 5346 1166 5394 et
1187 5338 1239 5393 in
1261 5337 1380 5393 aliis
1415 5336 1587 5394 libris.
1619 5337 1735 5396 Hoc
1760 5353 1892 5395 vero

291 5446 571 5509 postremo
617 5432 839 5490 haeresis
885 5425 1015 5489 dici't
1061 5433 1146 5488 cui
1192 5432 1396 5489 similes
1441 5442 1498 5487 et
1541 5431 1631 5489 illa
1680 5443 1763 5489 est
1813 5432 1897 5489 vel

291 5544 417 5602 quae
459 5545 491 5585 a
530 5527 692 5584 Maria
726 5526 860 5583 dicit
902 5527 1135 5599 coepisse
1162 5525 1472 5595 Christum,
1515 5527 1600 5584 vel
1630 5543 1751 5600 quae
1788 5544 1895 5585 non

293 5624 472 5697 ipsum
488 5624 649 5699 Λόγον
677 5620 921 5680 induisse
952 5637 1192 5692 carnem,
1213 5620 1309 5677 sed
1334 5622 1696 5694 assumpsisse
1724 5622 1900 5678 homi-

294 5734 422 5777 nem
444 5762 459 5787 ,
502 5729 560 5775 ut
585 5733 707 5775 eum
741 5717 859 5791 ipse
884 5713 1045 5791 Λόγος
1084 5724 1325 5787 regeret,
1365 5723 1525 5785 atque
1545 5712 1650 5771 hoc
1676 5714 1899 5772 Marcel-

297 5813 422 5874 lus:
450 5812 594 5886 quod
619 5810 870 5886 superius
888 5819 1088 5879 autem,
1114 5808 1393 5867 Photinus.
1420 5806 1784 5867 Excludamus
1802 5808 1901 5884 igi-

1992 4665 2208 4723 cemodi
2262 4667 2406 4724 talia.
2477 4668 2716 4726 Primum
2770 4670 2932 4744 igitur
2970 4672 3102 4730 illud
3165 4673 3233 4732 de
3294 4676 3596 4735 substantia

1990 4761 2267 4819 videamus
2308 4779 2460 4819 :non
2524 4774 2610 4820 est
2661 4765 2713 4820 in
2769 4765 2882 4822 Deo
2944 4766 3279 4839 substantia,
3335 4786 3510 4841 neque
3541 4772 3597 4830 in

1991 4854 2209 4911 Christo
2249 4854 2378 4911 :An
2408 4871 2513 4913 non
2566 4866 2651 4914 est
2679 4857 2921 4914 lectum?
2967 4861 3012 4917 si
3050 4876 3157 4919 non
3201 4872 3315 4931 est,
3350 4873 3409 4920 ut
3434 4880 3598 4937 supra

1991 4947 2225 5005 diximus
2270 4950 2443 5021 :quia
2482 4949 2703 5006 omnino
2742 4966 2848 5007 non
2895 4961 3001 5019 est,
3039 4955 3118 5012 sic
3159 4956 3485 5029 accipimus;
3526 4973 3597 5016 an

1992 5044 2115 5116 quia
2152 5044 2372 5102 omnino
2409 5060 2571 5117 supra
2601 5046 2961 5104 substantiam
2993 5059 3107 5117 est,
3141 5052 3309 5110 Deum
3340 5069 3446 5108 non
3477 5068 3601 5111 esse

1994 5138 2154 5196 nobis
2202 5138 2354 5195 nefas
2413 5140 2598 5197 dicere
2651 5157 2665 5196 :
2722 5141 3023 5200 substantia
3099 5153 3183 5201 est
3252 5145 3398 5201 enim
3449 5144 3596 5217 quod

1995 5234 2139 5291 Deus
2160 5244 2275 5303 est,
2303 5234 2447 5308 quod
2473 5235 2693 5307 spiritus
2716 5277 2732 5303 ,
2763 5235 2907 5308 quod
2937 5236 3119 5294 lumen
3158 5246 3264 5295 est.
3309 5238 3418 5296 Cur
3451 5239 3597 5297 enim

1997 5329 2248 5386 addimus
2288 5338 2345 5386 et
2377 5345 2563 5387 verum
2609 5330 2834 5388 lumen?
2870 5330 3082 5387 Etenim
3108 5331 3162 5388 in
3193 5332 3388 5389 divinis
3413 5376 3429 5401 ,
3460 5343 3516 5390 et
3544 5334 3600 5391 in

2006 5423 2118 5482 Deo
2158 5425 2237 5481 sic
2275 5426 2601 5498 accipiemus
2644 5425 3030 5495 substantiam,
3071 5435 3130 5482 ut
3166 5427 3218 5482 in
3248 5428 3450 5509 hylieis
3480 5443 3605 5486 cor-

2005 5533 2135 5591 pora
2160 5559 2175 5585 ,
2213 5526 2269 5575 et
2297 5520 2349 5575 in
2382 5519 2754 5591 corporalibus
2784 5521 3043 5576 animum.
3091 5519 3219 5577 Haec
3244 5522 3389 5578 enim
3419 5532 3505 5580 est
3532 5524 3606 5584 ibi

2005 5614 2342 5684 substantia,
2394 5629 2516 5672 esse
2568 5630 2732 5687 supra
2786 5616 3142 5673 substantiam
3190 5635 3204 5673 :
3264 5618 3431 5676 Deum
3484 5636 3610 5681 esse

2006 5722 2198 5766 omnes
2237 5709 2476 5766 fatentur
2499 5724 2622 5767 cum
2648 5707 2721 5766 sit
2744 5710 2981 5781 potentia
3004 5710 3318 5769 substantia;
3341 5755 3357 5783 ,
3396 5724 3449 5771 et
3487 5715 3611 5775 ideo

2009 5819 2171 5878 supra
2218 5803 2575 5865 substantiam
2612 5813 2775 5880 atque
2801 5821 2869 5863 ex
2897 5804 3001 5864 hoc
3035 5805 3334 5868 substantia
3366 5827 3381 5867 :
3412 5811 3613 5877 ctenim
