4024 6306
510 206 641 269 t09l

1748 208 1944 268 MARII
1988 206 2020 265 ν
2034 194 2330 266 ICTORINI
2371 206 2531 268 AFRI

3659 210 3772 277 1093

511 330 764 400 potentiae
810 330 1117 389 inestcsse.
1162 329 1323 389 Certe
1359 330 1504 388 Dens
1530 328 1873 399 omnipotens
1904 336 2024 393 εει,
2054 337 2109 382 et
2138 320 2197 382 Δ
2219 334 2272 380 ιιι
2306 326 2533 396 primum
2574 339 2695 384 esse
2723 320 2793 383 sit
2818 322 2978 386 Deus.
3012 324 3207 386 Verum
3254 332 3375 402 quia
3423 340 3600 405 potest
3626 337 3770 408 accipi

508 439 736 495 quorum
765 424 918 496 origo
947 425 1032 481 vel
1056 440 1214 481 causa
1242 435 1326 481 est
1348 465 1364 491 ,
1390 423 1505 493 ipse
1552 422 1644 477 ille
1675 421 1854 476 omnia
1877 430 1959 477 est
1989 421 2101 476 vir—

512 527 623 573 tntc
678 518 889 573 scilicet
942 524 998 574 et
1049 518 1213 574 modo
1269 516 1538 589 quodam,
1604 514 1750 571 unde
1810 513 2012 570 dictum
2076 529 2107 568 a

508 608 673 664 Paulo
724 590 797 681 (Ἰ
838 608 960 665 Cor.
1006 626 1099 672 xv.
1141 609 1263 681 28)
1322 627 1335 664 :
1393 609 1460 665 Ut
1512 609 1578 663 sit
1639 608 1777 664 Deus
1834 607 2009 664 omnia
2055 608 2109 661 in

509 701 741 756 omnibus
768 717 786 755 :
813 717 941 773 ergo
968 711 1022 756 et
1049 700 1104 758 ὃν
1131 711 1243 771 est,
1280 711 1333 759 et
1366 701 1640 779 existens,
1690 711 1741 756 et
1768 701 2068 757 substantia
2091 740 2106 768 ,

509 810 627 863 quan
663 796 840 849 omnia
878 809 1002 850 cum
1041 795 1113 850 sit
1148 812 1161 849 :
1191 795 1314 865 quia
1357 809 1555 863 parens
1583 794 1825 847 omnium
1866 801 1985 857 εει,
2017 809 2112 861 po-

512 888 674 943 teutia
718 887 879 959 igitur
904 887 1082 944 omnia
1110 897 1212 942 est.
1244 888 1359 942 Non
1384 884 1741 942 dubitandum
1770 900 1904 957 ergo
1929 884 2111 940 dicere

510 983 863 1038 substantiam
915 984 1005 1039 Dei
1056 999 1070 1035 :
1122 982 1244 1053 quia
1293 996 1414 1036 cum
1469 996 1567 1036 nos
1616 982 1758 1036 circa
1802 984 1972 1051 prima
2027 977 2113 1033 vel

510 1092 717 1132 smuuta
752 1078 966 1147 proprie
995 1077 1158 1132 verba
1180 1074 1459 1139 deﬁciunt,
1485 1088 1592 1130 non
1636 1082 1873 1145 congrue
1893 1070 2113 1128 demum

510 1168 650 1246 apud
675 1185 770 1223 nos
792 1168 934 1241 quod
947 1169 1242 1225 convenire
1264 1168 1435 1239 possit
1456 1167 1825 1238 intelligentiae
1842 1175 2115 1238 aptamus,

512 1270 567 1316 ut
591 1261 710 1316 ltcic
737 1263 880 1333 quod
906 1271 1018 1325 est,
1053 1262 1164 1318 Deo
1185 1275 1306 1317 esse
1332 1303 1348 1328 ,
1375 1261 1643 1317 substanti
1679 1263 1804 1331 jure
1847 1259 2113 1316 dicamus.

510 1355 715 1412 Eodem
748 1360 910 1412 modo
932 1358 1264 1428 accipiamus
1291 1355 1567 1413 Christum
1612 1366 1667 1412 et
1691 1371 1813 1413 esse
1859 1356 2115 1413 substan-

512 1452 639 1505 tiam
659 1491 675 1516 ,
704 1459 759 1507 et
783 1451 851 1507 de
876 1460 1026 1522 patre
1051 1452 1169 1525 ejus
1195 1467 1318 1508 esse
1346 1452 1700 1509 substantiam
1726 1493 1742 1520 ,
1769 1452 1967 1524 quippe
1994 1466 2116 1505 cum

510 1546 582 1600 sit
607 1554 660 1601 et
688 1546 802 1615 ipse
830 1547 1010 1602 lumen
1030 1547 1099 1604 de
1121 1547 1353 1614 lumine,
1390 1546 1634 1611 Dcusde
1666 1549 1806 1612 Deo,
1858 1545 2116 1619 Spiritus,

512 1639 672 1713 Λόγος
704 1654 799 1709 per
819 1654 980 1711 quem
1014 1640 1148 1696 facta
1180 1648 1307 1696 sunt
1331 1640 1534 1696 omnia.
1568 1640 1639 1696 Et
1665 1655 1787 1695 cum
1817 1641 1885 1695 sit
1906 1639 1978 1694 ita
1999 1680 2015 1706 ,
2062 1646 2120 1694 ut

2212 434 2334 474 esse
2362 435 2467 474 nou
2497 429 2685 491 aperte
2711 421 2837 490 quid
2891 423 2962 477 sit
3006 422 3133 478 illttd
3161 438 3282 479 esse
3303 467 3318 491 ,
3347 425 3389 478 si
3415 425 3525 496 jam
3550 441 3771 498 compre-

2215 512 2482 571 bensibile
2503 515 2601 570 erit
2629 557 2645 583 ,
2675 512 2728 571 ὃν
2753 516 2969 583 dicitur,
3001 517 3050 572 id
3081 528 3196 585 est,
3225 519 3393 574 forma
3445 520 3681 592 quasdam
3729 521 3774 579 in

2215 608 2456 663 notitiam
2486 608 2737 669 veniens.
2769 610 2911 676 quod
2937 612 3042 667 tale
3068 628 3188 668 esse
3225 608 3335 683 jam
3386 609 3435 669 ὂν
3489 623 3545 670 ει
3585 614 3777 691 tingit,-

2214 700 2431 769 dicitur,
2478 707 2652 758 omnis
2697 704 2914 780 ὕπαρξις
2956 704 3117 761 ιιτιὶιυι
3165 706 3309 777 quod
3339 716 3420 763 est
3459 722 3613 773 esse;
3658 707 3779 779 quod

2214 803 2392 849 autem
2419 804 2501 851 est
2531 812 2649 851 csso
2670 839 2684 861 ,
2715 814 2819 852 non
2845 799 3101 854 continuo
3123 803 3208 855 καὶ
3232 799 3449 877 ὕπαρξις
3476 808 3581 865 εει,
3633 814 3781 871 neque

2216 889 2287 956 ὃν,
2321 892 2420 946 nisi
2456 892 2850 963 potentialiter,
2882 908 2989 950 non
3019 895 3072 948 in
3101 895 3386 951 manifesto
3412 904 3470 950 ut
3494 892 3547 949 ὃν
3577 894 3776 964 dicatur,

2217 996 2298 1040 est
2326 986 2467 1040 enim
2497 981 2550 1042 ὂν
2574 986 2741 1057 ﬁgura
2768 988 3012 1057 quaedam
3047 987 3335 1043 formatum
3379 987 3510 1043 illud
3560 988 3692 1059 quod
3717 996 3784 1044 est

2218 1094 2360 1147 esse,
2380 1080 2522 1152 quod
2553 1091 2734 1137 tanten
2762 1098 2954 1154 purum
2982 1091 3106 1137 tunc
3137 1098 3325 1153 purum
3353 1083 3664 1153 intelligitur
3683 1095 3782 1138 cum

2218 1172 2534 1246 intelligitur
2576 1175 2687 1246 jam
2739 1175 3027 1231 formatum
3054 1190 3069 1228 :
3101 1176 3269 1231 forma
3301 1174 3445 1232 enim
3476 1174 3783 1231 intellectum

2227 1269 2542 1339 ingenerat,
2568 1269 2852 1325 manifeste
2881 1269 3192 1340 pronuntiat
3235 1268 3376 1324 aliud
3404 1284 3527 1325 esse
3556 1268 3755 1323 formam
3774 1308 3788 1333 ,

2219 1361 2361 1418 aliud
2409 1360 2550 1433 quod
2604 1361 2892 1417 formatum
2939 1370 3041 1417 est.
3095 1361 3251 1430 Quod
3301 1369 3478 1417 autem
3537 1363 3788 1416 formatum

2222 1465 2342 1523 εει,
2372 1457 2476 1512 boc
2502 1465 2579 1511 est
2607 1470 2729 1512 esse
2763 1474 2776 1510 :
2813 1455 2983 1511 forma
3012 1438 3139 1512 vero
3163 1464 3279 1521 est,
3314 1470 3434 1525 qua:
3454 1453 3674 1526 intelligi
3692 1452 3794 1510 iacit

2224 1547 2355 1604 illud
2376 1548 2514 1619 quod
2542 1559 2789 1605 estesse.
2827 1549 2938 1604 lloc
2964 1563 3093 1619 ergo
3118 1548 3258 1620 quod
3285 1557 3369 1605 est
3393 1563 3518 1603 esse
3537 1588 3552 1612 ,
3594 1546 3699 1602 Deo
3719 1546 3794 1602 da-

2226 1658 2379 1711 mns,
2412 1642 2641 1699 formam
2672 1653 2851 1699 autem
2882 1642 3128 1711 Christo,
3154 1643 3278 1713 quia
3306 1658 3403 1714 pcr
3430 1643 3596 1698 lilium
3625 1656 3795 1713 cogno-

517 1748 689 1802 usque
715 1732 782 1788 ad
812 1734 1127 1806 mysterium
1154 1734 1440 1804 corporale
1483 1733 1784 1790 subatantia
1810 1746 1904 1787 sna
1935 1733 2123 1788 venire
2152 1717 2204 1781 Β
2229 1740 2397 1794 scitur
2427 1746 2599 1807 pater,
2627 1737 2677 1793 id
2709 1748 2811 1805 est,
2848 1753 2947 1809 per
2984 1738 3211 1792 formam
3231 1781 3245 1803 ,
3285 1737 3427 1808 quod
3453 1746 3539 1793 est
3588 1750 3729 1799 esse;
3755 1742 3798 1789 et

522 1828 787 1892 voluerit,
839 1827 907 1885 de
948 1841 1057 1899 quo
1104 1829 1307 1882 dictum
1359 1828 1426 1885 ab
1469 1827 1733 1898 Apostolo
1778 1824 2016 1897 (Cotoss.
2064 1840 2122 1889 ιι,

513 1920 570 1986 8,
601 1920 657 1991 9)
693 1938 705 1974 :
740 1919 803 1975 Et
845 1934 945 1976 non
980 1921 1257 1976 secundum
1296 1920 1557 1976 Christum
1586 1935 1606 1975 :
1630 1921 1749 1991 quia
1776 1920 1829 1974 in
1867 1921 1959 1974 illo
1981 1919 2127 1973 habi-

517 2022 590 2067 tat
620 2015 784 2069 oumis
821 2014 1086 2087 plenitudo
1138 2015 1422 2069 divinitatis
1475 2015 1811 2087 corporaliter
1855 2013 1995 2085 quod
2042 2021 2128 2068 est

517 2108 811 2174 obstantia;
858 2109 996 2163 Dens
1044 2107 1186 2163 enim
1229 2108 1497 2179 potentia,
1540 2117 1596 2162 ει
1638 2106 1799 2181 Λόγος
1845 2106 2029 2167 actio.
2072 2105 2125 2160 in

519 2210 751 2273 utroque
780 2212 1065 2271 utrumque
1095 2218 1109 2255 :
1144 2216 1268 2256 nam
1297 2209 1351 2257 et
1378 2202 1613 2271 potentia
1641 2200 1783 2270 quod
1804 2206 1980 2269 potest
2004 2211 2127 2255 esse

516 2304 637 2361 est,
686 2306 738 2350 et
780 2295 922 2366 quod
969 2305 1081 2365 est,
1127 2305 1306 2368 potest
1333 2309 1475 2351 esse.
1514 2294 1630 2365 Ipsa
1672 2296 1834 2367 igitur
1885 2293 2123 2364 potentia

517 2391 657 2446 actio
677 2402 756 2448 εει
783 2432 799 2457 ,
848 2400 904 2447 et
952 2392 1063 2462 ipsa
1094 2392 1233 2446 actio
1263 2392 1520 2461 potentia.
1554 2388 1712 2446 Actio
1768 2397 1851 2446 est
1892 2403 2024 2460 ergo
2071 2397 2127 2446 et

521 2492 695 2552 pater.
726 2485 834 2556 agit
860 2494 915 2540 et
945 2485 1085 2540 ﬁlius
1107 2526 1121 2549 ,
1145 2484 1257 2557 agit
1286 2492 1339 2539 et
1384 2493 1539 2554 pater
1570 2502 1583 2538 :
1610 2483 1733 2539 ideo
1777 2493 1948 2555 pater,
2001 2485 2126 2555 quia

518 2579 760 2650 potentia
800 2578 967 2649 gignit
993 2579 1262 2634 actionem
1298 2594 1312 2634 :
1345 2588 1400 2635 et
1430 2579 1553 2635 ideo
1581 2577 1724 2633 filius
1776 2578 1959 2646 actio;
2000 2579 2124 2648 quia

517 2670 658 2728 aetio
686 2686 751 2728 ex
787 2672 1022 2741 potentia
1049 2689 1061 2727 :
1089 2688 1217 2744 ergo
1243 2682 1296 2729 et
1320 2683 1473 2743 pater
1517 2672 1572 2728 in
1612 2672 1757 2735 lilio,
1804 2682 1857 2728 et
1883 2672 2022 2728 filius
2071 2674 2127 2728 iu

520 2775 702 2834 patre,
740 2764 834 2822 sed
876 2776 1165 2837 utrumque
1193 2767 1244 2821 iu
1275 2766 1531 2837 singulis,
1584 2774 1641 2823 et
1692 2766 1894 2822 idcirco
1936 2782 2120 2823 unum.

519 2858 634 2913 Duo
673 2869 853 2916 autem
878 2902 895 2927 ,
935 2860 1059 2930 quia
1099 2877 1208 2932 quo
1244 2862 1416 2934 magis
1460 2872 1573 2927 est,
1614 2862 1666 2917 id
1693 2862 1924 2918 alterum
1957 2877 2125 2933 appa.

517 2960 601 3008 ret
633 2969 645 3004 :
676 2954 845 3024 magis
873 2962 1049 3009 autem
1081 2964 1233 3024 pater
1262 2954 1497 3026 potentia
1524 2994 1540 3022 ,
1583 2961 1639 3011 et
1675 2956 1816 3010 actio
1845 2954 2025 3022 filius;
2072 2961 2128 3011 et

519 3045 720 3103 idcirco
749 3046 873 3117 quia
916 3048 1086 3119 magis
1128 3049 1304 3118 actio,
1348 3050 1519 3120 magis
1561 3058 1742 3105 autem
1782 3049 1924 3105 actio
1950 3089 1964 3114 ,
2000 3048 2123 3118 quia

2230 1833 2351 1889 beic
2380 1834 2582 1889 dictum
2608 1841 2691 1890 est
2713 1832 2893 1901 (Joan.
2920 1849 3026 1898 xlv,
3054 1832 3110 1903 9)
3140 1850 3154 1887 :
3189 1831 3293 1898 Qui
3322 1849 3401 1887 me
3453 1831 3610 1897 vidit,
3634 1830 3743 1885 sidit
3763 1837 3798 1884 tt

2229 1937 2445 1997 patrem.
2499 1927 2591 1983 Est
2643 1941 2773 1999 ergo
2800 1936 2855 1982 et
2883 1927 3023 1983 Deus
3049 1927 3292 2003 ὕπαρξις,
3319 1935 3371 1982 ει
3397 1924 3640 1982 Christus
3660 1924 3799 1998 ὕπαρ·

2227 2021 2338 2086 ξις;
2370 2020 2594 2098 ὕπαρξις
2624 2020 2773 2075 enim
2802 2035 2923 2074 cum
2974 2019 3144 2074 forma
3175 2017 3318 2090 quod
3342 2027 3428 2075 εει
3449 2032 3601 2081 esse,
3628 2024 3679 2072 et
3703 2014 3801 2086 quia

2227 2129 2445 2187 semper
2469 2113 2630 2170 simul
2660 2121 2784 2169 Sunt
2805 2154 2822 2181 ,
2851 2119 2907 2169 et
2935 2112 3103 2168 forma
3132 2124 3253 2168 esse
3275 2121 3390 2179 εει,
3420 2119 3478 2167 ει
3515 2111 3680 2180 ipsum
3707 2121 3803 2164 esse

2231 2208 2404 2262 forma
2426 2250 2441 2274 ,
2472 2206 2627 2285 unde,
2645 2214 2799 2277 pater
2856 2204 2907 2260 in
2969 2203 3113 2273 filio,
3146 2213 3202 2260 ει
3233 2203 3375 2258 filius
3402 2202 3460 2257 in
3489 2210 3636 2273 patre
3686 2217 3699 2255 :
3738 2205 3804 2255 est

2226 2303 2370 2357 enim
2397 2317 2519 2358 esse
2541 2309 2592 2356 ct
2624 2301 2676 2355 in
2706 2308 2859 2369 patre
2883 2343 2897 2367 ,
2929 2299 3073 2372 quod
3104 2306 3187 2355 est
3221 2297 3496 2369 potentia,
3526 2295 3661 2370 quod
3686 2295 3804 2367 prius

2227 2402 2314 2449 est
2344 2393 2411 2449 ab
2439 2407 2506 2449 co
2536 2392 2676 2463 quod
2704 2403 2789 2449 est
2819 2391 3018 2448 forma.
3048 2391 3143 2448 Est
3182 2391 3310 2447 item
3340 2405 3537 2446 rursus
3564 2399 3618 2447 ct
3642 2390 3690 2445 in
3714 2388 3800 2443 lilio

2226 2501 2350 2544 esse
2370 2503 2384 2553 ;
2408 2486 2501 2541 sed
2533 2486 2707 2553 istud,
2742 2485 2883 2557 quod
2914 2494 2998 2541 est
3023 2500 3146 2541 esse
3168 2485 3453 2555 proprium
3485 2499 3515 2537 a
3542 2495 3685 2554 patre
3726 2480 3799 2533 ba-

2230 2574 2348 2648 bct,
2382 2588 2439 2633 nt
2464 2580 2533 2633 sit
2557 2579 2633 2633 illi
2660 2578 2886 2633 formam
2918 2592 3074 2642 esse;
3109 2579 3245 2633 alter
3274 2591 3402 2647 ergo
3437 2577 3492 2630 in
3517 2575 3713 2640 altero,
3762 2580 3804 2629 ct

2229 2673 2390 2727 ambo
2419 2687 2605 2726 unum.
2638 2671 2777 2742 Ergo
2803 2666 2856 2726 ὂν
2887 2671 3046 2739 Deus,
3076 2666 3129 2725 ὃν
3158 2670 3317 2737 filius,
3341 2668 3392 2724 id
3428 2679 3517 2724 εει
3547 2670 3681 2723 enim
3701 2666 3804 2724 τὸὸν

2228 2780 2352 2821 esse
2378 2780 2499 2821 cum
2533 2766 2702 2821 forma
2725 2786 2736 2820 :
2762 2764 3077 2821 omneenim
3104 2764 3245 2835 quod
3273 2774 3353 2820 est
3374 2761 3430 2819 ὃν
3458 2778 3598 2833 e-se,
3622 2769 3803 2818 cstcum

2230 2857 2401 2914 forma
2429 2858 2560 2914 :boc
2582 2868 2637 2915 et
2663 2859 2950 2915 existentia
2969 2857 3167 2913 dicitur
3194 2865 3247 2913 et
3266 2857 3565 2913 substantia
3590 2865 3643 2913 et
3664 2854 3803 2910 subsi-

2228 2953 2445 3018 stentia,
2477 2952 2619 3024 quod
2649 2952 2793 3007 enim
2824 2946 2996 3018 ὃνεει,
3025 2961 3079 3006 ει
3100 2950 3284 3007 existit
3312 2960 3365 3004 ει
3390 2950 3687 3020 subjectum
3721 2953 3800 3001 est.

2229 3043 2343 3100 lloc
2370 3055 2546 3101 autem
2570 3054 2653 3102 est
2683 3044 2827 3117 quod
2856 3057 3076 3127 estesse
3104 3045 3224 3101 sine
3248 3059 3502 3101 conuexo
3545 3043 3670 3105 ullo,
3688 3038 3801 3113 quod

520 3136 653 3194 foris
676 3138 837 3193 actio.
893 3118 1023 3194 Hoc
1053 3140 1102 3196 si
1126 3142 1194 3195 ita
1250 3148 1374 3207 est,
1414 3118 1469 3198 et
1512 3141 1814 3196 substantia
1863 3152 2018 3212 pater
2063 3148 2120 3197 et
2144 3118 2192 3185 C
2224 3140 2455 3211 simplex
2511 3148 2631 3205 est,
2688 3139 2828 3211 quod
2860 3122 3061 3205 unum;
3092 3138 3430 3194 manifestior
3466 3138 3625 3210 igitur
3660 3132 3801 3191 subsi-

522 3229 697 3298 filius,
728 3240 783 3287 et
810 3248 914 3287 una
951 3233 1282 3299 substantia,
1315 3244 1369 3289 et
1398 3233 1467 3289 de
1497 3244 1650 3304 patre
1697 3236 1995 3290 substantia
2017 3276 2033 3301 ,
2070 3243 2126 3290 et

521 3326 679 3383 simul
709 3326 1006 3383 substantia
1027 3367 1044 3394 ,
1067 3336 1122 3382 et
1142 3342 1358 3399 semper
1380 3338 1434 3384 ει
1463 3344 1533 3385 ex
1562 3337 1768 3384 aeterno
1795 3328 1952 3384 simul
1973 3339 2125 3398 pater

521 3429 578 3476 ct
636 3421 810 3486 filius,
870 3420 1060 3476 eadem
1125 3421 1395 3492 simulque
1454 3420 1789 3498 substantia,
1842 3421 1944 3478 hoc
2000 3429 2123 3486 est,

523 3511 810 3587 ὁμοούσιον.
843 3513 925 3571 Au
965 3527 1069 3570 una
1108 3523 1193 3570 est
1224 3514 1419 3571 lectum
1452 3516 1504 3570 iu
1552 3515 1848 3587 Scripturis
1892 3514 2128 3570 divinis?

522 3606 761 3662 Prinmm
791 3608 881 3677 qui
914 3610 1013 3663 hoc
1042 3617 1220 3680 negat,
1249 3624 1365 3665 rem
1396 3607 1595 3665 fatetur
1617 3651 1631 3674 ,
1687 3610 1781 3667 sed
1834 3611 2128 3680 Scriptum

523 3701 715 3771 quaerit
758 3701 1155 3767 auctoritatem.
1193 3702 1476 3771 Quomodo
1518 3713 1700 3759 autem
1732 3718 1837 3759 non
1886 3703 2125 3774 iniquum

520 3803 637 3860 cst,
681 3793 803 3850 ideo
840 3810 954 3850 rem
993 3812 1099 3851 non
1141 3795 1458 3865 admittere,
1497 3797 1620 3868 quia
1656 3797 1894 3869 majores
1930 3800 2129 3854 omise-

524 3889 668 3955 rint,
701 3888 882 3959 aliqua
930 3889 1157 3946 fortasse
1188 3905 1354 3957 casu,
1386 3890 1468 3947 vel
1519 3905 1682 3946 causa
1709 3933 1723 3959 ,
1756 3898 1880 3946 cum
1919 3896 2129 3949 ratione

525 3976 794 4038 vincaris?
825 3996 1010 4037 verum
1043 3982 1167 4054 quid
1193 3983 1389 4039 lectum
1419 3995 1615 4056 negant
1652 3985 2033 4040 substantiam?
2060 4001 2129 4041 an

526 4076 594 4133 de
634 4077 743 4132 Deo
768 4085 825 4131 et
862 4074 1080 4132 Cbristo
1114 4078 1506 4134 substantiam?
1528 4096 1595 4133 an
1627 4078 1893 4152 ὁμοούσισν
1928 4079 2129 4150 ipsum?

528 4171 602 4227 De
632 4171 740 4227 Deo
763 4181 817 4228 et
842 4168 1059 4227 Christo
1080 4171 1378 4228 substantia
1402 4172 1536 4228 lecta
1566 4183 1671 4227 est.
1689 4174 1761 4227 lto
1781 4175 1889 4227 Deo
1914 4174 2049 4228 lecta
2076 4171 2128 4227 in

528 4264 786 4335 pmpbeta
840 4262 1106 4320 Hieremia
1137 4263 1271 4338 (λεν,
1325 4280 1474 4332 χχιιι,
1508 4265 1595 4328 l8,
1648 4281 1751 4319 sec.
1798 4264 1927 4336 uta)
1956 4281 1969 4317 :
2002 4262 2129 4330 Quis

526 4357 660 4414 stetit
681 4358 734 4412 in
761 4356 1044 4412 substantia
1073 4357 1282 4412 Domini
1300 4398 1316 4423 ,
1347 4367 1394 4413 et
1444 4358 1568 4411 uidit
1605 4356 1810 4411 verbum
1831 4357 1981 4425 ejus?
2016 4355 2130 4424 quis

530 4449 747 4520 prtrbatit
797 4466 1006 4512 aurem,
1034 4457 1083 4505 et
1124 4450 1323 4504 audivit
1352 4449 1377 4504 ?
1404 4448 1534 4505 ltem
1579 4449 1737 4519 paulo
1796 4458 1917 4519 post
1957 4446 2125 4519 (Ibid.

2226 3235 2423 3290 stontia
2444 3242 2557 3300 est,
2582 3242 2637 3291 et
2662 3236 2947 3290 existentia
2977 3245 3080 3301 εει,
3114 3245 3165 3290 ει
3204 3234 3505 3289 substantia
3534 3232 3730 3288 dicitur.
3756 3227 3800 3284 Si

2227 3344 2357 3399 ergo
2387 3328 2584 3385 dicitur
2614 3328 2681 3384 de
2706 3329 2815 3385 Deo
2836 3328 3204 3394 subsistentia,
3230 3328 3403 3399 magis
3426 3327 3498 3384 de
3522 3328 3627 3383 Deo
3645 3325 3800 3382 dicitur

2227 3423 2556 3491 substantia,
2589 3431 2646 3478 ct
2674 3422 2841 3494 magis
2874 3423 2971 3477 ista
2997 3464 3011 3490 ,
3044 3423 3298 3492 quoniam
3327 3421 3632 3492 subjectum
3660 3415 3798 3488 signi-

2230 3516 2352 3571 llcat
2369 3559 2383 3579 .
2411 3525 2464 3571 ει
2493 3516 2788 3587 principale
2810 3516 2952 3587 quod
2976 3515 3232 3572 convenit
3262 3516 3389 3571 Dco.
3416 3514 3541 3570 Non
3567 3515 3635 3569 sit
3657 3520 3800 3566 autem

2229 3610 2531 3679 subjectum
2557 3611 2698 3666 sicut
2727 3611 2778 3665 in
2812 3609 3014 3666 mundo
3040 3609 3348 3667 substantia
3369 3651 3384 3678 ,
3434 3609 3535 3665 sed
3565 3605 3695 3679 quod
3721 3604 3798 3659 bo-

2231 3704 2475 3757 noratius
2516 3711 2570 3758 ct
2612 3703 2884 3774 antiquius
2915 3711 2969 3758 et
2998 3703 3297 3758 secundum
3329 3700 3542 3758 fontem
3574 3695 3798 3755 universi

2233 3796 2376 3852 tatis.
2408 3795 2608 3855 Verum
2666 3796 2809 3867 quod
2839 3807 2921 3852 est
2959 3811 3079 3851 esse
3104 3838 3117 3862 ,
3148 3795 3289 3867 quod
3318 3803 3544 3865 praestat
3570 3794 3698 3849 Deus
3735 3787 3800 3842 his

2230 3903 2353 3957 quae
2423 3897 2585 3955 sunt,
2636 3897 2695 3943 ιιι
2739 3887 3161 3960 unumquodque
3204 3887 3275 3942 sit
3330 3887 3609 3961 ὁμοούσιος
3650 3901 3662 3936 :
3701 3892 3802 3951 θιῈο

2230 3995 2352 4037 εεεε
2379 3981 2606 4038 formam
2638 3983 2873 4049 babens,
2905 3992 2961 4040 et
2989 3982 3221 4053 primum
3250 3981 3423 4038 solum
3450 3998 3634 4039 verum
3660 3990 3797 4051 :quo:

2234 4077 2376 4130 niam
2405 4076 2548 4148 quod
2577 4086 2662 4133 est
2689 4078 2817 4134 illud
2845 4092 2967 4134 esse
2998 4093 3191 4149 purum
3214 4087 3329 4143 est,
3361 4075 3469 4131 hoc
3498 4076 3659 4148 magis
3683 4072 3796 4128 sub-

2231 4173 2427 4225 stantia
2456 4179 2560 4226 est.
2588 4170 2852 4238 Quoniam
2882 4179 3060 4227 autem
3091 4185 3279 4226 rursus
3309 4179 3361 4226 et
3385 4170 3562 4225 forma
3585 4176 3795 4227 estesse.

2233 4277 2288 4317 et
2312 4264 2424 4334 ipsa
2455 4264 2755 4319 substantia
2797 4274 2915 4332 est,
2963 4264 3057 4321 sed
3090 4262 3194 4318 hoc
3241 4259 3544 4326 ὑπόστασις
3593 4256 3795 4315 dicitur:

2228 4359 2341 4429 jam
2370 4359 2513 4414 enim
2543 4357 2832 4415 formatum
2855 4374 2978 4415 esse
3024 4358 3330 4412 substantia
3387 4366 3504 4422 est,
3553 4356 3796 4410 formatum

2236 4462 2414 4509 autem
2441 4468 2563 4508 esse
2584 4462 2669 4508 est
2696 4452 2836 4508 Deus
2854 4492 2871 4521 ,
2899 4451 3044 4524 quod
3075 4454 3217 4507 Deus
3246 4460 3332 4505 est
3351 4491 3366 4517 ,
3395 4459 3448 4506 et
3480 4458 3646 4520 pater,
3667 4442 3792 4498 sicet

528 4541 622 4613 22)
654 4560 668 4597 :
700 4539 765 4595 Et
801 4543 847 4597 si
872 4542 1125 4597 stetissent
1176 4542 1232 4596 in
1256 4541 1568 4607 substantia,
1603 4553 1651 4596 et
1685 4541 1945 4597 audissent
1972 4541 2131 4596 verba
2152 4520 2208 4583 Ῑ)
2236 4545 2376 4602 filius
2396 4588 2410 4610 ,
2440 4545 2587 4618 quod
2616 4543 2760 4621 λόγος
2785 4556 2840 4602 ει
2863 4520 3022 4601 ﬁlius.
3050 4542 3406 4600 Subsistentia
3463 4557 3595 4614 ergo
3620 4534 3796 4609 proprie

531 4652 663 4690 mea.
694 4636 822 4692 ltcm
871 4637 1006 4693 lecta
1055 4637 1352 4693 substantia
1403 4635 1545 4707 aliud
1600 4636 1916 4706 prophetam
1960 4635 2129 4691 David

532 4725 756 4796 (Psalm.
787 4744 1048 4797 cxxxvut,
1077 4729 1167 4803 15)
1202 4746 1215 4783 :
1246 4728 1313 4784 Et
1342 4729 1626 4785 substantia
1654 4746 1764 4784 mea
1786 4731 1839 4784 in
1860 4729 2126 4797 inferiori.

531 4822 624 4876 bus
653 4833 817 4876 terraz.
848 4822 1072 4880 Lectum
1095 4824 1234 4895 apud
1256 4824 1477 4881 Paulum
1502 4825 1566 4878 ad
1592 4824 1848 4880 Hebraros
1872 4823 1940 4881 de
1967 4825 2129 4879 (ibri-

530 4916 660 4990 sto(
694 4916 849 4973 Hebr.
882 4934 918 4986 ι,
948 4919 1044 4989 5);
1082 4918 1182 4986 Qui
1221 4929 1294 4975 est
1345 4921 1609 4975 character
1659 4919 1955 4975 substantia:
1995 4921 2127 4984 eius.

535 5010 672 5068 Sunt
714 5020 770 5066 et
794 5012 897 5065 alia
924 5012 1201 5081 exempla,
1232 5028 1417 5069 verum
1450 5014 1565 5069 limo
1593 5013 1846 5071 sufficere
1874 5014 2123 5070 arbitror.

607 5103 694 5161 IV.
741 5102 815 5160 At
856 5106 1001 5160 enim
1048 5104 1188 5175 apud
1232 5105 1450 5162 Grazcos
1491 5110 1664 5177 posita
1689 5120 1775 5187 εει
1808 5107 2126 5175 ὑπόστασις,

535 5217 640 5258 uou
671 5203 840 5259 οὐσία.
872 5199 1165 5257 Videamus
1212 5200 1343 5272 quid
1391 5201 1623 5257 intersit.
1662 5214 1802 5260 οντα
1846 5205 2132 5259 nominant

534 5294 707 5352 Graeci
741 5305 846 5351 tam
875 5310 938 5351 ea
969 5310 1091 5365 quas
1119 5302 1248 5350 sunt
1275 5294 1329 5348 in
1358 5294 1611 5359 aeternis,
1646 5311 1808 5367 quam
1839 5312 1901 5352 ea
1932 5312 2055 5367 qua:
2076 5296 2130 5352 in

535 5389 739 5445 mundo
784 5398 947 5460 atque
997 5388 1272 5445 terrenis:
1309 5387 1361 5443 iu
1403 5389 1621 5443 aeternis
1666 5390 1825 5460 igitur
1852 5390 1997 5446 Deus
2046 5397 2132 5447 est

535 5482 908 5553 omnipotens,
948 5497 1107 5539 causa
1142 5482 1417 5547 omnium;
1462 5490 1514 5537 et
1561 5482 1679 5538 [θιιε
1722 5492 1776 5539 ει
1830 5484 1983 5554 origo
2011 5498 2129 5540 om-

537 5578 684 5631 nium
715 5592 833 5645 quae
854 5587 975 5630 sunt
997 5617 1013 5644 ,
1032 5575 1085 5631 id
1111 5585 1194 5631 est
1221 5583 1323 5634 τῶν
1348 5572 1502 5633 ὄντων
1528 5577 1749 5632 πάντων.
1783 5574 1919 5644 Quid
1968 5576 2131 5646 igitur

538 5667 729 5724 damus
778 5669 923 5723 Deo?
972 5669 1074 5725 boc
1101 5667 1246 5740 quod
1266 5678 1352 5724 est
1379 5683 1502 5725 esse
1521 5709 1538 5734 ,
1567 5683 1635 5725 an
1661 5667 1915 5723 omnibus
1938 5667 2133 5724 damus

541 5774 662 5815 csse
683 5802 698 5828 ,
727 5759 797 5815 do
817 5802 830 5826 ,
861 5777 964 5818 non
986 5761 1215 5819 damus?
1240 5761 1503 5834 Equidem
1550 5762 1688 5819 ratio
1733 5760 1812 5818 sic
1842 5775 1901 5818 se
1929 5760 2115 5831 habet,

2233 4638 2432 4693 dicitur
2481 4639 2548 4693 de
2598 4638 2860 4693 ambobus
2881 4677 2896 4700 ,
2924 4637 3067 4708 quod
3092 4645 3174 4692 est
3198 4635 3504 4707 substantia
3540 4652 3552 4686 :
3582 4627 3794 4703 quorum

2234 4732 2376 4802 quod
2408 4740 2491 4788 est
2516 4747 2637 4788 esse
2663 4733 2989 4803 principale,
3020 4746 3142 4786 cum
3176 4728 3347 4785 forma
3373 4726 3663 4784 substantia
3687 4718 3796 4776 dici-

2236 4833 2341 4879 tur.
2378 4824 2503 4880 Hacc
2529 4834 2705 4879 autem
2734 4835 2789 4879 et
2816 4824 3117 4878 substantia
3138 4821 3355 4888 dicitur,
3388 4833 3456 4876 et.
3474 4821 3593 4876 ideo
3626 4817 3790 4872 dictum

2235 4927 2353 4985 est,
2385 4920 2452 4975 de
2499 4932 2600 4973 una
2631 4918 2937 4973 substantia
2988 4927 3097 4972 tros
3148 4915 3529 4972 subsistentias
3562 4925 3707 4971 esse.
3748 4912 3791 4958 ιιι

2237 5013 2410 5084 ipsum
2444 5012 2586 5083 quod
2608 5022 2691 5067 est
2715 5026 2839 5067 esse
2864 5010 3123 5067 subsistat
3157 5008 3461 5079 tripliciter,
3488 5008 3602 5077 ipse
3644 5003 3786 5063 Deus,

2230 5117 2285 5162 et
2310 5105 2588 5173 Cbrisms,
2619 5104 2673 5160 id
2701 5112 2786 5162 est
2819 5105 2985 5181 Λόονες
3039 5114 3094 5159 ει
3129 5101 3360 5174 Spiritus
3412 5110 3643 5158 sanctus.
3677 5093 3787 5162 Εινεο

2232 5199 2523 5260 ὑπόστασις
2546 5197 2670 5269 jure
2695 5197 2808 5253 Deo
2836 5196 3138 5266 daturjure
3167 5195 3337 5270 Λόγῳ,
3370 5194 3423 5249 id
3452 5202 3564 5261 est,
3594 5185 3713 5261 μιιί
3744 5188 3787 5236 θ(

2184 5326 2191 5329 -
2240 5292 2373 5349 tilio.
2402 5291 2460 5348 Id
2489 5302 2669 5349 autem
2703 5291 2876 5347 Latini
2899 5288 3257 5367 substantiam
3281 5288 3503 5352 dicunt,
3540 5283 3654 5357 quia
3677 5274 3785 5334 dixi-

2241 5399 2362 5441 mus
2390 5394 2444 5441 et
2470 5383 2823 5441 substantiam
2847 5383 2953 5440 dici
2976 5398 3170 5455 posse,
3195 5381 3404 5438 scilicet
3453 5380 3505 5435 id
3543 5373 3674 5449 quod
3693 5379 3787 5426 esst

2239 5489 2359 5547 εει,
2390 5480 2560 5551 magis
2588 5480 2877 5536 formatum
2907 5492 3050 5536 esse.
3073 5478 3208 5546 Qua:
3237 5488 3361 5532 cum
3404 5477 3473 5532 ita
3495 5477 3599 5531 sint
3621 5513 3634 5534 .
3676 5469 3784 5522 lect!

2239 5585 2319 5634 est
2341 5576 2651 5641 ὑπόστασις,
2677 5575 2791 5631 haec
2812 5582 2993 5631 autem
3005 5585 3091 5631 est
3110 5576 3285 5642 οὐσίαι,
3296 5572 3440 5628 sicut
3459 5564 3781 5643 probavi-us.

2314 5670 2377 5724 ν.
2401 5669 2554 5726 Nunc
2570 5668 2852 5725 videamus
2870 5677 3049 5724 uta-um
3077 5667 3175 5733 ibi,
3203 5665 3292 5721 ubi
3324 5665 3567 5736 legimus,
3586 5653 3711 5715 aliud
3725 5647 3784 5705 si-

2276 5764 2476 5831 nitieet,
2500 5761 2799 5829 ὖπόστασις
2829 5778 2990 5835 quam
3023 5764 3193 5821 οὐσία.
3221 5759 3373 5819 Multi
3398 5759 3540 5816 enim
3560 5748 3788 5813 αιίιηκιι
