4024 6306
228 290 364 345 10Ἶὸ

1400 287 1766 345 Αογιιιιευε
1804 283 2021 342 ABIUM
2060 283 2266 342 LIBER
2299 280 2368 342 Il.

3383 290 3520 348 ιοθι

224 403 406 471 copias
429 411 588 474 alque
619 403 857 458 fortunas
883 402 1166 471 significari
1187 403 1290 460 hoc
1315 406 1496 470 verbo,
1522 404 1818 468 ὑπόστασις
1848 422 1898 480 Α
1923 403 2113 474 gistis?
2143 420 2208 459 an
2235 403 2385 459 vobis
2413 403 2538 459 licet
2569 404 2646 460 sic
2668 403 2868 472 dicere,
2895 404 3034 462 unde
3064 408 3231 479 magis
3254 407 3524 483 ὁμοούσιον

223 495 460 559 scilicet;
494 495 588 549 sed
630 496 672 550 si
705 495 838 550 dixit
871 513 884 550 :
921 495 983 551 Si
1023 497 1270 551 stetissent
1310 499 1361 552 in
1391 499 1682 554 ὑποστάσει
1713 497 1817 551 Do-

225 589 349 643 mini
375 632 389 655 ,
418 589 656 645 vidissent
687 587 904 646 Verbum
921 594 1030 664 ejus
1053 589 1186 664 (Jer.
1208 607 1360 660 χχιιι,
1388 593 1490 660 2‘2,
1525 611 1624 648 sec.
1663 592 1813 664 Lxx).

223 683 374 750 Quod
417 683 535 738 lteic
578 683 922 754 intelligimus
974 683 1262 742 ὑπόστασιν
1313 686 1564 752 Domini,
1619 687 1716 742 nisi
1765 686 1816 742 id

225 779 363 847 quod
385 787 468 834 est
499 777 675 832 Deus?
710 779 804 834 Est
833 789 1010 834 autem
1049 780 1185 835 Deus
1209 781 1451 849 spiritus,
1484 783 1682 850 lumen,
1723 798 1819 853 p0-

227 869 413 934 tentia,
446 870 806 940 nnmipoteus,
840 881 893 926 ct
923 872 1224 942 huiusmodi
1255 874 1396 930 talia.
1447 874 1540 928 llic
1581 876 1670 944 qui
1713 882 1817 929 Stat

223 976 277 1020 et
309 964 576 1034 intelligit,
610 979 714 1018 non
746 975 925 1020 autem
959 976 1071 1020 erat
1092 965 1180 1036 qui
1213 967 1479 1036 intelligit,
1511 976 1616 1020 stat
1643 982 1772 1036 ergo
1799 982 1812 1020 :

223 1058 525 1128 intelligens
549 1069 725 1113 autem
753 1059 916 1115 Deum
941 1058 1186 1130 intelligit
1207 1069 1260 1115 et
1282 1060 1425 1116 videt
1450 1060 1610 1134 Λόγον
1646 1060 1735 1114 Dei
1762 1058 1816 1115 ti-

222 1150 374 1214 lium;
408 1150 748 1206 manifestum
771 1167 898 1223 ergo
922 1151 1060 1208 hanc
1087 1153 1179 1207 Dei
1203 1168 1323 1208 esse
1347 1153 1659 1218 ὑπόστασιν,
1692 1153 1813 1224 quia

221 1243 491 1300 intellecta
522 1252 576 1299 et
607 1245 837 1300 Verbum
863 1245 1195 1316 intelligitur,
1227 1246 1386 1302 simul
1415 1247 1556 1301 enim
1586 1256 1732 1310 sunt,
1761 1254 1816 1302 et

221 1339 332 1394 Ιιοσ
351 1346 432 1395 est
452 1338 743 1412 ὁμοούσιον.
770 1339 883 1396 Hoc
907 1349 961 1396 et
991 1339 1181 1396 iterum
1212 1341 1342 1397 dicit
1369 1360 1381 1398 :
1415 1341 1552 1408 Quia
1581 1341 1624 1396 si
1646 1341 1816 1396 stetis-

215 1448 329 1493 sent
354 1437 406 1491 in
433 1454 543 1490 utea
564 1437 870 1503 ὑποστάσει,
903 1448 946 1492 οι
969 1439 1172 1493 uerbum
1203 1454 1368 1492 nteant
1395 1438 1678 1493 audissent.
1711 1437 1812 1491 Su-

217 1545 312 1599 pra
343 1529 544 1595 videre;
575 1530 692 1586 heic
719 1541 900 1586 autem
926 1533 1102 1602 posuit
1130 1543 1436 1602 utrumque,
1470 1531 1571 1587 hac
1597 1543 1678 1587 εει
1706 1546 1813 1601 quo

215 1623 536 1694 intelligere.
567 1623 618 1678 Is
649 1625 792 1680 enim
827 1641 941 1681 rem
968 1625 1234 1696 intelligit,
1266 1626 1355 1695 qui
1381 1626 1432 1680 in
1460 1626 1536 1681 rei
1563 1625 1814 1682 substan-

217 1719 292 1773 tia
320 1728 443 1780 stat,
480 1718 531 1773 id
554 1728 658 1784 est,
679 1719 729 1774 in
763 1721 934 1790 primo
952 1719 1100 1775 fonte
1126 1721 1226 1787 rei,
1252 1731 1310 1775 ut
1333 1721 1514 1776 omnia
1543 1738 1663 1790 qua:
1687 1732 1810 1777 sunt

1925 499 2196 568 probatur,
2228 499 2384 554 nobis
2410 499 2621 556 discere
2646 499 2911 573 όμοούσιον
2943 517 3045 557 non
3075 503 3294 558 licebit?
3326 504 3522 559 Verum

1921 596 1962 646 si
1991 593 2108 647 ideo
2131 595 2306 648 dit-itis
2340 595 2517 650 lmncn
2547 596 2613 651 do
2659 597 2882 661 lumine,
2917 599 3039 668 quia
3063 608 3118 652 et
3160 599 3298 653 Deus
3340 600 3521 653 lumen

1921 685 2118 752 dictus,
2152 700 2202 744 et
2225 688 2472 744 Christus
2516 692 2715 754 lumen,
2758 700 2810 746 et
2839 694 2966 747 item
3013 701 3066 748 et
3087 693 3247 750 Pater
3277 694 3442 759 Deus,
3471 701 3527 750 et

1919 781 2165 836 Christus
2188 783 2325 838 Deus
2349 783 2558 849 dictus;
2596 785 2645 839 id
2678 785 2896 857 quidem
2926 785 3295 854 manifestum,
3336 803 3524 842 verum

1919 872 1988 928 de
2013 873 2120 928 Deo
2142 891 2244 928 non
2270 876 2484 942 lectum,
2514 878 2692 933 lumen
2711 878 2777 933 de
2799 879 3028 944 lumine;
3053 889 3106 935 at
3124 880 3270 934 licuit
3287 894 3520 936 sumere.

1919 966 2102 1022 Liceat
2125 985 2252 1040 ergo
2274 969 2339 1025 de
2369 970 2520 1026 lectis
2553 987 2656 1025 non
2692 972 2827 1027 let-ta
2857 989 3199 1044 componere.
3224 973 3523 1048 ὀμοούσιον

1920 1058 2116 1115 lectum
2147 1064 2389 1132 negatis;
2425 1063 2518 1119 sed
2542 1064 2586 1119 si
2609 1065 2784 1136 aliqua
2807 1066 3022 1134 similia,
3049 1068 3130 1124 vel
3156 1067 3406 1124 similiter
3426 1068 3524 1124 de-

1919 1154 2191 1210 nominata
2217 1156 2355 1211 lecta
2385 1157 2671 1227 sunt,jure
2712 1159 2823 1228 pari
2857 1170 2906 1213 et
2932 1159 3071 1215 istud
3112 1160 3520 1218 denominatum

1917 1247 2163 1316 accipere
2203 1247 2482 1306 debemus.
2521 1250 2611 1305 Dei
2645 1253 2798 1308 οὑσία
2832 1253 3012 1309 lumen
3057 1265 3157 1318 est,
3197 1255 3300 1312 hoc
3340 1256 3520 1311 lumen

1917 1338 2023 1393 vita
2049 1349 2152 1404 est,
2177 1350 2229 1394 et
2253 1341 2347 1395 ista
2373 1342 2500 1406 vita,
2526 1342 2627 1398 ista
2661 1343 3034 1415 intelligentia,
3062 1345 3162 1401 hoc
3183 1362 3302 1402 esse
3327 1346 3519 1416 Deum,

1917 1430 2020 1487 hoc
2039 1449 2162 1489 esse
2185 1433 2460 1491 Christum
2482 1438 2611 1491 satis
2627 1436 2956 1492 declaratum
2978 1449 3078 1495 est.
3122 1439 3256 1494 Vivit
3283 1452 3448 1510 pater,
3477 1449 3522 1496 et

1914 1539 2004 1593 ego
2034 1524 2144 1578 vivo
2173 1523 2357 1597 (Joan.
2382 1543 2456 1588 vr,
2483 1525 2598 1597 58).
2621 1526 2778 1584 Pater
2805 1530 2951 1585 habet
2979 1532 3030 1585 in
3054 1547 3106 1586 se
3135 1533 3308 1599 vitam,
3339 1543 3385 1587 et
3412 1534 3522 1600 ﬁlio

1914 1618 2050 1673 dedit
2080 1619 2264 1676 habere
2293 1624 2432 1694 apud
2481 1641 2535 1677 se
2560 1625 2712 1679 vitam
2745 1623 2943 1695 (Joan.
2962 1643 3016 1694 v,
3038 1626 3109 1682 '26
3133 1631 3171 1699 ).
3205 1629 3332 1697 Quia
3372 1631 3521 1687 habet

1915 1722 2080 1780 pater,
2115 1729 2175 1768 ea
2202 1715 2330 1768 mihi
2359 1716 2497 1771 dedit
2525 1719 2695 1772 omnia
2723 1717 2904 1790 (Joan.
2940 1737 3047 1787 xvi,
3079 1722 3186 1792 l5).
3217 1722 3308 1779 His
3324 1734 3375 1778 et
3404 1725 3522 1779 aliis

211 1813 332 1884 ejus
356 1813 635 1884 intelligat.
663 1814 798 1882 Quid
828 1813 1058 1870 deinde?
1086 1830 1209 1869 cum
1231 1814 1357 1869 alibi
1391 1816 1471 1870 vel
1499 1815 1550 1869 in
1583 1815 1804 1882 Davide,
1841 1823 1886 1884 Β
1914 1817 2058 1874 $3990
2082 1807 2388 1876 IH'OIMIIIUS.
2415 1809 2603 1866 eadem
2627 1811 2678 1866 iu
2700 1821 2850 1882 patre
2868 1829 2986 1869 esse
3004 1823 3055 1870 et
3080 1816 3129 1870 in
3155 1816 3282 1881 ﬁlio,
3301 1818 3518 1888 etquod

211 1907 298 1961 vel
323 1909 373 1960 in
407 1905 694 1976 Evangelia
728 1907 896 1977 posita
925 1916 1007 1962 est
1027 1917 1080 1962 et
1109 1908 1242 1963 lecta
1272 1905 1564 1969 ὑπόστασις
1589 1948 1605 1974 ,
1657 1925 1814 1964 ιιιιιιι-

213 1999 341 2070 quid
361 1999 501 2055 aliud
525 2017 682 2070 quam
700 2003 852 2058 οὐσία
875 2000 1222 2071 intelligitur?
1240 1999 1557 2064 'l‘miaram;
1575 2019 1704 2068 mea,
1733 2003 1812 2057 iu-

210 2093 340 2161 qnid
377 2094 538 2148 David
571 2092 792 2166 (Psalm.
839 2111 1084 2150 cxxxvut
1111 2137 1124 2162 ,
1180 2093 1270 2164 ts)
1304 2113 1318 2149 :
1351 2097 1418 2151 de
1452 2098 1558 2151 Deo
1584 2097 1770 2168 utique
1792 2137 1806 2163 ,

209 2183 532 2248 ’Υπόστασις
564 2202 674 2241 mea
701 2187 754 2240 in
782 2188 1108 2260 inferioribus
1137 2199 1301 2242 ten-te.
1339 2189 1471 2243 Dicit
1499 2189 1642 2244 enim
1670 2207 1684 2246 :
1716 2205 1810 2245 oc-

209 2281 416 2335 cultum
447 2296 506 2335 se
534 2296 693 2335 nemo
713 2280 922 2346 credat,
945 2283 1067 2352 quia
1093 2281 1275 2352 utique
1298 2296 1414 2336 sum
1431 2292 1654 2338 etomue
1669 2283 1810 2353 quod

209 2390 333 2430 sum
350 2375 711 2431 etsubstantia
727 2391 864 2440 mea,
883 2387 935 2431 et
956 2376 1005 2430 in
1027 2375 1368 2432 inferioribus
1396 2385 1587 2432 terrae:
1616 2377 1813 2448 ubique

210 2478 296 2523 est
310 2469 451 2523 CIIII“
469 2469 629 2534 Deus,
644 2469 728 2523 νισι
747 2469 966 2538 spiritus
987 2470 1099 2535 Dei,
1115 2485 1236 2538 quae
1265 2469 1356 2524 Dei
1385 2469 1679 2524 substantia
1704 2480 1808 2524 est.

293 2559 379 2615 VI.
411 2559 544 2615 Vola
571 2576 712 2616 nunc
739 2570 794 2616 et
820 2559 950 2615 illud
981 2559 1164 2616 videre
1187 2561 1239 2614 in
1272 2560 1558 2631 Evangelia
1591 2577 1686 2631 per
1710 2577 1808 2631 pa-

212 2652 452 2706 raholam
483 2662 538 2708 et
575 2653 879 2723 exetnplnm
910 2652 1162 2724 positum.
1211 2653 1352 2708 Dixit
1383 2654 1527 2708 enim
1556 2665 1700 2723 pater
1729 2656 1810 2725 fa-

211 2747 384 2800 milias
437 2745 652 2816 quidam
700 2746 910 2801 duobus
946 2745 1098 2811 ﬁliis,
1128 2746 1417 2805 ὑπόστασιν
1455 2763 1601 2800 suam
1641 2746 1812 2800 divisit

209 2839 342 2897 Luc.
375 2859 462 2905 xv,
493 2842 604 2910 12);
630 2845 811 2910 utique
836 2839 1086 2896 fortunas
1107 2850 1162 2895 et.
1189 2841 1576 2909 patrimonium
1601 2840 1806 2895 intelli-

211 2940 411 3008 gimus.
463 2936 569 2994 Sed
617 2939 661 2990 si
711 2935 812 2991 hoc
840 2935 1027 2991 referri
1077 2933 1140 2989 ad
1191 2935 1356 2990 Deum
1406 2943 1657 3004 oportet,
1703 2933 1811 2990 erit

212 3033 505 3094 ὑπόστασις
527 3042 580 3087 ει
601 3030 722 3085 beic
744 3029 984 3100 potentia
1010 3035 1184 3084 omnis
1209 3038 1264 3084 et
1293 3029 1482 3084 virtus.
1512 3027 1658 3082 lianc
1679 3045 1810 3083 cott-

220 3131 387 3186 sumit
416 3145 554 3184 unus
597 3129 734 3184 Iilius
762 3126 851 3198 qui
878 3142 906 3182 a
944 3125 1053 3180 Deo
1084 3123 1285 3180 recedit
1311 3142 1324 3178 :
1348 3125 1549 3180 etenim
1595 3124 1685 3196 qui
1720 3141 1810 3194 pe-

1916 1913 2031 1956 sem
2041 1915 2134 1968 per
2151 1910 2203 1956 ot
2219 1917 2285 1957 ex
2304 1912 2508 1959 :eterno
2533 1923 2546 1958 :
2570 1915 2624 1961 et
2657 1905 2776 1961 ideo
2795 1907 3056 1982 ὁμοούσιον
3074 1911 3393 1980 appellatum
3413 1921 3515 1968 est.

1993 1993 2122 2050 VIII.
2168 1996 2273 2052 Sed
2323 1999 2463 2054 unde
2511 1999 2614 2056 hoc
2661 2002 2920 2071 verbum,
2970 2003 3094 2058 audi
3147 2004 3516 2075 Evangelium,

1903 2087 2040 2142 “andi
2087 2089 2310 2146 Paulum
2351 2095 2682 2163 apostolum,
2716 2097 2840 2152 audi
2878 2099 3179 2154 orationem
3211 2099 3519 2168 oblationis,

1920 2184 2176 2249 quoniam
2202 2184 2307 2238 vita
2345 2195 2429 2240 est
2461 2186 2643 2252 Deus;
2695 2199 2749 2246 et
2797 2199 2998 2246 aeterna
3035 2193 3162 2248 vita.
3217 2191 3324 2248 Nos
3365 2193 3523 2251 Chri-

1919 2271 2102 2340 stiani,
2140 2275 2188 2330 id
2211 2287 2312 2343 est,
2348 2280 2438 2347 qui
2463 2279 2514 2334 in
2551 2279 2824 2338 Christum
2854 2282 3150 2350 credimus,
3178 2283 3443 2342 docemur
3468 2287 3519 2343 in

1916 2367 2208 2438 Evangelia
2231 2370 2449 2442 (Matth.
2479 2390 2550 2440 vt,
2585 2375 2642 2445 9)
2685 2377 2956 2447 quomodo
2991 2379 3157 2433 Deum
3189 2389 3393 2447 patrem
3436 2396 3519 2437 ro-

1913 2478 2040 2530 gare
2079 2463 2398 2531 debeamus,
2447 2467 2499 2522 in
2528 2483 2632 2538 qua
2658 2469 2904 2525 oratione
2927 2487 3048 2526 eum
3077 2473 3242 2528 multa
3269 2475 3519 2543 petimus,

1915 2565 2026 2609 tum
2058 2556 2288 2624 petimus
2316 2574 2532 2628 panem,
2568 2561 2656 2631 qui
2689 2563 2840 2630 panis
2874 2564 2976 2618 vita
2994 2573 3077 2619 est
3110 2563 3210 2636 (sic
3245 2567 3386 2620 enim
3411 2567 3522 2622 dic-

1917 2656 2028 2701 tum
2066 2657 2150 2703 est
2189 2646 2370 2721 (Joan.
2415 2667 2487 2716 νι,
2513 2652 2608 2724 59)
2643 2676 2653 2707 :
2686 2651 2784 2707 Hic
2811 2656 2954 2710 enim
2998 2667 3070 2712 est
3113 2659 3296 2727 panis,
3339 2661 3426 2727 qui
3455 2665 3518 2715 de

1914 2741 2044 2796 coelo
2071 2742 2375 2815 descendit).
2411 2745 2560 2801 Hanc
2592 2749 2754 2804 vitam
2779 2757 2833 2805 et
2864 2748 3060 2805 Chrisri
3088 2760 3142 2806 et
3184 2752 3300 2818 Dei,
3333 2751 3384 2808 id
3413 2759 3517 2818 est,

1915 2846 2170 2890 internum
2199 2837 2340 2906 quod
2367 2840 2585 2895 nomine
2610 2841 2723 2910 ipse
2744 2841 2892 2907 dicit,
2939 2843 3200 2902 ἐπιούσιον
3238 2842 3410 2919 ἄρτον,
3453 2861 3520 2902 ex

1913 2925 2102 2982 eadem
2127 2930 2283 2984 οὑσία
2311 2945 2525 3000 panem.
2561 2931 2610 2986 id
2634 2944 2739 2998 est,
2771 2933 2840 2989 de
2864 2935 2968 2989 vita
2994 2936 3086 2990 Dei
3116 2956 3128 2992 :
3155 2939 3520 2992 consubstan-

1915 3021 2098 3076 tialem
2141 3023 2322 3077 vitam.
2361 3022 2516 3080 Unde
2542 3026 2685 3079 enim
2721 3025 2813 3082 lilii
2849 3027 2939 3083 Dei
2961 3031 3186 3096 erimus,
3231 3032 3332 3088 nisi
3361 3032 3523 3103 parti-

1914 3113 2182 3183 oipatione
2211 3115 2334 3170 vita:
2355 3119 2610 3172 aeternet?
2650 3135 2810 3189 quant
2845 3121 2998 3176 nobis
3038 3121 3287 3180 Christus
3317 3141 3345 3180 a
3369 3137 3523 3196 patre

214 3225 518 3293 regrinatur
541 3239 571 3278 a
598 3223 728 3289 Deo,
759 3237 859 3276 nec
875 3222 1121 3292 spiritum
1154 3221 1243 3275 Dci
1275 3221 1455 3282 habet,
1483 3235 1579 3275 nec
1603 3220 1805 3286 lumen,

1918 3207 2146 3266 aliereus
2184 3208 2352 3266 dedit.
2402 3211 2515 3268 lloe
2556 3228 2686 3283 ergo
2721 3223 2806 3269 est
2853 3213 3006 3288 (Luc.
3044 3233 3124 3284 χι,
3157 3217 3234 3290 3),
3284 3218 3368 3281 δὸς
3404 3223 3524 3294 ἡμῖν

215 3331 318 3371 nec
340 3314 634 3382 Christum,
667 3315 752 3369 hic
774 3314 912 3382 apud
940 3331 999 3369 se
1018 3314 1288 3369 consumit
1310 3306 1664 3368 substantiam
1695 3312 1808 3367 Dei.

217 3409 345 3465 llaec
371 3420 449 3464 est
481 3410 621 3464 enim
657 3408 749 3464 Dei
777 3409 1102 3474 ὑπόστασις,
1133 3417 1188 3462 ιιι
1217 3406 1486 3473 diximus;
1529 3407 1642 3461 sive
1669 3416 1812 3462 nunc

215 3504 338 3559 lieic
364 3501 854 3569 divitiasdicamus,
883 3502 966 3556 vel
997 3500 1398 3570 patrimonium,
1427 3499 1559 3554 nihil
1588 3497 1768 3554 dill‘ert
1794 3515 1808 3552 :

215 3597 297 3651 sic
327 3597 467 3650 enim
489 3594 689 3650 dictum
717 3605 800 3651 est
815 3594 882 3648 ab
903 3593 1146 3664 apostolo
1161 3593 1329 3648 Paulo
1349 3613 1361 3648 :
1382 3593 1426 3647 Ο
1450 3593 1665 3647 altitudo
1685 3591 1815 3645 divi-

215 3692 404 3744 tiarum
430 3690 697 3759 sapientiae
745 3699 791 3743 et
835 3689 1058 3742 scientiis
1110 3686 1236 3741 Dei!
1266 3685 1442 3760 (Rom.
1485 3702 1560 3751 XI,
1591 3684 1707 3756 53).
1756 3683 1812 3740 Si

217 3784 377 3852 igitur
396 3781 594 3836 divitia:
619 3781 737 3847 Dei,
769 3781 1026 3849 sapientia
1051 3790 1105 3835 et
1129 3779 1354 3835 scientia
1379 3787 1505 3833 sunt
1532 3795 1543 3830 :
1577 3786 1630 3831 et
1661 3777 1704 3831 si
1724 3791 1813 3830 sa—

217 3877 413 3946 pientia
447 3886 501 3930 et
529 3874 748 3930 scientia
782 3876 894 3945 ipsa
928 3875 1097 3928 virtus
1143 3873 1233 3928 Dei
1268 3883 1348 3927 est
1370 3913 1384 3938 ,
1420 3871 1589 3926 virtus
1634 3878 1813 3925 autem

221 3969 314 4025 Dei
346 3970 590 4024 Christus
617 3980 720 4038 est,
748 3967 1001 4024 Christus
1031 3978 1209 4023 autem
1237 3968 1398 4039 Λόγος
1437 3974 1540 4030 εει;
1570 3976 1728 4037 Λογος
1758 3973 1812 4019 ει

217 4077 345 4117 vere
369 4062 531 4127 lilius,
565 4063 706 4116 lilius
733 4071 913 4132 autem
943 4062 994 4115 in
1027 4070 1176 4130 patre
1207 4061 1319 4131 ipse
1345 4070 1428 4115 est
1454 4076 1466 4112 :
1503 4059 1617 4130 ipse
1645 4073 1773 4129 ergo
1795 4098 1811 4126 ,

215 4156 418 4211 divitiae
448 4155 635 4225 patris;
659 4155 772 4225 ipse
795 4156 1085 4216 ὑποστασις
1111 4162 1214 4209 est.
1247 4152 1363 4209 Jam
1383 4154 1552 4224 igitur
1578 4152 1711 4207 nihil
1733 4151 1815 4206 in-

218 4261 424 4317 terest,
478 4262 656 4306 utrum
697 4247 986 4306 ὑπόστασιν
1033 4249 1245 4304 divitias
1298 4247 1693 4318 intelligamus,
1745 4263 1813 4303 an

215 4348 394 4402 οὐσίαν
415 4385 433 4411 ,
477 4343 772 4400 dummodo
799 4345 851 4400 id
882 4344 1217 4414 signiﬁcetur
1245 4359 1353 4412 quo
1385 4342 1501 4413 ipse
1534 4343 1676 4398 Deus
1704 4350 1810 4397 est.

218 4439 360 4508 Ergo
381 4437 575 4492 lectum
605 4447 686 4493 est
710 4435 778 4492 de
809 4437 918 4491 Deo
944 4437 1024 4491 vel
1045 4433 1340 4497 ὑπόστασις
1372 4436 1451 4490 vel
1487 4437 1634 4492 οὑσία
1667 4452 1678 4488 :
1713 4434 1815 4490 hoc

211 4541 397 4589 autem
425 4530 572 4586 etde
600 4528 818 4584 Christo
849 4528 1185 4599 intelligitur.
1221 4529 1432 4584 Dictum
1460 4538 1543 4584 est
1575 4547 1588 4582 :
1620 4526 1733 4599 Ego
1759 4528 1813 4584 in

1916 3299 2172 3357 ἐπιούσιον
2201 3297 2377 3377 ἄρτον,
2421 3303 2473 3358 id
2514 3314 2618 3369 est,
2666 3305 2832 3361 vitam
2873 3323 2938 3363 ex
2966 3309 3154 3363 eadem
3197 3312 3520 3379 substantia,

1916 3397 2118 3449 etenim
2165 3396 2206 3450 si
2248 3396 2389 3466 quod
2429 3397 2745 3468 accipimus,
2787 3415 2984 3470 corpus
3023 3400 3225 3457 Christi
3269 3414 3374 3473 est,
3406 3403 3523 3475 ipse

1915 3496 2094 3540 autem
2135 3487 2383 3544 Christus
2423 3490 2527 3545 vita
2569 3502 2674 3556 est,
2716 3493 3010 3562 qumrimus
3051 3492 3203 3571 ἄρτον
3237 3497 3518 3566 ἐπιούσιον,

1916 3577 2118 3635 divitias
2155 3581 2299 3634 enim
2347 3581 2399 3635 in
2425 3581 2642 3637 Christo
2663 3586 3019 3653 corporaliter
3061 3588 3334 3655 habitant;
3370 3589 3523 3646 Grie-

1915 3683 2038 3723 cum
2079 3670 2238 3740 igitur
2262 3671 2605 3742 Evangelium
2627 3674 2782 3729 habet
2803 3677 3088 3745 ἐπιούσιον,
3112 3680 3254 3750 quod
3277 3681 3522 3736 denomi-

1916 3773 2098 3816 nalum
2131 3775 2263 3818 esta
2285 3765 2607 3830 substantia,
2639 3779 2692 3822 et
2722 3770 2903 3840 utique
2933 3771 3022 3826 Dei
3046 3774 3347 3830 substantia
3374 3795 3386 3829 :
3413 3775 3516 3831 hoc

1919 3853 2089 3909 Latini
2113 3856 2195 3911 γει
2219 3872 2326 3912 non
2349 3858 2708 3929 intelligeutcs
2731 3863 2811 3916 vel
2832 3878 2938 3918 non
2957 3864 3195 3920 valentes
3208 3870 3514 3938 exprimere

1919 3965 2023 4006 non
2041 3960 2329 4020 potuerunt
2344 3952 2548 4020 dicere,
2581 3958 3024 4012 ettantnmmodo
3045 3960 3398 4029 quotidianum
3420 3979 3516 4033 po-

1917 4053 2146 4111 suerunt,
2166 4059 2270 4099 non
2291 4046 2565 4102 ἐπιούσιον.
2594 4047 2834 4118 Estergo
2855 4061 3120 4106 etnomen
3144 4051 3364 4121 lectum,
3391 4064 3445 4110 et
3465 4055 3520 4112 in

1920 4133 2032 4189 Deo
2055 4136 2376 4203 substantia,
2407 4147 2458 4194 ct
2481 4139 2585 4195 dici
2615 4149 2789 4210 potest
2814 4158 2988 4212 grazce
3025 4145 3186 4200 etiam
3210 4145 3373 4202 latine
3409 4164 3518 4205 non

1919 4233 2259 4302 exprimitur;
2283 4234 2477 4292 dicitur
2496 4246 2673 4292 tamen
2693 4253 2867 4308 grwce
2881 4240 3004 4310 quia
3025 4239 3522 4316 intelligitur.Ergo

1922 4341 2021 4380 nos
2048 4328 2138 4396 qui
2167 4326 2442 4384 Christum
2485 4330 2776 4398 credimus,
2811 4333 2935 4403 quia
2960 4333 3028 4391 ab
3065 4351 3133 4391 eo
3157 4338 3318 4392 vitam
3364 4351 3526 4396 aeter-

1920 4435 2042 4474 natn
2075 4435 2374 4490 speramus,
2406 4425 2529 4494 quia
2558 4424 2674 4495 ipse
2713 4426 2826 4482 vita
2852 4438 2956 4495 est,
2987 4443 3106 4484 cum
3146 4430 3316 4500 ipsum
3345 4432 3524 4504 sequi-

1919 4534 2062 4586 mur,
2093 4529 2149 4576 et
2176 4537 2299 4577 cum
2321 4539 2408 4588 eo,
2436 4532 2489 4579 ει
2510 4523 2651 4578 circa
2678 4526 2874 4594 ipsum,
2905 4536 2958 4582 et
2987 4527 3130 4583 circa
3169 4529 3332 4584 vitam
3363 4541 3522 4588 teter-

215 4635 364 4696 patre
384 4667 401 4694 ,
449 4635 496 4680 et
524 4633 668 4697 pater
706 4625 757 4678 in
789 4641 866 4678 me
895 4623 1073 4694 (Joan.
1100 4639 1192 4680 xtv
1211 4665 1227 4692 ,
1275 4626 1386 4694 l0).
1417 4623 1568 4690 Quod
1596 4623 1810 4693 quidem

1921 4629 2043 4666 nam
2091 4630 2319 4682 sumus,
2375 4627 2428 4672 et
2477 4617 2812 4687 appellamur
2863 4619 2982 4682 λαός
3025 4609 3527 4698 περιούσιος.Ηίιιε

217 4719 342 4775 ideo
371 4719 452 4774 bis
487 4720 684 4774 dictum
709 4759 724 4784 ,
753 4719 874 4788 quia
909 4719 959 4774 in
986 4728 1132 4788 patre
1154 4733 1277 4774 esse
1308 4720 1480 4787 potuit
1506 4719 1668 4784 ﬁlius,
1700 4733 1808 4773 non

217 4821 397 4868 tatnen
426 4821 481 4868 et
510 4814 563 4866 in
594 4813 704 4866 lilio
754 4822 921 4882 pater,
955 4811 1050 4866 sed
1079 4819 1137 4865 ut
1165 4810 1442 4880 plenitudo
1472 4819 1631 4880 atque
1669 4811 1811 4866 idem

217 4921 383 4959 unum
416 4905 466 4959 in
494 4906 716 4976 singulis
743 4913 906 4960 esset.
941 4906 996 4959 Si
1025 4912 1209 4960 autem
1252 4903 1437 4959 eadem
1478 4904 1769 4966 ὑπόστασις
1795 4945 1810 4972 ,

217 4999 483 5073 ὁμοούσιον
504 5016 652 5071 ergo.
683 4999 886 5056 Eadem
915 5009 1094 5055 autem
1122 5019 1134 5054 :
1167 5016 1287 5054 nam
1309 4998 1556 5056 Christus
1576 5003 1714 5056 Deus
1743 5001 1813 5057 de

217 5096 352 5160 Deo,
369 5104 422 5151 el
437 5097 612 5151 lumen
628 5095 696 5150 de
710 5077 932 5151 lumine.
955 5095 1096 5166 Ergo
1113 5093 1397 5169 ὁμοούσισν.
1415 5094 1471 5150 Id
1487 5105 1666 5150 autem
1685 5096 1728 5151 si
1743 5113 1811 5152 ex

217 5199 424 5245 aeterno
437 5202 485 5244 et
504 5204 720 5259 semper
735 5192 1040 5245 necessario
1057 5189 1234 5254 simul,
1245 5204 1372 5260 ergo
1385 5205 1510 5245 vere
1524 5189 1810 5264 όμοοὺσιον.

294 5283 404 5339 VII.
431 5285 500 5338 At
530 5285 672 5339 enim
699 5284 804 5340 hoc
830 5283 1003 5353 ipsum
1035 5283 1300 5356 ὁμοοὺσιον
1329 5285 1527 5341 lectum
1549 5294 1649 5340 est.
1681 5285 1814 5340 0m-

215 5376 305 5431 nia
336 5378 480 5431 enim
521 5392 642 5446 qua;
689 5377 925 5433 diximus
969 5377 1104 5433 lecta
1136 5391 1260 5434 sunt
1290 5398 1302 5432 ε
1336 5379 1487 5434 Vobis
1518 5379 1672 5446 dico,
1723 5377 1814 5450 qui

213 5471 326 5540 jam
359 5471 599 5525 fatemini
631 5470 699 5526 de
743 5472 871 5535 Deo,
898 5475 980 5526 vel
1020 5472 1163 5541 quod
1209 5472 1388 5527 lumen
1415 5473 1517 5539 sit,
1544 5473 1629 5528 vel
1668 5473 1812 5544 quod

219 5566 458 5638 spiritus.
496 5566 678 5620 Dicitis
699 5582 827 5639 ergo
851 5565 918 5621 de
949 5566 1058 5620 Deo
1087 5565 1275 5630 Deum,
1318 5565 1387 5621 de
1419 5566 1670 5622 invisibili
1698 5566 1821 5638 Spi-

221 5661 329 5717 ritu
370 5661 650 5732 Spiritum,
679 5669 733 5716 et
760 5675 942 5715 verum
987 5659 1168 5715 lumen
1196 5657 1264 5715 de
1289 5675 1416 5716 vero
1443 5662 1668 5729 lumine,
1695 5677 1818 5735 qua:

222 5765 351 5811 sunt
391 5757 710 5817 ὑποστάσεις
753 5752 871 5810 Dei.
903 5752 1101 5810 Verum
1141 5771 1263 5812 cum
1303 5755 1480 5813 dicitis
1519 5755 1817 5831 Christum,

225 5843 394 5907 Deum
423 5847 490 5906 de
522 5849 652 5920 Deo,
686 5848 865 5906 lumen
897 5847 966 5906 de
995 5849 1230 5923 lumine,
1259 5862 1314 5911 et
1338 5855 1462 5914 talia
1489 5872 1503 5912 :
1532 5855 1621 5915 ubi
1646 5857 1823 5918 εἱειε-

1918 4715 2136 4761 sanctus
2157 4708 2451 4777 Apostolus
2478 4709 2544 4764 ad
2567 4709 2743 4766 Titum
2768 4711 3012 4782 Epistola
3046 4715 3124 4770 sic
3162 4715 3298 4771 dixit
3338 4716 3527 4776 Graece

1919 4797 2049 4870 (Tit.
2079 4815 2137 4864 tl,
2176 4801 2261 4870 14)
2293 4819 2306 4854 :
2329 4799 2436 4858 Ἵνα
2455 4803 2784 4880 λυτρώσηται
2802 4807 2936 4880 ἡμᾶς
2960 4809 3060 4862 ἀπὸ
3083 4810 3253 4872 πάσης
3291 4812 3525 4884 ἀνομίας,

1914 4897 1996 4948 καὶ
2016 4896 2264 4971 καθαρίσῃ
2286 4894 2452 4967 ἑαυτῷ
2473 4897 2590 4952 λαὸν
2612 4900 2910 4975 περιούσιον
2933 4901 3137 4967 ζηλοτὴν
3161 4903 3323 4959 καλῶν
3344 4902 3524 4981 ἔργων.

1916 4986 2139 5042 Latinus
2161 5005 2282 5042 eum
2309 5006 2414 5044 non
2435 4989 2766 5062 intelligeret
2793 4998 3089 5072 περιούσιον
3112 4994 3290 5070 ὄχλον,
3315 5000 3529 5076 περιού-

1915 5101 2044 5144 σιον,
2068 5082 2156 5136 τὸν
2187 5082 2456 5159 περιόντα,
2487 5083 2538 5138 id
2569 5095 2673 5152 est,
2706 5086 2850 5142 circa
2881 5089 3046 5145 vitam
3078 5107 3240 5160 quam
3278 5091 3529 5148 Christus

1917 5185 1972 5230 et
1993 5176 2155 5232 habet
2176 5187 2229 5232 et
2249 5179 2362 5245 dat,
2391 5181 2566 5248 posuit
2589 5183 2840 5252 populum
2861 5184 3222 5242 abundantem.
3248 5188 3388 5257 Quid
3412 5206 3528 5246 Ine-

1918 5273 2005 5328 riti
2029 5283 2111 5329 est
2137 5282 2200 5330 ut
2229 5275 2466 5332 salvetur
2489 5279 2718 5348 populus
2755 5296 2862 5352 quo
2892 5283 3167 5340 abundat?
3200 5284 3313 5340 Hoc
3345 5294 3526 5342 autem

1919 5383 2107 5423 rursus
2136 5381 2325 5438 magna
2347 5387 2510 5427 causa
2551 5384 2605 5428 et
2638 5375 2802 5429 veluti
2833 5379 3151 5443 necessitas,
3183 5393 3292 5448 quo
3312 5381 3525 5456 περιού-

1921 5485 2055 5525 σιος.
2089 5463 2227 5520 Hinc
2248 5466 2422 5521 oratio
2444 5466 2734 5524 oblationis
2756 5469 3035 5525 intellectu
3063 5469 3254 5527 eodem
3280 5480 3532 5548 precatur

1921 5573 2082 5614 eum:
2116 5567 2285 5617 σῶσον
2323 5563 2612 5637 περιούσιον
2648 5563 2801 5628 λαόν,
2858 5565 3084 5630 ζηλωτήν
3124 5566 3289 5622 καλῶν
3341 5565 3527 5644 ἔργων.

1924 5651 2067 5726 Ergo
2114 5656 2249 5711 lecta
2279 5667 2405 5712 sunt
2443 5659 2651 5727 omnia,
2702 5658 3047 5715 denominata
3087 5660 3154 5714 ab
3193 5663 3374 5722 ούσίας
3407 5657 3533 5719 Itinc

1923 5749 2099 5820 itaque
2121 5753 2479 5820 compositum
2507 5751 2777 5826 όμοοὺσιον
2797 5753 2867 5809 de
2897 5754 3006 5809 Deo
3029 5763 3085 5811 et
3113 5753 3354 5826 Christo,
3385 5757 3531 5827 quod

1925 5849 1981 5898 et
2017 5841 2085 5898 ab
2128 5843 2337 5901 ratione
2369 5858 2474 5901 non
2515 5852 2600 5900 est
2638 5845 2871 5903 alienum
2900 5865 2912 5901 :
2938 5845 3099 5906 habet
3137 5848 3283 5908 enim
3330 5845 3529 5922 οὗσιον,
