4024 6306
613 244 754 303 1095

1828 238 2024 297 MAR“
2050 236 2192 296 VlC'l

2295 237 2400 294 nat
2438 234 2603 320 Arat
3732 240 3823 296 ωθθ

603 373 763 430 quam
801 356 878 431 (ι)
906 354 1106 412 habent
1144 354 1426 426 superiora
1462 352 1704 419 nomina,
1754 362 1806 409 et
1828 354 2017 409 eodem
2057 352 2216 408 modo
2243 357 2294 417 Α
2323 360 2489 406 totum
2513 334 2699 408 urbem
2723 351 2993 410 decretam
3018 351 3179 410 ﬁdem
3201 353 3497 421 mittentes,
3528 355 3822 427 episcoporum

602 453 1009 510 denominatum
1041 461 1160 507 est:
1184 458 1240 505 et
1267 449 1368 505 hoc
1397 463 1593 503 nomen
1614 463 1804 503 omnes
1827 446 2066 502 excludit
2096 445 2205 500 hae-

605 549 845 612 retices;
879 545 1185 603 necessario
1205 560 1333 616 ergo
1363 545 1595 614 positum
1616 560 1644 598 a
1673 543 1986 616 majoribus.
2014 541 2204 598 Dicen-

604 642 730 701 dum
752 658 883 714 ergo
909 652 964 699 et
988 656 1204 712 semper
1225 638 1561 696 tractandum
1582 647 1685 695 est.

677 761 768 817 IX.
794 763 863 816 At
883 759 1027 816 enim
1044 756 1164 829 quia
1187 771 1293 812 non
1309 755 1649 828 intelligitur,
1673 752 2058 811 et'scandalum
2080 750 2206 807 facit

613 854 905 913 tollendum
928 851 1069 909 etde
1085 851 1187 907 ﬁde
1207 860 1261 907 et
1276 858 1525 915 traCIatu,
1542 862 1633 904 aut
1654 856 1801 904 certe
1820 847 1986 902 latine
2001 861 2205 918 ponen-

600 950 765 1006 dum:
795 965 899 1004 non
935 946 1277 1018 intelligitur,
1301 943 1506 1001 dicunt.
1538 943 1679 1016 Ergo
1715 958 1819 999 nec
1840 943 2005 998 latine
2029 948 2206 1012 potest

602 1044 729 1101 dici.
800 1042 916 1098 Non
981 1040 1336 1111 intelligitur,
1383 1053 1552 1110 quare
1602 1051 1697 1092 vos
1745 1034 1945 1091 timetis
2014 1031 2204 1088 istud?

599 1140 687 1211 qui
729 1138 870 1195 enim
911 1146 1243 1208 oppugnant,
1276 1133 1468 1189 timent
1495 1141 1671 1187 tamen
1698 1147 1710 1184 :
1736 1131 1780 1185 si
1825 1126 2061 1194 timetis;
2093 1126 2205 1182 ha:-

596 1230 750 1287 rctici
781 1230 935 1294 estis,
981 1228 1083 1284 hoc
1110 1227 1330 1283 excluso
1369 1226 1678 1281 subintrare
1715 1220 1930 1292 cupitis.
1972 1217 2109 1275 Num
2157 1217 2203 1274 si

602 1326 781 1380 οὐσίαν
807 1323 858 1378 in
885 1323 995 1378 Deo
1022 1321 1250 1392 negatis,
1282 1316 1548 1392 ὁμοοῦσιον
1569 1315 1692 1371 ideo
1715 1315 1831 1370 tolli
1859 1313 2041 1377 vultis,
2077 1310 2201 1382 quia

595 1419 773 1473 οὐσίαν
796 1414 1066 1471 fatentur?
1106 1413 1249 1484 Ergo
1281 1410 1580 1481 intelligitis
1600 1417 1656 1464 et
1686 1407 1909 1463 timetis.
1937 1405 1994 1461 Si
2019 1415 2200 1459 autem

594 1519 652 1568 et
675 1510 900 1566 Basilius
917 1507 1188 1582 ὁμοούσιον
1201 1504 1346 1572 dicit,
1363 1514 1417 1560 et
1438 1502 1539 1558 hoc
1560 1517 1775 1573 quoque
1794 1513 1991 1555 nomen
2013 1497 2204 1553 adver-

598 1620 717 1661 sum
747 1604 902 1660 vobis
938 1611 1043 1671 est,
1092 1610 1146 1658 et
1169 1599 1292 1656 ideo
1316 1609 1372 1654 et
1412 1599 1514 1653 hoc
1540 1596 1859 1667 repudiatis,
1886 1593 2009 1665 quia
2032 1592 2202 1649 semel

598 1700 777 1755 οὐσίαν
808 1696 1016 1769 negatis
1057 1695 1109 1750 iu
1144 1693 1280 1749 Deo.
1309 1691 1366 1749 Si
1388 1700 1567 1747 autem
1596 1690 1718 1745 ideo
1740 1687 2053 1760 repudiatis,
2077 1688 2200 1758 quia

2320 444 2485 500 millia
2520 447 2587 511 in,
2615 446 2803 501 eadem
2846 445 3171 514 habuerunt,
3195 449 3278 504 vel
3309 447 3451 503 illius
3489 450 3734 518 temporis.
3770 451 3826 505 rel

2308 539 2647 610 sequentium
2693 556 2980 598 annorum.
3015 541 3307 599 Probatum
3346 552 3525 600 autem
3563 544 3626 598 ab
3659 543 3827 615 impen-

2310 644 2428 689 tore
2462 634 2810 704 imperatoris
2836 637 3004 692 nostri
3036 644 3205 707 patre.

2378 768 2448 824 X.
2489 769 2597 826 Sed
2639 770 2805 827 latine
2825 770 2929 828 hoc
2951 787 3048 827 nos
3068 772 3174 828 dici
3198 771 3445 828 volumus
3473 789 3486 827 :
3509 787 3605 829 nec
3624 772 3711 830 hoc
3727 772 3827 829 vobis

2306 864 2611 935 negabitur,
2640 880 2737 919 vos
2766 867 2855 936 qui
2889 865 3248 921 substantiam
3276 868 3484 939 negatis
3506 869 3557 923 in
3582 869 3677 922 Deo
3695 885 3825 938 quam-

2305 971 2413 1029 que
2442 971 2470 1010 a
2494 956 3031 1026 Basiliovincamini,
3056 968 3107 1013 et
3130 969 3205 1026 tu,
3233 959 3419 1025 Basili,
3442 961 3534 1029 qui
3555 961 3827 1016 substantiam

2305 1050 2600 1119 conﬁteris,
2662 1051 2875 1124 utrique
2925 1054 3120 1109 vestris
3159 1054 3380 1111 vocibus
3424 1055 3682 1129 apag-5m
3714 1056 3829 1110 conli-

2307 1146 2515 1200 temini.
2544 1145 2747 1217 Nempe
2785 1147 2964 1203 dicitis
2996 1148 3187 1216 Deum,
3235 1158 3289 1205 et
3331 1150 3581 1207 eumdem
3618 1150 3830 1206 dieitisla-

2306 1253 2449 1307 men,
2483 1238 2734 1296 eumdem
2764 1241 3036 1311 spiritum.
3071 1242 3171 1309 Qui
3218 1243 3350 1299 dicit
3386 1245 3510 1311 ista,
3553 1244 3827 1298 substantiam

2305 1329 2434 1385 dicit
2464 1331 2579 1387 Dei.
2629 1331 2759 1386 Nam
2789 1333 2877 1402 qui
2908 1333 3039 1389 dicit
3084 1343 3286 1403 patrem
3319 1335 3405 1391 vel
3453 1336 3827 1406 omnipotentem,

2304 1421 2391 1476 vel
2430 1421 2653 1490 bonum,
2688 1423 2772 1478 vel
2803 1423 3072 1480 inﬁnitum
3104 1433 3160 1480 et
3191 1426 3336 1490 talia,
3368 1442 3477 1481 non
3524 1426 3826 1494 substantiam,

2302 1513 2401 1570 sed
2428 1515 2741 1585 qualitatem
2761 1514 2914 1571 dicit.
2948 1517 3078 1572 Item
3104 1516 3271 1572 ﬁlium
3294 1517 3476 1574 dicitis
3496 1520 3663 1592 Λόγον.
3690 1520 3827 1585 lumen,

2302 1607 2590 1677 spiritum;
2619 1617 2674 1664 et
2693 1609 2796 1664 iSta
2825 1610 3177 1667 substantiam
3205 1612 3532 1683 signiﬁcant.
3557 1613 3829 1668 Rnrsnscnm

2304 1700 2484 1757 dicitis
2518 1702 2706 1770 Deum,
2734 1702 2913 1757 dicitis
2946 1703 3112 1759 Deum
3144 1705 3212 1761 de
3237 1706 3367 1771 Deo,
3402 1722 3589 1761 verum
3621 1706 3765 1761 lumen
3786 1703 3827 1760 de

597 1782 928 1863 intelligilis;
950 1799 1005 1846 et
1025 1788 1141 1860 ipse
1170 1785 1397 1842 Basilius
1415 1783 1670 1854 intelligit
1695 1782 1784 1853 qui
1808 1782 2075 1855 ὁμοούσιον
2096 1778 2192 1835 dici

2307 1808 2439 1850 vero
2468 1794 2672 1849 lumine
2698 1813 2711 1848 :
2739 1805 3118 1865 argumentum
3147 1797 3355 1855 timoris
3385 1799 3569 1854 Basilii
3601 1800 3769 1863 tollitis,
3790 1813 3829 1852 ac

596 1887 729 1953 vult,
752 1886 819 1942 de
840 1899 948 1957 quo
970 1892 1090 1955 post
1110 1883 1408 1953 loquemur.
1435 1877 1552 1934 Non
1577 1886 1661 1932 est
1681 1876 1950 1951 ὁμοούσιον
1971 1887 2191 1938 nomen,

596 1979 740 2051 quod
772 1992 879 2034 non
903 1972 1478 2046 intelligitur.'Latine,
1506 1968 1776 2042 inquiunt,
1801 1967 2033 2022 dicatur.
2060 1965 2199 2034 Quia

596 2070 817 2127 difﬁcile
842 2069 1061 2135 dicitur,
1106 2067 1230 2123 ideo
1256 2064 1542 2136 expetitis;
1575 2072 1630 2118 et
1674 2062 1719 2116 si
1750 2061 1980 2125 dicatur,
2021 2057 2201 2129 sequi-

596 2168 752 2225 mini.
800 2165 1046 2238 Magnum
1095 2161 1445 2218 miraculum!
1502 2158 1727 2214 verbum
1773 2170 1871 2210 vos
1911 2154 2201 2210 hmrcticos

593 2259 744 2326 facit,
777 2259 860 2315 vel
900 2257 1080 2329 potius
1123 2269 1291 2311 sonus
1329 2250 1515 2317 verbi,
1577 2248 1721 2318 quod
1759 2261 1937 2319 grarce
1977 2244 2197 2301 dicitur.

600 2352 805 2410 Deinde
834 2351 877 2406 si
907 2348 1073 2406 latine
1098 2348 1309 2412 dixero,
1342 2347 1466 2417 quia
1487 2343 1729 2400 Ecclesia
1761 2341 1922 2397 habet
1954 2338 2197 2407 Grzecos,

596 2457 652 2504 et
671 2446 796 2519 quia
810 2443 986 2500 omnis
999 2442 1264 2513 scriptura
1287 2440 1368 2496 vel
1386 2438 1596 2495 Veteris
1608 2435 1939 2492 Testamenti
1964 2443 2018 2489 et
2038 2431 2198 2498 Novi,

599 2552 655 2599 et
695 2554 872 2613 graece
899 2548 956 2596 et
984 2536 1151 2593 latine
1179 2536 1377 2606 scripta
1409 2543 1516 2601 est,
1548 2532 1594 2588 si
1638 2546 1746 2587 non
1776 2529 2023 2600 ponimus
2062 2542 2199 2599 grte-

594 2650 679 2703 ce,
708 2634 1022 2705 interrogati
1044 2647 1075 2686 a
1096 2629 1321 2698 Graecis,
1351 2628 1478 2700 quid
1501 2623 1979 2698 respondebimus?
1998 2621 2201 2678 Neces-

596 2732 744 2789 sario
777 2729 1065 2786 dicendum
1089 2737 1172 2783 est
1193 2726 1463 2799 ὁμοούσιον
1492 2740 1506 2777 :
1533 2736 1664 2792 ergo
1696 2718 2026 2791 ponendum.
2058 2714 2198 2785 Quid

598 2825 818 2883 autem?
865 2825 923 2881 ln
965 2822 1257 2893 Scripturis
1303 2834 1410 2874 non
1450 2816 1617 2872 multa
1656 2823 1783 2870 sunt
1824 2812 2063 2873 nomina.
2113 2809 2200 2866 vel

596 2935 794 2994 graeca,
825 2918 909 2974 vel
957 2915 1233 2984 hebraica,
1266 2922 1358 2968 aut
1386 2915 1758 2982 interpretata,
1789 2917 1882 2963 aut
1903 2922 2009 2961 non
2034 2905 2200 2961 inter-

594 3012 841 3085 pretata?
869 3021 925 3067 ut
971 3008 1185 3083 (Matth.
1236 3003 1547 3076 xxvtt,46),
1589 3003 1720 3069 Ηλεὶ,
1753 3001 1881 3067 mai,
1923 3000 2065 3072 λαμᾶ
2102 3020 2200 3054 σα·

598 3110 867 3181 ϐαχθανεί.
900 3104 1033 3163 Item
1076 3102 1367 3175 Golgotlta,
1391 3109 1445 3156 et
1488 3096 1814 3153 Emmanuel.
1856 3094 1986 3150 Item
2010 3092 2053 3167 (l
2076 3091 2195 3149 Cor.

2304 1888 2375 1943 sit
2397 1889 2650 1959 superior
2678 1889 3005 1954 substantia,
3039 1907 3105 1947 ex
3132 1907 3233 1963 qua
3261 1891 3370 1947 duo
3395 1902 3547 1948 sunt.
3577 1894 3628 1948 Si
3656 1891 3770 1948 enim
3792 1890 3830 1946 tle

2300 1980 2413 2035 Deo
2459 1980 2622 2045 Deus.
2648 1989 2705 2036 et
2735 1981 2915 2037 lumen
2963 1981 3031 2037 de
3079 1982 3312 2047 lumine,
3345 1985 3531 2053 utique
3572 1986 3718 2054 patris
3749 1983 3830 2037 sub-

2300 2073 2495 2129 stantia
2525 2074 2618 2128 tilii
2647 2083 2731 2130 est
2759 2093 2771 2128 :
2800 2075 2923 2147 quia
2950 2075 3066 2146 ipse
3095 2076 3239 2132 Deus
3272 2087 3449 2147 pater,
3472 2079 3585 2149 ipse
3610 2077 3830 2134 substantia

2300 2176 2403 2235 est,
2432 2167 2503 2223 de
2531 2184 2633 2239 qua
2663 2168 2963 2223 substantia
2995 2168 3138 2225 ﬁlius
3175 2171 3355 2243 Λόγος,
3391 2171 3597 2237 lumen,
3637 2172 3827 2244 spiritus:

2299 2261 2500 2317 etenim
2530 2277 2653 2317 cum
2683 2262 2882 2317 dicitur
2910 2262 3079 2328 ﬁlius,
3126 2262 3254 2319 item
3283 2265 3558 2332 Salvator,
3586 2266 3697 2322 item
3721 2264 3826 2321 Jesns

2298 2351 2571 2420 Christus,
2599 2353 2895 2409 secundum
2925 2354 3264 2426 qualitatem,
3297 2372 3405 2412 non
3443 2357 3715 2413 secundum
3748 2356 3827 2411 sub-

2301 2445 2557 2501 stantiam
2585 2444 2806 2501 dicitur.
2835 2446 2925 2503 Sic
2951 2447 3158 2519 reliqua
3184 2450 3265 2503 vel
3297 2451 3437 2521 patri
3461 2450 3650 2506 dantur
3663 2449 3826 2514 vellilio,

2301 2551 2431 2608 ergo
2470 2536 2827 2593 substantiam
2868 2539 3135 2596 fatemini.
3170 2540 3277 2597 Vos
3304 2552 3491 2599 autem
3528 2553 3664 2605 certe
3693 2542 3826 2597 Basilio

2300 2629 2633 2701 credite,qui
2661 2631 2848 2687 eadem
2889 2632 2957 2688 de
2980 2634 3177 2699 Den,et
3213 2634 3283 2691 de
3311 2636 3532 2693 Christo
3552 2638 3685 2703 dicit;
3705 2635 3824 2691 lumen

2302 2723 2467 2779 Deum
2494 2741 2509 2778 :
2540 2725 2806 2794 spiritum,
2834 2726 2997 2800 λόγον,
3029 2735 3082 2783 et
3109 2729 3469 2784 subStantiam
3498 2730 3763 2786 conﬁtetur.
3783 2726 3825 2779 At

2302 2816 2445 2871 enim
2499 2817 2551 2871 in
2582 2817 2699 2871 istis
2747 2817 3011 2891 ὁρίοούσιον
3057 2835 3163 2875 non
3194 2832 3276 2876 est
3301 2839 3316 2876 :
3342 2821 3417 2877 ita
3447 2833 3553 2890 est,
3596 2824 3637 2878 si
3679 2836 3760 2876 non
3791 2819 3824 2871 in

2302 2909 2562 2985 ὁμοουσίῳ
2584 2994 2591 2997 Δ
2611 2910 2856 2966 eamdem
2887 2913 3240 2968 substantiam
3289 2915 3579 2987 intelligas.
3604 2913 3685 2971 Sin
3706 2920 3824 2966 autem

2301 3017 2424 3058 cum
2454 3004 2799 3073 componitur
2820 3006 3066 3072 verbum,
3099 3007 3237 3061 idem
3281 3008 3334 3063 in
3372 3008 3588 3064 duobus
3616 3008 3689 3062 vel
3712 3004 3823 3077 pluri-

2301 3095 2401 3152 bus
2431 3097 2767 3168 signiﬁcatur
2807 3098 3057 3171 ὁμοειδής,
3089 3100 3231 3171 quod
3260 3103 3453 3159 eadem
3498 3104 3567 3158 sit
3595 3102 3823 3173 speciezet

594 3217 706 3270 XVI,
734 3200 852 3273 22),
886 3197 948 3255 Si
974 3197 1088 3269 quis
1128 3202 1396 3250 nonumat
1444 3191 1727 3247 Dominum
1763 3197 1995 3243 nostrth
2019 3183 2196 3240 Chris—
2223 3184 2270 3249 C
2300 3188 2501 3263 ὁμοήλξ
2533 3189 2673 3258 quod
2717 3190 2907 3246 eadem
2939 3202 3119 3257 mtate;
3152 3194 3375 3265 etquod
3418 3195 3672 3269 ὁμώνυμος
3692 3190 3821 3249 eodem

596 3305 706 3351 tum
744 3295 931 3365 ﬁlium,
1254 3288 1516 3345 Sexcenta
1546 3285 1653 3340 alia
1683 3292 1776 3339 aut
1813 3282 2190 3351 interpretata,

593 3388 772 3461 posita
810 3396 986 3441 tamen
1018 3401 1031 3439 :
1060 3393 1152 3439 aut
1182 3398 1288 3438 non
1332 3382 1703 3449 interpretata,
1737 3384 1792 3431 et
1829 3374 1945 3431 sola
1986 3371 2191 3444 posita;

590 3493 686 3539 aut
708 3481 1002 3543 anathema,
1048 3475 1190 3549 quod
1224 3491 1329 3529 nou
1358 3469 1701 3544 exprimitur,
1748 3480 1848 3523 nec
1899 3464 2064 3519 latine
2094 3475 2194 3519 nec

592 3590 770 3647 graece
790 3617 805 3642 ,
834 3582 889 3630 et
917 3582 1094 3628 tamen
1123 3569 1359 3641 positum
1380 3575 1484 3631 est,
1517 3572 1574 3619 et
1602 3559 1846 3633 quotidie
1877 3564 2190 3628 usurpatur,

589 3671 731 3728 sicut
756 3677 812 3725 et
834 3666 1079 3734 Alleluia,
1112 3674 1166 3720 et
1187 3663 1369 3728 Amen,
1394 3674 1513 3731 qua:
1536 3657 1592 3712 in
1615 3656 1758 3711 omni
1784 3654 1961 3724 lingua
1985 3651 2194 3706 incom-

486 3780 490 3783 '
590 3761 922 3821 mutabiliter
940 3759 1213 3815 dicuntur.
1236 3754 1386 3810 Licet
1409 3751 1569 3823 igitur
1591 3762 1794 3820 ponere
1816 3745 2007 3801 eodem
2028 3740 2192 3798 modo

591 3857 880 3933 ὁμοούσιον.
907 3853 1068 3910 Certe
1088 3849 1313 3909 verbum
1344 3863 1467 3903 cum
1494 3842 1788 3901 tollendum
1817 3850 1922 3905 est,
1945 3847 2031 3893 aut
2065 3836 2190 3907 quia

590 3932 879 4011 obscurum
915 3957 1001 4007 est
1035 3948 1260 4014 tollitur,
1303 3952 1395 3999 aut
1414 3940 1539 4012 quia
1558 3935 1911 4003 contrarium,
1944 3942 2035 3988 aut
2066 3932 2190 4002 quia

588 4050 771 4105 minus
809 4043 896 4099 vel
934 4041 1055 4113 plus
1084 4036 1358 4109 exprimit,
1389 4044 1479 4089 aut
1505 4032 1627 4104 quia
1667 4040 2061 4098 supervacuum
2082 4032 2187 4080 est.

586 4141 703 4200 Hoc
728 4155 832 4196 non
857 4137 1144 4194 obscurum
1171 4141 1285 4199 eSt;
1320 4143 1445 4184 nam
1472 4135 1527 4182 et
1553 4139 1653 4180 nos
1672 4122 1913 4179 diximus
1941 4117 2085 4190 quod
2114 4118 2189 4173 si-

584 4238 843 4312 gniﬁcet;
875 4243 928 4290 et
950 4245 1048 4286 vos
1073 4228 1195 4300 quia
1233 4219 1557 4294 intelligitis,
1588 4217 1825 4274 timetis:
1857 4225 1911 4270 et
1930 4212 2185 4277 Basilius,

584 4334 710 4407 quia
749 4326 1037 4400 intelligit,
1072 4329 1262 4378 mutat.
1306 4313 1648 4372 Contrarium
1694 4318 1876 4366 autem
1923 4322 2034 4363 non
2078 4312 2183 4372 est,

585 4398 711 4485 nam
750 4439 873 4481 cum
902 4398 971 4477 de
1008 4412 1305 4474 substantia
1333 4411 1444 4483 jam
1484 4421 1678 4464 omnes
1716 4405 1980 4460 fateamur
2015 4418 2029 4454 :
2059 4398 2186 4455 sub.

586 4520 783 4578 stantia
815 4525 899 4573 est
937 4513 1081 4569 enim
1114 4511 1273 4573 Deus,
1307 4502 1559 4576 Spiritus,
1586 4500 1797 4563 lumen;
1831 4510 1949 4566 qua:
1975 4492 2046 4548 de
2072 4491 2185 4546 Deo

2299 3281 2555 3348 nomine,
2608 3281 2898 3337 concordia
2946 3282 3186 3360 ὁμονοίᾳ,
3233 3286 3431 3342 eodem
3479 3288 3655 3354 corde,
3694 3284 3820 3341 eadem

2296 3378 2454 3453 ἐννοίᾳ
2496 3393 2688 3449 ειθτεο
2732 3379 3193 3439 consubstantiale
3239 3383 3384 3454 quod
3434 3386 3511 3440 sit
3551 3382 3713 3440 eadem
3741 3378 3821 3433 sub-

2295 3471 2491 3526 stantia
2514 3472 2729 3541 est.,Sin
2757 3480 2936 3529 autem
2961 3474 3090 3548 ὁμοῦ
3120 3477 3461 3547 intelligitur,
3483 3479 3585 3534 erit
3605 3476 3818 3550 speciem.

2296 3563 2462 3621 latine
2502 3566 2659 3621 simul
2701 3567 3154 3635 cousubstantiule,
3205 3586 3311 3625 non
3340 3571 3413 3626 ab
3438 3573 3616 3643 aliquo
3641 3561 3819 3630 alio,setl

2295 3660 2389 3717 Dei
2432 3663 2667 3732 potentia
2708 3677 2775 3718 ex
2813 3673 3041 3719 mtcrno.
3087 3664 3298 3720 Etenim
3346 3666 3393 3721 si
3435 3664 3612 3740 (Iona.
3638 3663 3675 3730 Ι,
3704 3663 3743 3733 l)
3775 3656 3817 3712 ll

2293 3753 2546 3827 principio
2592 3764 2702 3809 erat
2748 3755 2913 3830 λόγος,
2946 3757 3156 3830 etM-po;-
3177 3758 3374 3812 eratad
3399 3758 3593 3824 Deum,
3636 3752 3817 3827 quoniam

2293 3844 2614 3916 principium
2651 3857 2777 3903 ante
2806 3848 2938 3902 nihil
2965 3849 3125 3905 habet
3153 3868 3166 3905 :
3196 3850 3242 3905 si
3273 3850 3418 3906 enim
3453 3850 3699 3914 habuerit,
3724 3843 3819 3900 desi-

2294 3941 2374 3996 nit
2416 3956 2537 3997 esse
2566 3943 2893 4014 principium
2924 3960 2938 3997 :
2970 3958 3037 3998 ex
3058 3952 3265 4001 mterno
3291 3946 3459 4014 Deus,
3492 3957 3545 4002 et
3581 3960 3641 4002 ex
3677 3948 3817 3997 ποιεωο

2290 4035 2455 4110 λόγος.
2488 4035 2663 4093 Simul
2704 4053 2834 4108 ergo
2874 4038 3056 4107 ambo,
3088 4049 3144 4096 et
3185 4057 3402 4113 semper
3433 4043 3616 4111 simul,
3658 4034 3818 4095 uocali-

2290 4129 2509 4197 quando
2538 4132 2678 4188 alter
2718 4133 2843 4189 sine
2873 4133 3067 4203 altero,
3099 4150 3199 4191 nec
3228 4137 3370 4193 ﬁlius
3412 4153 3482 4194 ex
3511 4153 3576 4192 eo
3599 4133 3718 4208 quod
3742 4144 3811 4185 non

2291 4233 2374 4279 cst
2395 4225 2709 4297 aliquando.
2743 4225 2876 4284 Heic
2901 4243 3031 4300 ergo
3061 4230 3321 4285 exclusus
3349 4233 3532 4299 Arius,
3559 4232 3641 4301 qui
3662 4222 3815 4299 protulit

2290 4318 2444 4375 ἐνιότε
2487 4317 2628 4381 οὐκῆ
2654 4336 2666 4374 :
2692 4322 2961 4377 sententia
3007 4324 3131 4393 ejus
3154 4323 3253 4380 fuit
3278 4334 3336 4380 et
3364 4325 3479 4389 illa.
3526 4328 3574 4391 ἐξ
3612 4325 3684 4379 οὐκ
3712 4317 3813 4376 ὄντων

2289 4425 2411 4467 esse
2439 4411 2629 4478 ﬁlium,
2674 4413 2725 4468 id
2757 4424 2840 4470 est
2868 4414 2936 4471 de
2972 4414 3168 4472 nihilo.
3210 4416 3496 4488 Signiﬁcat
3531 4418 3752 4490 ὁμοούσιω
3767 4408 3813 4461 si-

2290 4506 2401 4561 mul
2433 4522 2574 4575 esse,
2605 4516 2662 4564 et
2682 4508 3033 4565 substantiam
3059 4526 3075 4566 :
3106 4511 3381 4567 Adversus
3407 4522 3677 4583 utrumque
3698 4501 3812 4561 sacri-

582 4622 736 4687 patre
764 4620 816 4665 et
832 4607 1046 4665 Christo
1062 4603 1331 4660 dicuntur.
1357 4594 1472 4651 Hoc
1496 4592 1717 4649 verbum
1739 4588 2032 4661 ὁμοούσιον,
2060 4598 2182 4638 eum

2295 4595 2486 4669 legium
2525 4600 2675 4655 verbi
2714 4601 2871 4685 hujus
2906 4604 3145 4672 potentia
3175 4614 3465 4676 repugnat,
3495 4620 3597 4677 quo
3618 4603 3811 4676 ὁμοούσιον

583 4678 652 4763 de
676 4700 972 4760 substantia
1009 4698 1240 4761 dicatur,
1293 4705 1399 4746 non
1440 4692 1617 4759 potest
1657 4696 1779 4739 esse
1825 4678 2180 4736 contrarium.

582 4799 693 4859 Sed
723 4797 900 4853 minus
925 4804 1016 4850 aut
1042 4790 1271 4860 amplius
1297 4782 1637 4855 exprimitur.
1667 4771 2058 4846 Corrigendum
2085 4783 2181 4840 po-

579 4896 688 4954 tius
710 4908 871 4966 quam
900 4885 1276 4945 auferendum.
1319 4880 1438 4938 Jam
1466 4891 1599 4935 vero
1619 4884 2012 4946 supervacuum
2044 4882 2181 4940 quo-

580 4963 778 5046 moda?
806 4984 933 5056 quia
976 4980 1083 5052 jam
1121 4978 1343 5042 dictum,
1391 4971 1482 5028 ubi
1528 4968 1732 5025 dictum
1763 4984 1776 5019 :
1808 4979 1877 5019 an
1905 4963 2052 5056 (μιξιι⁸
2069 4975 2178 5016 non

577 5084 732 5150 utile,
746 5052 890 5153 quod
911 5073 1148 5132 excludit
1169 5068 1454 5126 haereticos
1476 5062 1709 5119 maxime
1727 5055 2001 5116 Arianos?
2021 5052 2176 5121 Quod

578 5145 876 5249 majori-bus
904 5169 1136 5244 positum
1160 5174 1217 5220 ut
1246 5175 1433 5218 murus
1460 5168 1516 5215 et
1537 5147 2033 5229 propugnaculum?
2070 5145 2178 5204 Sed

577 5287 752 5346 nuper
778 5278 860 5326 est
886 5263 1141 5339 positum.
1175 5257 1311 5327 Quia
1356 5267 1529 5323 nuper
1561 5250 1741 5320 erupit
1771 5254 2036 5304 venenata
2080 5256 2176 5299 co-

575 5341 710 5424 hors
737 5360 1137 5423 hmreticorum,
1176 5366 1284 5424 quo
1320 5357 1500 5404 tamen
1541 5342 1816 5401 conditum
1841 5341 1993 5413 juxta
2026 5347 2176 5394 vete-

576 5475 694 5517 rem
722 5454 901 5519 lidem,
930 5466 1054 5508 nam
1085 5456 1141 5505 et
1176 5455 1303 5501 ante
1335 5447 1644 5504 tractatum,
1685 5435 1840 5491 multi
1870 5433 2017 5491 orbis
2060 5431 2176 5503 epi-

574 5552 727 5625 scopi
755 5546 979 5608 trecenti
999 5541 1309 5617 quindecim
1336 5537 1389 5592 in
1410 5533 1629 5592 civitate
1666 5529 1845 5586 Nicaea
1873 5541 2036 5598 quam
2077 5539 2176 5597 per

576 5726 582 5736 ‘
652 5713 733 5786 (l)
757 5710 895 5786 Heie‘
920 5706 1132 5786 videtur
1157 5702 1347 5786 deesse
1387 5690 1836 5772 signiﬁcationem,
1882 5685 2179 5744 denuntiau-

577 5776 786 5854 tiouein,
815 5782 900 5841 vel
921 5778 1049 5854 quid
1074 5776 1271 5835 simile.

2286 4689 2521 4748 dicitur:
2567 4693 2681 4749 sive
2710 4695 2854 4750 enim
2885 4695 2957 4750 ita
2983 4705 3087 4764 est,
3133 4706 3193 4752 ut
3218 4697 3516 4770 ὁμοούσιον,
3546 4699 3612 4752 sit
3634 4690 3807 4765 eiusde!

2284 4785 2620 4854 substantize,
2653 4795 2713 4842 ut
2739 4787 2973 4860 ὁμοειδής
3000 4790 3154 4846 sicuti
3182 4805 3342 4861 supra
3364 4792 3653 4854 docuimus,
3681 4781 3807 4842 emil-

2281 4877 2427 4933 ditur
2451 4878 2596 4949 quod
2640 4878 2843 4935 dietum
2880 4890 2985 4949 est,
3028 4897 3150 4939 esse
3187 4881 3463 4940 Christum
3500 4900 3564 4941 ex
3590 4869 3805 4937 nihilozsi

2282 4972 2425 5026 enim
2457 4971 2598 5027 Deus
2626 4981 2681 5027 et
2710 4973 2870 5048 A670;-
2912 4973 3102 5030 eadem
3131 4976 3434 5032 substantia
3464 4985 3603 5039 sunt,
3646 4972 3803 5027 Drusel

2279 5066 2440 5140 Λόγος
2470 5081 2576 5121 non
2598 5066 2772 5122 solum
2800 5082 2910 5143 non
2936 5084 3004 5123 ex
3034 5069 3223 5135 nihilo,
3258 5071 3352 5127 sed
3385 5086 3456 5128 ne
3479 5087 3544 5127 ex
3576 5066 3709 5125 simili
3725 5058 3803 5132 qui.

2280 5155 2403 5213 dem
2425 5156 2748 5213 substantia.
2780 5159 2838 5215 Si
2886 5175 3016 5217 vero
3065 5161 3338 5235 ὁμοούσιον
3383 5180 3449 5220 ex
3491 5178 3554 5221 eo
3596 5156 3712 5232 quod
3730 5157 3799 5213 est.

2280 5248 2440 5303 simul
2467 5264 2590 5306 esse
2617 5250 2917 5307 substantia
2967 5253 3306 5326 intelligitur,
3341 5256 3445 5313 hoc
3468 5266 3550 5312 est
3567 5250 3800 5309 simulasse

2279 5340 2723 5411 substantiarum,
2773 5344 2936 5400 simul
2984 5346 3127 5404 Deus
3169 5356 3226 5405 et
3264 5350 3430 5423 λόγος,
3464 5358 3521 5406 et
3559 5363 3618 5405 ex
3652 5349 3798 5400 artem

2281 5450 2497 5507 semper
2526 5438 2685 5493 simul
2712 5448 2868 5511 pater
2894 5449 2947 5497 et
2975 5440 3141 5499 ﬁlius.

2353 5569 2447 5628 Xl.
2492 5571 2570 5627 Ex
2589 5570 2691 5629 hoc
2707 5573 3010 5631 excluditur
3024 5577 3168 5649 quod
3189 5577 3391 5636 dictum
3412 5588 3495 5637 est
3514 5598 3527 5636 :
3550 5578 3636 5651 fuit
3650 5565 3794 5643 quando

2282 5684 2385 5724 non
2413 5668 2533 5740 fuit.
2564 5667 2679 5725 Hoc
2721 5669 2768 5725 si
2807 5670 2879 5726 ita
2905 5681 3011 5741 est,
3043 5671 3146 5731 hoc
3181 5690 3311 5745 uno,
3341 5675 3394 5733 id
3431 5685 3532 5743 est,
3579 5670 3793 5743 ὁμωύσεθξν

2287 5776 2450 5821 omne
2469 5777 2736 5821 venenum
2763 5764 2947 5823 Ariani
2971 5766 3235 5843 dogmatis
3258 5770 3625 5830 internecatur.
3647 5763 3683 5820 0
3696 5751 3794 5817 dedi
