4024 6306
250 276 387 336 tua?

245 399 514 472 episcopi!
556 417 590 459 o
637 411 839 465 sancti!
888 427 922 468 o
965 411 1121 470 ﬁdem
1173 416 1364 488 Spiritu
1410 424 1832 486 conﬁrmantes!

243 507 278 547 ο
304 496 550 566 verbum,
581 515 706 557 vero
744 505 962 561 verbum
1008 509 1128 565 Dei!
1161 513 1302 581 quod
1332 515 1472 572 Deus
1497 527 1553 573 et
1575 521 1719 596 λόγος
1750 539 1839 579 os-

245 587 503 655 tenditur,
545 591 705 648 simul
727 612 790 651 ex
814 607 1040 670 aeterno,
1065 611 1118 657 ct
1144 619 1362 675 semper
1391 587 1688 683 eademque
1710 617 1836 672 sub-

241 682 457 738 stantia.
490 684 700 744 Dictum
734 690 894 761 igitur
923 694 1088 752 latine
1111 707 1196 753 est
1221 699 1489 773 ὁμοούσιον
1519 723 1532 759 :
1568 707 1713 764 unde
1744 725 1835 764 ne.

239 777 479 832 cessario
509 780 671 835 etiam
729 799 905 854 graece
934 790 1243 858 ponendum
1278 805 1440 866 atque
1469 801 1832 858 tractandum.

239 867 345 961 Sed
369 870 688 942 adjiciamus
715 878 881 935 etiam
916 897 1057 938 nunc
1085 885 1310 956 aliquid,
1352 905 1459 960 quo
1489 908 1587 961 per
1615 896 1829 952 confes-

235 960 443 1020 sionem
491 975 724 1025 vestram
768 982 823 1028 et
865 989 963 1045 per
1006 976 1294 1037 lectionem
1356 960 1606 1042 deiﬁcam
1669 989 1832 1046 latine

233 1067 556 1125 expressum
575 1060 839 1134 ὁμοούσιον
862 1069 1212 1138 approbetur.
1242 1073 1427 1132 Lectio
1449 1077 1629 1136 divina
1655 1081 1784 1138 dicit
1814 1100 1828 1138 :

232 1158 384 1218 pater
413 1153 464 1208 in
496 1153 627 1223 ﬁlio,
661 1167 717 1214 et
742 1159 884 1216 ﬁlius
931 1162 982 1218 in
1030 1174 1198 1234 patre.
1237 1169 1300 1223 Et
1330 1186 1398 1231 ne
1437 1188 1623 1243 parum
1653 1177 1724 1232 sit
1761 1177 1829 1233 ad

232 1242 390 1299 ﬁdem
411 1245 525 1316 ipse
551 1249 806 1309 Dominus
825 1257 1178 1336 nosterJesus
1197 1242 1444 1320 Christus
1481 1265 1612 1322 dicit
1643 1268 1822 1338 (Joan.

230 1350 346 1403 xxv,
382 1338 504 1409 40):
540 1341 650 1414 Ego
678 1345 732 1400 in
763 1334 920 1403 Patre
965 1360 1012 1405 et
1040 1349 1199 1409 Pater
1240 1356 1294 1411 in
1332 1374 1429 1412 me.
1477 1358 1615 1428 Quid
1652 1334 1828 1431 ergo?

227 1426 355 1486 Haec
402 1435 617 1492 nomina
648 1437 830 1496 insunt
875 1443 978 1498 sibi
1023 1445 1299 1504 invicem?
1346 1467 1413 1506 an
1458 1455 1706 1522 virtutes,
1756 1472 1823 1512 an

223 1525 571 1597 substantiae,
602 1547 670 1586 an
714 1535 994 1604 sapientiae
1036 1549 1090 1594 et
1135 1544 1471 1610 potestates?
1521 1555 1672 1617 pater
1715 1564 1822 1620 quo

224 1625 376 1687 pater
399 1632 501 1687 εει,
537 1623 589 1678 in
614 1624 724 1680 ﬁlio
749 1642 871 1683 esse
895 1645 1000 1685 non
1027 1643 1224 1702 potest.
1250 1635 1382 1691 Item
1407 1635 1548 1694 ﬁlius
1591 1641 1644 1696 in
1671 1652 1821 1711 patre

220 1725 344 1767 esse
374 1727 478 1770 non
511 1725 706 1785 potest,
739 1720 832 1775 sed
859 1737 965 1793 quo
995 1725 1209 1781 virtutis
1237 1729 1554 1786 substantia:
1581 1732 1683 1788 sibi
1713 1743 1816 1803 est,

218 1801 324 1860 hoc
345 1817 450 1872 est,
482 1808 534 1864 in
564 1810 755 1868 altero.
779 1814 907 1872 Inde
931 1817 1158 1874 alterum
1186 1821 1237 1875 in
1266 1823 1439 1878 altero
1464 1842 1477 1876 :
1505 1842 1669 1882 unum
1698 1829 1822 1884 red-

215 1895 364 1953 ditur
383 1901 544 1957 etiam
564 1905 976 1965 subsistentibus
993 1912 1250 1984 singulis;
1274 1933 1439 1972 unum
1465 1930 1665 1987 tamen,
1691 1923 1816 1993 quia

212 1986 359 2047 idem
404 1993 454 2048 in
503 2006 728 2068 utroque
773 1999 1085 2074 intelligitur
1121 2016 1174 2062 et
1220 2009 1544 2066 nominatur.
1597 1986 1738 2083 Ergo
1762 2025 1818 2072 et

213 2094 370 2154 pater
404 2087 456 2144 in
488 2089 620 2156 ﬁlio,
658 2102 712 2148 et
743 2093 885 2150 ﬁlius
914 2096 966 2152 in
996 2108 1164 2169 patre.
1195 2101 1301 2158 Sed
1343 2103 1446 2159 isto
1485 2106 1666 2162 modo.
1706 2108 1815 2164 Iloc

210 2177 262 2231 si
293 2179 360 2233 ita
387 2191 489 2246 est,
522 2184 800 2242 videamus
827 2198 1043 2246 caetera.
1077 2192 1284 2262 Dicitis,
1315 2205 1370 2251 et
1425 2207 1575 2255 recte
1597 2199 1812 2258 dicitis:

209 2267 398 2327 Jesum
424 2274 695 2334 Christum
726 2281 1008 2338 Dominum
1032 2293 1296 2356 nostrum,
1325 2287 1488 2346 Deum
1510 2292 1579 2349 de
1603 2293 1731 2363 Deo,
1763 2306 1818 2353 et

208 2365 395 2424 lumen
432 2370 501 2426 de
546 2373 766 2432 lumine.
799 2375 1042 2434 Vicinum
1091 2390 1208 2446 est,
1237 2383 1486 2441 similiter
1533 2387 1715 2446 dicere
1759 2401 1816 2447 et

209 2457 378 2516 istud.
411 2462 661 2522 Dicamus
685 2483 836 2539 ergo,
860 2486 1093 2543 vereque
1112 2472 1355 2531 dicamus
1386 2477 1438 2531 in
1470 2477 1602 2546 Deo,
1632 2479 1813 2538 lumen

208 2552 272 2608 in
296 2555 516 2615 lumine.
541 2560 694 2629 Quod
719 2563 937 2633 quidem
960 2565 1081 2622 ideo
1104 2582 1208 2621 non
1231 2577 1285 2624 et
1310 2572 1570 2627 reversim
1591 2572 1806 2642 dicitur,

208 2651 336 2718 quia
365 2665 525 2707 unum
556 2654 777 2710 verbum
808 2665 893 2712 est
920 2657 973 2712 in
1001 2658 1228 2716 duobus.
1260 2661 1393 2718 Nam
1418 2674 1568 2734 pater
1595 2677 1650 2723 et
1672 2668 1812 2724 ﬁlius

207 2741 320 2798 duo
344 2753 470 2800 sunt
498 2747 772 2814 vocabula,
805 2757 858 2804 et
899 2751 1098 2808 idcirco
1128 2755 1262 2810 verti
1307 2757 1533 2814 invicem
1563 2774 1807 2832 possunt,

209 2849 272 2892 ut
301 2851 353 2895 et
385 2848 536 2909 pater
559 2841 612 2896 in
641 2842 754 2899 ﬁlio
779 2844 1004 2913 dicatur,
1038 2858 1093 2904 et
1119 2847 1261 2904 ﬁlius
1291 2850 1344 2905 in
1384 2861 1554 2922 patre.
1585 2856 1654 2911 At
1681 2873 1810 2914 vero

207 2948 332 2989 cum
360 2950 522 2988 unum
551 2950 747 2992 nomen
779 2938 831 2993 in
874 2939 1085 2997 duobus
1127 2941 1343 3009 dicitur,
1391 2944 1532 3000 Deus
1582 2948 1634 3002 in
1676 2949 1805 3018 Deo,

205 3023 400 3081 eodem
427 3027 591 3082 modo
619 3026 826 3085 dicetur
847 3041 901 3087 et
925 3047 1047 3087 cum
1077 3034 1146 3089 de
1175 3035 1346 3092 altero
1365 3036 1584 3105 dicitur,
1617 3041 1806 3099 eadem

206 3120 348 3176 ratio
369 3129 562 3176 etcum
593 3122 786 3178 dicitur
810 3123 992 3182 lumen
1025 3125 1078 3181 in
1102 3127 1322 3185 lumine.
1355 3130 1687 3191 Necessitate
1709 3137 1808 3208 igi-

209 3222 299 3270 tur
324 3216 555 3272 nominis
583 3217 744 3274 unius
766 3220 932 3275 semel
959 3221 1174 3291 quidem
1199 3223 1416 3293 dicitur,
1451 3229 1547 3284 sed
1587 3241 1806 3302 propter
1832 3232 1877 3294 C
1910 3244 2052 3299 cui...
2090 3249 2163 3304 De

205 3306 318 3363 duo
347 3318 552 3377 patrem
574 3319 628 3365 et
655 3309 821 3365 ﬁlium
850 3311 932 3366 bis
953 3323 1008 3368 et
1030 3314 1343 3386 intelligitur
1368 3328 1423 3376 et
1451 3321 1681 3379 auditur.
1712 3324 1807 3380 Di-

205 3411 394 3454 camus
417 3400 581 3472 igitur
605 3401 788 3458 .lesum
819 3405 910 3460 Dei
933 3407 1122 3474 ﬁlium,
1159 3409 1323 3466 Deum
1355 3412 1421 3469 de
1450 3415 1580 3482 Deo,
1625 3417 1805 3477 lumen

204 3491 276 3548 de
300 3492 520 3549 lumine.
551 3494 800 3552 Dicamus
826 3507 881 3554 et
920 3499 1068 3567 illud,
1102 3501 1268 3559 Deum
1301 3507 1354 3561 in
1382 3507 1511 3576 Deo,
1545 3510 1722 3566 lumen
1753 3514 1805 3569 iu

205 3589 429 3646 lumine.
463 3591 520 3646 Si
548 3591 713 3660 enim,
747 3602 804 3648 ut
827 3592 1061 3651 fatemur
1083 3613 1294 3669 omnes,
1326 3611 1380 3658 et
1414 3603 1555 3660 ﬁlius
1579 3607 1629 3662 in
1654 3617 1806 3678 patre

204 3694 309 3751 est,
340 3696 394 3741 et
415 3697 568 3757 pater
596 3689 648 3746 in
677 3692 826 3759 ﬁlio,
861 3704 946 3750 est
968 3706 1147 3753 autem
1187 3708 1411 3769 pateret
1438 3702 1596 3772 Deus,
1631 3714 1685 3759 et
1723 3707 1805 3761 lu-

203 3797 352 3846 men,
385 3782 456 3839 ita
485 3797 662 3842 tamen
689 3796 750 3844 ut
773 3789 842 3846 de
864 3800 1015 3861 patre
1043 3793 1184 3849 lilius
1211 3793 1297 3851 hic
1323 3797 1414 3864 sit,
1445 3798 1587 3855 unde
1607 3817 1800 3857 neces-

202 3877 346 3933 sario
372 3888 426 3935 et
452 3896 577 3937 vere
597 3891 682 3938 est
705 3883 884 3940 dicere
909 3903 922 3940 :
953 3895 1005 3942 et
1029 3887 1170 3944 Deus
1198 3888 1254 3944 in
1287 3890 1415 3956 Deo,
1445 3901 1499 3948 ct
1538 3894 1717 3950 lumen
1748 3895 1798 3950 in

201 3969 426 4029 lumine.
458 3975 539 4030 An
560 3975 753 4032 durum
776 3977 906 4034 illud
926 3981 1049 4035 est?
1077 3981 1170 4037 sed
1197 3985 1504 4042 necessario
1526 3985 1798 4044 fatendum

199 4078 283 4122 eat
307 4076 362 4123 et
387 4069 466 4125 sic
492 4085 613 4127 esse
635 4080 690 4126 et
719 4074 798 4129 sic
823 4089 881 4129 se
903 4074 1121 4132 habere.

275 4159 392 4216 XII.
433 4161 574 4228 Quid
604 4165 650 4219 si
691 4165 851 4221 etiam
881 4167 1080 4224 lectum
1108 4179 1221 4237 est,
1253 4181 1306 4227 ct
1334 4188 1400 4229 ex
1442 4173 1653 4231 duobus
1683 4176 1799 4232 istis

199 4267 367 4308 unum
399 4255 739 4325 apertissime
779 4257 859 4314 sic
900 4260 1162 4330 positum,
1194 4273 1252 4319 ut
1279 4279 1309 4319 a
1335 4281 1420 4320 me
1451 4281 1556 4322 non
1605 4267 1797 4323 inven-

201 4352 313 4398 tum
331 4383 347 4412 ,
372 4345 467 4401 sed
491 4361 642 4402 sacra
671 4347 901 4406 lectione
925 4352 997 4407 sit
1017 4352 1126 4424 jam
1152 4355 1476 4426 probatum?
1502 4358 1797 4431 llymnicus

197 4436 369 4492 David
399 4439 452 4494 in
484 4439 624 4496 libro
656 4442 989 4500 Psalmorum
1011 4488 1027 4515 ,
1065 4448 1154 4518 qui
1204 4450 1370 4505 clavis
1415 4453 1793 4524 mysteriorum

197 4533 439 4588 omnium
481 4533 708 4603 dicitur,
734 4537 814 4595 sic
837 4538 947 4595 Deo
993 4542 1174 4610 psallit
1213 4543 1438 4617 (Psalm.
1461 4563 1624 4616 xxxv,
1652 4548 1744 4622 10)
1778 4568 1790 4605 :

199 4627 454 4692 Quoniam
494 4631 634 4700 apud
660 4639 708 4685 te
726 4643 800 4688 est
829 4637 946 4707 fons
984 4637 1099 4691 vita:
1117 4679 1132 4705 ,
1159 4647 1206 4691 et
1231 4639 1285 4693 in
1315 4640 1507 4696 lumine
1534 4651 1622 4697 tuo
1650 4645 1788 4699 vidc-
1819 4629 1872 4688 Ῐ)

196 4721 360 4777 bimus
387 4723 557 4779 lumen
586 4741 606 4780 :
629 4726 738 4782 Deo
781 4727 982 4784 dictum
1026 4732 1389 4801 aestimamus,
1428 4753 1497 4791 an
1535 4737 1791 4794 Christo?

191 4831 263 4871 an
309 4817 557 4888 utrique?
595 4819 731 4888 Quia
775 4825 1092 4896 cuicumque
1140 4838 1323 4884 recte:
1370 4829 1420 4884 in
1465 4842 1619 4901 patre
1645 4835 1790 4890 enim

192 4907 359 4975 ﬁlius,
392 4920 443 4965 et
477 4912 529 4966 in
559 4913 668 4967 ﬁlio
693 4922 863 4984 pater.
890 4916 995 4973 Sed
1027 4919 1070 4972 si
1100 4921 1234 4990 patri
1258 4920 1387 4985 Deo,
1410 4921 1512 4978 hoc
1538 4925 1637 4979 erit
1662 4926 1792 4982 illud

192 5002 500 5076 (Jer.xull,
519 5006 590 5060 2‘2
617 5022 724 5063 sec.
743 5007 870 5080 Lxx)
892 5029 906 5065 τ
934 5011 995 5067 Si
1022 5017 1077 5066 in
1093 5015 1374 5070 substantia
1391 5034 1502 5071 mea
1516 5020 1786 5086 stetissent,

191 5107 240 5150 et
278 5096 484 5151 verbum
527 5116 695 5154 meum
737 5103 1013 5158 audissent.
1046 5104 1101 5161 Si
1149 5117 1327 5162 autem
1366 5109 1514 5176 ﬁlio,
1562 5110 1662 5167 hoc
1689 5113 1792 5169 erit

189 5188 324 5245 illud
361 5189 552 5260 (Joan.
601 5209 713 5258 xw,
743 5193 848 5266 9):
883 5195 987 5261 Qui
1020 5215 1098 5253 me
1141 5199 1275 5256 videt
1311 5201 1445 5257 videt
1481 5213 1526 5258 et
1554 5202 1785 5260 Patrem.

189 5281 339 5354 Ergo
359 5285 414 5338 in
437 5285 630 5341 lumine
648 5296 736 5342 tuo
756 5289 1033 5345 videbimus
1055 5292 1243 5347 lumen.
1275 5294 1371 5349 Est
1396 5295 1561 5367 igitur
1583 5298 1784 5366 lumen,

188 5378 245 5432 in
280 5377 472 5434 lumine
503 5389 591 5435 tuo
628 5381 905 5438 videbimus
933 5385 1120 5443 lumen.
1151 5387 1334 5460 Neque
1362 5391 1506 5446 enim
1532 5391 1778 5448 dubitan-

188 5470 314 5526 dem
340 5479 425 5527 est
448 5472 666 5544 quando
692 5484 747 5530 et
776 5475 878 5532 hoc
903 5488 1179 5548 sequatur,
1203 5497 1326 5537 cum
1364 5484 1491 5540 illud
1524 5487 1664 5556 quod
1693 5502 1784 5542 eo-

186 5565 316 5620 dem
347 5565 507 5622 modo
533 5576 637 5634 est,
663 5578 718 5624 et
746 5585 804 5626 re
831 5571 931 5638 sit,
955 5582 1009 5628 et
1036 5573 1267 5632 lectione
1295 5577 1597 5648 probatum.
1629 5579 1784 5648 Quod

186 5659 235 5715 si
269 5659 343 5714 ita
370 5668 475 5726 est,
507 5661 820 5734 colligamus
847 5667 1027 5722 omnia
1057 5683 1069 5721 :
1107 5667 1216 5740 jam
1257 5670 1528 5743 ὁμοούσιον
1554 5689 1784 5745 appare-

188 5751 271 5807 bit
290 5760 539 5826 etgrmce
562 5755 912 5823 intellectum,
941 5770 994 5816 et
1016 5760 1179 5818 latine
1202 5766 1626 5832 pronuntiatum.
1657 5769 1788 5826 Cre-

188 5843 370 5903 dimus
396 5849 448 5904 in
480 5847 646 5906 Deum
666 5859 868 5920 patrem
881 5854 1300 5923 omnipotentem
1313 5901 1327 5928 ,
1343 5869 1398 5920 et
1416 5859 1470 5918 in
1489 5861 1657 5922 ﬁlium
1673 5865 1792 5937 ejus

622 5943 893 6006 Ρηιιοι..
958 5946 1121 6010 Vll-l.

1389 302 1754 366 ADVERSUS
1791 310 2012 370 ARIUM
2055 317 2258 375 LIBER
2299 322 2388 378 lll.

3408 357 3544 418 1098

1865 435 1912 494 Α
1942 434 2295 505 unigenitum.
2333 438 2529 499 Verum
2561 445 2650 501 ﬁat
2680 465 2692 502 :
2718 449 2859 508 Satis
2886 465 2970 512 est
2993 457 3105 527 jam
3128 461 3197 520 de
3224 465 3347 524 hoc.
3377 471 3544 534 Isaias

1943 525 2022 580 sic
2050 527 2119 582 ita
2153 527 2307 602 (Isai.
2339 550 2461 600 XLV,
2495 536 2584 610 ’14)
2616 556 2627 592 :
2661 539 2934 602 Laboravit
2955 525 3251 625 {Egi/plus,
3281 571 3328 614 et

1943 621 2114 672 monia
2139 620 2453 696 {Et/tiopum
2494 639 2539 684 et
2581 630 2812 689 Snbuim.
2856 637 2962 696 Viri
2988 645 3229 704 altissimi
3269 653 3324 706 in
3355 665 3404 710 te
3431 675 3544 714 am-

1941 710 2216 783 bulabunt,
2252 728 2298 772 et
2329 721 2417 775 tibi
2445 734 2591 779 erunt
2620 730 2748 782 servi
2770 771 2783 795 ,
2816 741 2863 786 et
2912 746 3044 792 retro
3074 755 3366 815 sequentur,
3396 750 3544 821 ligati

1937 806 2154 861 manicis
2193 819 2240 865 te
2280 815 2670 884 venerabantur,
2715 833 2763 877 et
2814 836 2862 880 te
2910 831 3272 908 precabantur,
3303 806 3460 912 quod.
3487 847 3544 902 in

1935 905 1983 951 te
2007 896 2150 953 Deus
2177 912 2280 972 est,
2313 915 2358 959 et
2387 924 2488 963 non
2511 920 2586 965 est
2609 912 2745 970 Deus
2777 896 2919 974 extra
2949 932 3015 977 te.
3045 925 3228 985 .lesum
3258 896 3538 995 Christum

1937 988 2224 1076 Dominum
2258 1009 2524 1069 nostrum,
2559 1003 2724 1062 Deum
2753 1010 2818 1065 dc
2848 1016 2976 1081 Deo,
3011 1018 3192 1078 lumen
3218 1025 3285 1081 de
3311 1026 3547 1088 lumine:

1935 1086 2483 1163 consubstantialem,
2517 1099 2680 1156 simul
2729 1105 3136 1171 substantialem
3164 1135 3178 1170 :
3205 1120 3283 1175 sic
3329 1124 3536 1196 reliqua

1936 1175 2000 1196 ,λ
2154 1180 2169 1196 .
2229 1182 2241 1196 ο
2597 1194 2603 1196 μ

1933 1175 2000 1231 ad
2032 1180 2400 1251 symbolorum
2428 1205 2550 1258 qua:
2583 1194 2903 1267 junguntur,
2930 1213 2984 1259 et
3013 1206 3079 1261 ad
3111 1208 3271 1267 ﬁdem

1935 1276 2044 1325 tum
2078 1284 2192 1343 est,
2239 1286 2292 1332 et
2320 1278 2626 1341 absolutum
2679 1290 2946 1363 ὁμοοὺσιον
2978 1300 3192 1368 plenum
3235 1317 3346 1375 est,
3377 1276 3431 1367 et
3469 1315 3540 1371 de

1932 1364 2119 1422 eadem
2160 1371 2482 1443 subStantia,
2508 1387 2562 1435 et
2591 1381 2644 1436 in
2667 1386 2854 1443 eadem
2887 1393 3209 1465 substantia,
3241 1414 3292 1459 et
3321 1420 3538 1481 semper

1932 1455 2087 1481 ..ε.....ι
2142 1461 2182 1481 ,ε
2219 1479 2227 1481 ξ
2255 1464 2268 1481 1
2376 1476 2386 1481 -
2446 1470 2456 1481 .
2503 1472 2532 1481 κ.
2669 1476 2680 1481 -

1929 1455 2112 1526 simul,
2140 1461 2184 1516 si
2217 1464 2412 1537 placet,
2444 1470 2606 1528 latine
2637 1476 2717 1532 sic
2760 1481 3039 1542 habeatur.
3073 1490 3131 1546 Si
3158 1504 3335 1552 autem
3367 1455 3532 1560 uniun

1929 1548 2152 1606 Verbum
2191 1571 2453 1629 grmcum,
2485 1567 2628 1634 quod
2680 1585 2872 1643 magna
2902 1585 3285 1654 expressione,
3312 1607 3534 1666 magna-

1927 1657 2032 1710 que
2061 1645 2322 1706 brevitate
2371 1664 2659 1730 utrumque
2707 1667 3016 1737 concludit,
3050 1676 3228 1746 placet
3281 1645 3531 1758 mancere,

1929 1732 1992 1758 ,μ
2029 1737 2131 1758 πμ,
2187 1749 2225 1758 Α.
2258 1743 2291 1758 ,κ
2394 1745 2405 1757 .

1926 1732 1995 1790 de
2029 1737 2138 1793 Deo
2177 1749 2231 1796 et
2254 1743 2482 1802 Domino
2514 1765 2702 1810 nostro
2732 1773 3073 1834 perseveret;
3108 1771 3374 1844 ὀμοούσιον
3402 1733 3533 1841 vero

1851 1837 1898 1896 Β
1927 1829 2098 1900 magis
2134 1847 2197 1888 ac
2229 1839 2398 1909 magis
2444 1854 2711 1917 teneatur,
2743 1854 3030 1926 scribatur,
3062 1864 3294 1939 dicatur,
3330 1883 3532 1935 tracte-

1925 1931 2030 1992 tur,
2066 1925 2118 1980 iu
2151 1929 2413 1990 Ecclesiis
2441 1943 2691 2000 omnibus
2739 1952 3080 2018 prmdicetnr.
3139 1925 3438 2028 Hmc’enim
3469 1975 3532 2031 ﬁ-

1920 2013 2024 2127 des
2039 2021 2182 2127 apud
2201 2023 2432 2127 Nicmam
2453 2073 2467 2098 ,
2494 2034 2611 2089 haec
2641 2013 2778 2096 ﬁdes
2799 2013 3528 2127 apostolorum,w

1919 2107 2203 2167 catholica.
2237 2116 2372 2175 Hinc
2396 2125 2610 2193 Ariani,
2646 2129 2773 2188 hinc
2800 2134 3039 2198 haeretici
3084 2107 3367 2213 vincuntur
3403 2107 3524 2219 uni-

1918 2204 2084 2257 versi.
2117 2207 2225 2263 Pax
2251 2226 2373 2268 cum
2408 2215 2490 2272 his
2518 2221 2610 2290 qui
2657 2224 2728 2281 ita
2753 2232 3015 2304 sentiunt,

1918 2289 2047 2348 Jesu
2075 2296 2294 2358 Christo
2325 2305 2555 2366 Domino
2581 2327 2786 2375 nostro.
2820 2289 3016 2385 Amen:

2445 2421 2651 2480 LIBER
2681 2429 2998 2495 TERTlUS.

1989 2511 2185 2559 ΛΟΓΟΣ
2227 2507 2313 2611 vel
2357 2519 2475 2576 νοῦς·
2516 2515 2732 2577 divinus
2777 2536 2833 2582 ut
2874 2532 3004 2589 sede
3055 2539 3244 2611 utitur,
3276 2557 3437 2622 atque
3466 2565 3526 2613 ut

1915 2604 2175 2664 corpore,
2220 2599 2396 2658 anima
2433 2608 2677 2680 coelesd;
2725 2632 2786 2672 ea
2836 2637 2966 2680 vero
3009 2599 3246 2692 sensuali
3293 2599 3397 2713 vei"),
3439 2650 3524 2706 vel

3118 2685 3246 2692 “’”“““
3298 2685 3373 2699 ’νυ
3446 2685 3524 2706 τοι

1914 2685 2079 2760 Λόγος
2109 2688 2407 2750 insensuali
2430 2701 2640 2770 anima,
2675 2719 2733 2764 ut
2773 2711 2890 2783 ipse
2917 2727 3188 2784 sensualis
3209 2731 3262 2787 in
3291 2687 3524 2808 corpore

1915 2786 1995 2808 ncl
2067 2791 2115 2808 AI
2165 2783 2278 2808 ἕλη..
2330 2787 2375 2808 2,,
2424 2807 2429 2808 ,
2522 2794 2554 2808 ιο

1915 2786 1999 2831 est
2021 2791 2119 2892 ,ιρι
2163 2783 2283 2839 ideo
2327 2787 2380 2843 in
2413 2794 2792 2872 qualicumque
2839 2822 3087 2880 corpore.
3135 2816 3308 2882 Omne
3337 2783 3518 2892 alitem

2704 2869 2717 2872 ἡ
2940 2869 2950 2880 ·
3047 2869 3085 2872 ,ν
3142 2869 3308 2882 ν---ισν
3337 2869 3496 2891 υιυιῠιι

1913 2869 2055 2937 quod
2096 2888 2164 2928 ex
2195 2876 2392 2936 divinis
2431 2894 2514 2940 est
2553 2888 2619 2943 ad
2651 2907 2748 2948 sua
2799 2902 2953 2968 qnasi
2997 2921 3122 2976 pars
3165 2929 3350 2974 eorum
3398 2869 3514 2998 est:

1913 2963 2006 2998 ml
2038 2978 2087 2998 η,
2126 2968 2295 2998 :MM
2437 2977 2450 2998 ε
2476 2979 2488 2998 ,
2525 2981 2538 2993 .

2817 2963 2828 2968 -
2997 2963 3012 2976 ,
3101 2963 3113 2965 -
3170 2963 3349 2974 --......
3398 2963 3483 2983 νο,

1912 2963 2007 3089 sed
2038 2978 2092 3021 ut
2121 2968 2317 3040 imago,
2353 2986 2408 3031 ut
2435 2977 2488 3033 id
2522 2981 2576 3037 in
2617 2985 2741 3042 aliis
2793 3003 2843 3056 et
2890 3011 3156 3060 assertum
3186 3021 3269 3067 est
3305 3027 3359 3071 et
3387 2971 3516 3089 pro:

1931 3066 2090 3089 νὶιηηι
2123 3079 2134 3089 .
2169 3064 2357 3089 ,...Ξ..---
2398 3085 2435 3089 -,,
2546 3075 2558 3086 ε
2632 3078 2643 3089 .
2718 3083 2730 3089 -
2809 3085 2840 3089 _-

2816 3054 2819 3056 '
2995 3054 3026 3055 η
3074 3054 3156 3060 ’“”·
3188 3054 3269 3067 νυ·
3305 3054 3359 3071 vv
3427 3054 3515 3078 ιυ-

1911 3054 2091 3159 batnm
2122 3079 2134 3114 :
2166 3064 2362 3137 quippe
2391 3085 2512 3128 cum
2543 3075 2595 3130 in
2628 3078 2759 3149 ipsis
2789 3085 2989 3146 divinis
3011 3097 3171 3170 Λόγος
3209 3103 3306 3160 υρί
3337 3054 3515 3185 inraso

1911 3162 1975 3185 ευ
2056 3154 2133 3185 ρῖη
2167 3156 2325 3185 ἶηεο..-
2367 3174 2509 3185 ..υ-,ν
2927 3182 2937 3185 _

1910 3154 2002 3215 sit,
2055 3154 2133 3210 sic
2166 3156 2325 3228 igitur
2362 3174 2594 3235 cmtera;
2624 3187 2754 3246 ergo
2793 3182 3032 3240 omnium
3066 3154 3393 3257 divinorum.
3447 3157 3516 3264 fit

2169 3249 2185 3303 i
2215 3255 2377 3326 Λόγος
2403 3256 2582 3367 imago
2610 3276 2728 3335 est,
2760 3270 2831 3326 ita
2863 3283 2952 3331 τοῦ
2980 3279 3131 3353 λόγου
3155 3288 3333 3360 anima
3365 3313 3513 3367 quac-

1913 3352 2016 3407 que
2046 3339 2150 3397 hoc
2189 3360 2358 3415 genus
2403 3349 2512 3420 ibi,
2547 3368 2740 3415 cmtera
2770 3339 3207 3438 imagincs'sunt.
3233 3385 3302 3440 At
3337 3339 3514 3447 illina-

1911 3439 2028 3486 tura
2074 3439 2312 3494 scnsuali
2358 3459 2463 3499 non
2513 3447 2806 3524 imagines,
2849 3463 2943 3517 sed
2975 3469 3144 3539 magis
3187 3475 3509 3554 simulacra,

1911 3540 1971 3554 nn
1999 3527 2369 3554 μῖ.“..1-----.ς.Α
2444 3539 2475 3554 ι·
2605 3545 2616 3554 .
2712 3549 2731 3554 -

1909 3540 1972 3580 ac
1998 3527 2378 3590 simulamenta
2424 3539 2672 3600 dicenda»
2711 3549 2785 3604 Ita
2817 3554 2961 3612 enim
2991 3527 3170 3620 renum
3205 3530 3513 3645 progressi;

1909 3629 2022 3686 est,
2050 3630 2108 3676 ut
2147 3626 2458 3698 eﬁ‘ulgcntia
2491 3634 2737 3708 luminis,
2769 3645 2946 3720 imago
2971 3655 3041 3709 sit
3068 3626 3332 3722 luminis:
3365 3675 3511 3732 unde

1909 3711 2081 3732 “LL
2140 3715 2173 3732 _.
2339 3721 2352 3732 .
2627 3731 2633 3732 κ

3042 2255 3073 2296 a
3105 2241 3218 2302 Deo
3248 2261 3399 2318 patre
3421 2267 3476 2313 et
3498 2275 3530 2316 a

1901 4103 2060 4145 verus
2079 4133 2093 4156 ,
2122 4102 2175 4147 et
2205 4093 2347 4150 Deus
2379 4100 2677 4161 substantia
2706 4121 2807 4165 est.
2839 4093 3216 4183 Omne‘autem
3248 4093 3505 4202 quod};

1901 4179 2189 4254 unicuique
2239 4202 2398 4244 suum
2444 4208 2599 4263 esse,
2643 4200 2942 4264 substantia
2973 4223 3074 4269 est.
3115 4216 3221 4276 Sed
3252 4179 3356 4282 llioc
3381 4246 3502 4291 esse

1900 4275 2042 4345 quod
2082 4278 2342 4391 dit-imus,
2381 4285 2528 4390 aliud
2575 4289 2800 4368 intelligi
2833 4302 2994 4362 debet
3045 4309 3098 4366 in
3146 4275 3508 4391 eo

1898 4383 2017 4424 esse
2047 4388 2058 4422 :
2083 4372 2224 4428 aliud
2254 4391 2382 4432 vero
2413 4379 2466 4433 in
2492 4397 2557 4436 eo
2593 4388 2734 4456 quod
2761 4404 2844 4448 cst
2873 4395 2942 4453 ita
2973 4416 3115 4471 esse,
3148 4423 3205 4465 ut
3236 4372 3399 4475 uinum
3427 4372 3503 4482 si;

1897 4462 2233 4536 substantiae,
2261 4469 2407 4526 aliud
2445 4477 2740 4544 qualitatis.
2786 4485 2889 4542 Sed
2922 4491 3020 4548 ista
3066 4499 3144 4554 sic
3175 4503 3228 4559 in
3267 4462 3497 4572 Sensibi:

1897 4553 2041 4612 libus
2071 4567 2123 4612 et
2167 4557 2220 4614 in
2254 4563 2473 4621 mundo.
2513 4568 2583 4623 At
2618 4570 2671 4626 in
2714 4575 2908 4634 divinis
2935 4592 2989 4638 et
3018 4593 3235 4650 mternis
3261 4553 3362 4658 ista
3389 4553 3497 4665 3:0

1898 4665 2059 4706 unum
2094 4670 2106 4706 :
2136 4669 2296 4713 omne
2326 4659 2470 4714 enim
2503 4665 2643 4733 quod
2688 4668 2762 4723 ibi
2803 4672 3064 4748 simplex,
3106 4696 3162 4741 et
3204 4689 3307 4749 hoc
3352 4659 3496 4762 Deo;

1896 4744 2039 4814 (Ῐυθίί
2071 4745 2251 4802 '"me"
2273 4791 2287 4815 ν
2316 4754 2459 4822 Ἶυοά
2489 4757 2749 4825 optimm"
2770 4805 2784 4829 ν
2812 4744 2953 4834 Quod
2979 4775 3290 4854 existeulia,
3347 4744 3491 4864 qui;

1896 4838 1999 4864 ..ειη
2077 4841 2211 4864 -.-ΑΔ
2254 4843 2445 4864 :.._II!,
2540 4852 2571 4864 Α·
2790 4857 2802 4864 .
2888 4862 2896 4864 -

1895 4838 2036 4905 vita,
2072 4841 2212 4911 quod
2253 4843 2608 4918 intelligentia
2644 4869 2656 4905 :
2687 4865 2743 4910 at
2770 4857 2839 4914 de
2884 4862 2986 4921 boc
3026 4882 3079 4924 et
3117 4873 3170 4929 in
3201 4838 3494 4947 aliis

1896 4947 2037 4988 mus.
2080 4933 2270 4990 Omnia
2301 4953 2432 5010 ergo
2480 4940 2552 4996 ibi
2585 4945 3013 5014 substantialiter
3061 4963 3325 5039 simplicia
3351 5020 3366 5044 ,
3387 4933 3495 5038 .i‘ii-

1894 5038 2169 5147 εοιέιιθκει,
2216 5044 2338 5084 cum
2386 5047 2612 5090 numero
2645 5053 2838 5109 unum,
2889 5065 2988 5106 nec
3035 5038 3260 5120 111111113Γο
3292 5038 3489 5147 unum,

1896 5129 1970 5147 cn,
2033 5128 2156 5147 ...ειη
2199 5135 2478 5147 ,......,Α...-...
2511 5141 2668 5147 -ρ-μ--η-
2766 5134 2776 5144 ⁸
2802 5134 2813 5147 ¹

1895 5116 1990 5171 sed
2031 5128 2157 5173 ante
2198 5135 2480 5178 numerum
2511 5141 2676 5184 unum
2698 5173 2713 5197 ,
2764 5134 2815 5189 id
2859 5149 2974 5209 est,
3005 5159 3128 5206 ante
3156 5169 3316 5214 unum
3347 5116 3492 5236 quod

1898 5217 1976 5236 nn.
2021 5209 2069 5236 ζ..
2103 5228 2326 5236 “nm---
2397 5215 2493 5236 [ΑΔ
2542 5234 2551 5236 μ
2595 5231 2605 5236 -
2704 5223 2718 5236 α
2899 5231 2909 5236 -

1896 5217 1981 5264 est
2020 5209 2071 5265 in
2103 5228 2350 5276 numero,
2396 5215 2498 5272 hoc
2529 5231 2632 5289 est,
2667 5223 2826 5293 plane
2866 5231 3124 5310 simplex,
3170 5209 3494 5321 solumasiii;

1896 5303 2198 5376 phantasia,
2237 5310 2378 5379 quod
2425 5313 2681 5372 alterum.
2711 5319 2866 5380 Unde
2895 5333 3036 5398 quod
3079 5335 3204 5397 inde
3253 5303 3493 5416 nascitur

1893 5399 2092 5471 imago,
2117 5417 2221 5457 non
2244 5405 2456 5472 scissio,
2486 5423 2586 5464 nec
2606 5411 2820 5484 eﬁ‘usio,
2843 5421 2938 5474 sed
2960 5424 3170 5486 eﬂﬂlsio
3197 5452 3210 5489 ε
3238 5454 3338 5498 nec
3367 5399 3495 5517 pr;

1894 5491 2064 5517 ιΑυιρε.-
2142 5493 2233 5517 .-ΑΔ
2292 5512 2480 5517 -_____,,_
2533 5501 2566 5517 .-
2989 5515 2998 5517 _

1894 5491 2098 5561 tcnsio,
2141 5493 2235 5550 sed
2289 5501 2634 5568 apparentia,
2687 5522 2787 5562 nec
2831 5515 3152 5580 germinatia
3205 5491 3491 5612 poteniiua,

1892 5601 2050 5656 quam
2076 5591 2331 5659 potentia:
2359 5593 2501 5649 aetio
2536 5612 2548 5649 :
2581 5597 2671 5652 ubi
2700 5600 2841 5657 cnim
2871 5608 3032 5679 actio,
3062 5626 3154 5672 aut
3184 5591 3356 5697 unde,

1893 5676 1948 5733 ί“
2284 5693 2444 5756 We
2473 5703 2537 5743 εκ
2569 5696 2848 5760 puleium
2898 5700 2964 5756 ει
3006 5676 3361 5780 quasi};
3388 5676 3488 5789 ’.ῑιῑξ

1895 5775 2134 5844 potentia
2162 5817 2177 5842 ,
2211 5776 2312 5832 nisi
2342 5794 2463 5835 cum
2491 5783 2703 5840 actione
2742 5797 2796 5843 et
2834 5790 2887 5846 in
2917 5797 3173 5858 actione?
3196 5775 3492 5898 Non—veg;

1897 5868 2117 5898 λιιι-η...
2153 5871 2200 5898 ἒ..
2243 5873 2410 5898 ,Λειμηι
2481 5892 2579 5898 μ--
2632 5879 2693 5898 At:
2867 5887 2876 5898 .
2986 5892 2996 5898 .
3066 5895 3075 5898 _

1895 5868 2118 5928 alterum
2150 5871 2202 5928 in
2241 5873 2433 5944 altero,
2479 5892 2582 5935 nec
2627 5879 2915 5950 aliquando
2952 5892 3160 5970 simile,
3195 5868 3316 5979 quia
3348 5868 3492 5983 ivit-5;

2983 5985 3062 6048 35
