4024 6306
328 162 334 168 ’
424 206 560 266 ιοθο

1664 196 1858 265 MAR"
1895 193 2244 265 ἮΩΤΟΒΙΝΙ
2282 196 2445 268 AFN

3591 196 3734 254 “00

421 334 659 395 semper.
690 319 761 377 Et
806 317 931 393 quia
980 314 1293 389 ell‘ulgentia
1340 312 1644 371 declaratur
1691 312 1905 376 lumen,
1941 312 2024 369 vel
2056 316 2105 376 Α
2135 324 2297 371 ιοιιιε.
2342 313 2445 389 Qui
2474 328 2593 373 cum
2621 314 2674 371 in
2696 322 2943 373 cessante
2982 320 3129 375 motu
3158 312 3423 383 accipitur
3450 319 3618 385 atqtm
3645 313 3735 369 in-

424 417 566 475 aetio
593 415 905 472 declaratur
952 410 1231 491 polentia;
1266 408 1467 465 idcirco
1516 405 1707 478 (Joau.
1748 421 1865 469 xw,
1910 404 1977 475 9)
2011 421 2025 458 :

430 510 535 579 Qui
564 524 643 563 me
681 507 849 575 uidet,
877 505 1016 560 uidet
1059 513 1105 557 et
1152 502 1381 557 Patrem.
1438 499 1504 554 Et
1551 497 1674 569 quia
1732 494 2028 568 potentiam

426 602 602 676 ipsam
633 601 802 657 solam
835 613 997 654 nemo
1026 596 1171 653 Videt
1210 593 1400 676 (Joon.
1435 609 1480 658 t,
1510 591 1651 665 18):
1685 590 1847 645 Deum
1886 605 2031 644 nemo

427 672 556 755 sidit
583 711 824 767 unquam.
859 693 926 748 Et
955 690 1207 762 quoniam
1257 672 1495 760 poientia
1520 700 1746 762 cessans
1775 683 1883 739 vita
1915 692 2031 751 est,

430 801 487 848 et
511 804 732 847 cessans
778 783 1164 855 intelligentia,
1201 782 1318 838 haec
1366 791 1542 835 autem
1574 778 1683 833 vita
1727 789 1781 833 ct
1830 775 2034 833 intelli-

431 885 613 959 gentia
640 882 781 939 actio
805 890 926 946 est;
963 880 1007 934 si
1036 876 1157 949 quis
1188 877 1355 931 Deum
1386 872 1618 939 viderit,
1654 869 1913 926 moriatur
1944 884 2038 924 ne-

431 994 586 1037 cesse
609 987 695 1035 est
727 994 740 1032 :
769 975 895 1048 quia
920 973 1015 1031 Dei
1045 973 1151 1028 vita
1182 982 1236 1029 et
1261 970 1611 1041 intelligentia
1662 967 1717 1023 in
1748 965 2039 1039 semetipsa

434 1083 546 1140 est,
578 1087 683 1128 non
727 1070 783 1125 in
829 1077 953 1124 actu
979 1083 993 1121 :
1025 1065 1204 1123 omnis
1241 1075 1423 1121 autem
1449 1072 1600 1119 actus
1630 1060 1763 1121 foris
1789 1069 1908 1127 est,
1938 1059 2041 1117 hoc

433 1183 568 1226 vero
593 1175 678 1224 est
706 1176 949 1221 n08trum
978 1161 1195 1229 vivere,
1225 1159 1369 1232 quod
1400 1160 1529 1214 foris
1556 1167 1640 1215 est
1667 1155 1848 1212 vivere
1872 1173 1885 1209 :
1915 1170 2043 1227 ergo

433 1270 519 1317 est
544 1274 687 1315 mors
722 1258 888 1313 Deum
914 1254 1101 1311 videre
1126 1251 1322 1325 (Exod.
1356 1266 1547 1317 xxxtn,
1569 1248 1663 1321 20)
1701 1271 1714 1305 :
1741 1246 1928 1315 Nemo,
1958 1245 2042 1302 in-

433 1351 579 1426 quit,
623 1366 847 1422 unqtmm
886 1348 1013 1403 vidit
1048 1355 1094 1402 et
1121 1347 1283 1411 uixit;
1314 1344 1478 1400 simili
1506 1343 1650 1398 enim
1681 1340 1859 1398 simile
1888 1340 2043 1396 vide-

440 1456 546 1503 tur.
578 1442 890 1502 Omittenda
912 1440 1077 1512 igitur
1103 1438 1212 1494 vita
1246 1438 1397 1506 loris,
1424 1434 1719 1492 omittenda
1746 1432 2050 1506 intelligen-

440 1539 513 1597 tia
534 1581 547 1604 ,
577 1539 624 1595 si
655 1538 822 1594 Deum
852 1534 1038 1591 videre
1059 1533 1340 1600 volumus,
1369 1542 1423 1589 et
1453 1529 1557 1588 hoc
1585 1528 1742 1586 nobis
1767 1543 1917 1586 mors
1941 1537 2045 1585 est.

517 1632 577 1688 ll.
619 1629 885 1699 Quoniam
912 1637 1092 1684 autem
1140 1627 1256 1682 haec
1280 1625 1391 1682 vita
1422 1633 1478 1681 et
1507 1622 1860 1696 intelligentia
1887 1623 2052 1697 Λόγος

2132 407 2409 480 tclligitur,
2444 406 2547 463 hoc
2572 416 2653 469 est
2683 405 2845 474 Deus,
2872 416 3035 477 atque
3063 406 3180 476 ipse
3206 414 3359 476 pater
3386 413 3492 469 εει,
3516 418 3741 473 semper

2130 512 2294 575 atque
2320 518 2383 558 ex
2411 510 2618 558 interno
2662 511 2814 573 pater
2843 516 2856 553 :
2885 500 3254 583 quiafsemper
3280 508 3460 559 motus
3509 513 3577 555 ex
3609 499 3747 553 sui».

2133 596 2353 663 stantia,
2384 605 2437 653 et
2484 595 2539 659 in
2580 593 2903 661 substantia,
2941 592 3026 655 vel
3055 594 3238 665 potius
3266 590 3385 662 ipsa
3411 590 3745 653 subsultim

2135 690 2225 762 qui
2255 705 2377 753 cum
2406 687 2552 745 foras
2582 696 2811 760 spectat,
2835 687 2938 745 hoc
2965 695 3051 752 est
3082 695 3265 753 autem
3295 683 3443 745 foras
3468 693 3749 751 spectare,

2137 795 2344 845 metum
2387 784 2477 845 vel
2521 783 2817 845 motionem
2863 795 2985 838 esse
3018 797 3032 845 ς
3061 779 3208 851 quod
3247 778 3423 850 ipsum
3470 776 3579 835 hoe
3614 774 3756 833 illud

2138 885 2223 933 est
2261 891 2323 933 se
2367 876 2580 942 videre,
2622 889 2682 933 se
2730 872 3068 946 intelligere,
3098 887 3163 937 ac
3204 886 3369 937 posse
3405 869 3546 927 velle
3577 886 3593 924 :
3625 883 3758 926 eum

2139 982 2318 1031 autem
2346 986 2406 1029 se
2430 969 2595 1039 videt,
2615 969 2862 1043 geminus
2902 967 3085 1025 existit
3104 975 3158 1031 et
3181 965 3504 1037 intelligitur
3535 962 3759 1029 videtis.

2142 1075 2196 1121 et
2226 1063 2371 1137 quod
2398 1063 2609 1125 videtur
2639 1081 2652 1118 :
2684 1062 2799 1133 ipse
2826 1062 2917 1135 qui
2949 1061 3114 1127 videt,
3138 1060 3314 1130 ipsum
3340 1057 3489 1131 quod
3513 1056 3763 1125 videtur,

2143 1157 2268 1229 quia
2319 1172 2378 1214 se
2420 1156 2562 1213 videt
2598 1173 2611 1211 :
2645 1155 2748 1212 hoc
2781 1163 2868 1213 εει.
2914 1153 3076 1227 igitur
3108 1152 3253 1217 (oras
3299 1160 3594 1223 specum,
3626 1147 3769 1204 foris

2143 1251 2357 1324 genitus
2387 1250 2477 1311 vel
2516 1251 2778 1318 existens,
2829 1259 2887 1315 ιιι
2912 1247 3040 1321 quid
3091 1246 3162 1309 sit
3210 1245 3501 1321 intelligat.
3534 1240 3763 1313 Ergosi

2149 1346 2284 1403 loris
2308 1354 2412 1414 est,
2442 1354 2498 1403 et
2521 1348 2565 1401 si
2594 1344 2828 1423 genitus,
2864 1343 3002 1401 lilius
3034 1359 3047 1398 :
3073 1351 3128 1398 et
3157 1341 3203 1405 si
3232 1340 3401 1406 ﬁlius,
3422 1336 3765 1409 υιιὶεεηίιιιι

2152 1441 2277 1512 quia
2305 1440 2476 1509 solus,
2506 1439 2599 1513 qui
2638 1447 2723 1497 est
2751 1437 2935 1499 omnis
2956 1444 3133 1507 actus,
3159 1443 3326 1507 atque
3345 1433 3527 1495 omnis
3552 1440 3616 1488 et
3645 1431 3773 1487 nni-

2151 1534 2413 1599 versatis,
2445 1542 2502 1590 et
2543 1548 2681 1589 unus
2710 1541 2796 1589 est
2824 1541 3003 1594 motus
3024 1572 3041 1597 ,
3070 1527 3212 1587 idem
3257 1534 3438 1589 autem
3470 1533 3775 1594 motusque

2153 1628 2454 1691 substantia
2486 1644 2501 1683 :
2529 1642 2659 1699 ergo
2707 1635 2763 1683 et
2809 1634 2983 1697 pater,
3018 1632 3075 1685 et
3115 1624 3258 1680 ﬁlius
3305 1636 3413 1683 una
3456 1619 3774 1691 eademque

439 1736 522 1785 est
543 1769 558 1795 ,
590 1726 681 1798 qui
708 1723 959 1780 Clitistus
985 1731 1068 1779 est
1098 1739 1111 1775 :
1145 1736 1240 1795 per
1279 1718 1554 1777 Christum
1591 1728 1645 1779 ct
1689 1733 1789 1774 nos
1817 1715 2000 1775 omnia
2029 1732 2042 1771 :
2081 1712 2131 1777 Β
2155 1721 2455 1779 substantia
2485 1738 2500 1775 ε
2532 1717 2994 1781 consubstantiale
3038 1716 3219 1789 igitur,
3252 1713 3305 1773 id
3331 1722 3438 1778 est.
3467 1711 3773 1785 ὁμοσύσιον.

443 1837 541 1893 per
584 1818 759 1890 ipsum
801 1827 885 1873 est
923 1832 1051 1887 ergo
1086 1816 1249 1888 Λόγος
1271 1855 1286 1881 ,
1317 1822 1374 1870 ει
1402 1812 1509 1868 vita
1532 1854 1547 1878 ,
1589 1821 1645 1873 et
1672 1810 2047 1883 intelligentia.

444 1914 658 1983 Quare?
686 1914 811 1984 quia
855 1912 956 1967 ista
985 1910 1168 1967 omnia
1214 1918 1423 1974 motus,
1452 1916 1508 1963 et
1534 1906 1767 1980 adiectio
1794 1917 1879 1962 est
1912 1922 1925 1959 :
1956 1922 2055 1963 nos

449 2025 604 2081 ergo,
630 2007 678 2062 si
704 2021 889 2063 sumus
917 2003 970 2059 in
996 2003 1211 2060 Christo
1227 2003 1480 2070 Domino,
1497 2017 1592 2074 per
1608 2000 1880 2057 Christum
1909 1999 2057 2056 vide-

445 2116 589 2169 mus,
618 2100 672 2156 id
701 2110 807 2165 est,
831 2096 998 2153 vitam
1024 2112 1230 2163 veram,
1251 2097 1355 2152 hoc
1379 2104 1483 2161 εει,
1518 2110 1614 2166 per
1643 2093 1933 2165 imaginem
1964 2108 2058 2148 ve-

449 2209 587 2252 ram.
620 2194 688 2247 Et
724 2192 853 2263 quia
880 2204 1063 2245 veram
1081 2230 1096 2257 ,
1120 2203 1250 2261 ergo
1278 2186 1520 2259 ejusdem
1547 2184 1865 2242 substantiae
1887 2225 1902 2253 ,
1935 2183 2060 2256 quia

451 2297 507 2343 et
537 2286 590 2341 in
622 2284 838 2340 actione
880 2280 1117 2354 potentia
1145 2288 1228 2336 cst
1260 2298 1273 2335 :
1306 2278 1381 2336 ibi
1424 2294 1555 2352 ergo
1586 2276 1752 2335 Deum
1781 2276 2058 2344 videmus,

451 2390 508 2436 et
550 2379 678 2434 hinc
720 2376 852 2433 illud
897 2378 917 2449 (
953 2375 1115 2432 Joan.
1170 2391 1281 2441 xw,
1325 2376 1394 2447 9)
1439 2391 1453 2428 :
1503 2374 1605 2440 Qui
1634 2391 1713 2428 me
1737 2374 1903 2439 videt,
1931 2373 2063 2427 ridet

450 2473 641 2531 Deum.
682 2470 840 2542 Quod
876 2484 1011 2528 vero
1053 2470 1123 2526 de
1160 2469 1401 2541 potentia
1449 2467 1613 2535 actio,
1646 2468 1769 2524 ideo
1811 2468 1878 2523 de
1906 2466 2065 2522 Patre

452 2564 622 2623 Filius
643 2606 660 2633 ,
702 2579 767 2627 ao
794 2563 862 2621 de
891 2563 1097 2635 Spiritu
1136 2563 1297 2639 Λόγος
1329 2580 1342 2617 :
1371 2570 1427 2619 ει
1454 2561 1579 2635 quia
1604 2562 1674 2618 de
1699 2560 1902 2633 Spiritu
1944 2559 2067 2632 Spi-

454 2661 624 2726 ritus,
654 2658 783 2719 ideo
809 2658 879 2717 de
911 2658 1024 2713 Deo
1057 2658 1201 2714 Deus
1232 2674 1246 2711 :
1275 2673 1406 2730 ergo
1436 2656 1503 2713 de
1538 2656 1837 2715 substantia
1877 2654 2068 2711 eadem

455 2750 799 2818 substantia.
828 2760 888 2809 ut
932 2765 1095 2821 supra
1141 2749 1451 2807 docuimus.
1497 2749 1749 2806 Potentia
1780 2750 1928 2805 Deus
1954 2758 2068 2823 εει,

454 2844 514 2901 id
545 2853 661 2912 est,
690 2843 834 2915 quod
874 2841 1105 2913 primum
1149 2843 1459 2900 existentiue
1487 2843 1797 2899 universale
1822 2854 2070 2911 estesse,

457 2940 607 3013 quod
648 2954 869 3007 secum,
919 2938 972 2994 id
1017 2947 1134 3007 εει,
1182 2938 1328 2995 inse
1358 2940 1524 2995 vitam
1554 2948 1610 2995 et
1662 2937 2071 3010 intelligentiam

460 3035 625 3097 habet
654 3049 668 3089 :
695 3031 871 3104 magis
899 3041 1080 3095 autem
1113 3033 1288 3102 ipsum
1336 3032 1480 3103 quod
1509 3043 1595 3089 est
1632 3048 1754 3089 esse
1773 3074 1789 3101 ,
1822 3031 1928 3089 hoc
1958 3040 2072 3101 est,

2224 1814 2311 1873 ιιι.
2352 1808 2551 1875 Omnia'
2589 1827 2720 1883 ergo
2764 1810 2948 1878 titius.
2988 1818 3044 1868 ut
3071 1807 3253 1869 omnia
3286 1816 3457 1879 pater.
3496 1804 3615 1863 Sed
3644 1804 3781 1876 quia

2162 1906 2532 1979 potentialiter
2552 1906 2702 1976 prior
2732 1914 2817 1961 est
2845 1902 3148 1967 substantia
3192 1915 3355 1972 quam
3378 1906 3535 1959 aetas
3560 1911 3632 1956 ac
3657 1912 3783 1955 Iti—

2158 2012 2265 2071 tus,
2316 2001 2461 2073 prius
2504 2009 2683 2057 autem
2729 1999 2798 2057 ad
2838 1988 2948 2057 vim
2973 1996 3087 2054 dixi
3127 2006 3183 2063 et
3227 1994 3297 2055 ad
3339 2008 3596 2060 cattsam,
3648 1992 3787 2063 quia

2159 2097 2333 2155 motui
2374 2110 2535 2155 causa
2568 2094 2872 2159 susbtantia
2901 2111 2916 2157 ς
2942 2093 3123 2155 omnis
3149 2092 3295 2153 enim
3322 2099 3501 2151 motus
3551 2086 3611 2143 in
3641 2087 3787 2143 nnb-

2160 2192 2382 2259 stantia.
2410 2206 2541 2264 ergo
2570 2182 2880 2255 necessario
2919 2197 3208 2260 generator
3235 2195 3320 2245 est
3349 2191 3530 2256 pater,
3557 2191 3615 2240 et
3650 2182 3791 2239 item

2164 2285 2476 2347 necessario
2502 2284 2683 2349 omnia
2724 2299 2843 2355 quae
2873 2292 3027 2355 mter
3066 2281 3259 2346 habet,
3315 2279 3480 2341 habet
3521 2286 3583 2334 et
3640 2276 3791 2331 tilia

2166 2377 2346 2454 (locu.
2381 2394 2494 2447 xvr,
2543 2376 2633 2449 15)
2691 2394 2707 2433 :
2760 2376 2969 2443 Oct-Ilia,
3015 2375 3211 2446 inquit,
3257 2388 3377 2445 quo
3417 2370 3573 2431 habnt
3623 2369 3793 2426 Pota
3841 2365 3854 2372 ’

2168 2474 2296 2537 mihi
2323 2473 2484 2533 dedit.
2532 2473 2599 2529 Et
2624 2473 2753 2535 item
2780 2470 2974 2543 (daal.
3003 2487 3058 2538 VI,
3087 2469 3189 2540 26)
3220 2486 3235 2525 ἒ
3266 2466 3501 2528 PM!“
3543 2467 3660 2536 ἕνα
3688 2465 3791 2521 ⁸⁸³

2168 2565 2246 2625 bet
2267 2582 2330 2631 es
2354 2584 2407 2627 se
2436 2566 2609 2633 vitam,
2633 2566 2711 2629 ita
2726 2564 2867 2621 dedit
2891 2562 3035 2624 Filio
3059 2579 3125 2627 om
3142 2578 3198 2623 se
3218 2560 3402 2623 habere
3428 2560 3588 2617 vitam
3606 2574 3627 2615 :
3654 2573 3797 2630 ergo

2170 2670 2233 2723 ut
2269 2667 2441 2731 pater,
2475 2660 2546 2717 ita
2598 2658 2738 2719 tilius
2769 2657 2874 2721 vita
2919 2665 3039 2724 est,
3063 2666 3119 2713 et
3162 2669 3229 2711 ex
3273 2668 3335 2715 se
3371 2652 3502 2713 vita.
3545 2650 3676 2723 ipsa
3708 2660 3798 2708 est

2174 2755 2320 2815 enim
2348 2756 2478 2822 vita,
2500 2767 2621 2824 qua:
2649 2750 2756 2813 sibi
2775 2759 2829 2807 et
2851 2750 2972 2807 aliis
2992 2761 3078 2813 εει
3101 2749 3181 2807 vis
3204 2745 3444 2813 vivendi,
3469 2759 3583 2803 non
3612 2744 3798 2801 alinu-

2174 2847 2244 2905 de
2275 2848 2402 2905 vita.
2431 2846 2600 2917 igitur
2636 2855 2817 2911 motus
2836 2889 2855 2914 ,
2884 2853 2941 2903 et
2965 2842 3275 2916 principalis
3318 2850 3531 2907 motus,
3566 2849 3625 2896 et
3648 2854 3801 2897 uatis

2176 2951 2358 3009 motus
2376 2983 2392 3010 ,
2422 2952 2478 2998 et
2521 2957 2554 2999 a
2597 2956 2658 3007 se
2684 2948 2893 3007 motus,
2922 2947 2978 2999 et
3004 2938 3311 3010 sitisenim
3335 2944 3518 2993 motus
3544 2951 3561 2991 ι
3587 2934 3682 2990 hie
3712 2944 3799 2991 est

2179 3041 2345 3118 Λόγος
2376 3055 2390 3097 :
2423 3037 2627 3101 etenim
2657 3036 2765 3099 vita
2802 3046 2917 3104 est,
2952 3051 3048 3107 per
3076 3050 3239 3107 quem
3266 3034 3457 3091 vivunt
3484 3031 3698 3088 omnia.
3730 3029 3803 3087 Et

466 3126 611 3199 quod
639 3126 749 3185 vita
786 3134 949 3196 atque
975 3124 1331 3197 intelligentia
1363 3135 1512 3181 motu
1557 3126 1820 3182 interiore
1849 3134 1905 3181 et
1935 3125 1988 3180 in
2018 3140 2078 3181 se
2102 3106 2152 3172 ο
2182 3106 2306 3209 quia
2334 3134 2441 3192 vita
2464 3142 2566 3202 est,
2599 3134 2717 3205 ipse
2739 3141 2824 3193 est
2855 3147 2949 3202 per
2984 3146 3145 3201 quem
3169 3140 3297 3187 sum
3323 3127 3470 3185 facta
3488 3126 3679 3183 omnia
3697 3170 3713 3189 ,
3745 3132 3805 3181 et

466 3234 772 3279 converso:
801 3229 884 3276 est
909 3234 1037 3290 ergo
1058 3228 1236 3275 motus
1265 3220 1317 3275 in
1348 3220 1480 3288 Deo,
1509 3230 1564 3277 et
1594 3237 1659 3277 ex
1701 3220 1804 3277 hoc
1830 3230 1882 3276 et
1912 3221 2077 3292 actio,

470 3312 612 3369 unde
637 3312 842 3375 dictum
870 3312 1065 3386 (Joan.
1096 3328 1153 3379 v,
1180 3311 1281 3384 19)
1312 3330 1324 3366 :
1358 3314 1518 3369 Amen
1541 3356 1556 3381 ,
1587 3332 1734 3371 amen
1759 3316 1874 3372 dico
1901 3316 2038 3372 vobis

474 3426 578 3463 non
606 3417 767 3479 potest
814 3406 984 3463 Filius
1036 3424 1067 3462 a
1109 3408 1383 3479 semetipso
1426 3409 1597 3479 facere
1628 3410 1860 3482 aliquid,
1892 3409 1938 3465 si
1982 3426 2085 3465 non

479 3504 665 3560 uiderit
705 3501 914 3559 Patrem
944 3503 1212 3575 facientem
1241 3519 1259 3557 :
1284 3519 1398 3575 qua:
1441 3506 1574 3559 enim
1609 3505 1699 3561 ille
1727 3506 1876 3577 facit,
1911 3507 2086 3565 eadem

481 3606 529 3652 et
559 3595 732 3653 Filius
762 3595 906 3667 facit.
935 3594 1200 3651 Similiter
1227 3611 1355 3668 ergo
1378 3605 1432 3652 et
1454 3596 1615 3653 Pater
1644 3608 1697 3663 et
1729 3597 1855 3656 facit
1880 3610 1934 3655 et
1954 3600 2085 3671 agit,

481 3687 580 3747 sed
604 3687 752 3751 intus
772 3730 788 3755 ,
812 3688 958 3745 unde
996 3703 1117 3744 cum
1145 3688 1293 3743 nullo
1322 3698 1443 3760 eget
1469 3691 1807 3751 extrinsecus
1826 3734 1841 3760 ,
1875 3710 2091 3769 semper

482 3781 738 3853 plenum,
772 3796 990 3852 semper
1020 3790 1187 3836 totum
1207 3824 1221 3847 ,
1254 3797 1466 3853 semper
1498 3784 1710 3840 beatum
1753 3794 1856 3841 est.
1886 3785 2087 3843 Verum

483 3874 739 3951 quoniam
771 3876 878 3931 vita
910 3883 1075 3946 atque
1120 3875 1476 3946 intelligentia
1507 3886 1683 3933 motus
1721 3888 1884 3947 sunt,
1915 3880 2092 3936 omnis

489 3978 668 4025 autem
700 3967 805 4024 vita
833 3968 1082 4033 viviﬁcat,
1118 3984 1279 4025 omue
1300 3985 1427 4025 vero
1451 3971 1592 4043 quod
1625 3973 1922 4030 viviticatur
1965 3973 2095 4032 foris

489 4071 605 4129 est;
658 4062 897 4132 itemque
939 4061 1293 4130 intelligentia
1326 4063 1468 4133 quod
1522 4065 1772 4136 intelligit
1811 4066 1945 4121 furis
1976 4076 2096 4135 est,

491 4165 548 4215 et
572 4155 627 4212 id
651 4155 795 4226 quod
837 4153 1090 4224 intelligit
1131 4155 1307 4222 intus,
1357 4164 1526 4211 tracta
1579 4166 1634 4213 et
1682 4157 1786 4213 vita
1824 4175 1890 4216 ex
1934 4159 2097 4215 intel-

491 4251 743 4323 ligentia,
767 4249 852 4305 vel
873 4247 1164 4320 eﬁ‘ulgente
1183 4250 1267 4305 vel
1300 4251 1636 4308 illuminante
1669 4253 2100 4327 intelligit.Unde

496 4343 566 4401 de
598 4343 710 4407 Deo
732 4350 895 4411 atque
920 4356 986 4397 ex
1022 4339 1211 4396 eadem
1242 4342 1538 4398 substantia
1565 4354 1667 4411 est,
1696 4354 1750 4401 et
1775 4346 2101 4417 substantia,

497 4444 555 4495 et
581 4434 710 4502 vita,
737 4442 791 4493 et
819 4431 1207 4505 intelligentia,
1236 4433 1473 4506 itemque
1504 4446 1681 4492 motus
1707 4454 1829 4493 cum
1873 4440 2015 4496 intus
2047 4441 2100 4499 in

2185 3230 2241 3289 in
2278 3244 2441 3300 quem
2486 3227 2625 3291 facta
2664 3235 2791 3289 sunt
2838 3224 3021 3283 omnia
3056 3241 3068 3278 :
3100 3224 3225 3294 quia
3265 3230 3489 3294 purgata
3531 3218 3803 3276 omniain

2185 3323 2353 3378 vitam
2382 3328 2640 3379 aeternam
2666 3318 2915 3381 redeunt.
2944 3319 3011 3377 tit
3032 3316 3214 3374 omnia
3242 3317 3299 3373 in
3326 3315 3449 3386 ipso
3475 3313 3625 3371 faeta
3649 3319 3800 3376 sunt,

2188 3420 2316 3492 qua
2361 3432 2484 3489 quae
2528 3416 2672 3475 facta
2715 3425 2842 3475 sunt
2890 3415 2949 3473 in
2995 3414 3114 3484 ipso
3154 3413 3263 3468 vita
3289 3410 3622 3467 suntznibil
3650 3410 3801 3465 enim

2190 3513 2337 3588 quod
2367 3514 2455 3580 sit,
2488 3512 2578 3575 cui
2602 3514 2673 3577 sit
2696 3526 2819 3569 esse
2846 3524 3005 3568 suum
3022 3551 3037 3576 ,
3069 3524 3137 3566 ex
3163 3522 3271 3579 quo
3297 3506 3401 3578 ipsi
3427 3506 3543 3560 vita
3578 3504 3655 3561 sit
3677 3518 3806 3560 esse

2192 3606 2337 3677 quod
2377 3608 2467 3662 sit.
2514 3606 2653 3676 Ergo
2702 3604 2756 3663 in
2799 3601 3019 3667 Christe
3062 3602 3201 3665 faeta
3242 3608 3368 3659 sunt
3405 3599 3629 3664 omnia,
3676 3599 3806 3669 quia

2194 3698 2441 3759 Christus
2469 3695 2629 3775 Λόγος
2682 3706 2785 3757 εει.
2811 3695 2933 3753 Vita
2959 3703 3141 3757 autem
3170 3709 3275 3753 nee
3299 3694 3488 3764 capit,
3517 3693 3649 3764 quia
3681 3707 3716 3747 a
3746 3706 3809 3747 se

2197 3792 2301 3849 sibi
2328 3807 2546 3863 semper
2573 3800 2686 3857 est,
2732 3788 2879 3847 unde
2914 3803 3188 3859 nunquam
3228 3785 3459 3851 desinit,
3488 3794 3546 3843 et
3589 3783 3807 3843 inﬁnita

2199 3899 2418 3956 semper
2443 3892 2543 3947 est,
2571 3890 2625 3940 et
2655 3897 2750 3957 per
2775 3882 2981 3946 omnia,
3008 3891 3063 3937 et
3090 3879 3144 3939 in
3173 3879 3429 3941 carnibus
3454 3892 3633 3949 usque
3657 3891 3695 3935 a
3718 3875 3808 3935 di-

2200 3976 2341 4030 vinis
2372 3984 2427 4031 ει
2454 3991 2483 4029 a
2507 3972 2987 4043 supraccelestihus
3012 3972 3081 4029 ad
3111 3987 3283 4043 usque
3324 3967 3807 4035 Weidne-

2201 4086 2308 4141 que
2335 4082 2555 4134 omnes,
2598 4067 2798 4127 aethera
2821 4108 2840 4137 ,
2867 4081 3027 4133 aera,
3073 4065 3299 4127 humida
3337 4073 3501 4135 atque
3552 4071 3804 4128 terrena.

2204 4161 2492 4232 omniaque
2535 4175 2656 4232 quin
2704 4160 2954 4219 oriuntur
2991 4174 3022 4214 e
3061 4166 3227 4225 terra.
3255 4155 3550 4227 omniaque
3582 4163 3806 4211 castora.

2209 4258 2351 4329 Ergo
2390 4264 2445 4315 ει
2474 4270 2668 4328 corpus
2698 4269 2933 4335 caraque
2972 4264 3155 4313 nostra
3198 4251 3360 4315 habet
3382 4250 3589 4321 aliquid
3622 4250 3812 4315 vitate,

2208 4352 2495 4425 omnisque
2521 4350 2746 4413 materia
2773 4349 3009 4409 animata
3028 4356 3131 4415 est,
3163 4355 3224 4405 ut
3248 4344 3484 4405 mundus
3521 4344 3813 4409 existeret,

2211 4446 2356 4501 unde
2396 4451 2693 4519 eruperunt
2731 4445 2886 4512 jussu
2932 4441 3025 4505 Dei
3072 4439 3347 4505 animalia.
3394 4437 3459 4499 In
3484 4452 3659 4498 carne
3685 4453 3819 4509 ergo

500 4543 560 4585 se
583 4536 688 4595 est,
714 4527 857 4588 idem
879 4536 963 4583 est
987 4525 1129 4598 quod
1156 4526 1451 4583 substantia
1483 4545 1495 4582 :
1520 4530 1610 4600 qui
1640 4545 1760 4585 cum
1790 4531 1919 4588 inde
1947 4548 2099 4606 spec-
2124 4510 2183 4575 D
2210 4540 2351 4599 inest
2378 4510 2515 4602 vita,
2531 4536 2583 4592 id
2615 4510 2910 4610 εειξΔόνος
2938 4535 3096 4593 :vitae
3122 4542 3303 4597 autem
3342 4531 3486 4593 inest
3522 4529 3819 4589 Christus:

503 4632 617 4691 tat,
653 4632 709 4677 et
753 4633 810 4679 ut
857 4621 1001 4677 foras
1028 4620 1295 4689 emineat,
1334 4621 1387 4678 id
1415 4632 1527 4690 εει,
1570 4634 1629 4679 ιιι
1658 4636 1912 4696 operetur
1941 4638 2102 4703 atque

502 4724 655 4789 agat,
683 4715 770 4771 hic
799 4726 985 4787 partus
1007 4724 1119 4783 est,
1151 4715 1238 4773 bic
1266 4716 1479 4772 natalis.
1509 4718 1576 4773 Et
1603 4718 1726 4791 quia
1758 4730 1936 4777 motus
1964 4739 2103 4780 unus

506 4817 624 4877 est,
672 4808 979 4879 unigenitus
1027 4807 1205 4875 illius,
1253 4820 1430 4865 motus
1459 4820 1639 4868 autem
1691 4830 1827 4871 unus
1873 4816 1981 4871 sive
2011 4816 2102 4872 illa

507 4902 649 4968 vita,
695 4903 809 4959 sive
854 4902 1209 4972 intelligentia
1242 4921 1256 4958 :
1289 4905 1492 4961 etenim
1525 4907 1686 4962 vitam
1736 4921 1937 4964 motum
1985 4926 2106 4968 esse

509 5007 733 5052 necesse
758 5000 861 5049 est.
910 4992 1171 5049 Vivel‘aeit
1199 4995 1341 5051 enim
1372 4997 1547 5052 omnis
1574 4999 1678 5054 vita
1702 5042 1716 5066 ,
1759 5001 1901 5057 unde
1929 5015 2106 5060 motus

511 5087 746 5153 estvita.
775 5084 869 5157 Qui
915 5085 1032 5141 sive
1058 5084 1111 5140 in
1157 5101 1216 5141 se
1240 5087 1500 5156 existens,
1525 5098 1683 5160 atque
1712 5093 1763 5147 in
1792 5110 1851 5152 se
1881 5111 2107 5153 conver-

512 5194 607 5241 sus
631 5176 930 5239 substantia
959 5175 1075 5247 ipse
1112 5174 1215 5232 sibi
1236 5190 1349 5246 est;
1380 5180 1494 5236 sive
1525 5184 1667 5240 foras
1707 5197 1935 5257 spectat,
1970 5189 2113 5247 unde

513 5272 683 5349 magis
709 5270 907 5331 dicitur
937 5279 1115 5326 motus
1148 5289 1161 5323 :
1188 5285 1310 5327 nam
1353 5273 1496 5330 intus
1528 5288 1706 5334 motus
1732 5284 1962 5339 cessatio
1991 5295 2075 5339 est
2100 5326 2115 5354 ,

515 5366 601 5423 vel
649 5374 795 5420 mota
836 5364 1091 5433 cessatio,
1135 5378 1465 5438 cessansque
1507 5378 1685 5424 motus
1718 5388 1730 5424 :
1762 5372 1921 5431 debet
1967 5377 2113 5433 enim

515 5459 658 5519 Dens
691 5459 989 5529 utriusque,
1019 5459 1340 5515 cessationis
1369 5459 1490 5516 dico
1520 5472 1573 5517 et
1601 5473 1810 5532 motus,
1839 5477 1892 5523 et
1923 5485 2115 5541 parens

518 5568 662 5621 esse,
690 5563 744 5610 et
793 5552 907 5624 ipsa
936 5551 1266 5621 substantia,
1299 5554 1441 5626 quod
1472 5556 1735 5614 societate
1788 5570 1842 5616 et
1882 5563 2114 5634 quadam

522 5647 694 5707 forma
750 5646 819 5703 ad
861 5656 1149 5720 utrumque
1192 5648 1312 5705 fons
1356 5659 1469 5717 est,
1521 5660 1606 5707 est
1644 5652 1872 5724 simplex
1923 5655 2036 5728 ipse
2068 5669 2123 5715 et

521 5758 679 5807 unus,
696 5757 1021 5814 semperque
1038 5759 1176 5800 unus
1204 5760 1267 5802 ac
1298 5745 1466 5814 solus,
1499 5756 1574 5813 et,
1599 5755 1832 5821 ntsupra
1860 5749 2119 5831 diximus,

2207 4646 2376 4704 quare
2403 4631 2561 4704 Airyec
2589 4644 2716 4685 caro
2744 4628 2919 4689 factus
2946 4637 3048 4684 est.
3078 4625 3239 4687 Unde
3284 4640 3392 4689 non
3438 4624 3641 4687 nurum
3672 4623 3819 4697 Quod

2210 4724 2472 4799 mysterio
2498 4722 2728 4794 sumpsit
2755 4738 2996 4790 carnem,
3026 4731 3167 4783 utet
3197 4720 3351 4781 carni
3376 4730 3431 4779 et
3458 4720 3671 4779 homini
3698 4719 3823 4777 salta

2210 4820 2450 4887 veniret,
2473 4816 2569 4874 sed
2590 4833 2713 4877 cum
2739 4832 2959 4875 carnem
2987 4817 3235 4888 sumpsit,
3266 4813 3638 4875 universalem
3665 4817 3827 4891 Δὸγη

2214 4918 2395 4975 carnis
2426 4914 2657 4984 sumpsit
2680 4930 2693 4966 :
2719 4927 2841 4971 nam
2869 4910 3073 4969 idcirco
3086 4911 3264 4967 omnis
3283 4907 3467 4969 carnis
3491 4916 3744 4979 potestas
3770 4908 3823 4965 in

2216 5022 2378 5065 carne
2404 5004 2783 5074 triumphavit,
2812 5012 2867 5059 et
2891 5002 3097 5061 idcirco
3116 5001 3266 5059 omni
3289 5000 3546 5061 subvenit
3563 5000 3829 5066 carni,ut

2216 5100 2420 5159 dictum
2434 5108 2511 5156 est
2527 5098 2581 5153 in
2595 5097 2729 5154 lsaia
2748 5094 2901 5171 (luti.
2921 5111 3012 5162 an,
3031 5096 3192 5162 Steti,
3211 5093 3300 5162 te;
3320 5093 3452 5151 Late.
3468 5109 3549 5163 ιιι,
3566 5092 3623 5167 6)
3639 5094 3828 5151 ενίιιεη

2221 5194 2292 5250 bit
2322 5203 2367 5248 te
2396 5191 2559 5248 omnis
2587 5207 2706 5251 caro
2740 5189 2969 5251 salutare
2988 5187 3110 5253 Dei.
3145 5187 3216 5247 Et
3250 5188 3305 5251 in
3323 5187 3462 5251 libro
3481 5186 3829 5249 Mm

2227 5286 2400 5361 (Paul.
2434 5301 2575 5351 thv,
2608 5285 2664 5357 5)
2693 5284 2805 5341 :Ad
2832 5293 2878 5340 te
2915 5286 3083 5348 omnis
3109 5300 3230 5346 core.
3259 5284 3437 5347 «nisi.
3468 5283 3610 5345 ﬂent
3633 5294 3694 5341 ει
3718 5283 3831 5341 ιιιιί-

2229 5380 2493 5439 versalem
2513 5379 2658 5453 λόγον
2683 5380 2879 5437 anima:
2905 5397 2919 5435 :
2945 5394 3071 5437 nam
3094 5387 3150 5439 et
3171 5379 3409 5441 animant
3433 5378 3697 5441 habuisse
3723 5392 3833 5434 ειδ-

2230 5472 2514 5539 nifestum,
2539 5488 2660 5529 cum
2693 5471 2837 5533 idem
2904 5472 3155 5537 Salvator
3202 5472 3341 5536 dixit
3393 5471 3414 5547 (
3437 5470 3635 5531 κω..
3666 5488 3827 5540 xxvi,

2230 5568 2338 5641 55)
2372 5587 2384 5623 :
2417 5567 2601 5631 Tristia
2637 5578 2709 5633 est
2751 5568 2925 5631 unitate
2945 5585 3103 5639 usque
3129 5567 3199 5627 ad
3226 5576 3457 5627 mortem.
3510 5568 3579 5624 Et
3624 5568 3755 5623 item
3782 5568 3833 5622 in

2229 5662 2706 5737 Psalmo(Psalm.
2756 5679 2850 5729 xv,
2890 5662 2995 5735 10)
3031 5681 3042 5716 :
3094 5662 3218 5725 Non
3261 5662 3581 5734 Metium
3609 5664 3829 5719 anhe-

2235 5772 2399 5819 meum
2426 5756 2479 5813 in
2508 5756 2729 5830 inferno.
2754 5753 2910 5831 Quod
2944 5762 3129 5821 autem
3157 5754 3445 5826 sumpserit
3472 5754 3829 5813 universale!
