4024 6306
271 151 401 220 {illi

1455 137 1822 198 ADVERSUS
1862 137 2081 197 AlllUM
2112 136 2324 207 LIBER
2363 136 2448 192 ill.

3434 132 3577 192 “03

269 266 418 340 λὸογον
444 262 670 328 animm,
702 259 790 317 his
837 257 1181 314 manifestum
1233 256 1285 311 in
1318 252 1605 311 Ezechiele
1636 252 1872 329 (Bacch.

2006 268 2067 306 ur
2100 270 2113 306 :
2141 254 2197 309 ἐκ
2224 258 2346 325 μιᾶς
2398 252 2576 313 οὐσίας
2619 258 2757 328 τρεῖς
2784 244 2909 305 εἶναι
2955 253 3051 313 τὰς
3089 251 3428 313 ὑποστάσεις.
3464 251 3575 307 Hoc

272 373 423 423 xvnt,
445 355 502 425 4)
526 376 541 410 :
577 354 764 409 Omnes
783 353 970 408 anima:
1010 359 1126 405 sunt
1156 364 1296 415 metu,
1316 358 1371 402 ut
1399 347 1574 401 anima
1593 347 1777 417 patris,
1801 345 1874 399 sic

272 460 321 509 et
346 451 523 506 anima
544 448 665 517 ﬁlii.
694 448 828 504 Item
854 442 1169 501 universalis
1190 443 1385 498 anima:
1407 441 1553 519 λόγος
1582 450 1730 519 etex
1774 439 1876 496 hoc

273 543 598 611 ostenditur,
641 539 786 613 quod
831 548 882 596 et
927 537 1199 602 irascitur,
1242 551 1366 591 cum
1412 532 1679 590 maledicit
1710 540 1767 588 et
1788 546 1876 587 ar-

274 637 391 692 bori
426 635 547 697 lici.
590 643 647 690 et
673 633 806 689 dicit
838 631 1068 705 (Matth.
1101 647 1165 697 χ,
1200 628 1302 696 15ς
1334 644 1420 693 ιιι,
1450 625 1559 701 25)
1589 647 1602 682 :
1639 626 1880 682 Sodomis

275 741 323 787 et
353 728 655 785 Gomorrltis
701 728 753 781 in
798 726 890 781 illa
921 725 1003 779 die
1028 722 1345 778 commodius
1392 721 1489 776 erit
1538 736 1692 792 quant
1719 718 1878 774 vobis.

278 821 565 893 Sicletiatn
597 819 781 876 multis
811 822 862 874 in
910 816 1064 874 locis.
1095 816 1229 872 Item
1258 826 1309 869 et
1336 814 1517 884 cupit,
1573 827 1696 867 cum
1751 810 1883 865 dicit

281 915 494 989 (Matth.
528 929 677 977 xxvi.
708 910 800 984 '59)
825 927 839 965 :
864 908 1045 976 Pater,
1077 909 1122 962 si
1142 908 1254 978 ﬁeri
1281 915 1468 978 potest,
1486 904 1824 974 transferatur
1850 917 1884 956 a

278 1026 358 1065 me
386 1010 468 1064 hic
509 1007 665 1062 calix.
699 1005 776 1060 lbi
824 1005 989 1060 etiam
1036 1000 1387 1057 ratiocinatur
1417 1015 1432 1055 :
1463 997 1552 1053 sed
1585 998 1677 1068 ﬁat
1718 996 1886 1068 potius

278 1105 512 1162 voluntas
533 1112 642 1155 tua.
666 1100 793 1156 liatc
811 1109 863 1154 et
890 1098 994 1152 alia
1024 1096 1188 1152 multa
1215 1103 1341 1149 sunt
1366 1092 1558 1165 quibus
1585 1088 1887 1146 ostenditur

282 1198 475 1255 animm
495 1196 637 1270 λόγος
660 1192 977 1249 universalis
1000 1207 1013 1243 :
1041 1196 1345 1258 assumptus
1373 1200 1501 1256 ergo
1529 1183 1691 1239 homo
1717 1191 1884 1250 totus,

282 1303 335 1350 et
365 1298 695 1361 assumptus,
710 1296 765 1344 et
785 1287 1038 1342 liberatus
1059 1293 1171 1339 est:
1196 1281 1250 1336 in
1274 1281 1375 1336 isto
1397 1279 1542 1334 enim
1565 1276 1743 1334 omnia
1768 1275 1888 1331 uni-

284 1384 512 1442 versalia
542 1381 783 1448 fuerunt,
805 1377 1130 1437 universalis
1160 1390 1309 1444 caro,
1338 1375 1516 1428 anima
1546 1367 1886 1432 universalis,

285 1489 339 1536 et
366 1479 417 1534 in
448 1492 666 1535 crucem
702 1475 911 1533 sublata
942 1481 1106 1543 atque
1136 1475 1358 1541 purgata
1384 1473 1510 1522 sunt
1540 1479 1633 1537 per
1661 1462 1887 1519 salutem

290 1573 459 1629 Dcttm
486 1573 655 1649 λόγον,
684 1565 1065 1626 universaliutn
1096 1563 1337 1619 omnium
1368 1556 1725 1616 universalem
1752 1573 1764 1609 :
1795 1569 1892 1627 per

1976 361 2097 401 eum
2129 345 2205 400 ita
2228 345 2297 400 sit
2323 386 2338 412 ,
2371 360 2493 400 esse
2519 353 2577 399 ut
2608 342 3013 398 fundamentum
3062 351 3147 398 est
3198 342 3421 413 reliquis
3451 361 3463 398 :
3495 342 3578 396 vi-

1979 456 2104 496 vere
2130 439 2273 495 enim
2297 450 2350 495 et
2379 438 2684 510 intelligere
2706 446 2762 493 ut
2799 437 3031 493 secunda
3059 446 3112 492 et
3142 438 3440 508 posteriora
3466 480 3482 503 ,
3516 446 3578 493 ut

1980 546 2173 591 natura
2198 534 2429 605 quadam
2456 534 2508 588 in
2535 548 2602 588 eo
2624 532 2768 604 quod
2800 542 2882 589 est
2909 547 3030 588 esse
3053 575 3069 599 ,
3119 532 3261 588 velut
3289 534 3466 588 inesse
3490 531 3576 586 vi—

1981 626 2230 692 deantur,
2260 627 2342 680 vel
2364 641 2426 682 ex
2451 640 2517 681 eo
2547 625 2689 696 quod
2708 640 2830 681 esse
2854 624 3253 696 quodammodo
3281 633 3341 680 ut
3390 624 3580 682 extite-

1984 720 2130 788 rint,
2158 730 2319 791 atque
2345 720 2399 774 in
2427 734 2492 774 eo
2522 718 2666 791 quod
2696 727 2780 773 est
2804 733 2958 772 suum
2986 732 3130 781 esse,
3174 716 3305 772 illud
3347 717 3581 788 primum

1984 828 2048 868 ac
2079 812 2356 867 funL'tnum
2378 825 2499 867 esse
2524 810 2862 866 servaverint
2904 832 2916 864 :
2951 826 3221 882 nunquam
3268 810 3412 866 enim
3459 826 3583 867 esse

1986 904 2104 960 sine
2131 903 2313 960 vivere
2335 911 2495 975 atque
2528 904 2829 975 intelligere
2856 920 2870 959 ι
2898 919 3070 974 neque
3101 903 3283 961 vivere
3310 915 3472 975 atque
3492 905 3582 961 in.

1989 998 2230 1068 lelligerc
2261 997 2379 1053 sine
2406 1012 2471 1052 eo
2499 996 2641 1068 quod
2664 1008 2745 1052 ρει
2769 1012 2888 1052 esse
2906 997 3015 1065 jam
3045 1000 3324 1068 probatum
3351 1009 3455 1055 est.

2067 1091 2129 1147 ν.
2166 1091 2336 1162 liuius
2368 1092 2442 1145 rei
2492 1092 2557 1145 ad
2588 1091 2993 1162 intelligentiam
3022 1091 3125 1148 hoc
3152 1091 3222 1147 sit
3251 1092 3580 1165 exemplum.

1990 1185 2262 1243 Ponamus
2292 1184 2466 1241 visum
2493 1184 2577 1240 vel
2608 1184 2869 1240 visionem
2893 1200 2990 1255 per
3015 1199 3074 1241 se
3099 1186 3145 1239 vi
3174 1200 3269 1241 sua
3299 1196 3461 1258 atque
3487 1203 3586 1242 na-

1994 1290 2112 1334 tura
2143 1277 2503 1349 potentialiter
2526 1276 2880 1345 exislentem,
2909 1276 3013 1332 hoc
3041 1285 3125 1333 est
3166 1278 3284 1348 ejus
3313 1293 3466 1346 esse,
3497 1294 3592 1348 po-

1996 1370 2216 1425 tentiam
2250 1370 2533 1425 habentem
2566 1368 2785 1427 visivam
2822 1370 2886 1423 ad
2938 1370 3229 1426 videndum
3250 1413 3266 1437 ,
3297 1370 3439 1442 quod
3488 1371 3594 1426 erit

1990 1464 2083 1535 jus
2110 1464 2340 1520 videre:
2394 1474 2447 1519 et
2489 1465 2621 1520 item
2669 1463 2961 1536 potentiam
3023 1464 3311 1521 habentem
3361 1466 3596 1523 videndo

1996 1556 2107 1612 visa
2129 1571 2357 1627 qumque
2381 1555 2692 1612 discernere
2716 1598 2732 1623 ,
2763 1555 2906 1627 quod
2935 1566 3020 1612 est
3038 1568 3225 1613 contra
3248 1557 3550 1629 intelligere
3581 1574 3595 1611 :

289 1666 462 1736 ipsmn
491 1647 635 1723 enim
664 1664 845 1721 omnia
902 1660 1038 1716 facta
1068 1664 1213 1725 sunt,
1237 1654 1327 1727 qui
1353 1662 1438 1710 est
1461 1651 1618 1709 Jesus
1644 1647 1892 1705 Christus
1923 1660 1972 1721 Β
2000 1647 2116 1707 hinc
2139 1648 2188 1704 si
2216 1649 2453 1720 potentia
2483 1658 2638 1715 sunt,
2668 1648 2806 1704 nihil
2848 1648 2993 1705 aliud
3041 1665 3201 1721 quam
3241 1665 3364 1707 esse
3401 1650 3599 1706 dicitur

296 1758 434 1815 Deus
462 1769 515 1813 et
542 1757 810 1823 Salvator,
834 1762 889 1811 et
920 1751 1177 1808 Dominus
1203 1756 1404 1803 noster.
1435 1749 1631 1801 Amen.

362 1850 452 1908 ιγ.
483 1848 643 1925 Λόγος
670 1850 829 1921 igitur
856 1861 976 1920 qua:
1003 1854 1160 1911 sunt,
1211 1856 1435 1912 qumque
1476 1853 1596 1895 esse
1629 1841 1851 1907 possunt
1875 1876 1890 1900 ,

293 1961 478 2016 ιιιιιυιο
523 1960 646 2000 esse
692 1952 1016 2014 potuerunt,
1079 1940 1244 1996 veluti
1292 1954 1476 1994 semen
1545 1952 1609 1992 ac
1654 1934 1895 2008 potentia

293 2038 556 2097 existendi
576 2081 591 2105 ,
625 2037 888 2109 sapientia
917 2050 980 2090 ac
1008 2035 1177 2089 virtus
1207 2033 1446 2087 omnium
1474 2029 1895 2086 substantiarum

295 2134 363 2191 de
388 2133 502 2189 Deo
531 2131 595 2186 ad
625 2132 867 2187 actiones
897 2142 1087 2189 omnes
1108 2168 1122 2193 ,
1161 2127 1304 2182 Deus
1334 2124 1575 2196 potentia
1608 2122 1771 2193 patris
1801 2134 1895 2175 ac-

299 2237 459 2298 tnque
478 2270 493 2295 ,
525 2242 630 2296 quo
658 2225 798 2281 lilius
840 2223 956 2295 ipse
983 2237 1103 2278 cum
1139 2230 1293 2293 patre
1314 2234 1451 2275 unus
1478 2218 1617 2274 Deus
1642 2226 1747 2272 est.
1768 2214 1896 2271 Ete-

299 2322 407 2377 nim
436 2335 557 2377 cum
599 2319 706 2374 sint
733 2319 851 2373 ista:
876 2315 1181 2373 exis-tentia:
1218 2314 1469 2369 viventes
1501 2309 1897 2379 intelligentes-

298 2430 430 2485 que,
456 2410 945 2469 animadvertamus
972 2406 1085 2462 hcce
1140 2405 1242 2460 tria
1262 2445 1277 2470 ,
1321 2418 1443 2459 esse
1461 2444 1475 2467 ,
1502 2401 1712 2466 vivere,
1742 2396 1900 2453 intel-

300 2508 498 2578 ligere,
533 2507 605 2559 ita
632 2504 735 2560 tria
762 2517 884 2559 esse
905 2544 919 2568 ,
958 2511 1014 2556 ut
1043 2516 1209 2556 unum
1238 2512 1454 2569 semper
1480 2495 1586 2551 sint
1606 2536 1619 2561 ,
1653 2503 1816 2564 atque
1846 2492 1898 2546 in

306 2615 371 2654 eo
394 2598 533 2670 quod
558 2608 640 2654 est
668 2611 810 2653 esse.
839 2593 1023 2651 Sedin
1055 2607 1120 2648 eo
1147 2590 1288 2663 quod
1323 2598 1401 2645 est
1427 2602 1547 2644 esse
1576 2587 1697 2641 dico
1716 2630 1729 2651 ,
1760 2581 1904 2657 quod

303 2696 372 2751 ibi
401 2703 628 2750 estesse
660 2710 673 2748 :
709 2693 762 2746 in
792 2689 895 2744 hoc
930 2688 1089 2759 igitur
1115 2702 1267 2750 esse,
1298 2684 1405 2740 hoc
1431 2691 1515 2738 est
1548 2680 1735 2735 vivere
1761 2721 1775 2745 ,
1799 2677 1905 2733 hoc

302 2787 601 2859 intelligere
627 2784 811 2841 omnia
838 2780 1290 2845 substantiatiter,
1320 2785 1375 2833 et
1400 2792 1566 2831 unmn
1598 2772 1904 2829 subsisten-

304 2885 419 2939 tia:
462 2882 643 2937 vivere
681 2876 830 2938 enim
889 2876 1062 2951 ipsum
1118 2873 1170 2928 id
1229 2880 1315 2927 est
1371 2868 1514 2942 quod
1548 2881 1701 2934 esse;
1732 2878 1908 2936 neque

303 2978 446 3034 enim
477 2976 553 3032 ita
579 2976 631 3031 in
666 2974 815 3039 Deo,
860 2980 917 3027 ut
970 2974 1024 3026 in
1071 2969 1228 3025 nobis
1276 2966 1421 3022 aliud
1452 2976 1536 3022 est
1570 2961 1717 3036 quod
1741 2962 1905 3028 vivit,

1997 1749 2054 1798 et
2083 1751 2298 1796 manent
2320 1783 2336 1809 ,
2368 1750 2423 1797 et
2451 1750 2510 1796 ut
2550 1739 2733 1811 quieta
2760 1750 2919 1807 sunt,
2948 1750 3119 1813 atque
3144 1743 3198 1798 in
3243 1759 3305 1800 se
3335 1758 3599 1800 conversa

2001 1842 2205 1889 tantum
2258 1843 2314 1889 ut
2367 1833 2516 1902 sint,
2558 1843 2853 1904 cperantur
2883 1834 3057 1890 Solum
3115 1836 3284 1902 visio,
3315 1838 3402 1892 vel
3451 1837 3601 1892 visus

2000 1928 2325 1996 esistentia,
2358 1936 2419 1983 et
2467 1924 2669 1983 idcirco
2719 1928 2891 1982 solum
2948 1942 3071 1984 esse
3123 1929 3475 1985 numeranda.
3532 1929 3605 1985 At

2000 2034 2121 2074 cum
2153 2017 2343 2074 eadem
2394 2018 2529 2073 visio
2582 2018 2896 2089 Operatione
2946 2019 3166 2075 videndi
3207 2022 3280 2076 uti
3327 2020 3599 2090 cmperit,

2001 2113 2151 2183 quasi
2205 2112 2583 2183 progressione
2614 2112 2694 2167 sui
2749 2112 2907 2179 visio,
2961 2113 3136 2183 quasi,
3184 2113 3439 2183 inquam,
3496 2128 3605 2169 non

2002 2205 2146 2261 enim
2182 2204 2543 2274 progreditur,
2589 2220 2691 2261 nec
2735 2221 2766 2260 a
2792 2219 2851 2260 se
2881 2204 3027 2271 exit,
3075 2212 3169 2260 sed
3217 2206 3519 2261 intentione
3544 2220 3609 2262 ac

2003 2303 2189 2374 vigore
2221 2302 2450 2371 prepria:
2498 2302 2818 2372 potestatis,
2868 2301 3010 2370 quod
3063 2310 3147 2357 est
3174 2301 3224 2357 ci
3253 2302 3435 2358 vivere
3487 2317 3609 2357 om-

2004 2400 2090 2452 nia
2118 2410 2240 2467 qua:
2264 2404 2389 2449 sunt
2417 2395 2467 2450 ei
2497 2394 2652 2449 obvia
2679 2436 2694 2459 ,
2721 2393 2807 2448 vel
2852 2393 3046 2463 quibus
3096 2394 3424 2450 incurrendo
3450 2394 3609 2450 obvia

2004 2486 2353 2557 eonSpexerit
2378 2502 2502 2541 eum
2534 2484 2717 2542 cilicio
2754 2485 2968 2541 vivendi
3016 2484 3275 2557 fungitur,
3309 2488 3414 2542 vita
3443 2486 3614 2557 ipsius

2007 2579 2231 2635 visionis
2260 2587 2377 2644 est,
2409 2593 2529 2649 qua:
2565 2588 2712 2633 motu
2762 2587 3024 2649 operante
3075 2579 3257 2635 vivere
3311 2580 3512 2636 indicat
3536 2581 3617 2635 vi-

2009 2672 2214 2728 sionem
2237 2713 2253 2738 ,
2287 2681 2493 2727 tantum
2516 2671 2567 2727 in
2600 2687 2666 2726 eo
2688 2671 2832 2743 quod
2862 2668 3007 2727 videt
3032 2687 3167 2742 puro
3204 2672 3418 2728 videndi
3450 2688 3617 2729 sensu

2010 2781 2117 2820 non
2180 2764 2631 2829 diseriminante,
2681 2780 2780 2820 nec
2849 2763 3178 2837 dijudieaute
3250 2767 3393 2838 quod
3448 2768 3612 2823 videt.

2011 2856 2166 2928 Quod
2205 2858 2420 2930 quidem
2446 2873 2544 2913 nos
2569 2857 2864 2929 accipimus
2894 2858 3253 2915 :estimatione
3274 2900 3289 2927 ,
3316 2869 3373 2915 ut
3425 2862 3618 2931 opine-

2013 2969 2136 3009 mur
2176 2952 2361 3008 videre
2390 2950 2564 3009 solum
2596 2953 2713 3007 sine
2753 2953 3140 3024 intelligentia:
3182 2968 3303 3010 cum
3331 2964 3509 3012 autem
3540 2958 3620 3011 vi-

305 3069 446 3125 alind
475 3069 582 3124 vita
612 3083 731 3138 qua:
762 3063 935 3121 efﬁcit
960 3063 1160 3118 vivere.
1189 3059 1405 3115 Etenim
1434 3056 1480 3113 si
1504 3070 1767 3128 ponamus
1810 3067 1904 3107 ac—
1932 3048 1979 3112 C
2012 3045 2175 3112 dere,
2208 3045 2351 3118 quod
2382 3055 2467 3102 est
2518 3044 2698 3101 vivere
2746 3047 2940 3102 visioni
2960 3090 2973 3113 ,
3015 3047 3201 3105 videre
3242 3064 3347 3105 non
3375 3051 3478 3113 sit,
3512 3050 3618 3106 nisi

304 3163 674 3234 cipiamusqne
697 3159 873 3230 ipsum
897 3158 1063 3211 vitam
1087 3168 1209 3210 esse
1235 3161 1396 3223 atque
1422 3150 1665 3207 existere
1692 3189 1706 3213 ,
1733 3146 1910 3219 quod-

305 3273 409 3328 que
439 3257 485 3311 ei
518 3252 771 3327 potentia:
800 3253 903 3317 sit,
928 3249 977 3304 id
1011 3250 1181 3321 ipsum
1210 3248 1280 3302 sit
1304 3247 1353 3301 ei
1379 3260 1500 3301 esse
1523 3285 1537 3310 ,
1568 3243 1769 3299 clarum
1815 3241 1911 3297 ﬁet

294 3334 473 3406 unum
500 3358 662 3420 atque
692 3345 836 3402 idem
871 3359 969 3399 nos
993 3343 1240 3411 accipere
1265 3338 1463 3395 debere
1480 3352 1600 3394 esse
1621 3336 1906 3392 etvivere:

308 3445 422 3499 lure
445 3441 582 3498 ratio
612 3450 723 3504 est,
747 3426 940 3511 visque
968 3436 1157 3493 eadem
1188 3430 1563 3504 intelligentia:
1610 3439 1695 3486 est
1724 3428 1909 3500 utique

306 3538 406 3594 illi.
439 3535 549 3592 Hoc
579 3535 758 3605 ipsum
782 3546 912 3603 ergo
942 3528 1275 3600 intelligere,
1307 3527 1410 3580 hnc
1453 3531 1536 3580 est
1563 3520 1705 3594 quod
1747 3529 1829 3576 est
1859 3519 1912 3575 ei

308 3646 460 3694 esse,
484 3628 644 3700 idque
669 3641 790 3683 esse
819 3624 962 3697 quod
997 3631 1083 3679 est
1106 3619 1413 3691 intelligere
1443 3635 1455 3672 :
1491 3615 1664 3687 ipsum
1698 3614 1800 3668 hoc
1823 3612 1910 3666 in-

310 3722 561 3794 lelligere
586 3717 938 3791 intelligentia
961 3725 1046 3772 est
1086 3732 1101 3774 :
1129 3730 1251 3770 esse
1292 3727 1451 3782 ergo,
1483 3724 1605 3764 esse
1630 3718 1686 3763 et
1711 3705 1834 3761 vitae
1857 3714 1913 3761 et

310 3814 676 3888 intelligentiae
699 3822 781 3870 est
804 3854 823 3879 ,
850 3811 903 3866 id
931 3820 1014 3866 est
1036 3806 1231 3880 ,‘quod
1278 3805 1382 3859 vita
1411 3813 1465 3860 et
1513 3800 1906 3872 intelligentia:

310 3928 473 3967 unum
502 3907 665 3981 igitur
693 3904 834 3976 quod
862 3901 1004 3969 vita,
1034 3909 1088 3957 et
1132 3899 1274 3955 idem
1306 3912 1429 3952 esse
1470 3892 1610 3965 quod
1641 3900 1725 3948 est
1753 3890 1910 3947 intel-

309 4002 552 4077 ligentia.
576 4000 727 4070 Quod
750 3999 798 4054 si
824 3999 936 4054 haec
964 3995 1017 4050 in
1044 3992 1271 4065 singulis
1296 4001 1455 4061 atque
1482 3987 1533 4043 in
1559 3984 1697 4042 binis
1720 3999 1905 4049 unum,

311 4076 554 4169 sequitur
585 4104 641 4149 ut
688 4092 865 4165 ipsum
914 4091 1098 4144 vivere
1132 4087 1233 4141 hoc
1261 4084 1357 4149 sit,
1389 4080 1533 4155 quod
1560 4076 1859 4149 intelligere
1888 4091 1902 4128 :

311 4207 435 4247 nam
469 4188 515 4244 si
542 4203 664 4244 esse
695 4187 796 4240 hoc
820 4194 901 4239 est
923 4182 1106 4237 vivere
1126 4222 1140 4247 ,
1170 4188 1330 4249 atque
1359 4190 1479 4232 esse
1509 4173 1560 4227 id
1583 4171 1724 4244 quod
1749 4168 1908 4224 intel-

313 4285 515 4358 ligere;
550 4282 607 4339 (it
637 4296 799 4337 unum
844 4277 1035 4334 vivere
1080 4282 1240 4342 atque
1291 4268 1621 4338 intelligere,
1671 4278 1792 4319 cum
1840 4259 1911 4316 sit

304 4354 423 4433 illis
454 4391 619 4432 unum
673 4370 814 4444 quod
847 4378 1097 4427 estesse.
1132 4363 1249 4420 Huc
1298 4357 1507 4417 accedit
1553 4357 1695 4428 quod
1732 4354 1910 4424 ipsum

2016 3137 2195 3210 capiat
2237 3136 2768 3208 compreltendattpie
2822 3138 2965 3209 quod
3023 3139 3253 3206 viderit,
3296 3141 3457 3197 simul
3489 3157 3619 3213 ergo

2013 3238 2170 3285 estet
2195 3228 2437 3298 judicare
2466 3228 2607 3300 quod
2639 3228 2832 3284 viderit
2864 3245 3033 3302 :ergo
3066 3231 3117 3285 in
3160 3246 3227 3287 eo
3247 3233 3389 3303 quod
3418 3243 3501 3289 est
3539 3235 3621 3289 vi-

2015 3322 2167 3389 dere,
2202 3322 2339 3378 inest
2369 3321 2664 3392 diiudicare
2693 3340 2706 3377 :
2738 3338 2914 3394 neque
2952 3323 3097 3378 enim
3152 3324 3197 3379 si
3230 3325 3457 3394 viderit,
3485 3343 3619 3399 quo-

2018 3414 2412 3485 modocumque
2460 3414 2657 3470 viderit
2709 3430 2816 3471 non
2870 3415 3183 3486 dijudicavit
3231 3418 3364 3476 illud
3395 3421 3569 3494 ipsum
3598 3465 3615 3488 ,

2017 3506 2104 3562 vel
2134 3508 2275 3577 quod
2303 3506 2514 3562 viderit.
2562 3507 2733 3579 Ergo,
2784 3517 2840 3563 nt
2881 3508 3141 3577 dicimus,
3173 3512 3226 3566 in
3254 3526 3321 3567 eo
3350 3513 3494 3584 quod
3537 3527 3623 3571 est

2018 3598 2201 3655 videre
2238 3608 2323 3655 est
2364 3599 2701 3669 dijmlieare:
2733 3598 2787 3655 in
2844 3616 2910 3657 eo
2962 3612 3140 3658 autem
3181 3605 3324 3675 quod
3362 3617 3445 3663 est
3498 3623 3622 3664 esse

2019 3689 2279 3747 visionem
2327 3692 2467 3747 inest
2497 3691 2680 3747 videre
2735 3710 2748 3746 :
2803 3692 3103 3750 inconnexa
3152 3697 3312 3767 igitur
3356 3714 3421 3754 ac
3450 3702 3619 3773 magis

2018 3783 2283 3853 simplicia
2314 3784 2364 3837 in
2404 3799 2471 3839 eo
2496 3783 2638 3854 quod
2689 3794 2853 3852 sunt,
2888 3800 2995 3840 non
3041 3786 3183 3842 aliud
3231 3806 3390 3860 quam
3419 3807 3614 3861 unum,

2022 3876 2192 3944 visio,
2224 3877 2441 3945 videre,
2464 3875 2809 3944 discernere;
2862 3894 2970 3949 quo
3016 3890 3172 3950 pacto
3219 3890 3274 3937 et
3297 3883 3350 3938 in
3377 3900 3445 3940 eo
3472 3887 3619 3956 quod

2018 3979 2102 4074 est
2128 3970 2459 4034 discernere,
2482 3971 2623 4027 inest
2649 3970 2854 4040 videre,
2882 3983 2935 4028 et
2966 3974 3018 4030 in
3046 3991 3112 4031 eo
3132 3978 3275 4050 quod
3297 3989 3380 4035 est
3408 3981 3614 4049 videre,

2020 4063 2160 4118 ineSt
2186 4078 2306 4119 esse
2335 4063 2765 4134 visione,atque,
2796 4076 2852 4120 ut
2877 4081 3004 4123 vere
3054 4066 3255 4139 (licam,
3286 4088 3389 4128 non
3429 4073 3570 4132 inest
3598 4116 3617 4145 ,

2019 4154 2117 4210 sed
2134 4170 2199 4210 eo
2228 4154 2371 4224 quod
2398 4164 2480 4211 est
2508 4155 2640 4210 visio
2666 4195 2681 4222 ,
2712 4156 2765 4210 in
2794 4171 2861 4212 eo
2889 4168 2974 4213 est
3000 4158 3183 4216 videre
3220 4173 3380 4235 atque
3402 4166 3615 4223 discer-

1954 4277 1958 4280 ~
2018 4263 2151 4303 nere
2184 4247 2289 4304 :ita
2319 4248 2372 4303 in
2412 4247 2639 4320 singulis
2669 4249 2885 4317 omnia,
2917 4251 3000 4306 vel
3055 4254 3457 4330 unumquidque
3496 4275 3622 4316 om.

2018 4341 2105 4396 nia
2129 4357 2314 4397 unum.

312 4488 436 4529 esse
463 4469 595 4527 nihil
625 4436 707 4525 εεὶ
736 4464 880 4522 aliud
902 4478 1061 4535 quam
1084 4459 1265 4515 vivere
1291 4475 1304 4511 :
1334 4453 1479 4527 quod
1518 4450 1665 4508 enim
1690 4464 1797 4506 non
1828 4446 1909 4526 vi-
1938 4449 1993 4513 ι
2091 4436 2180 4535 γι.
2217 4436 2425 4492 Extolle
2466 4445 2517 4492 te
2562 4436 2721 4508 igitur
2761 4445 2922 4510 atque
2954 4438 3133 4511 Erige,
3165 4442 3386 4513 Spiritus
3431 4462 3619 4516 meus,

314 4564 421 4626 vit,
446 4563 618 4634 ipsmn
652 4575 772 4617 esse
798 4558 848 4614 ei
874 4553 1123 4628 deperit,
1156 4561 1214 4606 ut
1258 4545 1515 4622 quamdiu
1541 4542 1774 4616 quidque
1804 4540 1906 4607 sit,

315 4659 420 4714 hoc
444 4657 514 4712 sit
537 4656 588 4711 ei
622 4669 778 4711 suum
829 4652 1044 4716 vivere,
1078 4645 1221 4702 unde
1251 4639 1609 4698 comtnoritur
1638 4650 1759 4692 esse
1785 4648 1908 4688 eum

321 4751 445 4807 vita.
480 4749 585 4807 Sed
617 4763 716 4803 nos
736 4761 858 4801 cum
880 4743 949 4798 de
977 4736 1197 4797 aeternis
1218 4733 1509 4807 loquimur,
1551 4727 1694 4784 aliud
1728 4726 1911 4780 vivere

317 4842 610 4915 actipimus
645 4859 657 4892 :
713 4837 808 4894 sed
861 4836 961 4890 hoc
987 4832 1162 4904 ipsum
1192 4826 1332 4885 scire
1378 4822 1521 4896 quod
1559 4821 1740 4883 vivas,
1768 4817 1911 4873 seire

316 4912 481 5011 porro
507 4935 611 4989 hoc
633 4942 715 4988 est
739 4929 879 5003 quod
908 4925 1209 4996 intelligere
1233 4939 1246 4976 :
1278 4921 1417 4990 Ergo
1445 4916 1584 4972 scire
1606 4912 1911 4983 intelligere

317 5041 433 5098 est,
459 5039 513 5084 et
535 5028 673 5083 seire
699 5023 841 5098 quod
867 5023 1051 5089 vivas,
1080 5018 1181 5074 hoc
1209 5024 1294 5072 est
1320 5013 1505 5069 vivere
1534 5029 1546 5066 :
1581 5009 1633 5064 id
1660 5023 1788 5078 ergo
1810 5006 1914 5061 erit

319 5122 620 5194 intelligere
645 5118 787 5192 quod
818 5116 1020 5172 vivere.
1052 5111 1205 5182 Quod
1232 5108 1280 5166 si
1306 5106 1383 5163 ita
1405 5115 1522 5174 est,
1553 5111 1611 5158 ιιι
1653 5116 1817 5157 unum
1843 5098 1915 5153 sit

317 5218 501 5273 vivere
521 5224 575 5270 et
606 5211 906 5282 intelligere
933 5251 945 5273 ,
970 5218 1023 5263 et
1053 5221 1175 5263 cum
1222 5217 1385 5258 unum
1413 5199 1483 5255 sit
1505 5212 1628 5253 esse
1653 5192 1795 5265 quod
1828 5201 1912 5246 est

318 5316 503 5368 vivere
523 5318 683 5380 atque
704 5302 1006 5374 intelligere
1029 5319 1043 5366 ;
1068 5296 1366 5354 substantia
1388 5309 1550 5349 unum
1573 5332 1587 5357 ,
1612 5286 1910 5344 subsisten-

316 5400 393 5462 tia
427 5404 524 5461 tria
569 5378 691 5457 sunt
733 5400 833 5454 ista
869 5415 881 5450 :
914 5410 1036 5451 cum
1064 5391 1205 5448 enim
1232 5389 1342 5445 vim
1386 5401 1450 5441 ac
1496 5378 1908 5455 signiﬁcandam

314 5482 471 5555 suam
503 5495 769 5559 habeant,
794 5502 954 5561 atque
984 5499 1041 5543 ut
1087 5484 1336 5540 dicuntur
1384 5484 1622 5542 etsunt;
1657 5486 1908 5530 necessa-

319 5586 405 5650 rio
434 5600 490 5648 et
514 5597 639 5645 sunt
664 5586 763 5643 tria
788 5628 802 5655 ,
835 5593 886 5639 et
920 5593 1096 5637 tamen
1143 5592 1304 5632 unum
1326 5615 1341 5641 ,
1392 5587 1514 5629 cum
1557 5582 1717 5624 omne
1765 5560 1916 5636 quod

320 5684 590 5758 singultim
613 5690 695 5739 est
734 5693 927 5744 unum,
954 5675 1053 5731 tria
1085 5672 1193 5728 sint
1218 5711 1232 5736 ,
1264 5667 1424 5739 idque
1446 5662 1648 5721 Cra-cis
1672 5660 1743 5716 ita
1771 5657 1909 5714 dici-

2021 4538 2076 4585 et
2106 4530 2302 4585 virtute
2324 4546 2426 4598 qua
2477 4546 2505 4584 a
2553 4528 2664 4585 Deo
2717 4531 2848 4586 mihi
2891 4546 2950 4587 es
2993 4531 3288 4604 inspiratus
3315 4579 3329 4605 ,
3359 4554 3613 4613 agnosce,

2023 4620 2190 4676 Deum
2227 4622 2522 4692 intelligere
2552 4622 2775 4678 difﬁcile
2799 4664 2813 4687 ,
2852 4638 2957 4679 non
3009 4634 3187 4681 tamen
3227 4626 3569 4700 desperatum
3600 4654 3615 4693 :

2020 4730 2144 4771 nam
2193 4715 2314 4771 ideo
2359 4730 2519 4771 nosse
2571 4730 2631 4772 se
2685 4717 2883 4783 voluit,
2933 4716 3054 4773 ideo
3083 4723 3340 4779 mundum
3372 4738 3426 4784 et
3453 4745 3621 4801 Opera

2020 4821 2113 4861 sua
2138 4806 2318 4861 divina
2342 4805 2653 4873 constituit,
2687 4817 2743 4862 ut
2771 4824 2895 4863 eum
2921 4825 3017 4879 per
3039 4811 3140 4868 ista
3167 4816 3344 4872 omnia
3366 4835 3618 4880 eernere-

2020 4897 2365 4975 llIuS:Ad'yo;
2410 4911 2577 4966 certe,
2608 4900 2703 4972 qui
2744 4902 2860 4972 ejus
2908 4901 3077 4971 illius,
3127 4907 3217 4977 qui
3256 4909 3433 4984 imago
3458 4957 3473 4981 ,
3525 4916 3618 4989 qui

2016 4996 2185 5050 forma
2211 5006 2294 5049 eSt
2316 5036 2330 5060 ,
2362 5008 2394 5047 a
2419 5008 2479 5049 se
2504 4992 2570 5048 ad
2598 5006 2803 5064 patrem
2849 4994 3182 5070 intelligendi
3209 5006 3493 5064 transitum
3522 5012 3616 5068 de-

2016 5090 2112 5145 dit.
2147 5089 2321 5144 Deum
2343 5087 2501 5156 igitur
2547 5087 2599 5141 in
2649 5103 2751 5158 qua
2785 5100 3004 5157 natura,
3060 5091 3112 5146 in
3144 5111 3250 5165 quo
3296 5114 3526 5172 genere,
3556 5104 3613 5163 in

2015 5199 2117 5255 qua
2140 5183 2223 5250 vi,
2252 5182 2307 5237 in
2335 5196 2437 5252 qua
2463 5181 2696 5252 potentia
2730 5181 2980 5252 ponimus
3001 5226 3014 5252 ,
3046 5185 3395 5261 intelligimus
3419 5236 3437 5260 ,
3469 5199 3614 5255 testi.

2016 5276 2271 5333 mantus?
2301 5274 2389 5331 vel
2413 5292 2515 5346 qua
2546 5276 2829 5347 phantasia
2861 5278 3230 5351 intelligentia:
3255 5289 3567 5362 attingimus
3594 5339 3610 5363 ,

2015 5382 2176 5444 atque
2198 5372 2250 5426 iu
2273 5386 2396 5428 eum
2426 5369 2808 5441 prowhimur?
2832 5370 2898 5426 Et
2927 5388 3048 5428 cum
3078 5374 3465 5451 intelligibilem
3489 5403 3617 5447 esse

2014 5467 2275 5534 dicimus,
2305 5475 2453 5521 certe
2493 5463 2857 5522 insnfllatione
2899 5467 2991 5523 Dei
3045 5468 3223 5527 anima
3249 5476 3407 5533 nobis
3448 5490 3612 5552 atque

2014 5575 2078 5618 ex
2102 5575 2167 5617 eo
2199 5573 2320 5631 pars
2348 5562 2400 5613 in
2429 5558 2584 5614 nobis
2607 5567 2689 5614 est
2713 5600 2727 5625 ,
2766 5575 2885 5629 quae
2928 5560 2978 5615 in
3026 5564 3182 5618 nobis
3223 5581 3305 5623 est
3336 5573 3607 5633 maxima:

2015 5654 2327 5726 attingimus
2358 5652 2516 5725 igitur
2541 5668 2661 5709 cum
2716 5668 2813 5721 eo,
2869 5669 2978 5724 quo
3040 5655 3164 5715 inde
3218 5676 3409 5722 sumus
3447 5677 3609 5743 atque
