4024 6306
426 150 446 204 -Ι
462 148 561 203 103

1708 136 1906 192 MAIilI
1950 130 2294 190 VIC'I'ORINI
2335 133 2498 190 ΛΡΜ

3584 132 3741 195 11οδ

416 267 735 338 pendemus.
764 264 924 320 Certe
973 271 1098 334 post
1124 258 1419 318 Salvatoris
1449 256 1740 313 adventum
1766 298 1781 323 ,
1810 270 1932 310 cum
1966 253 2017 308 in
2048 252 2094 312 A
2124 252 2321 309 dicitur
2347 269 2363 308 :
2394 252 2487 308 sed
2507 249 2585 325 (2)
2620 251 2878 315 cessatio,
2923 256 3099 304 motus
3136 265 3149 302 :
3182 248 3229 302 si
3278 245 3515 303 essentia
3542 286 3556 309 ,
3588 245 3734 300 vita.

419 359 702 417 Salvatore
730 357 902 428 ipsum
936 354 1107 410 Deum
1132 352 1361 407 vidimus
1386 392 1400 417 ,
1426 364 1548 404 cum
1579 348 1646 403 ab
1675 362 1741 402 eo
1767 346 1912 401 docti
1938 354 2019 400 at—

417 466 524 516 que
556 447 807 505 instructi
855 460 1073 511 sumus,
1102 460 1226 501 cum
1256 443 1324 498 ab
1363 457 1429 498 eo
1482 450 1725 496 sanctum
1759 438 2020 510 Spiritum

417 542 793 614 intelligentia:
824 540 1139 612 magistrum
1177 537 1486 609 accepimus
1509 577 1524 602 ,
1576 533 1705 607 quid
1736 532 1880 588 aliud
1905 545 2024 586 tan-

418 647 505 693 tus
536 635 901 709 intelligentia:
932 633 1185 706 magister
1229 631 1416 694 dabit.
1459 630 1564 686 nisi
1613 629 1779 685 Deum
1827 643 2022 697 nosse,

417 733 591 791 Deum
614 745 979 803 cognoscere,
1011 730 1177 784 Deum
1229 725 1425 784 fateri?
1456 725 1524 781 Et
1572 724 1815 796 majores
1852 723 2026 779 nostri

416 828 749 899 quaesierunt
774 824 903 897 quid
928 832 1074 881 esset
1099 865 1116 893 ,
1144 831 1236 879 aut
1260 821 1381 894 quis
1402 830 1546 879 esset
1573 820 1746 884 Deus;
1776 828 1830 876 et
1855 819 1937 875 his
1958 819 2027 875 ab

416 937 486 979 eo
528 921 618 994 qui
664 921 717 977 in
762 924 877 992 ejus
898 918 1109 991 gremio
1137 925 1459 989 semperest
1501 930 1823 987 responsum
1848 915 2027 972 estita

418 1014 602 1089 (Joan.
632 1029 742 1070 stv.
762 1014 820 1079 9,
858 1013 948 1086 10)
974 1030 987 1067 :
1012 1012 1100 1069 Me
1119 1011 1298 1068 videtis
1322 1020 1368 1067 et
1401 1010 1610 1067 Patrem
1639 1026 1807 1066 meum
1834 1009 2027 1081 quitri-

418 1111 515 1174 tis,
558 1110 682 1165 olim
706 1107 960 1164 vobiscum
990 1125 1102 1164 sum
1134 1108 1260 1179 :qai
1287 1123 1367 1163 me
1394 1104 1541 1175 vidit,
1564 1107 1687 1162 vidit
1714 1115 1761 1161 et
1793 1103 2027 1170 Patrem,

419 1217 511 1274 ego
531 1202 584 1257 in
612 1200 789 1267 Patre,
823 1210 870 1257 et
942 1198 1102 1255 Pater
1140 1200 1194 1254 in
1250 1214 1347 1255 me.
1399 1197 1544 1271 Ergo
1582 1196 1709 1270 quid
1757 1196 2031 1253 dicimus?

418 1294 589 1350 Deum
632 1309 827 1364 nempe
863 1291 1156 1363 Spiritum,
1214 1301 1269 1347 et
1319 1291 1577 1361 Spiritum
1627 1290 1787 1346 vitae:
1823 1289 2028 1346 dictum

417 1388 562 1444 enim
592 1398 696 1453 est,
747 1387 855 1443 vita
886 1395 1039 1457 pater
1079 1393 1195 1451 est,
1237 1392 1292 1440 et
1347 1385 1472 1439 item
1516 1381 1762 1439 Christus
1799 1381 2033 1453 Spiritus

304 1542 316 1555 ,
418 1491 522 1537 est.
574 1480 641 1536 Et
683 1480 800 1550 ipse
840 1494 1028 1535 rursus
1078 1478 1148 1534 de
1189 1493 1250 1534 se
1274 1476 1408 1533 dixit
1447 1474 1612 1550 (Ibid.
1652 1475 1687 1547 ᾗ
1714 1514 1729 1530 .
1763 1474 1819 1549 6)
1852 1493 1864 1529 :
1919 1474 2031 1546 Ego

417 1591 530 1630 sum
552 1574 675 1629 vita.
704 1574 770 1628 Et
790 1572 968 1645 (loan.
988 1589 1042 1627 ν.
1067 1571 1163 1643 26)
1191 1590 1203 1625 :
1233 1569 1303 1627 Ut
1336 1569 1492 1625 Pater
1529 1569 1675 1624 habet
1699 1570 1752 1623 in
1779 1586 1832 1625 se
1852 1569 2026 1636 vitam,

414 1668 489 1725 ita
508 1680 555 1726 et
586 1669 727 1725 Filio
753 1669 893 1724 dedit
922 1669 1107 1725 habere
1134 1684 1197 1724 ea:
1221 1684 1275 1722 se
1295 1668 1470 1722 vitam.
1496 1665 1696 1722 Eodem
1723 1664 1885 1722 modo
1911 1664 2033 1736 Spi-

417 1765 551 1820 ritus
572 1774 791 1820 sanctus
819 1762 1051 1833 Spiritus
1098 1770 1184 1819 est
1210 1803 1225 1829 ,
1256 1762 1443 1832 utique
1488 1769 1545 1815 et
1593 1761 1707 1832 ipse
1738 1760 1865 1815 vita.
1897 1759 2031 1815 Nam

418 1857 600 1913 omnia
625 1856 876 1913 Christus
891 1856 1147 1928 accepita
1170 1865 1322 1925 patre
1356 1852 1539 1926 (Joan.
1572 1870 1707 1910 xvn.
1738 1855 1792 1917 7.
1816 1851 1987 1926 8,10)
2014 1871 2028 1909 :

421 1947 493 2005 Et
532 1949 724 2017 omnia,
758 1948 977 2020 inquit,
999 1949 1046 2004 ei
1071 1947 1211 2002 dedi.
1242 1947 1310 2002 Et
1356 1946 1486 2003 item
1538 1963 1551 2002 :
1586 1946 1715 2014 Quae
1745 1947 1894 2001 habet
1921 1964 2034 2003 mea

420 2051 559 2097 sunt.
582 2041 726 2113 Ergo
746 2039 912 2097 habet
935 2042 1097 2095 vitam
1124 2082 1138 2106 ,
1167 2049 1221 2096 et
1271 2038 1437 2094 vitam
1491 2055 1522 2096 a
1566 2055 1626 2097 se
1668 2055 1812 2097 esse.
1848 2040 2032 2108 Quare

427 2132 609 2191 istud?
631 2134 753 2204 quia
787 2133 876 2189 ubi
915 2135 1022 2189 vita
1053 2143 1167 2202 est,
1194 2132 1269 2189 ibi
1295 2142 1412 2199 est,
1444 2148 1472 2188 a
1506 2148 1565 2191 se
1585 2150 1707 2190 esse
1736 2135 1897 2191 vitam
1927 2154 1941 2193 :
1977 2145 2030 2192 et

424 2229 470 2285 si
501 2228 645 2285 istud
667 2228 740 2285 ita
766 2237 887 2297 est,
913 2228 984 2284 ibi
1014 2238 1098 2285 est
1126 2228 1430 2301 intelligere
1456 2244 1517 2286 se
1555 2229 1721 2285 vitam
1774 2245 1930 2297 esse,
1978 2239 2035 2286 et

420 2323 550 2395 quid
580 2340 702 2381 esse
755 2324 827 2380 sit
880 2323 1063 2379 vivere
1104 2333 1204 2378 :et
1256 2322 1383 2395 quid
1431 2338 1554 2381 esse
1582 2323 1724 2397 quod
1772 2325 1879 2380 vita
1905 2334 2028 2382 est:

421 2419 711 2491 conjuncta
739 2418 902 2490 igitur
930 2418 1112 2474 omnia
1132 2460 1145 2485 ,
1170 2428 1226 2473 et
1252 2433 1416 2473 unum
1447 2424 1629 2474 omula
1655 2429 1711 2475 et
1755 2436 1860 2475 una
1901 2421 2030 2476 sub-

418 2514 617 2570 stantia
645 2554 658 2578 ,
691 2521 746 2570 et
771 2527 901 2569 vere
920 2512 1189 2586 ὁμοούσια,
1212 2511 1302 2569 vel
1331 2511 1526 2581 simul,
1557 2511 1701 2585 quod
1740 2522 1823 2571 est
1874 2514 2028 2588 ὁμοῦ,

423 2610 509 2667 vel
533 2608 833 2679 eademque
857 2607 1180 2664 substantia.
1391 2602 1399 2610 ’

502 2702 613 2759 VII.
648 2702 808 2758 Pater
836 2702 998 2774 igitur
1021 2716 1143 2756 esse
1165 2707 1249 2757 est
1269 2718 1283 2766 ;
1303 2699 1407 2758 hoc
1427 2699 1569 2757 enim
1593 2701 1809 2757 cie-teris
1835 2701 2032 2773 princi-

425 2796 574 2866 pium
601 2802 656 2849 et
707 2792 940 2864 primum
989 2790 1057 2847 ad
1096 2791 1430 2862 phantasiam
1480 2792 1890 2848 secundorum:
1942 2791 2031 2849 hic

430 2884 578 2942 Deus
601 2928 617 2953 ,
640 2886 684 2941 is
714 2901 837 2940 cum
869 2883 1081 2940 duobus
1110 2884 1322 2940 caeteris
1344 2884 1518 2952 Deus,
1554 2884 1644 2941 hic
1683 2901 1823 2941 unus
1854 2885 2027 2955 Deus,

424 2979 551 3051 quia
579 2976 724 3050 quod
754 2986 838 3034 est
882 2975 1064 3033 vivere
1119 2984 1174 3032 et
1221 2976 1558 3047 intelligere,
1607 2976 1710 3033 hoc
1738 2977 1912 3048 ipsum
1947 2985 2031 3032 est

2124 346 2300 413 Quod,
2320 354 2376 402 ut
2395 344 2703 410 docuimus,
2736 343 2788 398 in
2817 358 2882 399 eo
2907 342 3049 414 quod
3080 351 3301 396 estesse
3324 348 3382 396 et
3408 339 3596 394 vivere
3618 378 3636 404 ,
3669 337 3732 391 in

2130 454 2196 494 eo
2223 438 2363 511 quod
2389 447 2472 494 est
2497 437 2769 492 silentium
2796 444 2881 491 est
2925 444 3109 490 tacens
3151 431 3388 490 Verbum
3418 473 3433 498 ,
3460 439 3518 487 et
3560 430 3617 485 in
3666 442 3744 484 eo

2125 531 2268 605 quod
2291 542 2371 588 est
2398 530 2552 604 quies
2583 530 2670 586 vel
2692 528 2923 586 cessatio
2951 528 3093 584 inest
3121 526 3206 582 vel
3233 524 3481 581 occultus
3510 531 3694 578 motus
3717 564 3739 589 ,

2126 628 2213 684 vel
2237 630 2445 683 occulta
2470 624 2631 681 actio.
2661 622 2982 680 Necessario
3000 624 3178 693 itaque
3202 635 3268 677 ex
3296 619 3401 675 hac
3423 616 3749 675 cessatione

2128 729 2285 777 natus
2312 731 2491 776 motus
2514 761 2529 787 ,
2563 725 2619 776 et
2643 728 2769 774 nata
2797 716 2938 774 actio
2967 725 3084 783 est,
3118 714 3206 771 vel
3256 729 3286 768 a
3338 712 3557 769 silentio
3605 709 3752 765 Ver-

2129 815 2288 882 bum,
2321 813 2409 869 vel
2438 812 2506 870 ab
2532 814 2767 870 essentia
2789 811 2919 868 vita.
2950 810 3092 883 Ergo
3130 809 3235 866 ista
3257 807 3493 865 essentia
3513 849 3529 873 ,
3560 806 3750 862 silen-

2130 908 2261 963 tium
2283 947 2299 976 ,
2331 905 2597 974 cessatio,
2624 904 2805 972 Pater,
2840 902 2944 960 hoc
2969 911 3084 971 est,
3113 901 3255 959 Deus
3286 909 3459 973 pater.
3496 900 3566 955 At
3607 913 3750 954 vero

2130 1005 2237 1061 vita
2264 1047 2279 1073 ,
2312 1004 2579 1072 Verbum,
2610 1013 2787 1060 motus
2814 1011 2908 1059 aut
2960 1000 3137 1070 actio,
3175 1000 3317 1056 ﬁlius
3364 1006 3422 1057 et
3444 996 3647 1054 unicus
3678 995 3752 1049 ﬁo

2132 1098 2237 1154 lius
2263 1115 2278 1167 ;
2303 1099 2425 1171 quia
2452 1097 2588 1155 nihil
2615 1096 2760 1153 aliud
2785 1110 2945 1169 quam
2971 1108 3136 1151 unum
3159 1135 3175 1161 ,
3199 1090 3290 1149 vel
3310 1091 3421 1147 vita
3439 1130 3455 1156 ,
3479 1089 3566 1145 vel
3619 1102 3755 1144 ver-

2133 1192 2260 1249 bum
2286 1234 2301 1260 ,
2336 1196 2420 1252 vel
2443 1202 2621 1250 motus
2647 1199 2740 1248 aut
2760 1191 2931 1258 actio,
2953 1189 3234 1260 magisque
3252 1184 3435 1243 omnia
3464 1184 3567 1240 ista
3622 1197 3750 1238 mo-

2136 1301 2222 1348 tus
2246 1301 2340 1347 aut
2367 1289 2507 1346 actio
2540 1306 2554 1343 :
2586 1286 2788 1345 etenim
2817 1285 3004 1341 omnia
3026 1283 3115 1339 illa
3143 1281 3315 1339 activa
3339 1288 3498 1346 sunt,
3542 1278 3664 1334 vita
3696 1285 3758 1335 et

2140 1385 2374 1442 Verbum
2397 1427 2413 1453 ,
2443 1393 2593 1439 motu
2622 1383 2805 1454 vigent
2846 1391 2902 1437 et
2933 1389 3080 1435 motu
3136 1385 3469 1451 operantur;
3522 1374 3759 1431 univer-

2135 1478 2265 1535 salis
2294 1488 2472 1533 autem
2521 1485 2731 1540 motus,
2762 1474 2855 1547 qui
2903 1471 3216 1547 principalis
3245 1483 3333 1527 est
3374 1480 3597 1536 motus,
3629 1485 3665 1523 a
3695 1483 3764 1527 se

2135 1571 2309 1629 oritur
2338 1589 2353 1629 :
2383 1570 2509 1644 quid
2536 1570 2679 1627 enim
2710 1578 2794 1626 est
2841 1576 3051 1633 motus,
3096 1566 3198 1622 nisi
3238 1581 3269 1621 a
3323 1579 3383 1621 se
3427 1564 3532 1621 sibi
3563 1574 3765 1622 motus

2061 1658 2112 1722 B
2138 1668 2243 1725 sit?
2271 1667 2403 1724 Nam
2427 1667 2470 1722 si
2512 1666 2581 1723 ab
2597 1665 2704 1721 alio
2732 1672 3004 1731 movetur,
3030 1671 3113 1717 est
3140 1660 3357 1733 quidam
3398 1658 3551 1715 aliud
3578 1673 3764 1730 quam

2137 1776 2316 1822 motus
2336 1807 2350 1829 ,
2374 1764 2515 1837 quod
2546 1763 2616 1819 ab
2640 1761 2749 1818 alio
2773 1769 3019 1817 movetur
3050 1777 3065 1816 :
3097 1768 3152 1814 et
3175 1757 3222 1813 si
3268 1755 3399 1813 illud
3441 1755 3595 1828 quod
3650 1754 3767 1812 hoc

2136 1865 2321 1917 nescio
2346 1858 2471 1932 quid
2502 1867 2715 1923 movet,
2747 1867 2925 1913 motus
2946 1871 3052 1910 non
3093 1861 3212 1921 est,
3242 1866 3458 1906 movere
3499 1864 3616 1904 non
3662 1864 3768 1919 pu-

2138 1963 2237 2011 test
2271 1972 2285 2010 :
2318 1953 2462 2009 unde
2503 1952 2647 2008 enim
2686 1960 2902 2007 moveat
2939 1964 3045 2005 non
3074 1945 3313 2002 habebit.
3350 1944 3444 2001 Sin
3485 1954 3687 1998 motus
3734 1957 3770 1999 ι

2135 2055 2284 2103 motu
2307 2044 2563 2111 nascitur,
2589 2053 2767 2099 motus
2791 2058 2922 2114 ergo
2957 2057 2986 2095 a
3015 2057 3075 2096 se
3110 2039 3366 2095 nascitur.
3388 2035 3498 2093 Sed
3529 2037 3641 2092 hoc
3678 2044 3775 2092 est

2137 2137 2321 2210 (Joan.
2355 2154 2415 2205 v,
2447 2136 2544 2209 26)
2574 2154 2590 2193 :
2624 2136 2778 2191 Dedit
2803 2135 2851 2189 ei
2884 2145 3036 2205 pater
3065 2133 3249 2199 vitam,
3273 2139 3333 2186 ut
3362 2129 3413 2186 ei
3440 2129 3551 2184 vita
3578 2138 3768 2185 esset.

2206 2231 2346 2288 VIII.
2381 2231 2523 2303 Ergo
2553 2239 2761 2297 motus,
2795 2238 2850 2286 et
2870 2244 3007 2285 unus
3033 2236 3117 2285 est
3161 2235 3368 2294 motus,
3395 2232 3451 2281 et
3476 2240 3506 2279 a
3541 2238 3605 2281 se
3640 2239 3770 2281 mo-

2134 2334 2241 2381 tus.
2272 2326 2486 2382 Etcum
2520 2324 2573 2380 in
2617 2333 2770 2395 parte
2820 2321 3065 2378 occultus
3115 2321 3221 2388 sTt,
3275 2329 3439 2392 atque
3483 2316 3620 2374 inde
3671 2317 3771 2375 hic

2135 2428 2315 2476 motus
2344 2435 2612 2491 apparens
2633 2434 2662 2472 a
2700 2426 2855 2488 patre
2883 2426 3083 2471 motus.
3119 2413 3188 2470 Et
3212 2413 3337 2487 quia
3363 2428 3395 2468 a
3440 2420 3596 2468 motu
3629 2426 3768 2467 mo-

2136 2525 2253 2581 tus,
2286 2513 2408 2570 ideo
2430 2531 2457 2568 a
2487 2529 2546 2569 se
2587 2521 2795 2578 motus,
2825 2519 2880 2566 et
2911 2524 3050 2564 unus
3104 2518 3311 2575 motus,
3366 2506 3514 2563 unde
3559 2506 3769 2564 unicus

2137 2607 2301 2664 ﬁlius.
2351 2607 2450 2664 llic
2479 2607 2639 2681 Λόγος
2690 2603 3014 2659 universalis
3068 2601 3121 2658 in
3170 2601 3421 2657 omnibus
3451 2616 3554 2672 per
3591 2616 3768 2672 quem

2134 2698 2274 2755 facta
2297 2699 2647 2753 suntomnia.
2680 2695 2778 2752 Hie
2819 2695 2926 2750 vita
2951 2694 3230 2761 omnibus,
3281 2694 3403 2765 quia
3451 2709 3577 2765 quae
3612 2692 3769 2752 facta

2134 2804 2260 2850 sunt
2302 2794 2489 2849 vivunt
2537 2792 2738 2847 omnia.
2775 2790 2873 2848 Hic
2920 2792 3083 2847 etiam
3135 2788 3295 2846 Jesus
3343 2788 3603 2846 Christus
3629 2798 3764 2857 est,

2133 2886 2259 2958 quia
2282 2884 2349 2941 ad
2383 2884 2549 2941 vitam
2576 2883 2814 2940 salvabit
2852 2882 3055 2938 omnia.
3098 2880 3253 2939 Unus
3279 2896 3409 2954 ergo
3449 2889 3672 2950 motus,
3707 2889 3769 2939 et

2135 2995 2273 3035 unus
2301 2978 2442 3035 ﬁlius
2469 2987 2522 3034 et
2569 2977 2793 3044 unicus,
2825 2977 2951 3047 quia
3004 2976 3161 3031 unica
3193 2976 3299 3030 vita
3318 3018 3334 3043 ,
3363 2985 3418 3030 et
3458 2990 3572 3031 una
3596 2975 3718 3031 vita
3740 3017 3761 3046 ,

426 3070 571 3144 quod
594 3079 679 3127 est
704 3084 825 3128 esse
850 3086 865 3136 ;
898 3080 951 3126 et
975 3068 1186 3124 duobus
1217 3069 1335 3124 istis
1356 3068 1497 3140 quod
1529 3070 1719 3126 vivere
1758 3080 1919 3141 atque
1941 3070 2025 3125 inc
2054 3058 2104 3125 C
2136 3076 2358 3148 solaque
2384 3083 2607 3131 aeterna.
2633 3073 2777 3144 Ergo
2803 3072 3069 3144 ὁμοούσιος
3093 3070 3233 3127 ﬁlius
3256 3069 3394 3142 patri
3427 3087 3444 3125 :
3467 3070 3580 3125 vita
3605 3070 3764 3128 enim

429 3164 678 3235 telligere
703 3204 717 3227 ,
746 3163 814 3217 ab
834 3178 901 3218 eo
923 3162 1171 3234 provenit
1199 3162 1344 3234 quod
1379 3172 1462 3218 est
1506 3178 1650 3221 esse.
1678 3163 1848 3221 Nemo
1871 3165 2037 3237 igitur
2139 3179 2313 3241 pater,
2342 3179 2396 3225 et
2425 3168 2530 3224 vita
2563 3168 2733 3235 ﬁlius,
2764 3183 2883 3240 quae
2910 3168 3057 3222 οὐσία
3089 3174 3173 3222 est
3222 3183 3236 3218 :

428 3264 643 3327 separet
683 3254 943 3325 Spiritum
988 3260 1274 3321 sanetum,
1324 3264 1378 3309 et
1432 3257 1652 3326 profana
1701 3256 2036 3329 blasphemia

430 3365 552 3406 esse
575 3348 756 3405 nescio
782 3346 909 3419 quid
930 3346 1257 3417 suSpieetur,
1289 3347 1413 3417 quia
1440 3359 1497 3403 et
1515 3349 1628 3417 ipse
1657 3347 1725 3405 de
1758 3358 1910 3420 patre
1929 3360 2034 3420 est,

431 3441 558 3514 quia
588 3441 705 3511 ipse
733 3448 901 3495 estet
948 3438 1122 3507 ﬁlius,
1175 3438 1268 3511 qui
1306 3438 1375 3496 de
1423 3449 1575 3511 patre
1621 3454 1751 3497 est:
1804 3458 2036 3516 namque

434 3544 557 3608 post
582 3534 634 3592 id
664 3533 808 3606 quod
832 3542 1094 3599 estesse,
1122 3533 1176 3589 id
1216 3544 1300 3589 est
1344 3534 1630 3591 cxistentia
1662 3536 1751 3591 vel
1779 3536 2031 3593 substan-

431 3629 525 3698 tia,
550 3628 635 3685 vel
666 3627 719 3683 in
739 3627 899 3683 altius
931 3635 1074 3683 metu
1098 3626 1178 3699 (I)
1206 3626 1437 3697 quodam
1471 3636 1691 3700 propter
1714 3639 1837 3685 nota
1861 3630 2036 3686 nomi-

430 3740 496 3780 na
514 3720 867 3788 conscendas,
888 3719 1142 3793 dicasque
1155 3720 1238 3775 vel
1261 3720 1777 3788 existentialitatem,
1798 3724 1880 3780 vel
1904 3724 2035 3780 sub-

429 3817 861 3882 stantialitatem,
888 3824 969 3871 est
997 3814 1051 3870 id
1067 3815 1441 3892 ὐπαρχὸτητα,
1462 3815 2033 3885 οὐσιότητα,ὅντότητα,

431 3914 682 3970 Omnibus
703 3911 787 3967 bis
800 3925 924 3967 esse
940 3908 1085 3982 quod
1098 3908 1220 3965 dico
1233 3924 1457 3964 manens
1479 3908 1532 3964 in
1554 3926 1634 3975 se,
1654 3925 1750 3966 suo
1769 3926 1799 3966 a
1812 3927 1868 3967 se
1886 3920 2036 3968 motu

426 4005 703 4063 viviﬁcans
724 4004 962 4077 potentia
988 4019 1105 4070 sua,
1135 4018 1238 4074 qua
1265 4012 1458 4057 cuncta
1486 4002 1840 4071 viviﬁcentur,
1871 4013 1926 4060 et
1944 4020 2038 4075 po-

425 4099 813 4166 tentillcantur,
842 4095 1020 4167 plena,
1049 4095 1316 4164 absoluta,
1339 4111 1504 4168 super
1532 4112 1720 4153 omnes
1750 4098 2037 4169 perfectio-

434 4212 534 4254 nes
556 4192 883 4251 omnimodis
929 4201 1013 4275 est
1061 4189 1244 4247 divina
1294 4192 1575 4263 perfectio.
1626 4192 1721 4249 llic
1765 4202 1849 4250 est
1892 4194 2035 4251 Deus

434 4305 596 4362 supra
620 4296 758 4357 νοῦν,
789 4300 955 4357 supra
987 4287 1266 4342 veritatem
1292 4326 1307 4352 ,
1356 4287 1700 4357 omnipotens
1758 4287 1992 4357 potentia
2015 4330 2032 4357 ,

3287 3164 3415 3221 item
3446 3174 3630 3221 motus
3660 3181 3764 3237 pa-

2142 3274 2245 3330 ter,
2272 3271 2324 3318 et
2372 3269 2549 3317 motus
2608 3260 2747 3315 ﬁlius
2794 3274 2913 3331 qua:
2941 3260 3096 3315 οὐσία
3129 3265 3251 3326 est,
3298 3272 3477 3328 neque
3506 3258 3655 3314 enim
3684 3257 3765 3314 ibi

2138 3355 2337 3425 aliquid
2365 3354 2646 3419 accidens;
2678 3368 2809 3425 ergo
2834 3361 2891 3409 et
2931 3351 3165 3409 Verbum
3209 3359 3382 3423 pater,
3407 3350 3539 3408 licet
3566 3361 3763 3408 tacens

2140 3448 2411 3515 Verbum,
2454 3445 2690 3502 Verbum
2720 3457 2901 3502 tamen
2924 3486 2939 3512 ,
2972 3451 3028 3500 et
3047 3442 3287 3500 Verbum
3335 3442 3517 3512 ﬁlius,
3561 3453 3622 3500 et
3650 3443 3765 3502 hoc

2139 3545 2308 3600 οὐσία.
2333 3538 2602 3612 Quidquid
2627 3538 2772 3595 enim
2804 3537 2889 3593 vel
2920 3547 3005 3593 est
3025 3579 3039 3603 ,
3072 3535 3155 3592 vel
3204 3537 3316 3608 agit
3363 3544 3531 3607 atque
3558 3550 3765 3608 opera-

2141 3644 2228 3691 tur
2258 3637 2409 3692 οὐσία
2432 3676 2448 3702 ,
2478 3642 2532 3690 et
2549 3632 2637 3688 ubi
2691 3632 2861 3704 magis
2918 3632 3109 3698 οὐσία,
3154 3630 3409 3686 Verbum.
3447 3628 3570 3685 Non
3610 3630 3763 3688 enim

2140 3738 2202 3783 ut
2230 3728 2317 3783 hic
2340 3742 2435 3782 aer
2461 3740 2681 3792 sonans,
2702 3723 2937 3780 Verbum
2959 3765 2976 3792 ,
3004 3723 3099 3778 sed
3122 3732 3180 3778 ut
3206 3721 3295 3778 hic
3320 3723 3527 3795 aliquid
3557 3739 3762 3796 agens,

2138 3819 2398 3877 Verbum.
2427 3819 2579 3877 Unus
2604 3833 2734 3891 ergo
2788 3818 2931 3877 ﬁlius
2955 3860 2970 3885 ,
3011 3818 3135 3890 quia
3191 3832 3332 3873 unus
3389 3826 3569 3874 motus
3600 3836 3617 3873 :
3649 3834 3762 3877 una

2141 3914 2251 3968 vita
2277 3956 2292 3982 ,
2316 3913 2441 3985 quia
2468 3929 2572 3967 una
2597 3913 2710 3967 sola
2732 3910 2838 3967 vita
2871 3926 2989 3982 qua:
3026 3920 3248 3967 mterna.
3277 3909 3390 3967 Nec
3425 3913 3574 3967 enim
3600 3912 3715 3969 vita
3737 3953 3760 3983 ,

2140 4022 2259 4079 qum
2307 4006 2596 4079 aliquando
2642 4005 2889 4062 moritur.
2939 4004 3220 4077 Nunquam
3263 4016 3443 4063 autem
3497 4008 3761 4076 moritur,

2140 4101 2185 4155 si
2212 4115 2271 4157 se
2293 4098 2450 4156 sciat.
2484 4099 2636 4158 Scire
2664 4106 2845 4154 autem
2888 4113 2947 4155 se
2996 4112 3105 4154 non
3139 4098 3369 4169 poterit,
3416 4098 3523 4154 nisi
3579 4098 3763 4158 Deum

2139 4195 2306 4262 sciat,
2336 4205 2390 4250 et
2412 4195 2581 4252 Deum
2610 4195 2702 4267 qui
2734 4194 2840 4250 vita
2870 4203 2955 4250 est
2974 4234 2990 4261 ,
3014 4202 3070 4249 et
3094 4209 3224 4250 vera
3252 4194 3359 4249 vita
3382 4202 3468 4250 est
3487 4236 3506 4262 ,
3535 4209 3604 4251 ac
3630 4194 3762 4252 fons

2139 4291 2284 4347 vitaz.
2318 4290 2430 4347 Hoc
2455 4290 2499 4345 si
2530 4289 2601 4345 ita
2627 4298 2744 4355 est,
2766 4289 2880 4345 Deo
2930 4288 3149 4359 cognito
3192 4297 3488 4360 cognoscet
3533 4290 3722 4345 omnia
3742 4306 3762 4346 :

430 4392 481 4439 et
515 4381 717 4437 idcirco
746 4394 853 4434 non
883 4378 1052 4432 forma
1080 4392 1095 4443 ;
1124 4382 1240 4438 νοῦς
1267 4385 1469 4443 autem,
1502 4386 1554 4432 et
1585 4378 1806 4444 veritas,
1840 4377 2029 4447 forma,
2059 4429 2116 4492 Β
2139 4383 2264 4454 quia
2292 4397 2320 4436 a
2356 4382 2465 4438 Deo
2487 4380 2667 4437 omnia
2688 4422 2704 4450 ,
2736 4392 2787 4437 et
2812 4380 2868 4435 in
2891 4380 3141 4436 omnibus
3174 4379 3351 4448 Deus,
3381 4388 3438 4436 et
3465 4380 3614 4436 Deus
3639 4397 3764 4437 om-

511 4475 526 4492 ι
600 4489 647 4492 ,γ
688 4482 739 4492 κ-.
777 4471 789 4492 ε
816 4471 1045 4492 νιᾉ--..η
1093 4466 1246 4492 ,1.--2
1275 4471 1649 4492 2-.--_--__L'_Is_
1695 4471 1742 4492 ρ,
1766 4490 1808 4492 μ,
1842 4489 1860 4492 _
1942 4490 1989 4492 ,η
2017 4473 2031 4492 ι
2181 4477 2192 4488 ο
2287 4475 2355 4492 ut,
2382 4491 2391 4492 κ
2429 4473 2448 4492 1
2499 4491 2505 4492 ,
2566 4490 2649 4492 ,__
2716 4473 2780 4492 -I-
2811 4483 2898 4492 μ-.
2958 4471 3037 4492 ΙΙ-
3102 4491 3109 4492 ,
3167 4489 3271 4492 -μμ
3343 4474 3398 4492 σι
3434 4490 3445 4492 _
3518 4471 3639 4492 n_,
3704 4482 3764 4492 η-

432 4475 528 4532 sed
552 4489 659 4531 non
687 4482 746 4529 ut
776 4471 1049 4528 inhmrens
1091 4466 1249 4527 alteri
1275 4471 1653 4542 inseparabilis
1694 4471 1866 4528 forma
1894 4515 1909 4540 ,
1938 4473 2033 4530 scd

433 4576 491 4622 ut
520 4564 953 4636 inseparabiliter
976 4578 1189 4618 annexa
1210 4561 1275 4617 ad
1308 4561 1729 4621 declarationem
1777 4566 2035 4637 potentiae

435 4661 529 4717 Dei
578 4658 746 4730 patris
776 4658 963 4714 eadem
1012 4657 1311 4713 substantia
1363 4657 1447 4713 vel
1498 4658 1673 4729 imago
1723 4660 1808 4716 vel
1841 4661 2030 4717 forma.

433 4752 569 4810 Illud
600 4751 763 4822 igitur
791 4751 1023 4822 primum
1074 4748 1216 4821 quod
1243 4765 1365 4807 esse
1416 4750 1651 4808 diximus
1673 4795 1687 4819 ,
1716 4754 1859 4826 quod
1891 4754 2033 4811 Deus

432 4852 554 4909 est,
585 4854 637 4899 et
670 4840 942 4897 silentium
982 4841 1216 4910 dictum,
1271 4853 1327 4897 et
1378 4845 1531 4915 quies
1578 4855 1739 4916 atque
1777 4849 2029 4903 cessatio.

431 4937 586 5009 Quod
618 4936 665 4991 si
695 4940 767 4990 ita
792 4943 915 5002 est,
949 4934 1205 5005 potentiae
1239 4938 1547 5008 progressio
1572 4980 1586 5005 ,
1616 4955 1736 5009 qua:
1769 4957 1876 4996 non
1907 4942 2031 5013 qui-

431 5032 557 5089 dem
585 5027 926 5102 progressio,
950 5026 1044 5083 sed
1071 5030 1380 5099 apparentia
1408 5041 1525 5097 e5t;
1558 5041 1612 5087 et
1636 5034 1681 5089 si
1722 5036 2033 5106 progressio

431 5140 540 5182 non
570 5124 846 5179 dimittens
866 5120 1006 5177 unde
1037 5123 1396 5192 progreditur,
1423 5124 1518 5179 sed
1540 5140 1660 5180 cum
1691 5129 2030 5186 connexione

434 5216 745 5291 progressio
766 5257 781 5282 ,
813 5214 985 5286 magis
1012 5223 1193 5267 autem
1220 5215 1534 5284 apparentia
1562 5234 1575 5270 :
1606 5233 1710 5272 non
1761 5220 1906 5276 enim
1934 5223 2032 5278 fuit

426 5309 629 5383 aliquid
683 5317 834 5364 extra
877 5306 1021 5378 quod
1061 5306 1365 5377 progressio
1412 5307 1584 5363 ﬁeret.
1634 5309 1843 5384 Ubique
1884 5315 2029 5371 enim

430 5405 572 5459 Deus
592 5443 607 5469 ,
638 5400 891 5458 etomuia
923 5399 1063 5455 Deus
1095 5416 1107 5451 :
1139 5413 1269 5470 ergo
1302 5400 1555 5469 potentiae
1594 5408 1900 5474 progressio
1941 5423 2029 5465 ac-

428 5504 511 5550 tus
538 5493 743 5551 exstitit
771 5508 788 5550 τ
818 5505 866 5548 ts
897 5499 1066 5560 ictus,
1090 5490 1136 5547 si
1165 5488 1438 5547 silentium
1467 5490 1609 5550 Deus
1652 5504 1758 5564 est,
1790 5496 2031 5558 Verbum

502 5681 581 5755 (t)
611 5680 772 5738 Metu.
804 5679 967 5739 Forte
996 5688 1156 5739 motu.

2140 4477 2248 4532 nia.
2287 4475 2398 4532 [loc
2421 4473 2658 4531 Joannes
2707 4473 2903 4531 clamat
2954 4471 3134 4544 (Joan.
3166 4489 3297 4529 xvu.
3343 4474 3449 4544 '5):
3509 4471 3646 4529 Eax
3687 4482 3765 4530 est

2137 4580 2311 4624 autem
2342 4569 2447 4623 vita
2473 4578 2667 4624 (eterna
2686 4609 2702 4637 ,
2730 4577 2786 4622 ut
2826 4576 3139 4637 cegnoscant
3171 4577 3219 4623 te
3247 4568 3421 4622 solum
3478 4576 3531 4622 et
3575 4584 3763 4624 om

2140 4663 2302 4720 Dettm
2326 4705 2339 4727 ,
2368 4673 2414 4718 et
2440 4680 2589 4735 quem
2637 4662 2822 4719 misisti
2866 4660 3050 4717 Iesum
3076 4660 3359 4718 Christum.
3388 4661 3651 4734 Cognitio
3675 4676 3762 4723 est

2137 4760 2267 4816 vita.
2292 4759 2464 4816 Porro
2488 4768 2670 4814 autem
2714 4758 2834 4813 sive
2862 4757 2969 4814 vita
2989 4799 3005 4825 ,
3038 4757 3155 4813 sive
3190 4757 3431 4829 cognitio
3458 4768 3648 4815 motus
3676 4768 3763 4816 est

2139 4870 2278 4911 unus
2302 4897 2318 4920 ,
2342 4863 2397 4910 et
2423 4853 2564 4910 idem
2589 4864 2772 4909 motus
2800 4867 2967 4924 agens
2993 4852 3162 4907 vitam
3182 4894 3199 4916 ,
3244 4860 3300 4907 et
3326 4867 3425 4923 per
3460 4853 3634 4907 vitam
3664 4868 3764 4909 co-

2137 4947 2462 5018 gnitionem,
2496 4955 2551 5002 et
2597 4960 2694 5015 per
2747 4943 3113 5015 cognitionem
3171 4943 3382 4999 vitam:
3433 4943 3585 5001 idem
3627 4960 3762 5018 ergo

2138 5050 2318 5096 motus
2341 5082 2356 5106 ,
2384 5037 2698 5099 duoofﬁcia
2724 5038 3036 5108 complens,
3083 5037 3252 5092 vitam
3299 5045 3357 5093 et
3405 5052 3760 5110 cognoscen-

2138 5132 2283 5187 tiam.
2316 5129 2477 5206 Λόγος
2504 5140 2684 5186 autem
2712 5139 2890 5184 motus
2917 5136 3028 5195 est,
3071 5138 3128 5185 et
3166 5130 3331 5203 Λόγος
3360 5127 3531 5185 ﬁlius.
3583 5129 3762 5187 Filius

2134 5227 2296 5295 igitur
2326 5227 2517 5281 unicus
2545 5225 2599 5280 in
2628 5240 2696 5281 eo
2745 5222 2888 5292 quod
2937 5223 3112 5290 ﬁlius;
3158 5223 3213 5279 in
3268 5239 3334 5279 eo
3390 5233 3582 5280 autem
3610 5224 3760 5296 quod

2134 5320 2313 5393 Λόγος,
2348 5318 2618 5389 geminus.
2657 5316 2780 5388 Ipse
2826 5315 2972 5372 enim
3001 5316 3108 5371 vita
3135 5357 3151 5381 ,
3182 5314 3301 5387 ipse
3327 5318 3755 5388 cognoscentis,

2135 5421 2364 5484 utroque
2431 5420 2687 5481 operatus
2736 5408 2805 5465 ad
2847 5409 3151 5465 animarum
3199 5407 3436 5465 salutem
3491 5409 3760 5483 mysterio

2133 5506 2310 5563 crucis
2338 5521 2352 5561 :
2385 5512 2441 5561 et
2466 5504 2573 5559 vita
2598 5546 2615 5571 ,
2647 5501 2774 5575 quia
2820 5501 2889 5559 de
2919 5509 3097 5560 morte
3134 5500 3400 5560 liberandi
3430 5501 3756 5563 fueramus:

2210 5693 2292 5767 (Ξ)
2319 5691 2447 5751 Sed.
2475 5689 2638 5749 Forte
2657 5690 2722 5746 si.
