4024 6306
240 344 381 402 11οη

1351 341 1717 402 ADVERSUS
1755 339 1972 397 ARIUM
2016 339 2217 397 LIBER
2260 341 2344 398 111.

3408 342 3429 397 1
3451 341 3547 396 1116

238 458 500 530 mysterio
520 456 697 515 autem
720 461 1115 530 cognoscenda:
1140 475 1234 530 per
1255 461 1510 532 Spiritum
1541 467 1786 515 sanctum
1821 474 1833 510 :
1865 456 1920 516 Α
1945 456 2088 510 enim
2117 467 2173 513 et
2199 457 2452 523 rebellat,
2504 474 2566 514 ac
2613 467 2874 530 repugnat
2904 473 3086 515 secum
3117 473 3292 524 error,
3348 461 3551 530 impru-

239 552 362 623 quia
391 551 435 607 is
460 553 629 622 magis
658 563 742 608 est
763 553 921 609 datus
951 568 1001 610 et
1035 555 1148 625 ipse
1190 568 1379 612 omnes
1406 555 1618 620 docuit,
1649 561 1701 607 et
1735 561 1840 606 tes-

238 643 519 698 timonium
547 643 613 699 de
641 643 860 699 Christo
882 645 1034 700 dixit.
1058 644 1210 715 Quod
1239 655 1324 701 est
1364 645 1726 715 cognitionem
1769 643 1842 697 vi-

242 745 349 791 tam
379 752 575 808 agere,
602 748 656 792 et
699 755 764 793 ex
807 740 910 796 hoc
953 742 1119 796 Deum
1171 755 1529 812 cognoscere,
1583 737 1726 808 quod
1759 748 1842 793 est

241 830 410 885 vitam
437 845 619 885 veram
651 831 796 900 Iieri,
831 841 886 888 et
917 832 1019 888 hoc
1048 842 1131 888 est
1153 833 1518 888 testimonium
1552 831 1619 888 de
1651 829 1841 886 Chris-

239 932 296 978 to
325 923 529 979 dicere.
559 921 634 978 Ita
666 924 758 980 Dei
791 925 932 982 ﬁlius
957 924 1231 990 Christus,
1263 926 1314 981 id
1347 935 1450 991 cst,
1478 927 1638 1000 Λόγος
1658 967 1673 990 ,
1696 933 1751 979 et
1777 923 1840 978 li-

238 1017 344 1073 lius
372 1017 480 1071 vita
506 1033 521 1082 ;
549 1025 604 1072 et
623 1018 746 1088 quia
773 1018 828 1073 id
857 1028 938 1074 est
965 1027 1144 1073 motus
1168 1020 1327 1073 etiam
1353 1027 1406 1073 et
1435 1018 1838 1088 cognoscentia,

239 1107 385 1164 ﬁlius
415 1118 501 1163 est
528 1123 694 1180 opere
745 1124 855 1181 quo
888 1116 995 1164 vita
1052 1119 1136 1166 est
1173 1110 1332 1167 Jesus
1377 1111 1632 1166 existens.
1665 1109 1840 1180 Opere

239 1211 418 1257 autem
448 1217 554 1272 quo
579 1203 956 1272 cognoscentia
988 1213 1070 1259 est
1090 1246 1104 1269 ,
1135 1203 1369 1272 Spiritus
1390 1214 1612 1259 sanctus
1648 1212 1704 1258 et
1727 1202 1840 1274 ipse

239 1298 480 1354 existens
507 1339 522 1362 ,
553 1304 612 1351 ut
637 1297 744 1352 sint
771 1297 1077 1353 existentia:
1103 1296 1256 1361 dum,
1299 1296 1500 1352 Christi
1527 1308 1579 1352 et
1610 1295 1842 1368 Spiritus

239 1392 432 1458 sancti,
460 1392 513 1447 in
545 1407 654 1446 uno
682 1401 851 1456 motu,
882 1392 971 1462 qui
1006 1392 1150 1446 ﬁlius
1179 1401 1280 1447 est.
1313 1392 1381 1446 Et
1403 1391 1526 1445 hinc
1556 1399 1608 1445 et
1630 1405 1661 1444 a
1691 1397 1841 1458 patre

238 1486 397 1543 Jesus
419 1487 612 1558 (Eccli.
638 1502 782 1542 xxw.
817 1485 872 1557 5)
901 1502 912 1539 ;
946 1484 1031 1540 Ea:
1074 1503 1160 1540 ore
1209 1486 1459 1544 Altissimi
1489 1485 1710 1556 processi
1740 1501 1759 1538 :
1787 1491 1843 1538 et

239 1579 474 1651 Spiritus
502 1591 724 1636 sanctus
752 1579 914 1635 etiam
950 1580 1063 1652 ipse
1084 1596 1111 1634 a
1167 1587 1351 1650 patre,
1385 1578 1506 1650 quia
1559 1593 1697 1634 unus
1719 1591 1840 1632 mo-

237 1681 324 1730 tus
344 1684 634 1744 utrumque
674 1675 729 1730 in
757 1674 1101 1730 existentiam
1134 1674 1376 1744 protulit.
1403 1674 1468 1728 Et
1495 1672 1623 1744 quia
1657 1672 1838 1742 (Joan.

235 1781 346 1822 XVI.
380 1763 632 1833 15;vaI.
673 1766 761 1836 10)
811 1767 931 1835 quas
957 1765 1115 1820 habet
1139 1777 1291 1836 pater
1318 1765 1427 1820 [ilio
1447 1766 1593 1820 dedit
1613 1766 1835 1820 omnia:

1943 551 2124 608 denlia
2150 595 2164 619 ,
2203 553 2518 620 inscientia;
2551 564 2606 610 et
2657 556 2759 610 hoc
2805 554 2994 626 (Ibid.)
3029 555 3302 624 prudentia
3357 558 3547 620 carnis,

1943 661 2062 716 qua:
2085 646 2479 716 imprudentia,
2511 657 2566 703 et
2612 648 2734 719 quia
2775 647 2939 702 Deum
2997 649 3202 714 nescit,
3237 665 3374 704 mors
3428 659 3551 704 est:

1943 752 2076 810 ergo
2101 741 2378 810 prudentia
2404 744 2633 813 spiritus,
2657 744 2759 798 vita
2787 753 2936 814 atque
2966 761 3071 814 pax
3105 753 3177 800 est
3202 761 3219 799 :
3248 759 3356 815 quo
3387 744 3552 800 modo

1940 830 2051 902 jam
2081 831 2257 903 juncti
2290 835 2376 890 isti
2404 845 2558 904 sunt,
2587 845 2642 892 et
2671 852 2835 892 unum
2863 846 3010 892 sunt.

2017 945 2086 1001 X.
2137 947 2434 1004 Doccamus
2477 950 2620 1020 quod
2655 951 2797 1006 Deus
2841 959 2897 1006 et
2943 951 3170 1008 scientia
3198 952 3267 1006 sit
3297 961 3350 1008 et
3397 950 3538 1016 vita,

1943 1055 2267 1110 quamquam
2289 1042 2357 1096 ab
2390 1042 2507 1110 ipso
2541 1043 2639 1097 ista
2664 1044 2861 1098 Paulus
2882 1042 3061 1115 (Rom.
3093 1060 3167 1099 xI.
3201 1042 3328 1116 55):
3359 1043 3426 1108 Ο,
3456 1043 3537 1098 in-

1942 1134 2079 1202 quit,
2109 1134 2330 1188 altitudo
2361 1135 2655 1189 divitiarum
2684 1137 2949 1207 sapientia:
2976 1145 3021 1189 et
3047 1136 3273 1190 scientia:
3297 1135 3426 1190 Dei!
3455 1136 3547 1192 Sic

1944 1225 2146 1282 dictum
2174 1228 2243 1282 ab
2264 1227 2455 1284 eodem
2479 1227 2694 1298 (Ephes.
2719 1245 2800 1294 Ill,
2831 1227 2918 1301 I0)
2946 1246 2960 1283 :
2983 1228 3324 1299 Multiformis
3342 1229 3550 1300 sapien—

1945 1319 2016 1373 tia
2040 1321 2152 1376 Dei.
2185 1322 2318 1378 IIinc
2345 1331 2400 1377 et
2430 1335 2697 1380 secretum
2722 1323 2841 1388 Dei,
2869 1323 2995 1378 hinc
3021 1334 3072 1379 et
3093 1321 3342 1379 Christus
3371 1322 3548 1378 dictus

1945 1417 2226 1490 sapientia,
2258 1416 2382 1472 hinc
2404 1427 2457 1471 et
2487 1417 2614 1470 illud
2642 1414 2804 1488 (Ibid.
2829 1414 2916 1488 18)
2949 1433 2962 1468 :
2991 1414 3056 1470 Ut
3083 1417 3288 1486 possitis
3319 1432 3552 1488 compre—

1945 1512 2166 1568 hendere
2186 1527 2300 1564 cum
2314 1509 2544 1565 omnibus
2557 1511 2768 1576 sanctis,
2789 1525 2900 1578 qua:
2912 1511 2975 1562 sit
2998 1508 3239 1573 latitudo,
3259 1509 3547 1580 longitudo,

1943 1607 2184 1670 altitudo,
2215 1605 2549 1676 profundum,
2573 1604 2704 1658 scire
2733 1604 2884 1656 etiam
2898 1603 3355 1672 supereminentem
3381 1604 3548 1657 scien-

1944 1700 2028 1754 tia:
2059 1697 2363 1752 charitatem
2391 1695 2600 1751 Christi.
2632 1695 2707 1750 Ila
2729 1704 2780 1750 et
2809 1694 3030 1750 scientia
3066 1695 3209 1750 Deus
3235 1705 3338 1762 est,
3370 1704 3425 1750 et
3455 1709 3554 1749 nos

1943 1791 2165 1847 scientia
2190 1789 2402 1855 liberat,
2421 1789 2516 1844 sed
2541 1803 2635 1858 per
2655 1787 2926 1843 Christum
2951 1797 3151 1854 tamen,
3189 1789 3308 1859 quia
3336 1790 3450 1859 ipse
3470 1797 3556 1844 est

234 1857 359 1912 ideo
389 1867 442 1913 θί
473 1857 643 1955 ίῃίυδξ
669 1857 971 1955 Ψ¹ίῃ¹¹¹⁰¹¹³³
1024 1865 1135 1955 εἶδί]
1185 1857 1334 1955 ἀςίὲίι
1387 1859 1566 1913 “mm”
1605 1857 1835 1955 _S_l’iri_‘9_i
1868 1857 1916 1917 Β
1943 1890 1998 1938 01
2025 1882 2272 1948 scientia,
2297 1893 2349 1936 et
2369 1857 2554 1950 janua,
2583 1890 2638 1936 ct
2664 1883 2794 1946 vita,
2821 1890 2874 1936 et
2897 1880 3074 1955 λόγος,
3102 1891 3155 1936 et
3185 1857 3424 1937 omnium
3456 1896 3553 1952 per

235 1959 424 2006 sancto
454 1966 468 2003 :
498 1951 680 2005 omnia
704 1951 846 2004 enim
873 1967 992 2022 qua:
1039 1951 1198 2007 habet
1229 1951 1410 2024 (Joan.
1445 1967 1558 2006 xw.
1597 1951 1690 2020 14,
1744 1949 1836 2024 15)

235 2044 298 2098 de
323 2060 402 2097 me
417 2043 594 2110 habet,
625 2042 824 2114 inquit;
875 2045 1074 2100 etenim
1103 2044 1226 2114 quia
1256 2052 1310 2098 et
1359 2045 1474 2114 ipse
1519 2054 1692 2099 motus
1721 2055 1833 2112 est,

231 2137 300 2192 de
333 2147 479 2192 motu
499 2137 660 2193 habet
689 2157 703 2193 :
729 2151 833 2192 n0u
865 2138 1008 2192 enim
1040 2137 1181 2192 lilius
1211 2137 1285 2192 illi
1319 2135 1488 2204 dedit,
1518 2137 1610 2192 sed
1642 2135 1836 2210 (Ibid.)

236 2229 347 2297 ille,
409 2230 613 2301 inquit,
655 2232 718 2285 de
739 2247 847 2285 meo
871 2231 1040 2286 habet.
1069 2230 1445 2302 Principaliter
1474 2232 1618 2287 enim
1658 2239 1841 2286 motus

233 2323 344 2378 vita
375 2332 459 2380 est
483 2364 497 2388 ,
528 2333 584 2380 et
609 2325 725 2395 ipsa
759 2326 866 2380 vita
919 2325 1142 2380 scientia
1184 2335 1269 2380 est
1316 2337 1368 2381 et
1410 2326 1792 2396 cognoscentis
1825 2344 1837 2380 :

232 2431 364 2488 ergo
392 2417 650 2489 quidquid
707 2417 869 2474 habet
919 2419 1332 2491 coguoscentia,
1391 2417 1459 2473 de
1492 2419 1600 2474 vita
1651 2417 1836 2474 habet.

237 2511 366 2570 11ωο
391 2527 601 2568 summa
631 2512 871 2569 Trinitas
897 2556 911 2578 ,
951 2513 1069 2568 haec
1108 2529 1318 2568 summa
1367 2512 1611 2569 Unalitas
1650 2511 1838 2584 (Ibid.,

251 2606 287 2675 ᾖ
313 2643 328 2658 .
362 2604 452 2675 15)
492 2623 506 2660 :
552 2605 740 2660 Omnia
766 2623 1095 2678 qutccumque
1139 2608 1285 2664 habet
1313 2606 1473 2664 Pater
1521 2624 1630 2662 mea
1681 2617 1842 2676 sunt;

236 2707 509 2770 propterea
559 2698 670 2752 dixi
731 2700 851 2769 quia
896 2699 958 2754 de
999 2715 1112 2755 meo
1163 2701 1377 2772 accipiet
1421 2711 1468 2756 et
1516 2701 1842 2755 annuntiabit

235 2793 400 2847 vobis.

307 2885 402 2940 IX.
435 2886 546 2942 Hoc
575 2887 735 2956 igitur
762 2886 895 2942 satis
948 2887 1155 2942 clarum
1197 2886 1392 2953 faciet,
1425 2901 1546 2942 esse
1578 2887 1721 2958 quod
1751 2903 1845 2958 pa-

236 2986 325 3034 ter
350 2986 465 3045 est,
494 2986 550 3034 et
599 2978 760 3033 vitam
792 2979 934 3048 quod
975 2989 1060 3042 est
1101 2981 1274 3043 Iilius.
1304 2992 1358 3036 et
1405 2985 1840 3052 coguoscentiam

235 3073 380 3144 quod
407 3083 489 3127 est
519 3072 753 3142 Spiritus
776 3082 1024 3140 sanctus,
1050 3091 1213 3129 unum
1246 3090 1365 3130 esse
1389 3117 1405 3140 ,
1437 3083 1493 3130 et
1539 3090 1696 3130 unam
1725 3091 1844 3132 esse

235 3167 595 3224 substantiam
621 3209 637 3234 ,
666 3169 1047 3224 subsistentias
1079 3177 1188 3224 tres
1207 3211 1223 3233 ,
1271 3169 1362 3240 qui
1400 3169 1470 3225 ab
1503 3185 1567 3224 eo
1595 3169 1737 3240 quod
1761 3180 1846 3225 est

1940 1993 2101 2048 quem
2135 1976 2269 2032 facta
2302 1988 2424 2032 sunt
2450 1978 2651 2031 omnia.
2685 1975 2826 2048 Ergo
2851 1984 2905 2030 et
2942 1980 3081 2032 scire
3110 1977 3242 2042 ista,
3292 1987 3347 2032 et
3377 1975 3538 2032 etiam

1945 2072 2262 2128 charitatem
2293 2071 2344 2126 in
2370 2069 2643 2126 Christum
2673 2071 2874 2126 habere
2913 2069 3193 2125 debemus.
3228 2069 3356 2125 Haec
3385 2078 3546 2140 atque

1945 2166 2049 2220 alia
2081 2166 2310 2236 plurima
2331 2205 2344 2230 ,
2377 2176 2431 2219 et
2460 2165 2625 2218 Deum
2651 2164 2932 2219 scientiam
2960 2177 3080 2218 esse
3103 2204 3118 2229 ,
3145 2171 3200 2217 et
3229 2161 3504 2217 Christum
3529 2203 3544 2227 ,

1943 2266 1998 2312 ct
2026 2258 2283 2328 Spiritum
2305 2265 2553 2311 sanctum
2590 2257 2723 2311 satis
2763 2255 2967 2310 clarum
2997 2255 3162 2310 etiam
3211 2254 3374 2309 vitam
3428 2269 3550 2309 esse

1945 2368 2051 2407 uno
2078 2351 2203 2406 licet
2248 2352 2380 2406 satis
2409 2351 2669 2420 probatur
2689 2349 2976 2419 exemplo;
3010 2363 3131 2403 nam
3165 2349 3217 2403 in
3246 2347 3369 2402 aliis
3396 2347 3551 2402 libris

1944 2443 2162 2499 uberius
2178 2442 2594 2513 approbavimus
2608 2439 2788 2511 (Joau.
2801 2484 2815 2507 ,
2833 2456 2889 2504 v,
2905 2439 2995 2513 ‘26)
3015 2458 3028 2494 :
3044 2440 3212 2495 Sicuti
3235 2439 3368 2494 enim
3393 2437 3553 2493 Pater

1942 2538 2096 2591 vitam
2125 2535 2274 2591 habet
2295 2536 2346 2589 in
2362 2536 2650 2607 semetipso,
2678 2537 2751 2588 sic
2773 2534 2910 2588 dedit
2940 2543 2986 2587 et
3015 2534 3155 2588 Filio
3176 2533 3331 2588 vitam
3360 2533 3547 2588 habere

1943 2628 1999 2682 in
2041 2629 2330 2697 semetipso.
2378 2626 2506 2682 Item
2553 2627 2680 2682 dicit
2735 2625 2918 2698 (Joan.
2949 2641 3025 2691 γι,
3079 2625 3172 2696 58)
3212 2641 3226 2680 :
3276 2625 3425 2681 Sicut
3475 2643 3554 2680 Ine

1944 2721 2082 2776 misit
2103 2721 2239 2774 vivus
2267 2718 2443 2786 Pater,
2468 2720 2541 2773 ita
2586 2728 2633 2774 et
2657 2735 2747 2790 ego
2772 2719 2884 2772 vivo
2908 2729 3113 2790 propter
3142 2717 3370 2772 Patrem.
3406 2718 3547 2774 Sunt

1946 2812 2109 2883 igitur
2132 2813 2229 2866 ista
2255 2814 2334 2867 sic
2357 2811 2564 2882 singula
2582 2854 2596 2871 ,
2618 2820 2677 2866 ut
2709 2811 2888 2865 omnia
2913 2810 3012 2865 tria
3033 2809 3136 2866 ista
3164 2821 3290 2865 sunt
3314 2809 3550 2879 singula,

1945 2921 2050 2961 una
2092 2905 2236 2960 omni
2269 2905 2352 2976 (1)
2384 2921 2514 2976 ergo
2553 2906 2854 2959 substantia
2885 2913 2968 2960 est
2999 2913 3170 2974 pater,
3199 2920 3328 2975 ergo
3377 2904 3552 2968 lilius,

1947 2999 2176 3068 Spiritus
2207 3008 2457 3065 sanctus,
2484 2999 2655 3065 Deus,
2675 2995 2823 3072 λόγος
2847 2999 3189 3074 παράκλητος.
3218 3014 3380 3052 unum
3405 3008 3549 3064 sunt,

1947 3091 2089 3162 quod
2119 3091 2575 3157 substantialitas,
2605 3091 2873 3156 vitalitas,
2904 3090 3209 3156 beatitudo,
3253 3090 3550 3157 silentium,

1948 3183 2040 3238 sed
2071 3183 2211 3252 apud
2239 3198 2296 3238 se
2323 3187 2552 3254 loquens
2575 3184 2849 3238 silentium
2873 3224 2889 3250 ,
2914 3182 3150 3238 Verbum
3175 3223 3191 3248 ,
3220 3182 3386 3238 Verbi
3414 3181 3550 3235 Ver-

237 3275 394 3328 8888,
416 3277 537 3332 qua:
577 3260 876 3317 SUbs'lanlia
903 3271 987 3318 est
1016 3269 1192 3317 motus
1217 3304 1230 3327 ,
1259 3263 1383 3333 quia
1415 3263 1598 3332 etipse
1619 3304 1634 3328 ,
1664 3272 1722 3317 ut
1747 3263 1845 3318 (10-
1875 3254 1921 3317 C
1955 3275 2078 3330 bum
2102 3293 2116 3330 :
2140 3275 2264 3344 quid
2295 3275 2454 3331 etiam
2482 3285 2567 3332 est
2593 3275 2843 3330 voluntas
2873 3275 3066 3344 patris,
3093 3275 3197 3330 nisi
3219 3273 3390 3329 silens
3424 3274 3555 3328 Ver-

237 3355 494 3423 cuimus,
561 3356 676 3426 ipsa
733 3355 1033 3412 substantia
1089 3366 1202 3423 est,
1249 3357 1532 3429 geminans
1597 3359 1838 3428 potentia

239 3451 428 3519 valet,
464 3459 519 3507 et
544 3451 854 3518 vitalitatis,
889 3459 944 3508 et
979 3452 1290 3522 sapientia},
1325 3462 1484 3524 atque
1540 3453 1842 3524 intelligen-

241 3546 364 3612 tiae,
393 3547 464 3600 ita
493 3547 744 3614 scilicet,
775 3555 834 3601 ut
876 3547 928 3602 in
985 3547 1240 3604 omnibus
1285 3549 1513 3619 singulis
1565 3547 1662 3602 tria
1687 3549 1795 3603 sint
1826 3565 1838 3600 :

240 3656 372 3714 ergo
391 3640 621 3712 Spiritus
651 3652 871 3698 sanctus
914 3643 1137 3698 scicntia
1167 3653 1252 3698 est
1303 3653 1358 3697 et
1407 3643 1695 3712 sapientia.
1730 3642 1844 3698 Hoc

242 3735 318 3792 ita
345 3750 466 3791 esse
517 3735 748 3806 probant
799 3751 968 3792 sacrae
1023 3735 1283 3792 lectiones
1328 3735 1368 3806 (I
1407 3734 1526 3790 Cor.
1575 3752 1633 3790 II.
1691 3733 1782 3805 16)
1827 3754 1841 3791 :

247 3827 378 3896 Quis
401 3828 497 3883 Dei
517 3839 734 3884 mentem
760 3831 992 3901 cognovit
1009 3872 1022 3894 ,
1043 3829 1143 3883 nisi
1169 3828 1312 3884 solus
1354 3827 1583 3898 Spiritus
1608 3827 1633 3881 ?
1661 3827 1840 3899 (Rom.

242 3939 360 3980 VIII.
383 3925 473 3996 16)
499 3943 512 3979 :
543 3923 665 3997 Ipse
686 3926 917 3997 Spiritus
935 3927 1276 3981 testimonium
1302 3925 1471 3980 reddit
1492 3926 1698 3995 spiritui
1721 3943 1840 3981 nos-

247 4031 347 4076 tro.
380 4021 512 4089 Quis
543 4021 699 4077 testis
728 4021 848 4075 sine
900 4019 1164 4076 scientia?
1197 4019 1263 4074 Et
1292 4020 1516 4074 scientia
1549 4018 1689 4089 ipsa,
1721 4021 1844 4088 quia

245 4114 513 4186 sapientia
535 4125 646 4178 est,
677 4114 839 4170 docet
882 4129 980 4169 nos
1014 4129 1136 4170 esse
1169 4113 1307 4168 lilios
1355 4113 1469 4168 Dei.
1505 4111 1638 4168 Item
1673 4129 1687 4168 :
1716 4112 1849 4181 Quis

245 4219 427 4264 autem
450 4217 725 4264 scrutatur
774 4207 980 4262 corda?
1009 4206 1128 4274 quis
1158 4207 1262 4261 scit
1305 4206 1662 4276 cogitationes
1691 4207 1850 4274 spiri-

251 4303 374 4358 tus?
400 4302 533 4358 Item
559 4301 831 4373 quomodo
871 4301 936 4356 ad
995 4301 1274 4356 scientiam
1322 4302 1622 4370 junguntur
1646 4299 1850 4355 ambo?

251 4395 430 4470 (Rom.
466 4412 539 4451 Ix.
577 4394 630 4466 1)
661 4413 672 4450 :
713 4393 986 4449 Veritatem
1011 4395 1124 4448 dico
1151 4395 1202 4447 in
1228 4392 1451 4448 Christo.
1485 4393 1586 4450 Ubi
1618 4393 1813 4448 veritas
1833 4435 1848 4458 ,

250 4489 324 4545 ibi
345 4489 569 4543 scientia
591 4531 604 4554 ,
639 4489 762 4559 quia
787 4488 984 4542 veritas
1013 4485 1296 4550 Christus;
1332 4484 1452 4540 ideo
1483 4495 1539 4540 et
1583 4484 1805 4540 scientia
1834 4525 1848 4549 ,

249 4582 394 4654 quod
435 4592 518 4637 est
572 4579 806 4650 Spiritus
849 4589 1090 4634 sanctus.
1152 4577 1218 4633 Et
1249 4579 1374 4634 item
1422 4575 1618 4648 (Ibid.)
1663 4595 1676 4630 :
1729 4575 1853 4631 Non

252 4676 487 4742 mentior,
507 4674 843 4730 testimonium
875 4673 999 4727 mihi
1024 4672 1314 4745 perhibente
1342 4671 1651 4726 conscientia
1671 4686 1784 4725 mea
1799 4671 1852 4724 in
1876 4649 1932 4711 Ῑ)

254 4769 456 4838 Spiritu
473 4777 668 4822 sancto.
691 4767 827 4833 Quid
857 4775 940 4823 est
965 4767 1110 4822 enim
1137 4765 1283 4820 aliud
1305 4763 1634 4820 conscientia
1651 4804 1668 4831 ,
1692 4778 1852 4834 quam

253 4877 376 4918 cum
406 4861 579 4916 altero
607 4861 872 4917 scientia?
902 4859 1054 4916 Nunc
1075 4869 1258 4915 nostra
1305 4874 1428 4914 cum
1461 4857 1697 4930 Spiritu,
1725 4873 1856 4928 ergo

255 4953 490 5026 Spiritus
506 4955 728 5010 scientia
761 4972 774 5009 :
807 4962 862 5009 et
885 4951 1136 5008 Christus
1161 4959 1245 5008 est
1264 4951 1488 5008 scientia
1507 4992 1523 5016 ,
1563 4951 1688 5022 quia
1717 4951 1858 5007 veri-

257 5060 378 5115 tas;
407 5067 536 5122 ergo
571 5058 626 5106 et
653 5048 903 5104 Christus
948 5059 1003 5103 et
1059 5046 1294 5117 Spiritus
1323 5045 1572 5102 scientia.
1601 5046 1672 5102 At
1710 5047 1855 5102 enim

257 5143 504 5200 Christus
525 5143 632 5198 vita
667 5161 680 5196 :
710 5140 845 5209 Quid
868 5141 913 5196 si
955 5139 1190 5212 Spiritus
1219 5141 1362 5195 vita:
1396 5156 1536 5196 unus
1583 5140 1764 5206 enim,
1799 5148 1858 5195 ut

258 5237 370 5293 dixi
391 5282 407 5305 ,
439 5248 616 5292 motus
646 5244 732 5291 est
755 5278 770 5301 ,
795 5244 850 5290 et
893 5233 1082 5288 eadem
1132 5234 1238 5288 vita
1283 5249 1402 5305 qua:
1433 5233 1658 5289 scientia
1685 5251 1699 5287 :
1727 5231 1856 5303 quid

260 5333 405 5390 enim
438 5331 492 5386 in
525 5329 742 5388 Christo
775 5328 988 5394 doctus,
1018 5326 1073 5383 id
1102 5337 1218 5394 est,
1269 5343 1299 5384 a
1351 5329 1489 5394 Deo;
1520 5338 1715 5384 etcum
1737 5326 1860 5382 dico

260 5433 484 5493 doctus,
507 5444 536 5484 a
567 5428 787 5484 scientia
809 5425 964 5494 dico,
995 5426 1137 5498 quod
1162 5428 1276 5483 sive
1319 5442 1348 5481 a
1374 5424 1622 5493 Christo,
1670 5427 1786 5481 sive
1830 5440 1862 5480 a

262 5527 500 5598 Spiritu,
525 5537 690 5580 unum
712 5531 873 5593 atque
902 5521 1042 5576 idem
1064 5531 1148 5576 est
1172 5537 1186 5585 ;
1235 5519 1362 5588 quid
1391 5519 1532 5575 enim
1560 5517 1693 5574 dicit
1717 5517 1861 5574 Pau-

264 5624 384 5686 lus,
438 5634 560 5674 cum
588 5627 877 5686 utrumque
927 5615 1161 5686 idipsum
1216 5629 1338 5669 esse
1381 5612 1620 5668 declaret
1679 5612 1859 5681 (Rom.

263 5730 382 5772 vIII.
429 5711 526 5786 6)?
556 5709 843 5766 Prudentia
882 5724 1000 5764 vero
1037 5708 1289 5778 spiritus,
1342 5707 1446 5762 vita
1495 5715 1590 5762 est.
1646 5704 1867 5763 IEstuat

339 5902 418 5976 (1)
435 5897 604 5956 οηιηῦ
633 5896 796 5955 Forte
822 5893 1011 5951 omnia.

1951 3369 2114 3424 bum?
2161 3369 2275 3425 1100
2325 3385 2454 3442 ergo
2487 3369 2650 3426 modo
2678 3385 2799 3425 cum
2830 3369 3066 3425 Verbum
3092 3379 3247 3440 pater
3268 3371 3371 3432 sit,
3404 3378 3458 3422 et
3485 3368 3552 3422 11-

1945 3464 2049 3519 Iius
2073 3463 2308 3519 Verbum
2328 3506 2343 3530 ,
2363 3465 2414 3519 id
2446 3476 2557 3531 est,
2583 3479 2784 3520 sonans
2808 3463 3048 3520 Verbum
3074 3473 3236 3534 atque
3265 3477 3500 3532 operans
3527 3477 3542 3515 :

1945 3571 2110 3626 ergo,
2141 3557 2390 3628 inquam,
2423 3557 2466 3612 si
2496 3567 2549 3612 et
2579 3567 2753 3628 pater,
2783 3567 2839 3612 et
2867 3555 3010 3612 Iilius
3032 3555 3269 3610 Verbum
3299 3564 3415 3620 est,
3448 3571 3552 3610 una

1945 3647 2243 3702 substantia
2275 3657 2378 3703 est.
2422 3648 2625 3704 Deinde
2655 3647 2834 3720 (Joan.
2863 3663 2921 3715 v,
2949 3647 3041 3718 50)
3065 3666 3077 3700 :
3104 3645 3333 3710 Justum,
3360 3647 3554 3717 inquit,

1947 3757 2116 3796 meum
2136 3740 2396 3812 judicium
2427 3753 2503 3796 est
2521 3783 2536 3809 ,
2567 3741 2692 3813 quia
2716 3758 2820 3795 non
2848 3757 3023 3810 qutero
3051 3739 3221 3810 facere
3246 3741 3555 3793 voluntatem

1949 3851 2113 3889 meam
2133 3877 2147 3900 ,
2175 3835 2264 3888 sed
2285 3835 2395 3906 ejus
2415 3835 2500 3904 qui
2529 3851 2608 3888 me
2633 3835 2789 3888 misit.
2811 3833 2956 3904 Ergo
2979 3847 3082 3887 una
3103 3831 3355 3887 voluntas
3371 3873 3387 3897 ,
3413 3829 3555 3886 unde

1950 3947 2053 3986 una
2084 3931 2420 3985 substantia:
2457 3930 2580 4001 quia
2610 3940 2665 3985 et
2694 3931 2806 3998 ipsa
2845 3929 3092 3984 voluntas
3121 3928 3419 3984 substantia
3449 3938 3551 3984 est.

1950 4023 2186 4079 Verbum
2217 4033 2395 4078 autem
2428 4022 2599 4092 ipsum
2625 4022 2789 4077 vitam
2819 4036 2941 4076 esse
2960 4022 3038 4076 sic
3069 4021 3550 4090 ostenditurUbid.

1949 4115 2046 4188 40)
2065 4133 2077 4169 :
2100 4113 2221 4169 Non
2237 4115 2392 4169 vultis
2403 4116 2472 4168 ad
2485 4131 2562 4168 me
2573 4115 2760 4178 venire,
2776 4124 2831 4169 ut
2846 4114 3000 4168 vitam
3019 4113 3266 4169 habeatis.
3287 4113 3489 4169 Deinde
3501 4123 3558 4169 et

1950 4210 2019 4265 de
2047 4209 2148 4265 hoc
2174 4218 2345 4264 totum
2375 4209 2688 4280 mysterium
2717 4217 2801 4262 est
2819 4249 2835 4273 ,
2860 4207 3002 4278 quod
3029 4222 3242 4278 expono
3268 4206 3446 4280 (Joan.
3477 4223 3552 4271 vr,

1952 4303 2045 4374 57)
2070 4320 2082 4356 :
2119 4301 2283 4356 Omne
2309 4301 2446 4372 quod
2497 4301 2621 4354 mihi
2648 4300 2824 4354 datum
2850 4309 2923 4354 est
2951 4317 2983 4354 a
3008 4297 3162 4353 Patre
3188 4299 3328 4370 apud
3354 4315 3433 4354 me
3457 4300 3554 4353 Ita-

1953 4399 2062 4454 beo.
2088 4397 2221 4466 Quia
2249 4411 2376 4450 vero
2429 4394 2571 4450 idem
2621 4402 2798 4449 motus
2823 4403 2903 4449 est
2935 4393 3078 4464 quod
3109 4408 3266 4460 esse,
3314 4402 3369 4447 et
3413 4394 3554 4462 quod

1954 4500 2038 4547 est
2060 4505 2182 4546 esse
2202 4499 2381 4544 motus
2407 4500 2512 4555 est,
2540 4497 2595 4543 et
2621 4488 2743 4559 quia
2772 4487 2999 4558 quadam
3033 4487 3384 4558 intelligentia
3408 4486 3559 4556 prius

1955 4601 2078 4642 esse
2097 4631 2110 4653 ,
2141 4585 2210 4640 ab
2253 4599 2318 4641 eo
2341 4583 2485 4655 quod
2515 4583 2720 4637 moveri
2748 4624 2762 4647 ,
2793 4580 2888 4637 sed
2916 4581 3063 4652 prius
3090 4582 3221 4637 me
3261 4581 3319 4637 τὸ
3357 4577 3519 4637 αἴτιον
3540 4620 3557 4646 ,

1959 4681 2010 4737 id
2039 4687 2144 4746 est,
2199 4678 2494 4735 secundum
2526 4691 2776 4732 causam:
2819 4674 2940 4730 ideo
2993 4673 3141 4729 dedit
3185 4683 3336 4744 pater
3367 4672 3476 4728 lilio
3505 4683 3564 4728 et

1958 4782 2195 4839 motum,
2241 4771 2331 4842 qui
2361 4781 2416 4826 et
2444 4769 2586 4841 quod
2639 4778 2721 4824 est
2758 4782 2879 4824 esse
2931 4765 3113 4822 habet.
3164 4765 3306 4838 Ergo
3354 4773 3562 4821 motum

1957 4880 2079 4922 esse
2106 4876 2186 4920 eSl
2225 4865 2404 4938 λόγοςε
2451 4863 2612 4933 igitur
2637 4866 2727 4933 qui
2769 4869 2945 4916 motus
2971 4867 3055 4916 est
3103 4859 3266 4916 habet
3303 4867 3358 4916 et
3395 4873 3516 4916 esse
3546 4875 3560 4911 :

1960 4975 2082 5017 esse
2122 4967 2300 5014 autem
2331 4958 2437 5012 vita
2468 4964 2554 5014 est
2581 4965 2634 5012 et
2663 4956 2922 5012 scientia:
2955 4955 3117 5011 habet
3148 4955 3306 5027 igitur
3334 4953 3512 5009 omnia
3547 4995 3562 5017 ,

1959 5054 2081 5124 quia
2114 5050 2281 5123 patris
2333 5049 2494 5106 habet
2521 5064 2678 5105 esse:
2711 5065 2840 5121 ergo
2891 5050 3221 5105 voluntatem
3250 5048 3416 5118 patris
3462 5047 3564 5101 im-

1965 5145 2076 5216 plet
2103 5144 2260 5200 tilius.
2290 5143 2423 5211 Quae
2457 5153 2638 5199 autem
2668 5142 2916 5198 voluntas
2941 5185 2957 5210 ,
2988 5143 3087 5199 nisi
3109 5143 3232 5215 quia
3259 5156 3378 5196 cum
3411 5151 3566 5210 pater

1967 5240 2077 5296 vita
2101 5239 2206 5306 sit,
2242 5247 2420 5294 motus
2446 5248 2531 5295 est
2567 5239 2678 5294 vita
2707 5237 2868 5308 ejus?
2903 5237 3019 5292 haec
3057 5238 3302 5292 voluntas
3327 5243 3413 5290 est
3436 5276 3451 5301 ,
3478 5233 3564 5289 vi-

1967 5349 2095 5390 vere
2145 5332 2321 5390 l‘acere
2370 5333 2496 5388 alia.
2542 5329 2671 5387 Haec
2699 5344 2828 5402 ergo
2856 5338 2911 5386 et
2957 5336 3049 5386 τοῦ
3099 5329 3310 5402 λόγουη
3342 5326 3394 5382 id
3443 5335 3568 5392 est,

1965 5426 2168 5484 Christi
2200 5425 2362 5498 (Ibid.
2389 5468 2405 5492 ,
2434 5425 2522 5490 59,
2553 5425 2664 5496 41)).
2697 5425 2825 5491 Qum
2853 5433 2960 5490 est,
2984 5422 3177 5492 inquit,
3203 5421 3438 5475 voluntas
3463 5419 3570 5475 Pa-

1967 5521 2058 5575 tris
2078 5521 2165 5592 qui
2192 5536 2272 5574 me
2290 5520 2466 5575 misit?
2484 5527 2540 5573 ut
2559 5535 2623 5573 ex
2641 5535 2698 5574 eo
2719 5517 2854 5588 quod
2873 5517 2998 5570 mihi
3018 5515 3156 5570 dedit
3180 5514 3310 5569 nihil
3333 5513 3565 5582 perdam,

1965 5616 2056 5672 sed
2081 5632 2345 5688 resurgere
2373 5615 2561 5686 faciant
2589 5613 2644 5668 id
2665 5615 2833 5684 ipsum
2858 5622 3112 5681 postrema
3142 5609 3244 5664 die.
3273 5607 3402 5662 Haec
3432 5607 3566 5661 enim

1966 5711 2202 5768 voluntas
2230 5719 2302 5767 est
2333 5709 2508 5766 Patris
2527 5709 2625 5764 mei
2647 5749 2661 5777 ,
2689 5717 2744 5764 ut
2765 5707 2930 5764 omnis
2952 5707 3041 5776 qui
3070 5705 3202 5761 videt
3227 5703 3272 5759 F
3274 5705 3416 5759 ilium
3442 5711 3486 5756 et
3515 5703 3569 5755 in
