4024 6306
448 369 461 379 ’
498 373 635 431 1107

1743 360 1933 417 ΜΑΙΗΙ
1967 358 2305 417 VICTORINI
2341 359 2495 415 AFRI

3680 368 3816 422 “03

498 494 668 562 ipsum
689 487 879 554 credit,
912 486 1092 541 habeat
1115 485 1270 539 vitam
1292 489 1535 537 cateruam
1559 523 1573 547 ,
1613 489 1656 534 et
1702 480 1754 533 in
1783 479 1864 534 die
1889 478 2097 534 novissi.
2131 482 2179 539 Α
2212 479 2373 533 tentia
2398 521 2412 544 ,
2440 479 2518 532 sui
2548 478 2956 549 participitione
3000 478 3124 535 facit
3150 479 3365 535 vivere:
3390 482 3594 537 etenim
3638 487 3821 541 anima

499 605 586 642 ma
620 593 875 656 resurgat.
905 581 1103 639 Videre
1133 587 1309 634 autem
1341 586 1426 632 est
1464 575 1740 631 Christum
1760 576 1901 630 scire
1934 573 2101 629 Deum

504 681 601 738 Dei
652 679 819 734 ﬁlium
845 720 859 744 ,
890 677 1054 731 vitam
1081 718 1096 741 ,
1128 681 1182 728 et
1211 672 1335 726 vita:
1383 671 1580 735 Deum;
1610 678 1664 724 et
1690 668 1793 723 hoc
1839 675 1924 723 est.
1947 682 2105 722 acce-

501 775 647 847 pisse
672 772 927 844 Spiritum
967 777 1215 824 sanctum
1246 765 1514 833 Verbum,
1559 763 1761 819 idesse
1801 761 1941 833 quod
1971 762 2101 816 vita.

508 868 644 922 Hinc
667 864 948 937 probatum
978 870 1059 917 est
1085 859 1249 933 (Ibid.
1290 857 1381 924 69,
1407 857 1530 926 70):
1561 854 1693 911 Post
1711 871 1859 925 quem
1880 854 2106 909 ibimus?

508 959 717 1015 verbum
756 957 870 1013 vita!
915 956 1099 1021 habes,
1152 963 1199 1009 et
1248 968 1342 1008 nos
1390 952 1646 1007 credimus
1692 962 1739 1006 et
1778 949 2105 1022 cognovimus

504 1050 645 1121 quod
693 1059 748 1105 tu
797 1067 849 1104 es
902 1047 1137 1104 Christus
1178 1046 1348 1100 Filius
1395 1044 1513 1099 Dei.
1562 1043 1758 1099 Totum
1785 1042 2104 1115 mysterium

505 1143 760 1199 Christus
789 1141 884 1197 Dei
910 1141 1081 1206 ﬁlius,
1114 1139 1361 1194 Christus
1384 1137 1621 1193 Verbum
1644 1178 1659 1203 ,
1681 1146 1736 1193 et
1766 1137 1941 1207 ipsum
1972 1135 2108 1191 Vero

504 1237 631 1292 bum
659 1278 675 1303 ,
707 1236 834 1290 vita!
859 1241 1078 1288 aeterna:
1106 1231 1363 1287 Verbum.
1398 1230 1543 1299 Ergo
1566 1230 1668 1285 hoc
1695 1228 1931 1285 Verbum
1958 1227 2107 1298 quod

500 1331 644 1395 vita,
677 1338 733 1385 et
771 1329 874 1383 hoc
912 1327 1003 1399 qui
1047 1325 1197 1382 audit
1233 1336 1290 1381 et
1350 1324 1560 1392 credit,
1602 1324 1791 1395 utique
1829 1322 2110 1395 cognoscit

506 1423 714 1479 Deum:
743 1437 873 1493 ergo
900 1432 954 1475 et
982 1418 1241 1490 Spiritum
1267 1426 1514 1474 sanctum
1543 1417 1726 1473 habet.

575 1515 668 1572 XI.
698 1514 1047 1571 Pronuntiata
1071 1510 1189 1568 heic
1218 1512 1378 1583 plena
1402 1511 1537 1567 ﬁdes
1562 1521 1646 1565 est
1664 1551 1680 1576 ,
1703 1509 1908 1581 quippe
1935 1520 1966 1564 a
1989 1508 2099 1564 «ιιι.

504 1610 720 1681 cipulis.
753 1609 885 1664 Item
930 1606 996 1662 ad
1025 1605 1243 1662 Judms
1266 1604 1399 1660 dicit
1429 1603 1608 1677 (Joan.
1633 1618 1728 1659 vtu
1747 1645 1764 1670 ,
1789 1601 1916 1676 {9):
1952 1601 2041 1656 Me
2058 1602 2106 1657 si

501 1702 699 1758 sciretis
720 1742 735 1767 ,
761 1700 957 1755 sciretis
988 1697 1197 1753 Patrem
1218 1712 1404 1752 meum.
1440 1693 1619 1766 Neque
1647 1712 1726 1749 me
1753 1695 1916 1761 scitis,
1947 1708 2109 1764 neque

503 1804 701 1866 patrem
728 1809 918 1849 meum.
952 1791 1019 1847 Et
1046 1801 1216 1847 recte.
1239 1789 1574 1859 Quamquam
1606 1789 1750 1844 enim
1787 1798 1843 1844 et
1869 1788 1921 1842 in
1951 1794 2106 1858 patre

2206 571 2270 625 ad
2297 571 2580 642 imaginem
2625 571 2999 643 imaginis‘Dei
3027 572 3161 629 facta
3187 572 3340 647 (Gen.
3375 590 3433 639 ι,
3457 573 3554 648 26)
3578 575 3821 651 {Furia-

2205 679 2319 718 mus
2358 663 2611 718 hominem
2638 663 2708 717 ad
2733 663 3005 735 imaginem
3034 673 3082 719 et
3124 664 3515 720 similitudinem
3556 678 3817 726 nostram.

2208 756 2349 827 Ergo
2393 755 2639 821 inferior,
2685 763 2791 812 eta
2818 756 2934 812 Deo
2975 766 3138 827 atque
3177 758 3311 832 λόγῳ
3353 758 3524 829 magis
3566 770 3689 815 orta
3735 763 3827 818 vel

2207 849 2365 906 facta.
2393 850 2674 920 Nunquam
2723 850 2840 918 ipse
2864 849 3005 905 Deus
3029 860 3120 906 aut
3153 851 3318 926 λόγος,
3356 849 3451 906 sed
3476 853 3699 924 quidem
3740 855 3830 912 λόι

2207 969 2322 1021 νος,
2348 960 2453 1001 non
2479 944 2570 1001 ille
2592 944 2682 1015 qui
2709 943 2849 999 ﬁlius
2873 944 3141 1015 generalis
3174 945 3257 1000 vel
3283 944 3628 1014 universalis,
3657 957 3827 1020 atque

2208 1038 2448 1093 omnium
2472 1052 2593 1109 quae
2636 1053 2732 1108 per
2755 1037 2931 1108 ipsum
2974 1037 3111 1093 facta
3152 1047 3318 1105 sunt,
3364 1051 3590 1104 semen,
3623 1043 3828 1114 origo,

2210 1131 2351 1189 fons.
2374 1133 2525 1187 Illius
2555 1146 2682 1188 vero
2704 1130 2846 1207 λόγοὲ
2872 1130 3047 1187 anima
3075 1147 3089 1185 :
3122 1129 3394 1202 quomodo
3418 1175 3432 1197 ,
3466 1143 3561 1187 aut
3597 1135 3694 1204 qui
3722 1177 3738 1201 ,
3770 1145 3829 1191 et

2208 1225 2412 1282 dixisse
2443 1225 2684 1292 memini,
2718 1234 2774 1281 et
2794 1240 2893 1280 suo
2916 1227 3034 1280 loco
3062 1238 3181 1281 esse
3202 1222 3493 1281 dicturum.
3531 1227 3676 1299 Ergo
3702 1229 3829 1284 uni-

2208 1320 2455 1388 versalis,
2486 1322 2610 1393 quia
2635 1321 2858 1391 Spiritus
2902 1328 2957 1377 et
2977 1319 3107 1387 vita,
3140 1336 3245 1375 non
3274 1319 3471 1389 anima,
3525 1322 3695 1377 habet
3738 1338 3837 1394 po—

2208 1424 2455 1472 testatem
2496 1431 2526 1470 a
2575 1417 2867 1485 semetipso
2908 1415 3142 1470 animam
3184 1429 3424 1486 ponere.
3480 1425 3537 1473 et
3600 1432 3833 1476 rursum

2209 1510 2445 1565 animam
2485 1524 2721 1566 sumere.
2759 1510 2900 1565 Deus
2926 1509 3089 1581 igitur
3113 1518 3169 1565 et
3213 1511 3395 1586 λόγος,
3423 1510 3509 1567 vel
3542 1514 3673 1582 quia
3722 1514 3837 1570 vita

2210 1614 2333 1660 sunt
2358 1646 2373 1669 ,
2421 1603 2507 1659 vel
2544 1603 2662 1675 quia
2706 1601 2939 1676 Spiritus
2964 1647 2979 1671 ,
3030 1602 3218 1661 vivunt
3258 1615 3314 1661 et
3350 1618 3570 1677 semper
3606 1607 3832 1665 vivunt.

2209 1696 2419 1768 Quippe
2447 1696 2591 1767 quia
2631 1712 2689 1753 se
2738 1697 2944 1752 vivunt.
2991 1697 3135 1768 Ergo
3182 1696 3270 1753 illa
3301 1696 3573 1773 ὃμοοῦσια.
3627 1700 3840 1759 Anima

2209 1805 2339 1846 vero
2370 1788 2640 1865 ὁμοούσιος
2662 1834 2677 1858 ,
2714 1789 2830 1845 haec
2853 1804 2975 1845 eum
2998 1792 3294 1846 assumitur
3323 1806 3355 1847 a
3380 1789 3603 1859 divinis,
3630 1793 3695 1849 id
3723 1805 3834 1864 est,

506 1886 650 1942 ﬁlius
675 1929 691 1954 ,
736 1895 792 1941 et
832 1888 885 1939 in
928 1884 1039 1940 ﬁlio
1060 1894 1234 1956 pater,
1265 1882 1562 1939 existentia
1592 1881 1676 1936 vel
1722 1880 2021 1969 substantia
2055 1880 2108 1936 iu
2138 1876 2187 1937 Β
2215 1896 2243 1936 a
2268 1882 2433 1958 λὸγῳς
2460 1896 2635 1953 neque
2661 1882 2806 1939 enim
2843 1898 2873 1937 a
2904 1881 3047 1938 Deo:
3083 1883 3241 1959 Λόγος
3265 1924 3280 1950 ,
3308 1884 3453 1939 enim
3483 1896 3669 1940 motus
3702 1894 3795 1941 est
3815 1930 3833 1955 ,

502 1978 611 2033 vita
632 2021 647 2046 ,
672 1989 727 2034 et
752 1977 860 2033 vita
889 1976 942 2031 in
969 1975 1270 2031 substantia
1295 1993 1310 2041 ;
1343 1974 1630 2031 invisibilis
1662 1983 1841 2030 tamen
1882 1990 2007 2030 cum
2034 1975 2106 2031 sit

504 2074 803 2128 substantia
827 2115 839 2137 ,
868 2087 973 2128 non
1009 2071 1327 2142 intelligitur
1347 2071 1449 2126 nisi
1480 2071 1535 2125 in
1564 2069 1693 2125 vita.
1728 2070 1896 2142 Magis
1922 2078 2103 2125 autem

502 2167 612 2220 vita
637 2163 884 2221 Christus
904 2208 920 2233 ,
950 2178 1279 2235 quamquam
1318 2173 1372 2219 et
1401 2161 1743 2218 substantia:
1783 2176 1914 2232 ergo
1952 2169 2107 2233 pater

504 2259 556 2312 in
591 2257 701 2313 ﬁlio
739 2257 1105 2329 cognoscitur.
1140 2254 1329 2311 Unde?
1371 2254 1508 2321 Quia
1550 2270 1653 2309 non
1681 2254 1822 2309 scitis
1850 2270 1959 2320 me,
2010 2269 2107 2309 nec

505 2348 750 2415 Patrem;
778 2349 825 2403 si
843 2349 1038 2403 sciretis
1066 2362 1177 2413 me,
1207 2346 1402 2402 sciretis
1431 2355 1479 2401 et
1520 2344 1751 2401 Patrem.
1802 2344 1978 2415 Ipsum
2002 2344 2105 2400 hoc

502 2441 630 2513 quid
658 2452 739 2497 est
761 2442 785 2495 ?
805 2440 1026 2497 Sciretis
1063 2454 1092 2493 a
1125 2454 1213 2495 me
1239 2453 1362 2494 esse
1385 2479 1399 2505 ,
1431 2439 1557 2509 quia
1585 2439 1702 2509 ipse
1738 2446 1794 2493 et
1829 2438 2059 2494 scientia
2080 2482 2096 2507 ,

503 2535 645 2607 quod
668 2546 746 2590 est
780 2535 1011 2606 Spiritus
1037 2542 1273 2589 sanctus.
1299 2531 1430 2589 Item
1475 2533 1542 2588 ad
1571 2533 1695 2587 illos
1717 2533 1841 2604 quia
1864 2532 2101 2589 Verbum

503 2639 621 2693 est,
655 2638 706 2683 et
736 2628 971 2684 Verbum
1017 2636 1206 2699 pater:
1248 2642 1380 2697 ergo
1428 2642 1533 2681 una
1582 2625 1883 2681 substantia
1909 2623 2099 2698 (lbid.,

500 2721 631 2796 9.6):
658 2721 792 2777 Item
820 2723 905 2792 qui
933 2738 1015 2776 me
1042 2723 1181 2775 misit
1204 2736 1351 2775 verus
1379 2729 1474 2783 est,
1499 2726 1549 2773 et
1580 2734 1670 2790 ego
1698 2733 1813 2790 qut:
1838 2718 2017 2773 audivi
2040 2717 2104 2773 ab

502 2819 618 2888 ipso
666 2834 727 2872 ea
766 2818 967 2889 loquor.
1011 2818 1173 2871 Pater
1216 2816 1324 2870 ﬁlio
1369 2815 1648 2887 loquitur,
1694 2814 1836 2869 ﬁlius
1865 2815 2103 2873 mundo:

502 2909 627 2981 quia
660 2919 813 2980 pater
861 2925 955 2979 per
983 2907 1148 2963 ﬁlium
1173 2950 1186 2970 ,
1232 2917 1282 2963 et
1318 2906 1460 2962 ﬁlius
1498 2909 1698 2964 virtute
1743 2906 1905 2963 Verbi
1940 2909 2105 2977 patris

502 3002 631 3057 facit
651 3002 830 3057 omnia
855 3044 871 3069 ,
896 3002 947 3057 id
979 3007 1095 3065 est,
1124 3015 1307 3056 secum
1337 2999 1564 3070 loquens
1588 2999 1821 3054 Verbum
1848 3015 1943 3070 per
1972 2999 2106 3056 Ver—

502 3096 628 3151 bum
654 3097 705 3151 in
732 3095 1018 3151 manifesto
1044 3095 1269 3166 loquens
1298 3094 1423 3149 facit
1461 3094 1666 3149 omnia.
1704 3095 1897 3150 Secum
1923 3107 2105 3151 autem

507 3189 737 3259 loquens
777 3187 1012 3243 Verbum
1063 3188 1205 3242 Deus
1250 3196 1335 3241 est
1374 3200 1496 3240 cum
1564 3186 1709 3253 lilio,
1769 3188 1891 3255 quia
1954 3198 2106 3257 pater

2208 1983 2264 2031 et
2289 1983 2465 2030 motus
2489 1973 2663 2030 anima
2688 2018 2702 2040 ,
2733 1984 2789 2030 et
2829 1982 3007 2029 motus
3035 1989 3064 2030 a
3092 1976 3383 2045 semetipso
3423 1985 3604 2033 motus
3627 2023 3646 2046 ,
3681 1980 3834 2037 unde

2209 2065 2388 2136 imago
2429 2075 2485 2122 et
2530 2066 2827 2122 similitudo
2868 2066 3043 2122 anima
3066 2072 3155 2125 τοῦ
3199 2067 3350 2143 λόγου
3378 2076 3481 2125 est.
3513 2068 3660 2140 Ergo
3706 2086 3836 2130 cum

2207 2157 2518 2224 assumitur,
2547 2157 2682 2215 nihil
2705 2158 2956 2229 adjicitur
2985 2158 3144 2214 vitaz:
3193 2161 3392 2231 quippe
3417 2175 3541 2217 cum
3567 2177 3638 2218 ex
3668 2166 3789 2220 vita
3809 2207 3831 2235 ,

2210 2251 2262 2306 id
2287 2260 2369 2308 cst
2389 2293 2405 2319 ,
2434 2267 2500 2307 ex
2534 2251 2747 2308 vivendi
2791 2255 3028 2324 potentia
3057 2252 3255 2308 animae
3301 2253 3409 2310 vita
3441 2253 3532 2310 sit.
3563 2256 3833 2316 Animam

2211 2347 2374 2417 igitur
2397 2361 2519 2402 cum
2551 2348 2777 2403 assumit
2819 2346 3049 2419 Spiritus
3069 2391 3085 2417 ,
3113 2348 3280 2405 veluti
3320 2349 3387 2405 ad
3418 2347 3687 2408 inferiora
3720 2363 3833 2409 tra-

2206 2438 2325 2510 jicit
2371 2440 2669 2513 potentiam
2722 2450 2885 2513 atque
2932 2442 3213 2510 actiones,
3264 2457 3385 2499 cum
3452 2444 3834 2507 mundum'et

2211 2532 2481 2589 mundana
2512 2535 2783 2606 complet:
2808 2550 2938 2608 ergo
2975 2535 3235 2607 Spiritum
3262 2581 3277 2607 ,
3307 2547 3363 2595 et
3392 2538 3633 2597 maxime
3660 2544 3834 2619 Λόγος

2210 2629 2464 2701 spiritus,
2491 2628 2580 2701 qui
2630 2637 2739 2686 vita
2771 2641 2891 2699 est,
2936 2631 2989 2687 in
3019 2641 3284 2704 potestate
3327 2634 3488 2691 habet
3515 2646 3577 2693 et
3602 2652 3831 2699 sumere

2210 2722 2468 2789 animam,
2494 2732 2545 2777 et
2568 2736 2810 2792 ponere:
2840 2736 2962 2778 cum
2989 2733 3168 2780 autem
3196 2727 3380 2794 sumit,
3410 2727 3618 2784 mundo
3646 2733 3828 2791 veluti

2209 2815 2469 2880 nascitur,
2517 2825 2571 2871 et
2610 2816 2852 2886 potentia
2883 2816 3000 2886 ejus
3049 2832 3170 2872 cum
3201 2818 3403 2875 mundo
3441 2822 3827 2894 colloquitur:

2210 2922 2332 2962 cum
2362 2922 2491 2962 vero
2521 2909 2705 2977 ponit,
2734 2922 2763 2963 a
2804 2907 3005 2963 mundo
3033 2908 3280 2977 recedit,
3321 2919 3375 2966 et
3420 2928 3526 2967 non
3557 2926 3829 2985 operatur

2210 3002 2263 3057 in
2295 3001 2493 3057 mundo
2519 3001 2825 3065 carnaliter,
2858 3016 2958 3057 nec
2998 3010 3173 3058 tamen
3205 3002 3547 3073 Spiritaliter.
3579 3006 3697 3063 [loc
3727 3022 3828 3066 nos

2210 3103 2440 3151 mortem
2472 3095 2590 3165 ejus
2618 3095 2959 3150 nominamus
2980 3139 2993 3159 ,
3021 3102 3075 3150 et
3107 3104 3232 3151 tunc
3261 3109 3384 3152 esse
3418 3097 3626 3154 dicitur
3654 3101 3713 3155 in
3746 3105 3827 3158 in-

2210 3189 2361 3246 ferno
2384 3234 2398 3253 ,
2425 3204 2532 3244 non
2565 3190 2749 3260 utique
2769 3189 2887 3244 sine
2909 3188 3107 3244 anima.
3131 3188 3267 3245 ilinc
3293 3191 3428 3261 petit
3457 3190 3693 3263 (Psalm.
3725 3211 3821 3263 xv,

503 3293 557 3338 et
587 3283 725 3336 ﬁlius
751 3297 889 3336 unus
945 3283 1104 3335 Deus.
1138 3281 1260 3348 Ipse
1297 3289 1558 3350 prseterea
1598 3279 1728 3333 dicit
1756 3277 1923 3349 (Ibid.
1970 3281 2098 3353 5i):
2127 3276 2173 3342 C
2210 3280 2300 3355 10)
2343 3297 2412 3338 ne
2454 3280 2593 3359 Deus
2618 3283 2845 3336 animam
2872 3297 3018 3337 suam
3044 3281 3300 3354 relinquat
3327 3284 3381 3339 in
3414 3284 3646 3358 inferno.
3670 3285 3825 3359 Erga

504 3374 665 3429 Amen
689 3416 704 3438 ,
737 3390 886 3428 amen
929 3375 1044 3428 dico
1079 3373 1255 3427 vobis:
1275 3373 1321 3426 si
1341 3373 1452 3442 quis
1477 3374 1683 3427 verbum
1725 3388 1895 3426 meum
1926 3383 2101 3426 custo-

504 3467 655 3520 dierit
673 3508 687 3531 ,
712 3475 922 3520 mortem
940 3482 1043 3520 non
1064 3466 1269 3519 videbit.
1306 3464 1374 3519 Et
1401 3465 1517 3535 ipse
1538 3480 1750 3519 rursum
1771 3464 1961 3537 (lbid.,
1984 3465 2099 3539 55):

506 3556 647 3612 Novi
676 3561 808 3613 enim
836 3557 1043 3613 Patrem
1061 3599 1077 3625 ,
1111 3567 1161 3613 et
1189 3557 1396 3612 verbum
1420 3558 1535 3628 ejus
1559 3559 1813 3613 custodia.
1867 3558 2105 3630 Uterque

507 3652 787 3717 Vcrhum,
834 3651 931 3705 sed
984 3660 1040 3707 ut
1087 3650 1217 3706 disi.
1268 3650 1404 3705 Illud
1452 3662 1712 3721 quantum
1784 3662 1875 3706 aut
1947 3653 2104 3723 quale

502 3757 588 3803 est
636 3749 689 3801 in
740 3746 952 3802 Joanne
1002 3746 1199 3816 (Joan.
1258 3761 1321 3809 κ.
1363 3745 1452 3810 i7,
1515 3743 1642 3817 i8)?
1696 3745 1982 3813 Propterea
2025 3762 2105 3800 me

506 3838 662 3893 Pater
689 3848 850 3905 amat,
883 3847 930 3892 et
950 3854 1043 3909 ego
1072 3852 1208 3908 pono
1235 3838 1461 3891 animum
1485 3854 1649 3891 nteant
1668 3877 1684 3904 ,
1717 3851 1773 3892 ut
1802 3839 1986 3892 iterum
2014 3854 2105 3892 su-

501 3948 641 3986 mam
672 3948 806 3986 eam.
843 3929 1009 3985 Nemo
1039 3930 1181 3985 illam
1209 3947 1243 3984 a
1275 3946 1355 3984 nte
1394 3930 1564 3996 tollit,
1594 3930 1684 3984 sed
1714 3946 1807 4002 ego
1833 3947 1944 3984 eam
1968 3947 2104 4003 pono

502 4044 536 4081 α
561 4041 643 4081 me
678 4027 795 4096 ipso
818 4041 837 4080 :
880 4025 1133 4080 licentiam
1163 4023 1327 4079 habeo
1349 4039 1535 4095 ponere
1580 4038 1723 4089 eam,
1757 4033 1804 4079 et
1846 4025 2105 4079 licentiam

503 4121 666 4176 habeo
689 4136 890 4175 sumere
918 4135 1050 4174 eam.
1082 4117 1357 4174 Christum
1409 4132 1683 4188 nunquam
1732 4117 1935 4172 dictum
1983 4130 2105 4174 esse

501 4216 737 4272 animam
791 4213 924 4269 satis
971 4212 1317 4269 manifestum
1347 4220 1468 4278 est;
1514 4211 1611 4268 sed
1642 4226 1744 4267 nec
1786 4212 1953 4267 Deum
1982 4211 2104 4268 dic-

501 4318 619 4364 tum
646 4309 906 4364 animam.
962 4304 1177 4361 Etenim
1224 4304 1384 4360 Pater
1430 4304 1571 4361 Deus
1613 4302 1820 4369 dictus,
1871 4303 2106 4375 Spiritus

502 4402 695 4458 dictus.
729 4400 861 4455 Item
911 4398 1054 4453 ﬁlius
1093 4399 1239 4473 λόγος·
1280 4397 1488 4464 dictus,
1539 4396 1761 4468 spiritus
1788 4396 1997 4464 dictus,
2050 4408 2108 4455 et

502 4499 624 4554 sine
644 4495 809 4552 dubio
839 4494 980 4550 Deus
1005 4515 1018 4550 :
1042 4492 1244 4564 quippe
1268 4507 1392 4548 cum
1419 4491 1580 4547 ambo
1601 4504 1739 4545 unus
1767 4492 1927 4547 Deus.
1962 4492 2106 4564 Ergo

503 4591 622 4647 haec
644 4631 658 4656 ,
686 4590 867 4665 λόγος,
904 4595 1107 4662 πνεῦμα
1134 4601 1299 4657 supra
1337 4586 1574 4642 animam
1604 4598 1731 4644 sunt
1753 4629 1769 4655 ,
1817 4603 1914 4643 sua
1944 4603 2100 4659 sape.

2207 3390 2349 3440 eam,
2375 3375 2499 3444 quia
2526 3374 2801 3431 rediturus
2824 3373 2892 3430 ad
2916 3374 3175 3430 mundum
3199 3383 3303 3444 est,
3328 3385 3384 3431 et
3407 3374 3475 3432 ad
3502 3378 3624 3449 ejus
3637 3393 3821 3436 aetum

2206 3483 2390 3524 secum
2431 3467 2497 3522 ad
2523 3467 2708 3523 inferis
2731 3467 2909 3533 ducit,
2942 3468 3093 3539 quasi
3123 3473 3349 3525 resumit
3370 3485 3501 3543 ergo
3536 3473 3818 3541 animum;

2208 3561 2260 3615 id
2283 3572 2363 3616 est
2389 3602 2404 3627 ,
2435 3569 2586 3615 actus
2605 3601 2620 3626 ,
2649 3559 2906 3615 mundum
2934 3562 3126 3616 iterum
3154 3562 3346 3632 accipit
3377 3606 3390 3627 ,
3431 3572 3491 3619 et
3513 3565 3642 3636 quia
3666 3577 3822 3622 actus

2208 3654 2260 3707 in
2290 3652 2494 3708 mundo
2519 3652 2704 3720 plenos
2744 3666 2809 3708 ac
2840 3659 2981 3709 totos
3018 3658 3177 3729 Λόγος
3202 3656 3350 3726 agit,
3383 3662 3437 3711 et
3459 3657 3548 3727 qui
3578 3657 3820 3728 Spiritus

2206 3753 2312 3809 est,
2340 3754 2394 3800 et
2415 3744 2672 3809 animam,
2687 3754 2741 3799 ει
2764 3758 2981 3816 corpus,
3006 3758 3195 3801 rursus
3211 3761 3341 3818 ergo
3361 3749 3817 3807 sanctiﬁcanalnm

2208 3838 2310 3893 fuit
2332 3879 2345 3904 ,
2372 3838 2493 3910 quia
2522 3852 2707 3892 rursus
2730 3838 2831 3892 ista
2863 3847 3197 3908 susceperat.
3224 3837 3328 3894 Ivit
3358 3840 3524 3910 igitur
3549 3841 3623 3896 ad
3644 3843 3702 3911 Si
3725 3840 3822 3898 iri-

2208 3943 2318 3988 tum
2343 3973 2360 4001 ,
2391 3943 2447 3989 et
2467 3931 2832 3988 sanctiﬁcatus
2853 3931 3017 3999 redit,
3053 3946 3176 3989 cum
3220 3935 3483 4005 apostolis
3509 3934 3662 4006 egit,
3693 3947 3821 4008 post

2207 4038 2452 4082 sanctum
2475 4026 2735 4097 Spiritum
2761 4026 2892 4097 egit.
2915 4025 3047 4095 Quis
3075 4027 3242 4098 igitur
3264 4035 3349 4083 est
3383 4026 3627 4096 Spiritus
3653 4045 3819 4085 sauc-

2207 4127 2295 4176 tus
2314 4121 2339 4173 τ
2360 4120 2410 4176 id
2433 4127 2518 4176 est
2537 4163 2550 4185 ,
2572 4120 2719 4195 λόγος
2736 4160 2753 4188 ,
2780 4134 2919 4177 unus
2937 4119 3081 4176 enim
3106 4126 3285 4176 motus
3306 4161 3324 4189 ,
3349 4130 3405 4177 et
3425 4121 3552 4179 ideo
3572 4123 3816 4179 dictum:

2207 4222 2262 4269 et
2291 4213 2335 4269 si
2365 4213 2583 4270 discedo
2612 4222 2668 4269 et
2711 4227 2959 4285 praaparo
2985 4213 3143 4269 vobis
3166 4255 3182 4279 ,
3227 4226 3417 4270 rursus
3453 4217 3641 4272 venio.
3683 4217 3821 4285 Quis

2208 4305 2354 4362 enim
2382 4308 2531 4363 venit
2561 4314 2685 4380 post
2720 4306 2924 4364 abitum
2950 4306 3173 4375 Christi,
3204 4308 3305 4364 nisi
3338 4309 3578 4381 Spiritus
3610 4311 3674 4368 S.
3716 4313 3822 4368 Pa-

2208 4399 2442 4457 racletus
2462 4401 2487 4455 Υ

2278 4494 2416 4551 XIII.
2451 4494 2507 4550 id
2538 4496 2611 4550 ita
2638 4509 2760 4551 esse
2781 4495 2924 4567 quod
2945 4493 3098 4553 dico:
3127 4504 3187 4552 ut
3219 4505 3373 4568 pater
3397 4506 3454 4554 et
3478 4498 3627 4555 ﬁlius
3651 4516 3821 4558 unum

2208 4591 2352 4645 sint:
2378 4590 2506 4645 item
2532 4589 2672 4660 quod
2697 4588 2854 4646 Iesus
2877 4600 2932 4647 et
2956 4589 3191 4662 Spiritus
3213 4601 3435 4649 sanctus
3461 4610 3637 4651 unum
3668 4599 3819 4653 sint:

501 4688 648 4741 riore
678 4684 973 4739 substantia
1002 4724 1016 4749 ,
1049 4683 1208 4754 longe
1235 4681 1338 4737 alia
1365 4682 1662 4737 substantia
1698 4684 1895 4738 animae
1932 4691 1991 4737 et
2014 4684 2099 4737 in-
2124 4679 2178 4743 D
2204 4696 2268 4739 ac
2314 4691 2597 4754 propterea
2652 4696 2843 4740 omnes
2916 4698 3086 4741 unum
3132 4685 3277 4754 sint,
3333 4687 3521 4759 juncta
3574 4690 3823 4749 lectione

501 4776 732 4842 feriorc,
778 4774 976 4846 quippe
996 4789 1025 4829 ι
1058 4775 1168 4831 Deo
1213 4772 1487 4831 insulﬁata
1538 4783 1593 4831 et
1640 4775 1820 4846 genita
1849 4816 1866 4841 ,
1897 4784 1953 4831 et
1980 4776 2098 4832 sola

501 4886 632 4927 vere
662 4868 959 4925 substantia
989 4868 1131 4924 dicta
1150 4911 1166 4937 ,
1198 4868 1341 4940 quod
1379 4868 1632 4924 subesset
1658 4868 1772 4925 suis
1803 4866 1858 4923 in
1886 4884 1947 4925 se
1973 4884 2100 4941 spe-

478 4963 687 5022 ciebus
704 5005 719 5031 ,
750 4971 808 5019 et
834 4961 1025 5018 eodem
1051 4970 1211 5034 pacto
1234 4971 1294 5018 ut
1320 4961 1466 5035 hyle.

571 5056 688 5113 XII.
720 5056 834 5113 Huc
856 5055 1066 5112 accedit
1088 5056 1234 5128 quod
1261 5057 1367 5112 vita
1393 5058 1532 5113 Deus
1557 5099 1572 5122 ,
1597 5058 1705 5111 vita
1737 5053 1985 5113 Christus
2003 5098 2019 5125 ,
2043 5066 2099 5114 et

499 5166 566 5207 ex
588 5166 647 5207 se
675 5150 782 5206 vita
806 5148 1020 5220 utique,
1050 5148 1147 5205 sed
1170 5158 1228 5203 ut
1251 5157 1406 5221 patre
1429 5149 1593 5206 dante
1619 5150 1872 5205 Christus
1905 5149 2101 5207 habeat

499 5260 569 5302 ex
613 5260 674 5301 se
704 5245 907 5300 vitam:
958 5259 1090 5314 ergo
1117 5244 1223 5298 vita
1266 5244 1519 5315 superior
1563 5244 1635 5301 ab
1660 5246 1859 5300 anima.
1913 5244 2099 5301 Priora

498 5340 639 5398 enim
680 5344 785 5406 ζωὴ
805 5347 863 5394 et
884 5338 1105 5413 ζωηρὶς,
1129 5336 1183 5391 id
1210 5344 1295 5391 est
1316 5376 1333 5401 ,
1366 5340 1500 5403 vita,
1532 5338 1767 5394 vitalilas
1786 5354 1944 5410 quam
1978 5340 2097 5394 atti-

500 5450 585 5488 ma
612 5449 626 5486 :
656 5447 788 5503 ergo
808 5432 897 5487 illa
924 5432 1173 5504 ὁμοούσια
1199 5430 1341 5485 Deus
1363 5438 1417 5485 et
1448 5431 1592 5505 λόγος
1611 5472 1630 5500 ,
1656 5439 1814 5502 pater
1842 5440 1898 5487 et
1933 5432 2094 5488 ﬁlius.

496 5528 707 5599 Quippe
726 5535 787 5582 ut
825 5527 913 5581 ille
932 5525 1166 5597 Spiritus
1189 5564 1203 5590 ,
1235 5533 1291 5579 et
1328 5523 1415 5579 hic
1449 5524 1683 5595 Spiritus
1705 5566 1720 5591 ,
1754 5534 1810 5581 et
1836 5524 1925 5580 hic
1948 5526 2057 5582 vita
2075 5568 2093 5595 ,

496 5633 551 5678 et
577 5622 667 5676 ille
696 5621 825 5674 vita.
855 5617 988 5675 Item
1015 5618 1253 5674 Verbum
1274 5624 1332 5673 et
1357 5615 1614 5682 Verbum,
1644 5624 1699 5673 et
1716 5628 1937 5674 caetera.
1968 5617 2094 5689 Spio

498 5716 635 5771 ritus
675 5712 841 5785 igitur
869 5711 1033 5767 habet
1064 5718 1387 5782 potestatem
1410 5709 1645 5765 animam
1686 5710 1933 5765 sumendi
1954 5750 1973 5780 ,
1999 5725 2098 5782 po-

500 5807 663 5865 nendi
704 5816 759 5862 et
803 5805 1132 5862 resumendi.
1162 5805 1379 5863 Etenim
1403 5804 1509 5860 vita
1528 5846 1544 5873 ,
1568 5814 1622 5860 et
1644 5820 1672 5859 a
1697 5821 1756 5862 se
1782 5806 1890 5861 vita
1914 5819 2096 5879 potes-

498 5914 663 5961 tatem
686 5899 851 5955 habet
889 5899 1175 5967 sumendi,
1205 5898 1437 5970 ponendi
1477 5899 1641 5967 illud,
1683 5899 1828 5975 quod
1862 5917 1958 5959 sua
1997 5917 2096 5975 po-

2202 4778 2441 4834 .Ioannes
2493 4777 2822 4844 declaravit;
2875 4779 3358 4852 ccepitnamquea
3408 4782 3574 4857 Λόγου
3630 4783 3821 4857 (loco.

2204 4889 2320 4943 xw,
2378 4873 2453 4945 6.)
2510 4890 2527 4929 :
2572 4873 2687 4946 Ego
2729 4891 2878 4938 sum,
2935 4873 3151 4946 inquit,
3209 4876 3327 4943 via,
3382 4884 3430 4931 et
3482 4878 3719 4947 uetitas,
3774 4890 3822 4935 et

2200 4971 2324 5024 vita.
2361 4967 2530 5025 Nemo
2552 4970 2689 5025 venit
2723 4968 2792 5025 ad
2822 4968 3033 5025 Patrem
3061 4970 3163 5024 nisi
3204 4986 3295 5043 per
3349 4987 3450 5025 me.
3479 4971 3617 5042 Quis
3672 4976 3820 5031 enim

2201 5063 2269 5117 ad
2300 5062 2353 5118 id
2383 5061 2531 5134 quod
2571 5068 2656 5119 est
2700 5074 2823 5117 esse
2846 5102 2861 5128 ,
2893 5069 2950 5117 et
2980 5076 3171 5117 verum
3215 5076 3337 5118 esse
3361 5066 3637 5133 pervenit,
3670 5066 3819 5138 quod

2202 5164 2357 5227 pater
2409 5166 2531 5223 est,
2592 5154 2691 5210 nisi
2736 5168 2835 5226 per
2884 5154 3103 5210 vitam:
3149 5151 3256 5209 vita
3307 5155 3453 5211 enim
3505 5172 3634 5228 qua:
3688 5173 3817 5213 vera

2200 5251 2310 5306 vita
2350 5259 2465 5318 est,
2502 5250 2625 5321 quia
2649 5257 2850 5306 :eterna
2894 5258 3012 5318 est,
3054 5248 3159 5306 hoc
3179 5258 3262 5306 est
3297 5263 3427 5305 vere
3462 5265 3627 5315 esse,
3681 5253 3818 5309 nihil

2200 5344 2345 5400 enim
2372 5352 2627 5409 mutatur,
2653 5342 2784 5398 nihil
2813 5342 3196 5413 corrumpitur,
3226 5356 3347 5413 qua:
3383 5356 3587 5414 genera
3619 5347 3818 5401 mortis

2201 5444 2351 5504 sunt,
2408 5436 2516 5492 vita
2568 5448 2709 5503 esse,
2757 5449 2944 5491 verum
2991 5435 3102 5490 vita
3145 5430 3232 5491 est
3273 5429 3428 5507 (Job.
3491 5447 3653 5503 xm,
3710 5438 3815 5510 '2):

2208 5526 2342 5583 Viuit
2362 5567 2378 5594 ,
2409 5527 2621 5600 inquit,
2664 5525 2821 5582 Deus.
2870 5528 3011 5599 Ergo
3039 5526 3202 5583 vitam
3232 5539 3392 5594 esse,
3438 5528 3580 5584 Deus
3604 5538 3717 5586 est.
3753 5529 3818 5586 Et

2198 5618 2382 5693 (loco.
2431 5635 2545 5689 xw,
2581 5619 2668 5691 19)
2698 5638 2712 5675 :
2746 5620 2877 5693 Ego,
2934 5621 3127 5693 inquit,
3176 5622 3307 5676 vivo.
3354 5620 3704 5694 Quicumque
3746 5624 3815 5679 ad

2196 5714 2470 5771 Christum
2492 5715 2667 5781 venit,
2694 5716 2763 5771 ad
2794 5717 2963 5771 vitam
3008 5717 3184 5784 venit,
3216 5725 3273 5773 et
3297 5716 3379 5774 sic
3420 5731 3519 5790 per
3548 5718 3723 5774 vitam
3746 5719 3813 5774 ad

2200 5807 2405 5863 Deum:
2438 5823 2567 5879 ergo
2605 5809 2776 5880 juncti
2805 5820 2932 5866 sunt
2964 5810 3104 5867 Deus
3133 5824 3188 5867 et
3214 5811 3378 5886 λόγος.
3426 5810 3496 5868 Ει
3521 5812 3655 5871 hinc
3683 5811 3811 5870 illud

2198 5908 2282 5957 est
2311 5898 2492 5973 (Joan.
2526 5916 2619 5970 xv,
2660 5900 2786 5973 25):
2818 5901 2922 5971 Qui
2949 5919 3031 5958 me
3068 5905 3305 5983 cognovit
3357 5905 3597 5979 cognovit
3618 5914 3675 5980 et
3700 5904 3807 5961 Pa-
