4024 6306
326 242 462 303 1109

1458 242 1828 312 ADVERSUS
1858 252 2078 314 ARlUM
2119 248 2325 315 LIBER
2355 246 2448 317 ιιι.

3488 271 3625 329 illo

322 372 469 454 trem.
501 364 569 420 Et
600 362 779 439 (Joau.
802 382 911 432 xw,
935 362 991 440 9)
1020 384 1033 422 :
1064 366 1167 436 Qui
1198 384 1276 423 me
1301 368 1425 423 vidit
1459 364 1583 425 vidit
1618 376 1664 426 et
1687 364 1919 429 Patrem.
1948 375 2001 435 Α
2027 368 2204 431 adhuc
2235 385 2417 448 postea
2450 387 2707 434 venturus
2737 389 2851 447 est,
2881 390 2935 437 et
2958 397 3061 439 non
3083 382 3191 454 jam
3225 398 3320 454 per
3348 370 3623 442 Christum

323 446 459 512 Hine
487 458 541 513 et
586 455 717 513 illud
757 454 963 531 (Ibid.,
989 457 1077 533 11)
1107 477 1120 514 :
1156 459 1279 515 Non
1321 462 1520 531 credis,
1567 464 1705 534 quod
1750 482 1840 537 ego
1869 465 1925 521 in

327 546 485 604 Patre
506 592 523 617 ,
576 558 623 605 et
652 546 811 606 Pater
849 553 901 606 in
928 553 1047 607 me?
1076 552 1212 609 Hinc
1240 566 1293 609 et
1325 554 1454 611 illud
1487 558 1713 630 mystice
1742 556 1920 629 (Joan.

322 654 430 709 XIV,
463 636 597 715 Id):
656 640 795 698 Etsi
842 644 967 715 quid
1014 645 1291 714 aliquando
1335 650 1577 719 petieritis
1620 652 1673 705 in
1722 652 1926 709 nomine

322 748 433 789 meo
451 775 467 802 ,
488 735 627 789 istud
655 736 862 807 faciam.
886 735 1024 805 Quid
1046 746 1129 796 est
1152 746 1332 811 petere
1357 742 1408 797 iu
1430 741 1632 799 Christi
1664 745 1925 801 nomine?

322 827 555 883 animam
586 839 843 886 aeternam
894 830 1039 897 ﬁeri,
1082 833 1257 889 lucem
1294 834 1386 890 Dei
1414 834 1630 902 videre,
1660 836 1726 893 ad
1748 837 1924 910 ipsum

324 917 615 977 videndum
647 922 865 990 venire,
896 933 1153 981 astet-nam
1190 927 1352 983 vitam
1381 928 1579 985 habere
1600 973 1614 997 ,
1644 947 1751 986 non
1791 931 1926 988 divi-

321 1014 423 1070 tias
450 1056 464 1080 ,
498 1020 604 1070 non
638 1016 781 1073 tilios
803 1059 817 1084 ,
848 1026 953 1073 non
984 1016 1251 1089 honores,
1286 1018 1523 1094 nihilque
1546 1022 1875 1079 mundanum
1903 1067 1919 1093 ,

321 1107 416 1163 sed
463 1107 708 1181 spiritale
772 1124 965 1179 omne,
1019 1122 1179 1182 atque
1230 1116 1392 1171 omne
1457 1132 1564 1187 quo
1624 1117 1757 1173 uniti
1813 1118 1922 1175 Deo

319 1198 537 1257 Christo
571 1204 897 1274 jmtgamur:
942 1198 1045 1262 hoc
1090 1208 1231 1263 enim
1258 1212 1376 1272 est.
1407 1220 1465 1264 ut
1510 1204 1839 1282 gloriﬁcetur
1868 1212 1921 1270 in

318 1290 457 1350 Filio
479 1339 493 1361 ,
518 1292 567 1352 id
597 1305 712 1365 est,
745 1299 850 1355 vita
890 1309 1087 1357 aeterna
1110 1344 1126 1369 ,
1165 1318 1324 1373 quam
1356 1305 1657 1374 petentibus
1685 1303 1844 1361 dabo.

388 1384 527 1445 XIV.
585 1384 938 1463 Subjungitur
986 1393 1183 1449 deinde
1233 1394 1544 1465 plenissime
1598 1396 1665 1454 de
1716 1398 1921 1471 Spiritu

280 1466 287 1473 7
315 1484 502 1537 sancto
526 1524 540 1548 ,
566 1481 694 1553 quid
716 1483 824 1551 sit,
857 1485 1000 1541 unde
1026 1485 1128 1553 sit,
1158 1486 1299 1559 quod
1330 1489 1444 1560 ipse
1477 1489 1545 1544 sit
1567 1487 1727 1562 (Ibid.
1810 1488 1877 1548 15
1901 1535 1917 1562 ,

318 1570 439 1645 16);
474 1573 534 1629 Si
567 1568 731 1637 enim.
780 1578 989 1647 inquit,
1017 1586 1098 1633 ‘me
1126 1580 1309 1635 amatis
1330 1621 1346 1648 ,
1392 1582 1636 1638 mandata
1663 1596 1773 1639 mea
1802 1602 1920 1639 cus-

312 1665 489 1722 todite.
523 1660 593 1721 Et
620 1680 713 1740 ego
732 1669 923 1742 rogabo
960 1668 1169 1726 Patrem
1201 1688 1366 1727 meum
1387 1716 1402 1742 ,
1449 1684 1495 1729 et
1544 1668 1703 1730 alium
1749 1662 1915 1733 Para-

2030 466 2169 538 apud
2202 468 2325 525 illos
2345 486 2465 526 esse
2487 470 2683 542 etrapit?
2710 471 2853 545 Ergo
2869 460 3044 545 junCIi
3077 485 3238 547 atque
3259 491 3323 531 ex
3351 492 3456 531 uno
3476 488 3623 547 sunt,

2027 558 2118 632 qui
2145 574 2324 621 motus
2353 574 2457 621 est.
2483 565 2540 621 Id
2583 569 2821 638 apertius
2848 571 2899 626 in
2927 560 3276 642 sequentibus
3296 572 3624 642 declaratur,

2026 653 2103 708 ait
2130 655 2273 711 enim
2308 648 2470 729 (Ibid.
2500 701 2514 725 ,
2564 658 2664 726 25,
2689 660 2816 733 26);
2871 661 2999 719 Hcce
3042 664 3181 719 vobis
3218 663 3327 720 dixi
3372 666 3511 738 apud
3539 683 3625 723 vos

2027 763 2254 803 manens.
2287 742 2590 807 Pat'acletus
2616 762 2787 807 autent
2808 754 3039 828 Spiritus
3060 769 3301 827 sanctus,
3341 776 3489 831 quem
3509 762 3628 815 mit-

2027 848 2094 894 tet
2124 837 2283 895 Pater
2312 844 2367 897 in
2395 844 2601 900 nomine
2642 862 2754 901 meo
2778 889 2793 915 ,
2827 862 2914 902 vos
2945 848 3141 905 docebit
3168 852 3339 906 omnia
3367 867 3627 925 quaecum-

2025 952 2123 1003 que
2150 936 2285 991 dico.
2313 936 2424 1011 Ego
2453 981 2470 1006 ,
2494 939 2669 1011 inquit
2689 983 2704 1006 ,
2733 943 2786 995 in
2814 932 2953 999 vobis
2976 961 3173 999 maneo.
3212 946 3339 1000 Data
3369 957 3453 1003 est
3477 949 3621 1003 enim

2027 1029 2133 1084 vita
2159 1071 2178 1099 ,
2217 1046 2318 1086 ttec
2348 1030 2416 1089 ab
2446 1032 2549 1089 illis
2570 1033 2681 1106 jam
2711 1034 2957 1091 Christus
2995 1037 3269 1093 abscedit:
3300 1047 3427 1095 sunt
3462 1039 3625 1111 igitur

2026 1130 2080 1179 et
2105 1122 2332 1194 Spiritali
2359 1134 2507 1181 motu
2532 1168 2548 1195 ,
2582 1127 2725 1199 quod
2747 1139 2829 1184 est
2859 1127 3131 1186 Christum
3164 1132 3215 1186 iu
3241 1132 3343 1188 illis
3367 1149 3619 1191 manere:

2025 1217 2125 1290 ipsi
2152 1228 2329 1275 autem
2363 1221 2555 1277 animae
2576 1265 2590 1290 ,
2627 1223 2677 1277 in
2701 1224 2895 1296 quibus
2915 1225 3135 1297 spiritus
3155 1236 3368 1295 manet,
3400 1244 3501 1285 nec
3521 1229 3621 1284 ali.

2024 1308 2242 1383 quando
2292 1312 2550 1381 discedit,
2588 1304 2790 1372 dictum
2834 1326 3012 1374 tamen
3052 1317 3233 1392 (Joan.
3292 1335 3421 1389 ινι,
3489 1321 3618 1392 16);

2026 1400 2183 1457 Nunc
2208 1404 2289 1458 ibo
2318 1406 2385 1459 ad
2417 1404 2645 1462 Patrem.

2094 1490 2211 1553 XV.
2251 1494 2387 1567 Quid
2416 1501 2553 1555 istud
2590 1503 2658 1557 sit
2702 1501 2859 1560 facile
2914 1494 3136 1577 intelligi
3166 1508 3375 1576 potest,
3404 1506 3447 1562 si
3476 1508 3618 1563 acci-

2024 1595 2200 1663 piatur
2226 1609 2292 1650 ex
2340 1596 2597 1668 mysterio
2640 1596 2840 1653 dictum
2866 1636 2881 1663 ,
2913 1607 2967 1654 et
3008 1601 3272 1671 corporali
3320 1604 3616 1677 mysterio:

2022 1700 2149 1741 nam
2179 1687 2493 1757 spiritaliter
2520 1704 2640 1743 cum
2666 1698 2721 1745 et
2750 1690 2865 1762 ipse
2896 1694 2946 1746 in
2972 1692 3132 1750 Patre
3161 1694 3272 1761 sit,
3302 1701 3357 1751 et
3382 1705 3534 1766 pater
3565 1696 3615 1750 iu

309 1758 495 1814 ctetum
524 1758 665 1815 dabit
714 1762 855 1817 vobis
882 1805 896 1830 ,
944 1772 1000 1817 ut
1026 1763 1283 1820 vobiscum
1311 1764 1376 1822 sit
1420 1767 1473 1821 in
1513 1783 1659 1822 onme
1694 1780 1912 1842 tempus.
1947 1772 1991 1833 Β
2025 1780 2140 1850 ipso
2163 1820 2177 1843 ,
2210 1796 2351 1851 quo,
2386 1790 2479 1836 aut
2519 1798 2686 1853 quare
2714 1758 2828 1839 ibit.
2885 1787 2959 1841 Ex
2990 1787 3180 1843 eodem
3209 1758 3468 1862 m'yste'rio
3495 1801 3612 1853 est,

308 1851 445 1921 Quid
489 1854 570 1909 est
614 1852 963 1922 Paracletus,
1009 1858 1097 1929 qui
1129 1869 1337 1914 asserat
1379 1858 1726 1933 adstruatque'
1770 1864 1912 1933 apud

306 1943 519 2002 Patrem
545 1945 788 2005 homines
815 1958 1003 2007 omnes
1031 1950 1222 2009 ﬁdeles
1251 1963 1411 2025 atque
1431 1954 1753 2012 credentes?
1781 1957 1913 2027 Quis

305 2048 387 2094 est
417 2040 566 2095 iste?
597 2054 735 2097 unus
764 2054 832 2099 ne
869 2043 1018 2099 solus
1046 2038 1279 2115 Spiritus
1308 2048 1565 2103 sanctus?
1590 2064 1657 2104 an
1693 2049 1831 2105 idem
1856 2058 1913 2107 et

302 2132 549 2190 Christus
573 2135 599 2189 ’ἔ
625 2136 837 2192 Etenim
884 2136 1000 2209 ipse
1027 2138 1194 2195 dixit:
1228 2134 1387 2195 otium
1415 2139 1741 2197 Paracletum
1770 2134 1912 2200 dabit

299 2227 438 2282 vobis
469 2224 625 2283 Deus.
676 2228 809 2284 Dum
857 2230 993 2285 dixit
1019 2233 1214 2301 tilium,
1264 2240 1323 2289 se
1371 2226 1507 2289 dittit
1550 2235 1711 2291 alium
1739 2254 1753 2304 ;
1781 2235 1907 2293 dunt

298 2322 433 2380 dixit
481 2316 836 2396 Paractetum,
896 2336 1117 2398 operam
1169 2316 1400 2387 si'mile‘m
1465 2329 1801 2402 declaravit,
1854 2342 1911 2390 et

297 2417 544 2476 eamdem
570 2421 967 2492 quodammodo
987 2424 1276 2481 actionem.
1305 2414 1446 2496 Ergo
1468 2434 1522 2480 et
1545 2424 1781 2496 Spiritus
1804 2422 1907 2483 Pa-

296 2512 570 2583 racletus,
602 2525 657 2571 et
702 2515 933 2587 Spiritus
980 2528 1199 2574 sanctus
1223 2560 1238 2586 ,
1287 2518 1427 2574 alius
1479 2506 1818 2588 i’aracletus,
1852 2526 1908 2577 et

298 2604 413 2676 ipse
452 2618 483 2661 a
533 2614 684 2679 patre
716 2608 965 2666 mittitur.
1018 2609 1175 2667 Jesus
1215 2628 1344 2684 ergo
1372 2609 1603 2684 Spiritus
1650 2624 1902 2671 sanctus:

297 2700 478 2755 motus
504 2701 647 2756 enim
674 2701 927 2774 Spiritus,
954 2702 1096 2760 unde
1116 2717 1168 2760 et
1190 2704 1422 2778 Spiritus
1453 2717 1647 2775 motus,
1674 2725 1739 2764 eo
1760 2698 1903 2780 quod

294 2792 527 2862 Spiritus
559 2792 741 2863 (Joan.
768 2813 858 2865 tu,
893 2792 983 2868 8):
1030 2797 1209 2871 Spirat
1248 2800 1383 2855 enim
1424 2794 1507 2855 ubi
1533 2802 1654 2857 vult.
1692 2803 1757 2857 Et
1788 2798 1903 2871 ipse

297 2898 437 2942 nunc
468 2882 596 2943 dicit
622 2896 633 2942 ‘:
666 2889 894 2960 Spiritus
922 2893 1167 2959 veritatis,
1193 2896 1245 2950 et
1272 2890 1342 2950 ita
1370 2895 1418 2949 ei
1446 2910 1643 2952 nomen
1674 2908 1751 2953 est
1781 2897 1904 2967 Spi-

297 2978 429 3035 ritus
469 2988 714 3051 sauctus,
769 2980 1001 3054 Spiritus
1047 2987 1209 3041 etiam
1252 2976 1536 3056 Christus,
1588 2988 1819 3060 Spiritus
1848 3001 1903 3047 et

300 3073 472 3139 Deus,
502 3088 690 3129 omnes
721 3088 850 3147 ergo
888 3076 1141 3147 Spiritus.
1179 3070 1372 3135 Verum
1405 3078 1545 3136 Deus
1574 3080 1898 3139 substantia

2014 1872 2154 1944 quod
2186 1872 2251 1928 ad
2283 1872 2555 1930 Christum
2615 1876 2845 1947 Spiritus
2889 1879 3155 1937 columba:
3201 1883 3395 1938 similis
3427 1887 3575 1939 venit
3599 1928 3613 1947 ,

2012 1972 2069 2020 et
2093 1954 2236 2037 quod
2264 1978 2405 2020 ttuuc
2454 1964 2686 2040 Spiritus
2717 1969 2962 2026 mittetur
2991 1986 3023 2025 a
3060 1982 3247 2044 patre,
3283 1985 3335 2030 et
3376 1974 3617 2031 mittetur

2013 2056 2079 2111 ad
2108 2068 2315 2129 patrem
2344 2102 2358 2126 ,
2389 2058 2608 2115 Christo
2653 2072 2815 2117 eunte
2841 2072 2897 2118 ct
2925 2075 3141 2135 petente
3172 2074 3229 2122 ιιι
3277 2050 3547 2122 mittatur:
3584 2084 3614 2121 a

2014 2162 2189 2208 morte
2219 2149 2363 2206 enim
2395 2151 2505 2207 vita
2553 2166 2844 2223 revocata,
2894 2154 2949 2212 et
3000 2156 3110 2214 vita
3157 2176 3264 2215 non
3314 2160 3427 2231 ipsa
3470 2161 3612 2227 vita,

2010 2242 2134 2313 quia
2163 2245 2321 2319 Λόγος
2346 2257 2429 2302 esr
2454 2263 2465 2297 :
2500 2245 2613 2302 haec
2640 2248 2783 2304 enim
2810 2259 3037 2307 mortem
3069 2253 3278 2321 nescit,
3303 2253 3473 2324 magis
3501 2254 3616 2310 ltu-C

2010 2334 2125 2406 ipsa
2156 2334 2407 2393 interﬁcit
2443 2344 2705 2408 mortem;
2753 2342 2848 2398 sed
2899 2344 3001 2399 tita
3050 2361 3170 2415 quae
3201 2345 3256 2401 in
3305 2346 3614 2402 hominilms

2015 2429 2313 2486 resurrexit
2358 2447 2389 2486 a
2421 2440 2615 2488 utorte.
2646 2433 2818 2501 Quam
2848 2422 3032 2506 utique
3082 2436 3256 2493 induit
3301 2437 3460 2494 simul
3487 2454 3609 2493 cum

2008 2539 2237 2592 corpore
2263 2565 2276 2591 ,
2308 2532 2362 2579 et
2389 2540 2507 2579 eam
2536 2514 2603 2580 ab
2650 2525 2859 2581 inferno
2887 2528 3195 2609 resumpsit.
3219 2516 3446 2600 Propter
3473 2530 3613 2611 hanc

2008 2612 2170 2685 igitur
2198 2613 2638 2670 sattctiticandam
2660 2657 2675 2682 ,
2712 2606 2947 2672 eundum
2994 2604 3093 2674 iuit
3122 2618 3187 2673 ad
3225 2627 3440 2708 patrem
3464 2663 3477 2685 ,
3513 2604 3609 2677 st-d

2007 2707 2369 2779 corporaliter
2397 2708 2574 2780 adque
2617 2709 2939 2777 animaliter,
2987 2710 3038 2765 id
3062 2721 3172 2790 est,
3222 2707 3274 2768 itt
3307 2712 3358 2768 id
3388 2713 3529 2784 quod
3558 2713 3610 2790 iu

2005 2816 2065 2856 se
2096 2809 2248 2872 pater
2278 2799 2451 2856 fuerat
2481 2800 2866 2872 penetrandum
2892 2788 3255 2873 potentialiter
3285 2814 3449 2876 atque
3495 2788 3610 2859 exi-

2005 2892 2365 2950 stentialiter:
2402 2882 2505 2949 hoc
2534 2893 2696 2966 igitur
2725 2893 2885 2951 modo
2907 2894 3090 2953 ivitad
3118 2908 3346 2966 patrem.
3372 2885 3611 2967 Denique

2006 3002 2105 3042 nec
2122 2986 2382 3043 absentia:
2396 2997 2606 3057 tempus
2620 2986 2853 3042 edictum
2864 3030 2877 3055 ,
2893 2987 2989 3044 sed
3005 2996 3192 3043 contra
3205 2976 3406 3044 dietum
3422 2978 3477 3060 (J
3486 3006 3605 3058 aqu.

2003 3096 2093 3144 xx,
2116 3068 2373 3148 1,17,18,
2400 3076 2483 3147 19,
2501 3072 2593 3147 ΞΟ,
2609 3078 2701 3147 ‘27,
2720 3077 2832 3152 29)ι
2856 3070 2995 3151 quod
3016 3089 3172 3136 nocte
3191 3096 3311 3151 qua:
3327 3074 3608 3135 sabbatum

294 3158 419 3221 liter
458 3164 722 3236 Spiritus:
774 3168 913 3224 inest
940 3169 1081 3226 enim
1126 3172 1180 3226 in
1208 3187 1275 3227 eo
1304 3171 1443 3245 quod
1490 3176 1574 3229 est
1605 3174 1901 3232 substantia
1929 3148 1973 3228 [ί
2007 3169 2251 3242 sequitur
2290 3170 2596 3241 apparuerit
2624 3148 2824 3234 Marias.
2859 3148 3005 3242 tangi
3032 3148 3261 3226 uulueiit
3298 3168 3609 3241 priusquam

296 3266 350 3313 et
381 3266 590 3315 motus:
621 3256 707 3315 vel
732 3260 909 3331 potius
938 3260 1237 3319 substantia
1266 3266 1376 3335 ipsa
1401 3308 1416 3333 ,
1460 3267 1549 3338 qui
1580 3276 1657 3322 est
1688 3272 1865 3324 htotus
1889 3310 1904 3336 ,

299 3343 395 3409 sed
423 3350 474 3409 ln
506 3368 564 3410 se
585 3370 809 3412 manens
832 3399 847 3423 ,
877 3364 933 3412 ut
962 3371 1104 3428 smpe
1128 3352 1240 3429 jam
1267 3358 1501 3415 diximus
1520 3404 1535 3428 ,
1558 3371 1613 3416 et
1635 3358 1905 3417 retinendi

296 3454 457 3503 causa
510 3460 655 3519 saepe
722 3456 1053 3521 repetemus.
1108 3458 1175 3509 At
1204 3458 1331 3509 vero
1378 3442 1537 3510 Jesus
1579 3462 1635 3513 et
1675 3454 1906 3526 Spiritus

297 3546 517 3596 sanctus
567 3540 734 3598 ututio
777 3558 903 3598 vere
927 3552 1068 3599 mota
1101 3546 1300 3611 motio;
1327 3543 1467 3602 unde
1495 3534 1626 3602 iuris
1651 3562 1902 3619 operatus,

297 3630 393 3691 sed
416 3630 575 3691 Je‘sus
604 3636 825 3708 spiritus
854 3646 1105 3708 apertus:
1141 3636 1339 3711 quippe
1367 3646 1420 3696 et
1455 3639 1507 3695 in
1549 3656 1744 3697 carne:
1780 3640 1903 3711 Spi-

298 3724 435 3782 ritus
463 3737 642 3783 autem
687 3737 905 3785 sanctus
946 3730 1227 3799 occultus;
1261 3730 1419 3787 Jesus
1448 3732 1645 3803 quippe
1685 3731 1777 3804 qui
1824 3733 1904 3787 in-

301 3816 626 3891 telligentias
659 3818 924 3890 infundat,
971 3838 1076 3879 non
1101 3822 1212 3895 jam
1252 3824 1340 3896 qui
1383 3826 1533 3897 signa
1585 3825 1745 3881 faciat
1769 3868 1783 3891 ,
1815 3836 1907 3881 aut

300 3922 399 3983 per
426 3912 708 3985 parabolas
739 3916 988 3987 loquatur
1021 3918 1194 3987 ipsum
1226 3933 1284 3972 se
1313 3933 1436 3975 esse
1459 3960 1475 3987 ,
1501 3918 1615 3989 ipse
1639 3916 1719 3974 sic
1745 3918 1905 3976 docet

303 3998 483 4076 (Joan.
520 4016 633 4076 m,
666 4000 786 4081 18):
824 4007 946 4065 Non
977 4026 1065 4065 vos
1086 4010 1342 4066 dimittam
1384 4006 1643 4082 orphanos
1663 4057 1676 4079 ,
1709 4013 1906 4069 veniam

299 4099 369 4153 ad
402 4116 507 4156 vos.
537 4100 656 4173 Ipse
682 4108 860 4158 autem
892 4103 944 4159 in
987 4102 1191 4175 Spiritu
1232 4114 1419 4161 sancto
1462 4122 1583 4163 esse
1638 4107 1905 4165 occultum

300 4193 380 4249 sic
401 4193 561 4250 tlocet
589 4188 780 4266 (Ibid.,
814 4196 904 4267 i9)
927 4213 939 4250 :
959 4195 1189 4253 Mundus
1216 4215 1294 4253 me
1313 4199 1422 4269 iam
1448 4216 1551 4255 non
1584 4199 1789 4268 videbit,
1820 4217 1907 4257 vos

301 4295 468 4342 autent
490 4286 722 4343 videbitis
743 4306 822 4344 me
842 4333 856 4356 ,
882 4291 1125 4360 quoniam
1146 4293 1256 4346 vivo
1277 4304 1369 4363 ego
1393 4302 1442 4347 et
1467 4308 1554 4348 vos
1577 4292 1768 4349 vivetis.
1794 4292 1908 4351 Hoc

301 4382 464 4437 etiam
491 4393 677 4437 saneto
707 4380 928 4454 Spiritui
956 4383 1138 4439 datum
1166 4383 1354 4460 (Ibid.,
1404 4376 1527 4457 {6):
1560 4397 1617 4442 ut
1644 4405 1795 4458 penes
1820 4405 1908 4443 vos

301 4477 367 4531 sit
395 4477 448 4531 in
479 4486 723 4532 trternum
747 4476 977 4551 Spiritus
1007 4479 1255 4537 veritatis.
1276 4476 1344 4536 Et
1372 4478 1440 4536 de
1467 4494 1525 4537 se
1552 4480 1684 4537 dixit
1714 4480 1767 4557 (1
1775 4480 1904 4551 bid.,

2013 3264 2118 3320 iret
2168 3263 2233 3319 ad
2267 3272 2500 3334 patrem:
2538 3262 2801 3319 nuntiavit
2850 3252 3015 3320 Maria
3060 3252 3380 3335 disCipulis:
3422 3262 3609 3319 eadem

2012 3366 2174 3412 nocte
2199 3356 2265 3412 ad
2289 3354 2433 3428 ipsos
2457 3356 2599 3413 venit
2630 3350 2922 3413 ostendens
2954 3372 3144 3412 manus
3166 3348 3219 3411 ei
3240 3350 3377 3411 latus
3394 3398 3409 3424 ,
3430 3344 3614 3427 utique

2014 3446 2284 3523 tangijam
2320 3467 2424 3506 non
2451 3448 2761 3521 prohibens.
2797 3442 2925 3505 Post
2956 3451 3189 3505 Thomas
3206 3443 3464 3523 palpavit,
3489 3451 3609 3505 teti-

2009 3543 2106 3615 git,
2139 3544 2259 3615 ipso
2282 3543 2495 3616 quidem
2520 3543 2792 3612 hortante,
2821 3544 2943 3615 quia
2976 3534 3064 3599 ille
3086 3530 3431 3612 desperabat,
3467 3536 3611 3614 quod

2008 3638 2274 3710 significat
2303 3637 2691 3695 sanctificatum
2716 3638 2824 3710 jam
2872 3636 3057 3693 fuisse.
3087 3634 3257 3706 Quam
3286 3652 3415 3709 ergo
3439 3634 3609 3692 breve

2010 3730 2115 3786 hoc
2144 3740 2352 3801 tempus
2376 3730 2490 3799 est,
2521 3730 2615 3786 sed
2656 3739 2873 3801 prepter
2908 3718 3222 3803 mysterium
3255 3728 3492 3784 dictum:
3529 3714 3611 3784 ibo

2009 3820 2077 3879 ad
2108 3814 2354 3878 Patrem:
2386 3839 2507 3878 nam
2536 3838 2657 3878 cum
2685 3822 2801 3895 ipse
2828 3814 2881 3877 in
2912 3831 3062 3894 patre
3083 3864 3098 3887 ,
3132 3820 3187 3877 et
3214 3818 3268 3875 in
3318 3820 3434 3892 ipso
3463 3818 3614 3892 pater

2009 3915 2112 3984 sit,
2141 3934 2246 3988 quo
2272 3912 2411 3971 ibit?
2440 3916 2645 3972 Eodem
2672 3933 2801 3987 ergo
2833 3914 3125 3989 mysterio:
3158 3933 3305 3986 quem
3333 3912 3471 3971 vobis
3495 3914 3612 3970 luit-

2011 4010 2067 4065 tit
2098 4008 2277 4076 Pater,
2308 4009 2430 4081 quia
2489 4018 2642 4081 pater
2669 4007 2848 4075 tuittit,
2880 4023 2999 4063 cum
3028 3996 3275 4063 Christus
3304 4006 3484 4063 mittit.
3513 4006 3615 4064 De-

2010 4101 2171 4173 nique
2216 4102 2295 4158 sic
2341 4101 2446 4158 ait:
2492 4101 2654 4157 Mittit
2687 4100 2844 4157 Pater
2890 4101 2941 4156 in
2971 4100 3173 4155 nomine
3220 4102 3367 4171 meo,
3402 4088 3456 4155 id
3488 4102 3611 4167 est,

2011 4212 2109 4267 pro
2139 4212 2226 4252 me
2251 4214 2263 4250 :
2294 4206 2385 4250 aut
2411 4194 2464 4250 in
2490 4195 2692 4251 nomine
2719 4212 2863 4261 meo,
2891 4193 3145 4266 quoniam
3179 4193 3402 4266 spiritus
3428 4193 3614 4249 Chris-

2011 4299 2127 4354 tus,
2158 4300 2210 4345 et
2260 4288 2375 4359 ipse
2406 4278 2637 4360 Spiritus
2666 4297 2920 4353 sanctus;
2971 4290 3061 4342 aut
3108 4285 3161 4341 in'
3206 4288 3410 4343 nomine
3460 4290 3607 4355 ineo,

2011 4383 2136 4456 quia
2166 4382 2399 4455 Spiritus
2424 4392 2642 4439 sanctus
2666 4382 2781 4453 ipse
2813 4376 2881 4438 de
2905 4374 3120 4437 Christo
3146 4372 3511 4439 testimonium
3538 4381 3615 4438 l‘e—

2013 4487 2112 4544 ret,
2130 4476 2209 4533 sic
2222 4476 2364 4533 enitn
2383 4468 2580 4533 dictum
2602 4473 2785 4551 (Joau.
2808 4491 2895 4542 xv,
2914 4472 3009 4547 ‘26)
3031 4492 3041 4528 :
3060 4473 3161 4530 Ille
3174 4474 3514 4530 testimonium
3534 4468 3612 4529 di-

304 4570 395 4643 6):
450 4562 562 4643 Ego
614 4580 729 4627 sum
777 4574 982 4628 veritas.
1021 4564 1223 4630 Deinde
1277 4572 1475 4645 adjecit
1521 4573 1721 4648 (Ibid.,
1778 4575 1865 4639 19)
1892 4596 1905 4630 ;
1934 4574 1989 4636 D
2014 4572 2081 4626 cit
2100 4571 2162 4626 de
2184 4588 2280 4624 me.
2299 4569 2562 4639 Quisille?
2578 4586 2724 4642 quem
2746 4564 2883 4623 vobis
2902 4586 2994 4641 ego
3012 4565 3415 4622 mittoaPatre:
3442 4567 3613 4639 juncti

308 4664 471 4732 Quem
500 4664 721 4721 mundus
738 4680 839 4721 non
864 4672 1028 4737 potest
1055 4666 1245 4722 videre.
1272 4667 1337 4722 Et
1356 4665 1425 4723 de
1446 4681 1505 4723 se
1526 4668 1661 4723 dixit
1683 4666 1908 4742 (Ibid.):

304 4758 428 4814 1am
455 4776 535 4814 me
573 4758 795 4815 mundus
825 4776 928 4815 non
975 4760 1179 4816 videbit.
1219 4762 1424 4818 Deinde
1470 4760 1667 4833 adjecit
1698 4760 1863 4833 (Ibid.
1891 4806 1907 4831 ,

306 4846 395 4925 17)
418 4871 433 4910 :
460 4848 717 4921 Quoniam
742 4855 908 4928 ipsum
931 4872 1032 4910 non
1060 4844 1193 4910 videt
1216 4897 1231 4921 ,
1258 4872 1417 4927 neque
1438 4856 1695 4928 cognoscit
1718 4857 1907 4927 ipsum.

306 4945 414 5003 Sed
439 4948 495 5003 et
522 4936 794 5003 Christum
826 4964 988 5004 nemo
1015 4949 1265 5021 cognovit
1290 4947 1470 5022 (Joan.
1496 4966 1547 5015 ι,
1573 4948 1692 5022 il):
1727 4949 1793 5005 In
1815 4968 1912 5007 sua

306 5041 438 5095 venit
469 5048 515 5095 et
535 5040 756 5095 mundus
780 5057 893 5096 eum
922 5048 1024 5097 non
1047 5041 1302 5113 cognovit.
1325 5040 1540 5112 Adjecit
1569 5039 1746 5113 (Joan.
1782 5059 1874 5099 xxv
1893 5086 1909 5114 ,

310 5131 436 5206 i7):
474 5124 576 5187 Vos
601 5135 917 5206 cOgnoscetis
956 5134 1158 5203 ipsum,
1188 5136 1429 5203 quoniam
1461 5144 1629 5188 manet
1653 5135 1706 5189 in
1734 5136 1870 5191 vobis
1895 5178 1911 5205 ,

308 5233 354 5279 et
382 5224 437 5278 in
463 5223 603 5278 vobis
632 5234 726 5280 est.
757 5220 824 5279 Et
845 5225 959 5295 ipse
988 5224 1057 5281 de
1095 5240 1155 5281 se
1187 5225 1255 5281 ita
1290 5214 1471 5298 (Joau.
1510 5241 1624 5293 xw,
1652 5224 1776 5299 19):
1810 5220 1912 5283 Vos

308 5308 541 5371 videbitis
564 5332 663 5371 me.
699 5312 765 5372 Et
788 5317 1040 5386 quoniam
1066 5316 1313 5373 Christus
1349 5316 1456 5372 vita
1480 5325 1563 5373 est
1586 5359 1599 5382 ,
1636 5317 1702 5372 de
1733 5334 1792 5373 se
1818 5317 1913 5373 ad-

304 5410 486 5484 ]unxit
525 5408 684 5483 (Ibid.
696 5421 752 5481 ):
787 5400 1043 5478 Quoniam
1090 5428 1184 5483 ego
1233 5412 1373 5477 vivo,
1430 5420 1477 5466 et
1505 5428 1593 5467 vos
1620 5411 1812 5467 vivetis.
1844 5408 1914 5467 Et

313 5508 436 5578 quia
488 5504 721 5577 Spiritus
768 5512 985 5561 sanctus
1016 5504 1368 5577 intelligentia
1405 5512 1488 5560 cst
1510 5547 1527 5576 ,
1560 5515 1784 5577 utroque
1813 5512 1910 5562 ati-

315 5602 422 5655 tem
456 5597 684 5654 mundus
738 5596 855 5670 ipse
900 5606 1083 5665 caret,
1136 5596 1259 5653 ideo
1302 5597 1500 5668 adjecit
1549 5594 1715 5669 (Ibid.
1743 5640 1759 5667 ,
1791 5598 1914 5672 l7):

319 5693 577 5761 Quoniam
601 5688 745 5766 apud
770 5709 857 5749 vos
882 5702 1085 5761 manet,
1110 5702 1158 5750 et
1187 5693 1242 5747 in
1267 5691 1405 5749 vobis
1434 5700 1527 5748 est.
1558 5690 1713 5750 Unde
1737 5696 1917 5752 autem

321 5788 413 5844 aut
436 5788 519 5844 est
547 5786 603 5845 in
654 5778 763 5844 illis
786 5829 803 5859 ,
830 5792 922 5843 aut
956 5780 1067 5861 jam
1116 5792 1297 5844 manet
1322 5784 1556 5860 Spiritus
1585 5795 1803 5843 sanctus
1828 5830 1843 5857 ,
1873 5770 1922 5849 si

2013 4683 2140 4738 ergo
2165 4681 2382 4722 onmes:
2422 4681 2521 4735 ego
2552 4664 2706 4720 mitto
2726 4708 2740 4732 ,
2769 4680 2797 4718 a
2832 4676 2982 4736 patre
3010 4662 3166 4717 mitto
3186 4703 3201 4729 ,
3235 4661 3494 4734 Spiritum
3523 4672 3616 4717 ve-

2010 4760 2187 4816 ritatis
2231 4758 2420 4815 mitto:
2455 4759 2665 4815 medius
2691 4774 2818 4830 ergo
2849 4759 3039 4832 At'ryog,
3079 4750 3133 4813 id
3161 4766 3277 4823 est,
3313 4756 3468 4813 Jcsus
3501 4755 3616 4827 ipse

2014 4852 2211 4921 mittit;
2241 4862 2420 4908 motus
2449 4851 2593 4907 enim
2624 4851 2937 4923 principalis
2961 4842 3387 4922 universalisque
3417 4850 3508 4922 qui
3537 4850 3617 4906 vi-

2013 4946 2136 5001 talis
2162 4961 2223 5001 ac
2251 4945 2357 5000 vita
2381 4954 2504 5012 est,
2535 4943 2696 4999 mittit
2728 4944 3096 5017 intelligentia:
3129 4955 3332 5000 motum
3355 4985 3368 5007 ,
3404 4942 3495 5014 qui
3536 4941 3615 4997 si-

2013 5037 2125 5094 cuti
2151 5037 2335 5094 docuit
2360 5080 2374 5105 ,
2416 5053 2483 5093 ex
2513 5037 2620 5093 vita
2665 5047 2823 5109 atque
2853 5037 2970 5110 ipsa
2995 5036 3102 5092 vita
3134 5045 3247 5093 cst:
3282 5036 3422 5093 scire
3471 5034 3616 5090 enim

2013 5131 2143 5201 quid
2183 5132 2288 5201 sit,
2346 5133 2448 5187 hoc
2497 5141 2581 5187 est
2611 5131 2823 5196 vivere,
2866 5131 2967 5187 hoc
2995 5140 3079 5187 Cal
3125 5146 3265 5187 esse.
3299 5130 3412 5186 Hoc
3436 5138 3618 5185 autem

2014 5243 2134 5283 esse
2164 5226 2289 5296 quid
2321 5238 2439 5295 est,
2489 5242 2648 5297 quam
2696 5243 2760 5282 ex
2797 5226 2892 5283 Dei
2939 5226 3239 5283 substantia
3287 5240 3442 5293 esse,
3472 5220 3619 5295 quod

2014 5326 2097 5373 est
2118 5316 2373 5387 Spiritum
2398 5322 2562 5375 esse?
2593 5318 2736 5374 unde
2761 5334 2861 5375 nos
2890 5319 3159 5388 Spiritales
3188 5318 3454 5375 efﬁcimur
3478 5359 3493 5384 ,
3526 5333 3622 5374 ac-

2013 5424 2172 5486 cepto
2216 5413 2417 5486 Spiritu
2450 5431 2476 5468 a
2504 5412 2755 5482 Christo,
2783 5421 2839 5469 et
2887 5410 3013 5467 hinc
3038 5421 3238 5468 aeterna
3267 5411 3373 5466 vita
3398 5430 3410 5465 :
3447 5408 3619 5483 Spiri-

2017 5518 2100 5563 tus
2113 5524 2241 5580 ergo
2261 5507 2528 5580 appellata
2550 5518 2630 5564 est
2655 5507 2757 5563 ista
2772 5496 3029 5562 Trinitas.
3066 5505 3197 5561 Nam
3216 5498 3412 5562 dictum
3434 5502 3615 5578 (Joan.

2019 5617 2077 5656 tv
2102 5644 2119 5671 ,
2150 5602 2279 5676 “24):
2306 5600 2446 5657 Deus
2472 5602 2686 5673 spiritus
2736 5613 2828 5658 est.
2858 5596 2989 5656 Item
3020 5594 3221 5656 dictum
3274 5615 3302 5653 a
3356 5590 3521 5655 l’aulo
3550 5584 3621 5655 ad

2020 5684 2330 5752 Corinthios
2370 5692 2602 5751 secunda
2636 5686 2721 5767 (II
2774 5692 2891 5749 Cor.
2935 5709 3024 5763 ut,
3069 5690 3161 5762 17)
3196 5710 3209 5747 :
3246 5678 3497 5746 Dominus
3526 5707 3622 5745 au-

2027 5798 2125 5845 tem
2157 5774 2381 5862 Spiritus
2410 5797 2518 5845 est:
2545 5776 2632 5843 ubi
2651 5797 2819 5843 autent
2851 5780 3079 5860 Spiritus
3106 5776 3348 5854 Domini,
3371 5782 3440 5839 ibi
3478 5780 3631 5840 liber-
