4024 6306
375 137 513 198 illi

1523 137 1714 195 MAR"
1759 135 2099 194 VICTORINI
2140 135 2302 195 AFRI

3543 139 3688 197 ιιιξ

373 268 470 312 tas.
505 253 700 326 Utique
743 253 844 310 ista
869 253 937 309 de
966 252 1181 310 Christo
1202 295 1216 319 ,
1252 251 1368 325 ipse
1404 268 1532 309 vero
1559 254 1792 324 Spiritus
1823 269 1978 309 sanc-
2006 255 2056 316 Α
2082 252 2281 309 etenim
2312 252 2390 308 sic
2419 252 2622 308 dictum
2659 262 2774 311 est:
2825 255 3106 328 Sancti/ica
3139 273 3222 311 eos
3269 256 3323 311 in
3353 255 3586 311 veritate.
3622 259 3689 311 Et

375 358 467 404 tus
494 347 670 403 dictus
694 388 710 415 ,
753 362 891 417 quos
922 347 1126 402 sanciat
1152 345 1402 412 Sanctos,
1430 345 1482 400 id
1513 355 1615 412 est,
1644 344 1872 402 Sanctos
1899 345 1980 400 Ia-

374 441 483 506 cit;
517 449 573 496 et
614 447 763 495 certe
792 437 908 510 ipse
933 448 1016 494 est
1064 437 1296 509 Spiritus
1329 438 1455 494 Dei:
1501 439 1679 494 dictus
1722 453 1805 494 eSt
1833 439 1979 495 enim

375 533 698 605 prudentia,
734 533 1029 603 Sapientia,
1083 533 1431 603 omniumque
1482 550 1662 588 rerum
1709 533 1936 588 scientia
1961 574 1976 600 ,

375 627 453 683 ita
481 626 624 684 enim
652 627 720 682 de
750 643 815 682 eo
835 627 1104 697 subjungit
1131 625 1315 698 (Joan.
1349 641 1445 680 xw
1465 668 1481 690 ,
1511 628 1699 698 8-10):
1730 624 1831 680 Ille
1862 643 1983 680 con-

377 726 545 778 vincet
575 723 823 776 ntttndunt
851 723 914 776 de
941 731 1146 793 pet-cato
1167 763 1182 787 ,
1215 732 1261 774 et
1298 720 1361 775 de
1393 721 1628 792 justitia,
1659 731 1702 774 et
1733 720 1797 774 de
1827 720 1979 794 judi-

379 818 479 872 cio.
512 816 591 871 De
616 825 850 887 peccato,
884 814 1090 885 inquit,
1117 815 1359 886 quoniam
1401 815 1453 867 in
1494 830 1573 867 me
1611 831 1712 868 non
1734 815 1980 879 credunt,

380 913 472 968 vel
501 911 643 982 quod
678 910 785 965 vita
821 909 892 964 sit
938 907 1186 964 Christus
1213 951 1228 976 ,
1256 909 1339 964 vel
1363 908 1504 979 quod
1540 910 1634 965 Dei
1691 909 1831 964 lilius
1870 919 1924 964 et
1954 924 1982 964 a

379 1003 494 1058 Deo
521 1003 721 1058 missus
741 1041 755 1065 ,
792 1009 846 1056 et
884 1001 975 1072 qui
1008 1009 1226 1071 peccata
1251 999 1505 1055 dimittat.
1561 1001 1639 1056 De
1654 1002 1860 1069 justitia
1886 1017 1983 1054 au-

381 1107 482 1152 tent
503 1139 516 1159 ,
547 1097 789 1166 quoniam
814 1095 883 1148 ad
914 1092 1119 1148 Patrem
1144 1111 1296 1165 pergo
1318 1111 1336 1148 :
1369 1103 1445 1148 tot
1473 1093 1615 1148 enim
1644 1093 1697 1147 itt
1729 1093 1987 1164 mysterio

381 1188 684 1261 passionis,
742 1188 866 1259 quia
895 1187 1054 1242 ﬁdem
1084 1188 1461 1242 mandatorum
1505 1187 1742 1242 servavit
1781 1196 1836 1242 et
1882 1185 1986 1240 im-

379 1283 579 1355 plevit:
609 1282 805 1352 quippe
831 1297 952 1336 cttm
980 1280 1208 1348 dixerit,
1242 1296 1363 1335 cum
1395 1279 1542 1335 aliud
1582 1281 1744 1335 vellet
1768 1279 1983 1353 (llatth.

379 1393 513 1433 xxvi
535 1418 550 1443 ,
584 1374 708 1449 4‘2):
754 1374 877 1429 Fiat
907 1375 1141 1429 voluntas
1179 1385 1285 1428 tua.
1317 1375 1556 1443 Itemque
1581 1374 1703 1445 quia
1753 1373 1990 1429 monitos

385 1470 767 1540 derelinquens
790 1510 804 1534 ,
825 1468 935 1539 jam
962 1484 1068 1522 non
1103 1467 1177 1522 ita
1202 1467 1464 1522 videndus
1493 1467 1853 1537 relinquebat,
1875 1467 1990 1537 jus-

385 1564 520 1620 titia:
551 1563 685 1630 fuit,
715 1562 782 1616 iis
822 1561 956 1616 actis
984 1560 1233 1616 omnibus
1265 1559 1343 1616 ire
1374 1560 1441 1615 ad
1497 1569 1700 1630 patrem
1721 1602 1734 1624 ,
1784 1575 1881 1614 nec
1911 1559 1991 1616 ire

2088 346 2287 402 veritas
2313 344 2559 402 Christus
2587 358 2699 414 est;
2750 349 3058 406 Paracletus
3099 351 3260 405 etiam
3313 349 3548 421 Spiritus
3603 358 3692 405 est

2083 441 2362 496 veritatis:
2395 455 2524 512 ergo
2555 443 2730 498 omnis
2781 444 2870 514 qui
2919 444 3240 514 baptizatur,
3293 453 3347 498 et
3372 443 3604 500 credere
3629 459 3693 498 se

2083 532 2243 598 (ἧι-ἧι,
2291 543 2346 589 et
2391 534 2548 588 ﬁdem
2591 536 2787 605 accipit
2831 535 3106 603 veritatis,
3159 535 3210 590 id
3257 546 3368 600 est,
3424 534 3690 605 Spiritum

2085 636 2329 681 sanctum
2354 669 2367 690 ,
2398 627 2562 698 (itque
2605 627 2841 682 sanctior
2871 644 2901 681 a
2945 627 3149 699 Spiritu
3188 636 3375 683 sancto
3401 671 3415 694 ,
3462 636 3518 681 et
3565 627 3696 681 ideo

2087 717 2285 772 dictum
2321 719 2374 772 in
2420 718 2567 773 Actis
2598 720 2980 789 Apostolorum
3013 723 3148 777 (Act.
3190 737 3240 785 t,
3291 719 3382 791 8):
3417 720 3525 775 Sed
3555 721 3700 774 acci-

2088 811 2234 882 pietis
2263 812 2519 876 virtutem,
2550 812 2848 867 adveniente
2893 815 2946 867 in
2976 830 3061 868 vos
3107 813 3308 884 Spiritu
3335 823 3536 868 sancto.
3570 811 3698 867 Non

2088 904 2156 959 ad
2194 903 2710 971 sanetilicationent,
2763 906 2857 960 sed
2910 905 3226 970 scientiam,
3274 915 3328 960 et
3377 905 3442 960 ad
3476 921 3540 961 ea
3571 921 3703 976 qua:

2090 996 2336 1067 promisit
2366 997 2417 1050 itt
2447 997 2738 1069 Evangelio
2781 996 3029 1055 Christus
3054 999 3122 1054 de
3146 998 3348 1070 Spiritu
3375 1008 3567 1055 sancto
3593 1041 3610 1064 ,
3645 998 3702 1052 id

2090 1099 2172 1143 est
2193 1131 2208 1156 ,
2235 1089 2303 1144 de
2330 1089 2630 1145 Paracleto.
2652 1090 2890 1146 Primum
2916 1101 2972 1146 ut
2993 1092 3357 1148 testimonium
3378 1093 3446 1148 de
3476 1092 3706 1148 Christo

2091 1183 2268 1250 dicat,
2304 1185 2381 1239 sic
2409 1185 2550 1241 enim
2583 1186 2656 1240 ait
2681 1203 2695 1241 :
2725 1187 2997 1259 Accipietis
3023 1189 3272 1254 virtutem,
3315 1187 3625 1242 adveniente
3653 1188 3709 1240 in

2091 1293 2178 1332 vos
2211 1279 2411 1346 Spiritu
2439 1289 2617 1333 sancto
2637 1321 2652 1346 ,
2708 1290 2754 1334 et
2786 1281 2924 1336 eritis
2957 1281 3078 1334 mihi
3109 1291 3256 1336 testes
3281 1282 3334 1335 in
3375 1281 3710 1336 Jerusalem.

2095 1371 2200 1427 Sed
2231 1382 2285 1427 et
2309 1371 2483 1428 Lucas
2510 1372 2640 1427 dicit
2672 1373 2886 1445 (Joann.
2917 1389 2989 1428 vtt
3009 1416 3023 1439 ,
3050 1373 3140 1446 59)
3169 1393 3182 1428 :
3213 1371 3464 1428 Nondum
3491 1374 3716 1443 quidem

2094 1467 2250 1521 misso
2283 1465 2507 1538 Spiritu.
2541 1467 2658 1522 Jam
2693 1479 2872 1524 tamen
2921 1468 3285 1524 tcsdnmnium
3310 1469 3462 1525 dicit.
3497 1469 3720 1524 Paulus

2096 1570 2274 1616 tamen
2306 1560 2360 1616 in
2388 1561 2639 1616 omnibus
2665 1561 2906 1633 epistolis
2935 1565 3048 1619 suis
3072 1563 3198 1635 quid
3227 1563 3370 1619 aliud
3397 1563 3508 1634 agit
3531 1605 3547 1630 ,
3600 1563 3721 1617 nisi

388 1657 456 1713 ad
482 1666 686 1727 patrem
736 1664 972 1720 tantum,
1003 1654 1098 1708 sed
1125 1669 1246 1708 cum
1281 1652 1374 1708 illo
1401 1652 1511 1723 jam
1543 1668 1695 1708 esse:
1728 1652 1859 1706 Nam
1905 1652 1987 1707 id-
2025 1652 2068 1711 Β
2097 1653 2166 1709 de
2195 1653 2415 1709 Christo
2465 1655 2834 1711 testimonium
2888 1656 3054 1712 dicit?
3108 1667 3162 1712 et
3212 1665 3332 1729 post
3385 1657 3722 1712 abscessum

389 1748 538 1803 circo
564 1746 763 1802 dicitur
791 1744 951 1817 (Ibid.
981 1787 996 1810 ,
1039 1743 1161 1815 64):
1215 1745 1370 1800 Sedet
1395 1745 1463 1798 ad
1504 1744 1765 1799 dexteram
1798 1742 1993 1800 Patris.

387 1841 470 1897 De
487 1843 726 1914 judicio:
771 1842 1015 1912 quoniam
1056 1840 1291 1909 princeps
1337 1840 1492 1912 hujus
1522 1839 1700 1894 mundi
1737 1839 1997 1908 judicatus

388 1948 496 1992 est:
530 1934 793 2008 mysterio
822 1933 964 1990 enim
996 1933 1172 1989 crucis
1197 1950 1387 1991 omnes
1413 1935 1652 1990 adversa:
1683 1934 1898 1990 Christo
1931 1935 1998 1988 ah

390 2029 585 2086 eodem
627 2029 845 2085 Christo
890 2028 1231 2100 triumphatae
1279 2039 1404 2085 sunt
1457 2041 1768 2101 potestates.
1825 2029 1996 2099 Haec,

389 2122 597 2193 inquit,
627 2122 824 2176 docebit
852 2120 1079 2192 Spiritus
1106 2132 1333 2176 sanctus.
1357 2122 1494 2191 Quid
1537 2121 1792 2194 eligitur?
1819 2121 1894 2177 De
1915 2139 1999 2176 sa-

391 2213 506 2269 lute
537 2213 852 2286 mysterium
877 2213 1190 2270 Paracletus
1212 2215 1482 2285 complet,
1511 2224 1567 2270 et
1595 2230 1701 2270 non
1733 2216 1998 2286 completa

395 2305 644 2362 Christus
673 2306 935 2362 abscidit:
965 2310 1046 2364 An
1084 2307 1207 2379 quia
1240 2307 1381 2363 idem
1424 2308 1540 2378 ipse
1563 2306 1811 2363 Christus
1835 2320 1916 2364 est
1947 2319 2003 2364 et

394 2401 632 2472 Spiritus
657 2411 907 2470 sanctus,
954 2402 1039 2458 vel
1068 2401 1189 2473 quia
1223 2401 1339 2471 ipse
1366 2418 1488 2456 eum
1521 2401 1716 2468 mittit,
1749 2402 1832 2457 vel
1877 2400 2000 2473 quia

395 2492 630 2564 Spiritus
684 2492 847 2549 habet
897 2492 1079 2549 omnia
1129 2492 1364 2550 Christi?
1416 2493 1589 2549 liabet
1634 2493 1850 2562 omnia,
1907 2509 2003 2565 per

396 2585 672 2643 Christum
697 2587 1024 2644 celebratur.

471 2679 612 2736 XVI.
645 2680 714 2736 Et
745 2689 924 2737 tamen
950 2679 1230 2736 videamus
1271 2680 1400 2753 quid
1431 2690 1647 2738 acturus
1673 2690 1756 2738 est
1781 2724 1796 2748 ,
1827 2681 2001 2752 Spiri-

398 2782 488 2830 tus
529 2771 809 2829 scientiam
855 2773 1079 2829 daturus
1119 2781 1431 2844 gestorum,
1478 2783 1530 2830 et
1581 2773 2002 2830 insinuationem

403 2867 680 2935 scientiae,
706 2867 862 2939 quasi
889 2867 997 2922 vim
1031 2867 1358 2934 testimonii,
1405 2883 1469 2924 ac
1498 2869 1667 2940 magis
1691 2868 1879 2939 judicii
1911 2869 2005 2922 ba-

399 2962 613 3019 hiturus
633 3004 648 3027 ,
682 2962 767 3017 vel
793 2962 858 3016 ad
883 2961 1254 3033 paenitentiam
1286 2963 1372 3018 vel
1399 2961 1465 3017 ad
1495 2978 1706 3033 ptenam
1731 2980 1745 3028 ;
1794 2963 1857 3016 de
1883 2979 2002 3034 pec-

2097 1745 2334 1813 Christi,
2358 1747 2506 1804 solus
2531 1747 2807 1803 Christum
2842 1749 2976 1804 vidit
3000 1759 3053 1805 ct
3093 1749 3196 1804 soli
3223 1750 3492 1820 apparuit.
3533 1749 3727 1817 Spirio

2102 1846 2186 1892 tus
2239 1855 2368 1909 ergo
2423 1855 2519 1910 per
2562 1839 2868 1907 Christum,
2921 1849 2977 1897 et
3003 1840 3251 1897 Christus
3298 1858 3393 1912 per
3440 1842 3722 1912 Spiritum

2100 1942 2342 1988 sanctum
2375 1932 2564 1988 adfuit.
2618 1935 2747 1990 Item
2777 1935 2906 1990 dit-it
2956 1935 3320 1992 testimonium
3370 1935 3619 1992 Joannes
3665 1946 3726 1993 ct

2100 2023 2294 2080 Petrus
2351 2025 2399 2096 (ι
2433 2024 2592 2081 Joan.
2633 2043 2681 2094 ι,
2717 2028 2774 2115 ί)
2804 2046 2816 2081 :
2852 2028 3003 2096 Quod
3040 2031 3352 2096 audivimus,
3400 2030 3541 2100 quod
3570 2032 3720 2084 sidi—

2103 2136 2214 2174 mus
2237 2161 2251 2185 ,
2297 2121 2434 2189 quod
2459 2121 2800 2194 palpavimus.
2833 2124 2899 2178 Et
2949 2123 3001 2178 in
3054 2124 3205 2180 Actis
3238 2124 3629 2194 Apostolorum
3666 2147 3684 2178 ι
3705 2137 3726 2180 t

2105 2211 2250 2282 ipse,
2283 2220 2338 2266 et
2365 2211 2538 2268 Lucas
2567 2214 2658 2285 qui
2688 2215 2905 2286 scripsit
2931 2216 2999 2272 de
3040 2217 3142 2284 iis,
3170 2217 3236 2273 de
3269 2216 3434 2272 David
3472 2217 3549 2272 ita
3575 2218 3728 2273 dicit

2107 2303 2243 2376 (Act.
2275 2319 2310 2358 Il
2338 2346 2352 2370 ,
2383 2303 2578 2378 50-52)
2607 2321 2620 2359 :
2654 2305 2914 2378 Propheta
2961 2325 3076 2361 cum
3105 2318 3270 2376 esset,
3313 2320 3360 2364 et
3397 2311 3565 2364 sciens
3590 2313 3724 2382 quia

2098 2399 2444 2472 jurejurando
2478 2402 2706 2471 jurasset
2744 2401 2824 2456 illi
2870 2401 3039 2470 Deus;
3065 2419 3130 2457 ea:
3167 2407 3337 2476 [ructu
3377 2407 3568 2459 ventris
3598 2408 3724 2476 ejus

2106 2491 2280 2547 sedere
2326 2508 2479 2563 super
2510 2494 2748 2562 thronum
2793 2496 2966 2561 illius,
3000 2499 3273 2568 providens
3313 2498 3515 2554 locutus
3543 2511 3618 2554 est
3654 2501 3726 2556 de

2106 2585 2479 2638 resurrectione
2505 2584 2731 2641 Christi:
2759 2587 2879 2657 quia
2910 2604 3069 2657 neque
3094 2589 3304 2644 relictus
3334 2600 3405 2644 est
3447 2591 3498 2643 in
3545 2591 3727 2662 infer-

2107 2693 2173 2731 no
2196 2718 2210 2743 ,
2235 2693 2396 2746 neque
2425 2694 2545 2732 caro
2576 2680 2687 2749 ejus
2716 2680 2836 2735 vidit
2861 2683 3257 2752 corruptionem.
3293 2681 3445 2736 Hunc
3472 2699 3597 2754 ergo
3621 2683 3725 2738 Je-

2107 2786 2221 2824 sunt
2250 2772 2570 2825 resuscitavit
2597 2770 2736 2826 Deus
2759 2813 2776 2839 ,
2827 2774 2978 2836 cuius
3005 2791 3098 2829 nos
3127 2791 3301 2829 omnes
3327 2784 3475 2830 testes
3503 2793 3721 2832 sumus.

2107 2861 2336 2930 Quando
2362 2862 2462 2918 ista
2492 2862 2676 2918 dicunt
2700 2863 2962 2936 (Ibid.,2,
2981 2863 3037 2936 4)
3062 2883 3076 2919 :
3100 2865 3232 2922 Cum
3247 2867 3362 2938 jam
3393 2869 3566 2940 factus
3587 2879 3724 2924 esset

2109 2960 2173 3014 de
2199 2961 2325 3015 caelo
2353 2977 2539 3027 sonus,
2585 2972 2631 3016 et
2655 2972 2895 3032 tanquam
2935 2963 2989 3016 vi
3019 2979 3204 3034 magna
3229 3005 3244 3026 ,
3294 2963 3525 3034 Spiritus
3554 2966 3726 3033 [erre-

399 3066 545 3121 cato,
598 3054 809 3125 inquit,
842 3056 976 3125 quod
1005 3056 1057 3109 in
1101 3071 1181 3108 me
1225 3071 1328 3108 non
1375 3055 1719 3110 crediderunt.
1755 3055 1898 3126 Ergo
1949 3065 2008 3110 ut
2034 3049 2080 3112 C
2111 3063 2213 3120 tur,
2241 3055 2328 3124 qui
2370 3055 2578 3127 replevit
2607 3064 2762 3109 totam
2793 3055 3034 3123 domum,
3066 3067 3114 3112 et
3152 3056 3330 3127 repleti
3359 3067 3476 3111 sunt
3506 3057 3723 3128 Spiritu

399 3148 536 3205 sciat
564 3148 794 3204 mundus
839 3149 950 3218 jam
979 3163 1194 3218 plenam
1223 3164 1395 3204 suam.
1429 3147 1508 3203 De
1548 3149 1754 3222 justitia
1797 3159 1965 3202 autem
1991 3191 2005 3214 ,

398 3242 538 3313 quod
564 3242 633 3295 ad
660 3241 869 3296 Patrem
913 3241 1064 3296 vado.
1099 3241 1164 3296 Et
1194 3241 1294 3296 hoc
1318 3250 1494 3312 potest
1517 3257 1639 3297 esse
1667 3241 1735 3297 de
1782 3252 2006 3313 peccato

401 3333 547 3405 quod
601 3331 800 3402 injuste
829 3331 1075 3388 fecerunt
1141 3333 1232 3405 qtti
1261 3349 1383 3390 eum
1415 3334 1482 3388 in.
1515 3350 1732 3390 crucem
1777 3334 2009 3390 sustule-

403 3435 561 3493 runt,
591 3424 714 3496 quia
758 3438 819 3480 se
864 3422 1034 3480 lilium
1067 3425 1164 3480 Dei
1192 3426 1422 3482 dicebat.
1456 3427 1526 3482 Et
1555 3443 1698 3482 nunc
1727 3427 1902 3498 pergit
1939 3427 2008 3482 ad

401 3531 635 3593 patrem,
664 3521 806 3591 quod
836 3521 965 3576 item
983 3519 1087 3576 etit
1113 3521 1376 3586 omnium,
1407 3522 1453 3576 si
1484 3523 1536 3576 in
1568 3523 1732 3578 Deum
1761 3526 2006 3594 credant,

405 3623 462 3672 et
507 3613 706 3670 faciant
737 3613 832 3670 Dei
854 3613 1037 3686 jussa:
1095 3624 1231 3669 utet
1280 3613 1386 3684 ipsi
1414 3615 1480 3668 ad
1515 3625 1720 3684 patrem
1754 3629 2005 3686 pergant:

401 3711 765 3784 juSIilicantur
790 3711 957 3779 enim,
989 3727 1110 3766 nam
1142 3711 1293 3778 (Gen.
1324 3727 1416 3777 xv,
1443 3710 1534 3782 6):
1562 3711 1821 3766 Abraham
1847 3714 2012 3768 credi-

405 3807 515 3874 dit,
537 3814 582 3860 et
605 3816 892 3876 reputatum
920 3815 994 3860 est
1013 3807 1058 3860 ei
1078 3806 1146 3858 ad
1159 3807 1440 3878 justitiam.
1477 3805 1681 3861 Deinde
1707 3807 1770 3860 de
1782 3809 2008 3877 judicio,

403 3898 609 3970 inquit,
645 3900 782 3969 quod
814 3900 1049 3969 princeps
1087 3900 1268 3952 mundi
1310 3899 1577 3971 judicatus
1621 3900 1706 3952 sit.
1757 3899 1880 3954 llmc
1903 3945 1917 3967 ,
1954 3910 2012 3954 ιιι

407 3995 668 4062 cernitur,
702 4009 808 4049 non
865 3993 930 4048 ad
976 3994 1225 4059 salutem,
1255 4009 1374 4063 qua:
1415 3993 1526 4062 jam
1560 4009 1588 4046 a
1616 3992 1830 4047 Christo
1859 4010 2008 4048 cont-

405 4089 548 4161 pleta
599 4096 715 4154 est,
749 4087 842 4143 sed
872 4086 1146 4159 pertinent
1195 4086 1260 4140 ad
1313 4085 1594 4142 scientiam
1627 4103 1803 4142 rerum
1835 4098 2012 4157 gesta-

404 4198 548 4238 l'ttm.
592 4180 690 4236 Est
719 4180 862 4235 enim
918 4189 1070 4249 pater
1119 4179 1346 4249 loquens
1400 4179 1710 4245 silentium,
1763 4178 2011 4236 Christus

406 4291 512 4330 vox
534 4317 548 4340 ,
581 4272 892 4329 Paracletus
921 4286 1024 4326 vox
1055 4269 1226 4326 vocis.
1259 4270 1401 4340 Ergo
1433 4270 1667 4340 Spiritus
1699 4285 1916 4326 sanctus
1956 4272 2009 4327 itt

405 4367 512 4422 isto
549 4375 669 4421 actu
699 4365 833 4419 alter
856 4362 1167 4417 Paracletus
1188 4403 1204 4427 ,
1241 4361 1293 4415 itt
1319 4361 1506 4416 salutis
1529 4362 1786 4433 mysterio
1814 4377 2011 4434 coope-

2111 3155 2320 3212 sancto,
2380 3156 2427 3201 et
2470 3158 2730 3217 coeperunt
2760 3148 2898 3216 loqui
2926 3149 3082 3202 variis
3135 3148 3342 3220 linguis.
3378 3149 3585 3205 Deinde
3631 3151 3724 3206 di-

2111 3249 2241 3296 cunt
2269 3239 2514 3310 Apostoli
2542 3240 2609 3296 de
2649 3251 2871 3312 peccato
2900 3242 3105 3308 mundi,
3139 3244 3281 3312 quod
3328 3259 3433 3299 non
3481 3245 3725 3301 credidit

2111 3332 2361 3400 Christo,
2387 3333 2441 3388 in
2468 3334 2618 3390 Actis
2665 3334 2736 3389 ita
2770 3333 2928 3404 (Ibid.
2951 3377 2967 3401 ,
2997 3333 3218 3405 22-24):
3250 3335 3396 3392 Sicut
3421 3353 3511 3391 vos
3530 3338 3676 3392 scitis
3701 3379 3720 3404 ,

2113 3425 2249 3479 hunc
2274 3426 2472 3481 decreto
2499 3428 2711 3482 consilio
2741 3437 2786 3481 et
2833 3429 3152 3498 pra’scientia
3182 3427 3284 3483 Dei
3332 3430 3582 3484 traditum
3627 3448 3726 3500 per

2113 3535 2297 3573 manus
2323 3519 2564 3574 scelestas
2583 3562 2598 3587 ,
2641 3529 2688 3574 et
2716 3519 2989 3590 sufﬁxistis
3013 3537 3128 3575 eum
3169 3523 3345 3589 cruci,
3378 3533 3425 3576 et
3455 3523 3724 3578 occidistis

2113 3630 2261 3684 quem
2284 3612 2421 3668 Deus
2441 3615 2723 3669 suscitavit.
2757 3615 2887 3670 Item
2934 3614 2986 3669 in
3020 3615 3169 3670 Actis
3189 3615 3601 3686 Apostolorum,
3631 3633 3722 3673 re-

2114 3705 2320 3760 ferente
2352 3705 2513 3760 Petro
2541 3705 2704 3779 (Ibid.
2737 3706 2828 3779 54)
2857 3725 2868 3760 :
2903 3705 3073 3762 David
3100 3725 3200 3762 non
3223 3709 3511 3763 ascendisse
3535 3712 3592 3764 in
3621 3727 3726 3765 cte-

2116 3798 2258 3862 lum,
2307 3799 2397 3854 sed
2424 3801 2617 3854 dixisse
2660 3799 2731 3853 ita
2770 3815 2788 3854 :
2821 3797 2966 3854 Dixit
2999 3799 3248 3856 Dominus
3287 3801 3508 3856 Domino
3564 3819 3680 3858 meo
3703 3846 3722 3869 ,

2113 3896 2232 3949 sede
2260 3895 2328 3947 ad
2355 3896 2638 3949 dexteram.
2665 3895 2776 3950 lluc
2805 3894 2967 3948 etiam
2997 3895 3194 3950 Paulus
3220 3895 3358 3951 dixit
3386 3897 3568 3967 (Rom.
3604 3915 3724 3962 vnt,

2115 3988 2240 4061 34):
2278 3989 2378 4057 Qui
2407 3990 2714 4054 resurrexit,
2745 3991 2830 4060 qui
2875 3999 2947 4044 est
2978 3991 3028 4044 in
3056 3991 3264 4046 dextera
3289 3989 3406 4046 Dei.
3451 3994 3596 4064 Ergo
3625 3994 3727 4048 do—

2115 4091 2344 4136 cuerunt
2379 4081 2518 4151 quod
2569 4091 2690 4152 post
2738 4083 3188 4139 resurrectionem
3232 4084 3299 4138 ad
3339 4085 3556 4142 Patrem
3603 4086 3722 4144 ivit.

2117 4176 2260 4230 Idem
2292 4191 2412 4230 mox
2446 4177 2642 4245 adjecit
2673 4174 2905 4249 (Ibid):
2942 4179 3040 4244 Qui
3071 4191 3116 4232 et
3165 4179 3452 4248 interpellat
3484 4178 3720 4234 Patrem.

2119 4271 2257 4339 Ergo
2287 4272 2332 4326 si
2359 4269 2606 4326 Christus
2638 4271 2979 4339 interpellat,
3028 4270 3334 4325 Pat‘acletns
3381 4271 3546 4326 etiam
3579 4273 3720 4342 ipse.

2119 4362 2247 4419 Item
2281 4363 2334 4418 in
2386 4362 2564 4428 Aetis,
2597 4363 2738 4434 quod
2784 4361 2850 4416 ad
2898 4373 3104 4434 patrem
3154 4362 3307 4431 ierit,
3348 4363 3722 4421 testimonium

406 4471 554 4515 rator
605 4468 663 4512 ut
717 4456 965 4511 Christus
996 4496 1010 4520 ,
1058 4455 1109 4508 in
1153 4453 1357 4524 Spiritu
1389 4470 1521 4509 vero
1562 4454 2007 4510 sattctilicatimtis
2033 4453 2085 4513 D
2114 4472 2194 4516 est
2223 4461 2359 4532 (Act.
2394 4477 2443 4526 ι,
2476 4461 2530 4526 9,
2572 4461 2696 4532 10):
2757 4458 3057 4514 Videntibus
3101 4459 3207 4514 illis
3236 4461 3454 4516 elevatus
3501 4471 3575 4515 est
3603 4477 3624 4516 :
3676 4473 3723 4516 et

407 4552 551 4624 quod
583 4552 743 4607 Deus.
779 4549 836 4602 Si
867 4549 1030 4619 igitur
1061 4558 1113 4603 et
1144 4547 1246 4602 hoc
1271 4545 1432 4601 modo
1451 4545 1703 4602 Christus
1727 4548 1869 4618 quod
1900 4548 2009 4618 Spi-

405 4649 562 4708 ritus,
584 4645 678 4700 sed
710 4646 846 4699 DeUS
894 4644 946 4698 in
978 4642 1233 4713 mysterio
1258 4652 1473 4697 attenta:
1502 4641 1623 4696 vitae
1649 4641 1916 4708 Christus,
1953 4643 2003 4698 iu

407 4736 832 4796 sanctiﬁcatione
874 4735 1106 4805 Spiritus
1153 4746 1406 4798 sanctus,
1463 4734 1766 4789 sanctiﬁcat
1825 4745 2002 4790 autem

407 4834 550 4886 Deus
571 4872 585 4895 ,
614 4839 669 4882 ut
695 4828 892 4881 dictum
928 4827 1142 4898 (Joanu.
1183 4842 1327 4890 xvu,
1363 4825 1451 4899 l7)
1479 4845 1490 4880 :
1533 4827 1814 4895 Sancti/ica
1839 4845 1922 4880 eos
1954 4829 2004 4882 iu

402 4925 612 4978 veritate
632 4963 644 4985 ,
673 4920 808 4990 patti
833 4920 970 4975 lilins
992 4920 1146 4987 dicit,
1177 4935 1306 4990 ergo
1336 4920 1637 4975 sanctiﬁcat
1666 4932 1837 4991 pater.
1875 4922 2000 4975 Item

404 5017 651 5073 Christus
680 5014 1019 5076 sanctificat,
1068 5021 1123 5066 ttt
1151 5011 1352 5067 dictum
1402 5011 1600 5085 (lbid.,
1637 5014 1766 5081 19):
1801 5013 1866 5066 Et
1912 5032 2003 5084 pro

406 5112 470 5165 iis
495 5109 758 5178 sancti/ica
791 5124 868 5160 me
894 5107 1083 5178 ipsum,
1111 5117 1164 5160 ut
1188 5107 1288 5160 siut
1317 5107 1412 5175 ipsi
1435 5107 1745 5176 sancti/lculi
1776 5109 1826 5160 in
1877 5111 2006 5162 veri-

405 5215 525 5259 tate.
555 5204 686 5258 ltem
719 5201 1017 5257 sanctilicat
1059 5199 1290 5270 Spiritus
1328 5209 1544 5256 sanctus
1564 5241 1577 5264 ,
1607 5217 1726 5255 nam
1758 5211 1811 5256 et
1837 5201 2010 5272 bapti-

403 5313 527 5351 zare
578 5294 644 5348 ad
693 5293 1170 5349 sattctitieationem
1224 5293 1492 5365 pertinet:
1537 5293 1736 5349 dictum
1769 5309 1897 5364 ergo
1950 5295 2006 5351 in

404 5391 558 5450 Actis
607 5391 982 5458 Apostolorum
1023 5388 1184 5458 (Act.
1224 5405 1272 5455 ι,
1321 5388 1407 5460 5):
1453 5386 1682 5441 Joannes
1731 5387 2006 5457 baptizavit

403 5490 539 5556 aqua
556 5525 570 5550 ,
600 5499 686 5537 vos
705 5493 874 5536 autent
902 5483 1104 5554 Spiritu
1125 5491 1300 5536 sancto
1324 5482 1608 5553 tingemini.
1633 5481 1784 5550 Quod
1813 5498 2004 5552 snper-

402 5579 542 5633 Iudit
565 5591 625 5631 se
654 5575 758 5630 illis
786 5575 851 5630 ad
881 5574 1194 5631 scientiam:
1239 5588 1361 5628 nam
1384 5573 1495 5643 jam
1537 5573 1858 5630 sanctiﬁcati
1886 5575 2002 5632 fue-

393 5680 522 5727 runt
548 5667 836 5739 baptismo,
850 5669 1105 5726 invocato
1132 5667 1245 5725 Deo
1269 5665 1523 5735 Christo;
1556 5665 1781 5739 Spiritui
1808 5677 1995 5728 sancto

2111 4556 2268 4612 nubes
2295 4557 2517 4625 suscepit
2543 4572 2659 4609 eum
2687 4557 2751 4610 ab
2794 4555 2954 4609 oculis
2987 4556 3256 4626 ipsorum;
3299 4571 3518 4624 cumque
3552 4557 3724 4611 intue-

2110 4661 2284 4704 rentur
2309 4659 2510 4703 euntem
2535 4649 2683 4702 illum
2708 4649 2762 4702 in
2791 4647 2975 4702 caelum
2993 4689 3008 4714 ,
3037 4655 3092 4702 et
3123 4647 3347 4718 reliqua.

2181 4741 2346 4797 XVII.
2382 4743 2528 4797 Dicta
2560 4751 2685 4796 sunt
2711 4742 2821 4810 jam
2854 4740 2955 4794 tria
2986 4740 3053 4795 de
3101 4740 3410 4796 testimonio
3444 4741 3498 4795 in
3533 4741 3724 4798 Chris—

2110 4845 2258 4902 tum,
2289 4835 2356 4890 de
2405 4843 2660 4904 peccato,
2691 4834 2758 4888 de
2781 4833 3025 4903 jusxitia,
3063 4848 3204 4887 nunc
3251 4832 3319 4887 de
3366 4833 3596 4902 judicio.
3627 4835 3721 4893 Sic

2110 4944 2204 4999 per
2231 4926 2488 4996 Spiritum
2543 4935 2785 4982 sanctum
2818 4925 3027 4980 locutus
3075 4925 3269 4981 Paulus
3316 4925 3382 4980 ad
3434 4926 3720 4985 Romanos

2109 5019 2289 5090 (Rom.
2339 5038 2462 5090 XVI,
2491 5020 2584 5093 20)
2612 5037 2625 5074 :
2657 5019 2798 5074 Deus
2843 5030 3013 5074 autem
3041 5021 3180 5090 pacis
3204 5031 3426 5076 conteret
3456 5022 3718 5078 Satanam

2109 5112 2201 5166 sub
2232 5112 2444 5183 pedibus
2492 5113 2669 5166 vestris
2699 5111 2954 5166 velociter.
3001 5110 3130 5165 Item
3163 5111 3280 5182 ipse
3327 5112 3392 5166 ad
3443 5113 3717 5184 Ephesios

2113 5204 2329 5278 (Ephes.
2363 5220 2416 5260 tv
2441 5248 2457 5270 ,
2489 5204 2579 5278 8):
2620 5204 2720 5273 Qui
2761 5203 2990 5260 ascendit
3036 5204 3088 5258 in
3138 5205 3413 5260 altitudine
3456 5209 3716 5277 captivam

2114 5300 2260 5354 duxit
2282 5297 2642 5371 captivitatem.
2664 5296 2796 5353 Item
2816 5297 2868 5351 in
2895 5297 2932 5350 A
2944 5281 3219 5369 pocalypsi
3243 5297 3355 5368 ipse
3371 5297 3502 5353 dixit
3522 5301 3712 5373 (Apoc.

2109 5409 2150 5459 ι,
2179 5392 2266 5463 18)
2291 5390 2385 5448 :Et
2416 5390 2576 5444 habeo
2596 5391 2762 5445 claves
2789 5389 2967 5444 mortis
2992 5399 3041 5444 et
3073 5389 3246 5460 inferi.
3271 5390 3490 5446 ltemibi
3519 5393 3709 5465 (Apoc.

2106 5501 2212 5552 xu,
2241 5485 2330 5554 7):
2365 5483 2433 5538 Et
2478 5487 2671 5555 factum
2699 5493 2772 5538 est
2813 5483 3049 5552 prtvlium
3078 5482 3132 5536 in
3172 5483 3330 5551 ccelo,
3387 5483 3620 5541 Michael
3666 5497 3715 5542 et

2103 5579 2273 5650 angeli
2297 5578 2406 5646 eius
2435 5577 2686 5632 bellarunt
2716 5578 2959 5632 adversus
3004 5577 3300 5633 draconem.
3340 5578 3408 5634 Et
3454 5589 3606 5636 totus
3635 5581 3716 5638 lo~

2099 5685 2194 5728 cus
2221 5670 2558 5728 demonstrat
2583 5667 2853 5728 diabolum
2878 5667 3195 5741 iudicatum.
3228 5668 3362 5727 Cum
3407 5667 3573 5744 igitur
3621 5687 3718 5746 ap-
