4024 6306
218 244 356 313 1115

1327 238 1693 299 ADVERSUS
1733 239 1950 300 ARIUM
1989 240 2190 301 LIBER
2229 240 2317 299 ιν.

3373 241 3514 303 HN»

215 360 499 433 probatum
528 353 630 424 sit,
661 365 771 413 tres
822 355 951 413 istas
1001 354 1304 428 potentias,
1335 367 1391 412 et
1418 357 1714 424 communi,
1759 366 1813 413 et
1837 360 1891 419 Α
1917 373 2045 429 ergo
2085 359 2338 414 alterum.
2385 356 2491 413 Sed
2542 355 2813 429 quomodo
2850 356 3121 415 alterum?
3162 373 3291 415 cum
3334 360 3389 416 in
3445 375 3512 415 eo
3556 434 3557 437 η

214 450 437 525 proprio
465 460 588 519 actu
629 458 684 506 et
715 450 1015 507 substantia
1063 450 1288 515 eadem,
1336 450 1595 507 unitatem
1645 451 1815 508 deita-

217 552 434 615 temque
457 541 758 608 coniicere;
816 557 922 598 non
976 542 1096 598 sine
1144 540 1354 598 ratione
1393 557 1573 598 rerum
1623 541 1675 597 in
1707 542 1814 599 duo

216 635 320 693 ista
349 648 688 700 revocantur,
739 636 793 691 in
824 635 1018 692 Filium
1049 649 1112 690 ac
1159 634 1408 691 Patrem:
1441 635 1639 692 etenim
1689 650 1810 691 eum

218 732 372 805 quasi
397 732 642 806 geminus
674 732 789 802 ipse
815 732 975 788 Pater
997 732 1099 798 sit,
1130 731 1417 789 existentia
1445 742 1496 787 et
1547 732 1687 787 actio
1711 774 1726 799 ,
1759 731 1812 787 id

219 837 333 893 est,
363 826 659 883 substantia
692 836 747 884 et
777 838 983 894 metus,
1015 827 1109 883 sed
1147 828 1292 883 intus
1322 837 1521 894 motus,
1548 824 1814 903 αὐτόγονος

217 932 430 987 metus,
458 920 644 977 ethoc
686 920 830 993 quod
860 920 1159 976 substantia
1210 929 1294 979 est
1323 931 1533 988 motus,
1567 935 1815 977 necessa-

215 1015 300 1072 rio
326 1026 380 1072 et
407 1014 576 1072 Filius
599 1058 614 1083 ,
663 1030 784 1071 eum
827 1015 898 1072 sit
927 1028 1141 1083 motus,
1170 1026 1227 1074 et
1277 1014 1548 1092 αὐτόγονος
1598 1026 1809 1085 motus,

216 1108 405 1166 eadem
431 1108 730 1164 substantia
758 1116 871 1165 est:
901 1109 1089 1165 eadem
1117 1108 1260 1165 enim
1290 1108 1407 1165 haec
1433 1108 1574 1165 inter
1597 1125 1657 1165 se
1696 1109 1815 1165 sine

215 1201 595 1274 conjunctione
624 1216 789 1257 unum
820 1211 985 1268 sunt,
1031 1210 1085 1257 et
1113 1201 1232 1258 sine
1277 1201 1647 1274 geminatione
1684 1203 1815 1258 sim-

217 1295 372 1365 plex,
420 1309 519 1350 suo
549 1303 608 1351 ut
645 1294 867 1366 proprio
897 1294 1164 1352 existeudi
1220 1310 1472 1364 versum,
1525 1296 1579 1352 vi
1633 1308 1810 1354 autem

214 1388 601 1459 potentiaque:
652 1387 775 1460 quia
827 1403 1097 1459 nunquam
1152 1387 1271 1443 sine
1322 1388 1491 1444 altero
1541 1390 1802 1458 alterum,

213 1495 380 1536 unum
410 1490 574 1552 atque
598 1479 739 1536 idem
771 1490 976 1537 tantum
1002 1491 1163 1548 actu;
1193 1482 1288 1539 sed
1316 1485 1404 1555 qui
1436 1483 1568 1540 foris
1596 1496 1681 1541 est
1708 1526 1723 1551 ,
1755 1486 1809 1540 in

214 1572 505 1645 passiones
556 1571 865 1641 incidi-nte,
896 1573 1002 1629 alio
1056 1582 1235 1630 autem
1292 1575 1549 1632 interiore
1597 1592 1812 1646 semper

216 1672 476 1720 manente
501 1674 662 1736 atque
691 1675 898 1722 :eterno
921 1707 935 1732 ,
959 1666 1160 1739 quippe
1197 1667 1444 1739 originali
1472 1679 1528 1724 et
1556 1668 1807 1725 substan-

1921 451 2062 523 quod
2093 452 2240 519 vivit,
2273 453 2380 507 vita
2419 452 2510 518 sit,
2539 461 2593 508 et
2617 452 2671 507 in
2701 467 2767 509 eo
2798 452 2940 524 quod
2974 454 3081 509 vita
3113 462 3219 520 est,
3248 454 3391 509 vivat
3417 469 3512 510 ue-

1918 558 2071 601 cesse
2094 555 2177 601 est
2207 565 2218 600 :
2250 562 2355 601 non
2383 546 2526 602 enim
2549 556 2695 603 caret
2721 545 2825 602 vita
2848 546 2992 618 quod
3016 547 3163 616 vivit,
3183 556 3275 603 aut
3300 563 3421 605 cum
3444 549 3515 606 sit

1918 640 2024 695 vita
2052 655 2156 695 non
2186 640 2314 698 vivit
2341 657 2355 696 :
2384 640 2613 696 alterum
2645 641 2811 713 igitur
2847 641 2901 697 in
2941 642 3134 708 altero,
3160 653 3214 698 et
3239 658 3304 698 ex
3330 642 3434 698 hoc
3459 643 3510 698 in

1917 732 2156 802 quolibet
2181 733 2353 788 altero
2378 733 2485 789 duo
2514 751 2526 790 :
2556 742 2611 790 et
2634 733 2681 789 si
2710 744 2767 789 ut
2797 733 2938 801 duo,
2972 750 3076 791 non
3114 744 3169 790 ut
3206 750 3341 807 pure
3379 734 3510 804 duo,

1918 823 2116 893 quippe
2136 838 2259 879 cum
2286 825 2514 882 alterum
2539 826 2591 881 in
2619 826 2812 895 altero,
2842 835 2897 883 et
2924 827 2976 883 id
3008 829 3061 884 in
3088 837 3339 901 utroque,
3369 828 3511 886 idem

1917 930 2068 988 ergo.
2097 918 2201 974 Sed
2231 918 2373 975 idem
2401 920 2452 974 iu
2480 918 2689 976 duobus
2719 930 2820 984 est.
2852 930 2907 978 et
2932 937 2963 977 a
3000 937 3059 978 se
3096 923 3235 978 alter
3264 941 3276 977 :
3310 924 3355 978 is
3383 938 3513 995 ergo

1919 1022 1972 1067 et
1999 1011 2140 1068 idem
2167 1024 2268 1079 est,
2298 1023 2353 1070 et
2382 1016 2609 1071 alterum
2641 1015 2691 1069 in
2724 1015 2965 1085 quolibet
2992 1015 3185 1073 horum
3216 1016 3415 1089 aliquo.
3442 1019 3512 1076 At

1916 1104 1961 1159 si
1998 1104 2137 1161 idem
2174 1115 2276 1174 est,
2319 1117 2373 1163 et
2412 1108 2479 1164 ad
2523 1125 2583 1165 se
2629 1118 2915 1182 utrumque
2942 1110 3084 1167 idem
3114 1120 3168 1168 ει
3196 1127 3360 1167 unum
3392 1120 3509 1179 est;

1916 1198 2193 1269 quodlibet
2237 1200 2381 1256 enim
2430 1201 2600 1257 altero
2631 1202 2895 1259 existente
2940 1203 3080 1275 quod
3110 1203 3341 1261 alterum
3395 1214 3508 1273 est,

1915 1302 2165 1348 neutrum
2214 1306 2269 1349 ut
2317 1295 2623 1367 geminum;
2676 1312 2806 1369 ergo
2849 1297 2893 1352 si
2938 1306 3223 1370 utrumque
3263 1299 3366 1355 hoc
3395 1300 3511 1371 ipso

1916 1388 2059 1458 quod
2086 1398 2192 1456 est,
2243 1399 2298 1446 et
2351 1392 2577 1447 alterum
2633 1401 2737 1459 est,
2793 1394 2896 1449 erit
2941 1394 3080 1465 apud
3129 1408 3188 1450 se
3226 1403 3513 1467 utrumque

1917 1497 2110 1548 untnn;
2141 1494 2197 1538 at
2216 1498 2337 1539 cum
2368 1493 2654 1557 utrumque
2681 1486 2819 1555 apud
2839 1502 2897 1542 se
2929 1503 3091 1542 unum
3115 1495 3201 1544 est
3222 1530 3237 1556 ,
3260 1488 3313 1544 in
3341 1488 3512 1545 altero

1915 1573 2057 1629 idem
2087 1591 2249 1631 unum
2277 1585 2360 1632 est
2390 1595 2403 1631 :
2435 1588 2488 1653 at
2516 1593 2638 1633 cum
2668 1577 2806 1634 idem
2844 1595 3004 1634 unum
3037 1589 3151 1649 est,
3176 1596 3307 1637 vere
3348 1598 3510 1638 unum

1914 1677 1998 1723 est
2025 1679 2310 1741 utrumque
2334 1689 2345 1725 :
2372 1672 2518 1727 nullo
2558 1673 2703 1728 enim
2734 1684 3020 1747 utrumque
3044 1674 3231 1744 distat,
3254 1692 3352 1733 nec
3373 1677 3515 1735 exis-

213 1756 327 1812 tiali
352 1798 369 1825 ,
398 1764 454 1813 et
480 1755 684 1814 idcirco
718 1772 938 1830 semper
967 1768 1119 1830 patre
1146 1804 1158 1828 ,
1192 1777 1297 1832 qua
1323 1761 1733 1818 ratiocinatione
1757 1772 1811 1818 et
1842 1765 1890 1825 B
1919 1761 2062 1818 tendi
2089 1763 2305 1832 virtute,
2351 1780 2452 1821 nec
2482 1778 2753 1838 tempore,
2784 1766 3013 1824 fortasse
3032 1782 3215 1839 causa,
3237 1780 3293 1826 et
3318 1769 3419 1826 hoc
3435 1770 3516 1827 al-

213 1862 433 1921 semper
479 1848 610 1905 ﬁlio.
663 1851 860 1907 Paulus
908 1853 959 1907 in
1003 1853 1254 1910 omnibus
1300 1855 1547 1926 epistolis
1575 1855 1717 1930 (Cal.
1770 1872 1808 1922 t,

217 1942 314 2013 l):
341 1940 522 1998 Gratia
549 1942 690 1998 vobis
742 1954 794 1999 et
843 1961 947 2014 pax
977 1962 1008 1999 η
1038 1944 1152 2001 Deo
1200 1944 1363 2002 Patre
1394 1958 1569 2002 nostra
1629 1960 1673 2003 et
1704 1947 1813 2003 Do-

211 2034 355 2089 mino
398 2046 572 2091 nostra
609 2035 735 2091 Jesu
765 2034 984 2093 Christo.
1025 2036 1156 2093 item
1187 2036 1369 2112 (Joan.
1421 2055 1453 2094 x
1476 2083 1490 2105 ,
1525 2038 1651 2110 50):
1689 2038 1811 2095 Non

210 2129 278 2183 ab
327 2129 648 2199 hominibus,
706 2148 866 2196 neque
890 2148 981 2205 per
1032 2132 1323 2202 hominem,
1371 2134 1460 2188 sed
1502 2151 1592 2207 per
1634 2133 1811 2190 Iesum

213 2221 475 2278 Christum
512 2234 562 2279 et
607 2240 697 2296 per
740 2223 907 2281 Deum
955 2223 1186 2280 Patrem.
1240 2225 1371 2281 ltcm
1415 2228 1468 2281 in
1517 2226 1812 2299 Evangelia

212 2317 398 2388 (Joan.
432 2334 542 2384 xtv,
575 2318 665 2391 9):
715 2320 827 2392 Ego
852 2331 898 2376 et
944 2319 1101 2378 Pater
1130 2338 1289 2377 unum
1334 2339 1510 2378 sumus
1555 2339 1573 2378 :
1620 2340 1710 2395 ego
1760 2325 1811 2379 in

212 2413 408 2482 Patre,
439 2425 485 2471 et
516 2413 676 2471 Pater
699 2417 753 2471 in
776 2432 873 2469 me.

287 2507 475 2565 XVIII.
508 2507 617 2564 Nos
638 2523 855 2581 quoque
882 2517 1091 2579 patrem
1119 2515 1174 2563 et
1200 2507 1367 2564 tilium
1392 2508 1644 2579 religiose
1670 2524 1813 2564 sem-

217 2614 321 2673 per
350 2614 704 2671 usurpamus,
735 2610 790 2656 et
821 2609 972 2656 recte
1001 2600 1299 2657 secundum
1329 2602 1590 2657 rationem
1618 2616 1811 2672 supra-

210 2693 449 2749 dictam:
492 2693 690 2750 etenim
732 2703 912 2749 motus
934 2735 949 2761 ,
979 2702 1040 2750 ut
1087 2709 1248 2764 supra
1277 2696 1561 2751 docuimus
1583 2737 1601 2763 ,
1631 2694 1774 2751 ﬁlius
1793 2737 1810 2763 ,

212 2794 378 2859 atque
432 2785 549 2858 ipse
599 2796 778 2842 motus
814 2788 919 2841 vita
963 2795 1020 2842 et
1069 2786 1333 2854 scientia,
1386 2787 1472 2843 vel
1525 2787 1809 2858 sapientia.

211 2882 377 2939 Certe
402 2881 600 2939 Paulus
637 2882 950 2952 plenissime
976 2884 1242 2953 expressit
1266 2882 1411 2954 quod
1447 2881 1672 2954 intelligi
1717 2898 1814 2938 vo-

209 2974 414 3032 luimus
468 2975 513 3050 (ι
562 2976 683 3033 Cor.
730 2993 780 3043 1,
813 2976 880 3042 4,
917 2976 1015 3047 ὄ);
1062 2975 1271 3031 Gratias
1305 2993 1433 3049 ago,
1465 2977 1672 3047 inquit,
1702 2975 1815 3030 Deo

209 3085 328 3124 meo
352 3086 549 3143 semper
578 3087 670 3143 pro
692 3070 833 3126 vobis
860 3071 915 3125 in
944 3068 1146 3125 Christo
1174 3069 1300 3125 Jesu
1317 3112 1331 3138 ,
1368 3071 1506 3143 quod
1533 3087 1706 3126 onmes
1737 3070 1816 3125 lo-

1915 1864 2032 1911 tero
2058 1858 2206 1927 prius
2231 1866 2333 1915 est.

1986 1948 2050 2003 ll.
2098 1950 2208 2006 Hoc
2233 1966 2338 2022 quo
2369 1950 2579 2009 facilius
2614 1952 2906 2024 judicetur,
2951 1955 3031 2011 sic
3074 1954 3175 2011 ista
3204 1955 3399 2013 melius
3426 1972 3516 2014 re-

1914 2042 2283 2101 traetabimus.
2334 2044 2529 2102 Vivere
2565 2062 2630 2102 ac
2660 2048 2766 2103 vita
2796 2047 2866 2103 ita
2893 2060 3039 2118 sunt,
3073 2058 3129 2105 ut
3160 2058 3216 2106 et
3243 2049 3348 2105 hoc
3372 2050 3516 2123 quod

1913 2146 1995 2193 est
2017 2136 2220 2206 vivere,
2246 2138 2350 2193 vita
2378 2140 2446 2195 sit
2477 2158 2489 2194 :
2522 2148 2579 2195 et
2611 2142 2713 2196 hoc
2743 2141 2886 2212 quod
2912 2152 2997 2198 est
3023 2143 3126 2197 vita
3150 2185 3165 2210 ,
3195 2142 3263 2198 sit
3293 2145 3512 2210 vivere;

1915 2244 2021 2284 non
2050 2238 2109 2285 ut
2138 2229 2467 2302 duplicatum
2499 2232 2728 2289 alterum
2753 2234 2806 2290 in
2838 2233 3015 2291 altero
3036 2235 3130 2301 sit,
3163 2250 3339 2307 neque
3376 2236 3513 2293 alte-

1914 2338 2035 2378 rum
2061 2338 2182 2379 cum
2207 2324 2376 2379 altero
2399 2335 2517 2381 est:
2549 2326 2664 2382 haec
2684 2328 2826 2383 enim
2855 2338 2938 2384 est
2964 2329 3235 2398 capulatio
3265 2347 3279 2386 :
3305 2346 3431 2384 num
3462 2339 3517 2386 et

1914 2428 1982 2469 ex
2004 2414 2105 2471 hoc
2123 2415 2334 2472 etiamsi
2353 2417 2781 2490 inseparabiliter
2797 2420 3040 2492 junctum
3060 2420 3150 2489 sit,
3171 2421 3377 2477 unittnu
3397 2432 3477 2477 est
3494 2464 3511 2491 ,

1916 2518 2024 2557 non
2049 2504 2251 2558 unum?
2277 2520 2419 2561 nunc
2448 2521 2575 2560 vero
2604 2521 2725 2561 cum
2771 2508 2887 2577 ipso
2915 2507 3106 2563 eodem
3146 2523 3310 2578 opere
3347 2510 3510 2564 vitam

1915 2608 2035 2649 esse
2065 2595 2130 2650 sit
2157 2594 2359 2665 vivere,
2385 2606 2439 2652 et
2467 2597 2658 2653 eodem
2688 2598 2847 2654 modo
2876 2599 3036 2654 vitam
3065 2615 3186 2656 esse
3211 2601 3299 2655 sit.
3345 2600 3418 2656 De
3448 2600 3514 2657 iis

1916 2691 2059 2746 cuitu
2091 2690 2361 2762 loquimur
2390 2692 2627 2758 duobus,
2662 2692 2730 2749 de
2752 2693 2933 2750 vivere
2953 2705 3008 2749 et
3037 2695 3140 2750 vita
3175 2712 3189 2761 ;
3219 2710 3323 2750 non
3353 2693 3418 2750 de
3448 2710 3515 2752 eo

1917 2785 2058 2858 quod
2085 2787 2152 2842 ad
2180 2786 2431 2844 eﬂectum
2460 2788 2623 2843 vitam
2657 2787 2817 2843 habet
2860 2799 2915 2843 et
2950 2788 3152 2844 vivere.
3180 2788 3514 2860 Quamquam

1918 2891 1973 2937 et
1999 2880 2175 2952 ipsum
2204 2881 2440 2949 tertium,
2473 2890 2527 2938 et
2567 2881 2620 2937 in
2657 2897 2722 2937 eo
2772 2880 2915 2953 quod
2952 2883 3115 2936 vitam
3164 2880 3344 2946 habet,
3376 2890 3430 2936 et
3461 2889 3516 2937 ut

1918 2975 2147 3030 alterum
2178 2990 2244 3030 ex
2273 2974 2476 3041 altero,
2518 2973 2614 3031 sed
2659 2984 2715 3029 ut
2756 2990 2918 3029 unum
2967 2982 3272 3045 utrumque.
3306 2972 3383 3027 Ex
3412 2987 3517 3042 quo

1918 3076 2159 3141 apparet,
2194 3068 2321 3141 quid
2368 3069 2481 3140 ipsa
2516 3083 2611 3140 per
2631 3084 2691 3125 se
2719 3068 3003 3125 existentia
3031 3069 3081 3122 in
3104 3068 3216 3123 suis
3235 3065 3397 3123 rebus
3425 3082 3517 3121 va-

210 3164 463 3237 ταμιείαιὶ
488 3166 608 3219 estis
652 3166 705 3218 in
735 3165 862 3231 illo,
892 3165 945 3219 in
991 3165 1127 3219 omni
1153 3164 1300 3219 uerbo
1336 3176 1382 3219 et
1410 3166 1462 3218 in
1487 3166 1625 3219 oumi
1651 3166 1815 3220 srieu—
1843 3157 1889 3221 C
1921 3164 2085 3232 leant,
2139 3179 2262 3219 cum
2315 3163 2616 3219 substantia
2656 3180 2758 3219 una
2805 3174 2965 3236 atque
3008 3162 3198 3219 eadem
3240 3171 3512 3228 manente,

211 3257 307 3311 tia.
364 3255 601 3314 Verbum
649 3256 924 3313 Christum
981 3256 1246 3325 diximus,
1300 3257 1351 3312 id
1419 3266 1543 3324 est,
1612 3257 1810 3323 vitam,

208 3351 495 3408 scientiam
524 3352 781 3423 Spiritum
809 3361 1054 3408 Sanctum
1075 3394 1091 3420 ,
1124 3367 1254 3424 ergo
1284 3368 1446 3407 unttm
1470 3370 1483 3406 :
1519 3350 1580 3407 lu
1607 3352 1812 3407 Christo

208 3447 378 3512 enim,
410 3445 520 3511 ait,
544 3445 838 3516 locupletati
859 3451 1000 3501 estis.
1031 3447 1184 3513 Quod
1211 3461 1332 3501 cum
1358 3447 1429 3501 ita
1457 3446 1563 3513 sit,
1592 3447 1637 3501 si
1672 3447 1812 3502 Deus

207 3551 266 3597 et
287 3538 536 3596 Christus
557 3554 719 3593 unum
742 3580 758 3605 ,
789 3554 912 3594 cum
952 3538 1200 3594 Christus
1245 3548 1300 3594 et
1327 3538 1560 3609 Spiritus
1609 3553 1808 3605 unum,

203 3633 332 3705 jure
364 3634 468 3688 tria
502 3648 666 3689 unum
687 3633 777 3703 ,vi
825 3643 881 3690 et
928 3631 1257 3688 substantia:
1290 3631 1459 3701 prima
1492 3640 1671 3687 tamen
1704 3631 1811 3686 duo

208 3742 379 3783 unum
408 3727 655 3793 diverse,
687 3727 790 3783 hoc
816 3735 873 3782 ut
910 3726 981 3783 sit
1008 3734 1179 3796 pater,
1212 3724 1438 3781 actualis
1486 3723 1807 3791 existentia,

208 3819 267 3877 id
297 3832 400 3884 est,
426 3819 890 3886 substantialitas;
918 3819 1058 3874 lilius
1079 3834 1209 3874 vero
1237 3828 1389 3873 actus
1408 3816 1768 3873 existentialis
1792 3834 1808 3873 :

208 3916 319 3973 duo
347 3925 525 3972 autem
558 3915 763 3986 reliqua
793 3914 867 3969 ita
910 3914 1048 3983 duo,
1083 3923 1139 3969 ut
1185 3913 1433 3970 Christus
1481 3922 1537 3968 et
1578 3912 1809 3982 Spiritus

207 4018 429 4065 sanctus
459 4008 512 4064 in
551 4026 657 4065 uno
679 4008 786 4064 duo
813 4008 923 4064 sint
948 4051 963 4073 ,
1000 4008 1051 4063 id
1082 4017 1199 4073 est,
1239 4007 1292 4064 in
1333 4018 1511 4075 motu,
1546 4018 1708 4079 atque
1737 4007 1809 4062 ita

208 4102 343 4170 duo,
375 4114 434 4158 ut
458 4119 622 4159 unum
653 4104 795 4158 duo:
828 4104 997 4174 prima
1027 4111 1208 4158 autem
1238 4101 1366 4168 duo,
1398 4113 1456 4157 ut
1482 4101 1589 4157 duo
1618 4118 1805 4169 unum,

206 4197 291 4252 sic
316 4212 437 4253 cum
464 4197 516 4252 in
535 4211 647 4253 uno
671 4195 781 4253 duo
801 4239 816 4263 ,
839 4206 893 4252 et
921 4212 1042 4252 cum
1065 4195 1172 4251 duo
1196 4211 1384 4262 unum,
1435 4194 1674 4250 Trinitas
1694 4195 1809 4252 exi-

207 4291 309 4347 stit
330 4307 518 4347 unum.
546 4290 679 4348 Nam
724 4291 854 4364 quid
885 4306 986 4363 ego
1012 4291 1079 4347 de
1121 4289 1324 4360 Spiritu
1357 4300 1575 4356 sancto,
1605 4288 1674 4346 de
1701 4305 1808 4359 quo

205 4392 496 4442 tractatum
548 4396 632 4442 est
687 4385 972 4457 pluribus,
1023 4385 1191 4441 multa
1237 4384 1694 4440 commemorem?
1728 4383 1805 4439 Ex

205 4480 334 4552 ipso
361 4480 661 4552 concipitur
696 4461 949 4537 Christus
993 4479 1045 4536 in
1076 4496 1272 4548 carne;
1306 4496 1369 4536 ex
1401 4480 1520 4551 ipso
1565 4479 1806 4535 sanctili-

1918 3271 2042 3312 esse
2066 3271 2220 3311 suum
2249 3255 2394 3311 nulla
2425 3255 2510 3311 sui
2538 3255 2881 3311 innovatione
2909 3254 3252 3311 custodiant:
3285 3268 3517 3325 namque

1918 3350 2042 3407 vita:
2069 3365 2189 3407 esse
2217 3366 2374 3407 suum
2400 3391 2416 3418 ,
2446 3361 2528 3406 est
2557 3350 2758 3407 moveri
2795 3367 2808 3405 :
2853 3349 3024 3420 ipsum
3060 3357 3237 3403 autem
3289 3346 3515 3427 moveri,

1917 3444 2021 3501 hoc
2098 3454 2180 3501 est
2233 3445 2435 3502 vivere.
2510 3445 2643 3501 Esse
2713 3446 2874 3517 igitur
2935 3454 2989 3499 et
3058 3442 3243 3499 vivere
3292 3450 3403 3510 est,
3463 3452 3519 3499 et

1916 3553 2039 3596 esse
2111 3539 2273 3594 vitam
2336 3558 2350 3594 :
2429 3555 2532 3594 una
2610 3555 2741 3610 ergo
2809 3538 3105 3610 eademque
3179 3537 3512 3593 suhSIautia:

1916 3647 2145 3702 namque
2215 3630 2503 3702 unicuique
2569 3631 2622 3686 in
2687 3646 2753 3687 eo
2818 3630 2961 3702 quod
3033 3630 3102 3684 sit
3161 3644 3317 3684 suum
3369 3643 3513 3697 esse,

1915 3724 2215 3781 substantia
2244 3735 2348 3781 est.
2377 3725 2590 3781 Etenim
2622 3726 2673 3781 in
2695 3726 2944 3796 supernis
2965 3725 3310 3795 :eternisqne,
3331 3722 3384 3777 id
3409 3732 3513 3790 est,

1914 3818 1967 3875 in
1996 3818 2455 3875 intellectibilihus
2486 3829 2646 3891 atque
2673 3817 3120 3875 intellectualibus
3143 3859 3159 3885 ,
3204 3816 3336 3871 nihil
3367 3816 3513 3871 acci-

1913 3912 2069 3976 dens,
2102 3911 2236 3968 nihil
2269 3912 2516 3984 qualitas,
2557 3912 2687 3968 nihil
2729 3914 3025 3984 gemiuum,
3056 3911 3141 3965 vel
3169 3926 3289 3965 cum
3319 3910 3513 3974 altero,

1912 4005 2009 4062 sed
2040 4004 2221 4061 omnia
2243 4005 2485 4061 viventes
2503 4015 2651 4074 sunt,
2677 4004 3145 4076 intelligentesqne
3174 4002 3512 4072 suhstantim,

1914 4115 2082 4170 purae,
2113 4099 2406 4170 simplices,
2429 4098 2755 4164 uninsmodi,
2787 4098 2888 4153 hoc
2917 4097 3036 4170 ipso
3064 4112 3172 4169 quo
3198 4105 3324 4151 sunt
3353 4106 3407 4151 et
3437 4096 3516 4151 vi-

1914 4205 2063 4259 vunt,
2090 4201 2146 4246 et
2192 4191 2533 4264 intelligunt;
2577 4205 3007 4262 conversumque
3037 4205 3145 4261 quo
3186 4188 3511 4259 intelligunt,

1913 4283 2015 4340 hoc
2044 4286 2159 4356 ipso
2187 4285 2345 4340 etiam
2374 4294 2521 4342 sunt.
2552 4283 2698 4339 Vivit
2721 4285 2879 4354 igitur
2905 4298 2966 4339 ac
2995 4282 3100 4337 vita
3129 4296 3234 4337 uua
3264 4281 3517 4339 substan-

1912 4376 1981 4432 tia
2012 4387 2116 4433 est.

1984 4470 2073 4527 Ill.
2101 4469 2205 4527 Sed
2229 4471 2482 4543 quoniam
2511 4470 2819 4527 intellectus
2840 4468 2912 4525 ita
2935 4484 2995 4525 se
3028 4467 3232 4539 pandit,
3264 4468 3514 4540 atqueita

204 4585 366 4632 catur
394 4575 447 4630 in
494 4575 759 4645 baptismo
779 4617 794 4641 ,
854 4574 1103 4631 Christus
1133 4575 1186 4632 in
1217 4590 1417 4641 carne;
1472 4574 1588 4648 ipse
1615 4586 1701 4632 est
1750 4575 1804 4630 in
1833 4564 1887 4625 D
1910 4578 2092 4620 sermo
2116 4565 2401 4635 processit,
2424 4573 2483 4620 ut
2505 4574 2561 4619 ct
2587 4565 2639 4618 in
2661 4579 2727 4619 eo
2753 4561 2894 4634 quod
2917 4572 2998 4617 est
3019 4562 3200 4617 vivere
3217 4562 3324 4616 vita
3342 4563 3439 4628 sit;
3461 4575 3516 4617 et

202 4669 431 4725 Christo
455 4669 548 4740 qui
577 4670 630 4725 in
658 4684 823 4726 carne
841 4711 855 4734 ,
902 4669 1019 4738 ipse
1047 4670 1205 4726 datur
1232 4669 1508 4742 Apostolis
1537 4686 1568 4725 a
1592 4668 1809 4726 Christo

203 4766 300 4837 qui
327 4763 381 4820 in
411 4779 574 4820 carne
600 4776 714 4832 est,
744 4774 803 4822 ut
831 4765 1101 4838 baptizent
1129 4767 1181 4821 in
1206 4766 1317 4822 Deo
1337 4808 1352 4834 ,
1379 4774 1435 4824 et
1474 4767 1527 4821 in
1557 4765 1805 4832 Christo,

204 4867 266 4915 et
294 4858 497 4929 Spiritu
542 4869 765 4914 sancto:
797 4859 914 4931 ipse
942 4874 1104 4931 quem
1131 4859 1379 4916 Christus
1411 4861 1463 4915 in
1489 4875 1651 4917 carne
1677 4876 1808 4932 pro-

201 4952 370 5009 mittit
392 4967 515 5008 esse
534 4962 851 5021 venturum,
875 4953 1107 5025 quadam
1129 4953 1325 5026 agendi
1350 4954 1632 5021 distantia;
1666 4955 1806 5012 idem

202 5046 328 5114 ipse
350 5052 406 5100 et
431 5043 680 5100 Christus
703 5086 717 5108 .
758 5054 815 5101 et
841 5046 1073 5118 Spiritus
1099 5053 1318 5101 sanctus
1342 5063 1358 5112 ;
1390 5055 1445 5101 et
1476 5046 1598 5116 quia
1639 5045 1805 5118 Spiri-

203 5149 333 5205 tus,
390 5138 588 5195 idcirco
615 5146 670 5194 et
703 5139 876 5196 Deus:
908 5139 1033 5211 quia
1064 5139 1311 5195 Christus
1358 5138 1500 5210 quod
1539 5138 1767 5211 Spiritus
1789 5182 1804 5208 ,

204 5230 338 5287 ideo
366 5231 539 5287 Dens:
575 5231 716 5287 unde
764 5240 918 5303 pater
941 5274 958 5300 ,
984 5241 1039 5288 et
1065 5231 1206 5288 tilius
1230 5273 1244 5300 ,
1273 5238 1328 5288 et
1382 5231 1647 5305 Spiritus,
1701 5247 1807 5288 non

201 5325 386 5383 solum
415 5342 581 5383 unum
599 5368 615 5395 ,
644 5325 738 5384 sed
767 5337 820 5384 et
849 5342 988 5383 unus
1012 5326 1176 5384 Deus.

734 5462 939 5520 LIBER
975 5461 1324 5534 QUARTUS.

281 5603 326 5660 Ι.
368 5602 515 5661 Vivit
542 5617 605 5659 ac
643 5603 751 5659 vita
775 5617 942 5659 unum
972 5615 1040 5658 ne
1064 5642 1078 5666 ,
1108 5615 1176 5656 an
1204 5598 1384 5666 idem,
1429 5615 1497 5656 an
1547 5598 1811 5658 alterum?

201 5694 413 5754 Unum.
437 5696 506 5752 Et
527 5711 625 5753 cur
653 5695 760 5752 duo
787 5694 1003 5752 nomina
1038 5692 1182 5750 idem
1202 5734 1218 5762 ,
1257 5703 1312 5750 et
1343 5693 1656 5766 quomodo?
1684 5709 1807 5751 cum

204 5788 285 5848 sit
310 5788 457 5847 aliud
496 5789 550 5848 in
589 5800 713 5850 actu
752 5803 897 5859 esse,
945 5788 1088 5846 aliud
1132 5788 1302 5861 ipsam
1346 5788 1611 5847 actionem
1661 5802 1805 5857 esse,

1914 4657 1967 4712 in
1999 4672 2065 4712 eo
2088 4657 2229 4727 quod
2254 4657 2359 4713 vita
2380 4658 2472 4725 sit,
2499 4657 2619 4714 ideo
2636 4658 2706 4712 sit
2724 4657 2849 4719 vita,
2868 4655 2992 4728 quia
3016 4654 3179 4710 vivit:
3200 4653 3509 4721 videndum,

1914 4758 1967 4805 et
1982 4751 2181 4806 intenta
2194 4750 2402 4806 ratione
2414 4750 2965 4820 qumrendutumtrum
2985 4747 3243 4804 naturalis
3256 4748 3353 4803 ista
3365 4762 3516 4804 com—

1915 4847 2116 4919 plexio,
2144 4855 2199 4902 et
2224 4844 2492 4917 bigemina
2521 4844 2822 4901 existentia:
2848 4842 3009 4899 modo
3049 4859 3179 4914 pura
3201 4842 3516 4914 simplicitas

1918 4955 2090 4996 unave
2111 4941 2200 5008 sit,
2219 4954 2286 4993 an
2308 4939 2451 4995 dum.
2472 4939 2527 4995 Si
2552 4937 2680 4993 nihil
2704 4937 2949 5003 interest,
2980 4937 3182 5005 vivere,
3209 4945 3265 4992 et
3283 4936 3390 4990 vita
3412 4935 3513 5001 sit;

1916 5043 1972 5091 et
1999 5034 2162 5089 vitam
2189 5049 2332 5100 esse,
2362 5033 2417 5088 vi
2448 5032 2573 5089 insit
2595 5042 2647 5087 et
2669 5035 2878 5098 vivere;
2905 5032 3027 5101 jure
3046 5046 3109 5087 ac
3133 5030 3327 5087 merito
3353 5044 3515 5084 unam

1912 5127 2157 5193 istorum,
2174 5141 2280 5182 nou
2301 5127 2567 5198 geminam
2582 5124 2829 5196 copulam
2848 5123 2915 5179 ad
2930 5125 3270 5180 existentiam
3292 5121 3378 5178 sui
3395 5137 3517 5179 esse

1910 5222 2175 5281 dicemus.
2206 5220 2301 5279 Sin
2331 5230 2511 5277 autem
2543 5220 2794 5292 primum,
2828 5219 2973 5275 aliud
3015 5228 3099 5275 est
3125 5218 3329 5285 vivere,
3371 5214 3516 5272 aliud

1910 5315 2075 5370 vitam
2097 5330 2234 5371 esse.
2260 5314 2328 5370 Et
2354 5314 2483 5371 item
2502 5312 2548 5369 si
2571 5313 2823 5369 distantia
2855 5322 2959 5379 est,
2981 5319 3039 5366 ut
3061 5326 3203 5365 nunc
3219 5309 3330 5365 vita
3356 5323 3517 5364 causa

1911 5407 1983 5464 sit
2003 5409 2070 5465 ad
2093 5408 2406 5478 vivendum,
2438 5423 2581 5464 nunc
2608 5408 2784 5480 ipsum
2812 5407 2994 5462 vivere
3017 5419 3177 5462 causa
3205 5404 3294 5471 sit,
3324 5413 3384 5459 ut
3407 5403 3515 5460 vita

1913 5504 2014 5561 sit:
2034 5503 2142 5561 duo
2170 5512 2299 5561 sunt
2325 5504 2449 5572 ista,
2476 5503 2571 5561 sed
2599 5504 2809 5576 gemina
2841 5502 2981 5558 inter
3007 5516 3089 5568 se,
3112 5497 3435 5575 atqueapud
3458 5514 3519 5556 se

1912 5599 2233 5671 simpliciter
2252 5599 2397 5655 unita
2413 5618 2427 5654 :
2444 5598 2679 5671 potentia
2697 5597 2840 5655 enim
2864 5598 3011 5671 Λόγῳ
3026 5610 3126 5651 suo
3149 5605 3309 5668 atque
3336 5594 3519 5651 divino

1913 5692 2081 5751 refert
2109 5693 2209 5751 ista
2240 5693 2526 5763 geminari,
2557 5699 2618 5749 ut
2643 5691 2886 5764 ejusdem
2916 5701 3122 5747 natura:
3145 5703 3210 5746 ac
3239 5690 3517 5763 potentiae,

1913 5785 2144 5844 alterum
2175 5784 2330 5858 cujus
2362 5783 2435 5843 sit
2480 5784 2565 5853 id,
2612 5799 2643 5843 a
2689 5798 2798 5855 quo
2832 5783 2937 5841 hoc
2961 5784 3215 5841 alterum.
3246 5779 3409 5854 Atqui
3437 5790 3521 5839 est
