4024 6306
536 245 674 304 1115

1782 246 1973 305 MAR"
2021 244 2367 305 VICTORINI
2414 246 2579 306 ΛΡΜ

3702 265 3833 321 Ulli

535 365 783 421 nonnulla
810 364 1101 434 distantia,
1134 382 1291 436 parva
1337 365 1422 422 illa
1456 368 1523 421 sit
1554 364 1706 435 licet,
1737 367 1877 424 unde
1910 384 2013 424 non
2041 376 2124 423 est
2151 369 2204 432 Α
2228 382 2349 423 cum
2381 377 2464 423 est
2493 366 2728 439 Spiritus
2755 412 2769 436 ,
2803 375 2857 424 et
2884 368 3012 427 vivit
3052 380 3105 427 et
3149 372 3251 429 vita
3283 380 3385 431 est.
3418 376 3617 434 Paulus
3672 381 3833 438 etiam

530 456 723 515 frustra
751 458 1063 530 geminatio.
1097 456 1304 515 Etenim
1356 476 1462 515 non
1501 459 1645 516 idem
1693 462 1832 514 actio
1858 468 1913 515 et
1940 474 2120 530 agere,

531 566 631 610 nec
660 554 895 626 potentia
928 564 981 610 et
1006 555 1271 627 operatio,
1307 571 1427 623 nec,
1457 568 1513 610 nt
1536 555 1714 611 verius
1758 552 1954 622 dicam,
1981 550 2124 609 idem

531 664 693 705 causa
729 658 848 715 est,
882 649 1022 721 quod
1047 650 1265 707 eli'ectus
1293 668 1305 703 :
1338 648 1424 706 illa
1454 651 1597 707 enim
1627 651 1798 723 origo,
1829 650 1915 707 hic
1942 658 2124 722 partus

531 752 636 801 est.
667 742 818 802 Unde
844 761 963 800 cum
992 744 1100 801 duo
1126 745 1249 811 ista,
1280 744 1407 799 vivit
1434 760 1496 800 ac
1524 743 1666 814 vita,
1696 747 1762 801 sit
1794 744 1935 799 actio
1961 753 2125 816 atque

532 850 710 911 agere,
764 854 1081 909 quamquam
1106 834 1160 892 in
1187 852 1245 893 se
1276 838 1542 910 simulque
1569 837 1695 904 sint,
1728 846 1905 893 tamen
1939 846 1992 893 et
2022 835 2123 891 alia

529 932 579 987 vi
603 940 761 1003 atque
788 942 975 987 natura
1005 928 1357 987 existimanda
1386 938 1532 998 sunt,
1567 938 1624 987 ut
1650 931 1878 988 alterum
1904 928 2124 986 alterius

530 1041 689 1083 causa
728 1026 795 1081 sit
818 1068 832 1092 ,
862 1024 1090 1082 alterum
1116 1027 1312 1082 existat
1343 1024 1611 1083 eli‘ectum.
1643 1024 1750 1083 Sed
1795 1036 1853 1082 ut
1881 1018 2012 1081 mibi
2038 1027 2122 1079 iu-

531 1118 821 1189 telligentia
852 1127 936 1174 est
957 1161 971 1186 ,
1006 1132 1068 1174 ac
1097 1118 1316 1190 probata
1344 1116 1643 1187 sententia,
1676 1135 1794 1175 cum
1840 1119 1892 1174 in
1927 1112 2121 1190 princi-

529 1210 638 1282 pali
664 1211 998 1283 naturalique
1039 1213 1224 1283 prinne
1260 1209 1560 1268 divinitatis
1604 1211 1848 1280 exordio,
1892 1213 2122 1284 primum

528 1302 599 1359 sit
643 1304 785 1376 quod
838 1314 921 1361 est
964 1304 1144 1362 vivere
1167 1347 1184 1375 ,
1214 1305 1511 1362 secundum
1543 1320 1671 1362 vero
1710 1306 1851 1377 quod
1883 1304 2018 1373 vita;
2052 1307 2122 1361 ita

528 1395 674 1451 enim
704 1394 841 1452 ratio
872 1394 1115 1464 docebit,
1150 1408 1203 1454 et
1230 1396 1343 1468 ipsa
1375 1399 1571 1454 veritas
1595 1396 1943 1469 approbauit;
1978 1396 2035 1451 lit
2066 1400 2126 1451 ut

527 1492 714 1547 vivere
745 1502 904 1546 causa
946 1489 1037 1558 sit,
1066 1490 1397 1563 eli‘ectusque
1452 1491 1661 1548 vivendi
1702 1490 1804 1546 vita
1839 1490 1927 1557 sit,
1978 1486 2121 1562 quod

527 1590 708 1640 tamen
751 1582 926 1656 ipsum
960 1584 1140 1640 vivere
1189 1594 1243 1640 et
1284 1584 1386 1640 vita
1420 1585 1525 1641 sit:
1559 1583 1718 1640 simul
1750 1583 1891 1640 enim
1921 1582 2040 1652 ista,
2068 1590 2123 1640 et

526 1677 683 1733 simul
708 1693 942 1749 semper,
978 1676 1117 1749 quod
1144 1679 1505 1751 Cognoscitur,
1535 1687 1709 1734 crant.
1739 1677 1893 1733 Aliud
1920 1677 2027 1732 vita
2053 1675 2119 1733 ad

2228 461 2294 518 ad
2336 462 2609 519 Romanos
2640 458 2814 536 (Rom.
2848 481 2959 520 vtn.
2996 468 3047 534 ι,
3074 467 3132 539 9.)
3164 484 3179 525 :
3210 466 3373 525 Nulla
3412 489 3535 543 ergo
3571 475 3836 530 damnatio

2223 554 2289 610 iis
2317 556 2406 629 qui
2441 564 2556 612 sunt
2583 557 2636 611 in
2656 554 2864 613 Christo
2887 557 3014 614 Jesu
3040 602 3054 627 ,
3089 568 3135 615 et
3175 562 3275 616 non
3293 564 3454 635 juxta
3497 583 3687 638 corpus
3723 587 3839 622 am-

2225 647 2404 705 bulant
2434 668 2447 705 :
2480 648 2562 705 lea:
2589 651 2724 705 enim
2763 653 2974 722 spiritus
3003 654 3118 710 vitae
3143 655 3194 709 in
3217 652 3421 713 Christo
3448 650 3485 713 ,Ι
3491 677 3578 715 esu
3603 660 3840 717 liberauit

2227 756 2306 796 me
2332 761 2365 798 α
2391 742 2501 816 lege
2527 745 2718 816 peccati
2739 750 2786 800 et
2817 750 3008 802 mortis.
3043 749 3276 820 Spiritus
3303 754 3453 822 vitae,
3484 754 3683 827 inquit,
3737 759 3839 814 tria

2226 830 2370 891 enim
2391 836 2489 891 ista
2511 836 2734 907 spiritus
2756 844 2901 905 sunt,
2937 838 3100 907 Deus,
3123 840 3303 911 .lesus,
3322 843 3556 917 Spiritus
3588 859 3840 905 sanctus.

2300 926 2364 984 V.
2397 931 2473 986 Ac
2513 930 2581 988 de
2614 931 2723 988 Deo
2761 933 3042 1004 probatum
3086 947 3217 1008 puto
3255 942 3311 993 el
3355 938 3605 1010 spiritum
3662 959 3841 999 esse:

2225 1016 2472 1091 spiritum
2505 1034 2682 1079 autem
2712 1028 2765 1080 et
2790 1026 2993 1094 vivere,
3022 1038 3075 1082 et
3108 1028 3291 1086 vivere
3331 1031 3511 1089 facere
3537 1078 3551 1100 ,
3584 1042 3639 1091 et
3672 1037 3843 1092 vitam

2225 1128 2348 1170 esse
2371 1115 2819 1186 substantialiter,
2846 1129 2903 1175 ut
2937 1121 3037 1175 ista
3065 1115 3337 1179 intellecta
3369 1127 3496 1192 sint,
3517 1138 3573 1183 et
3604 1128 3846 1198 simplex

2226 1219 2281 1266 et
2307 1224 2409 1265 una
2440 1206 2761 1279 substantia,
2796 1223 2850 1269 ut
2879 1208 2982 1271 hoc
3010 1217 3079 1271 sit
3109 1215 3353 1288 Spiritum
3395 1236 3516 1277 esse
3538 1266 3553 1290 ,
3587 1224 3739 1295 quod
3774 1226 3851 1278 vi-

2225 1314 2373 1369 vere,
2398 1314 2453 1359 et
2482 1305 2648 1360 vitam
2682 1321 2824 1363 esse.
2856 1302 2961 1363 Sed
2994 1320 3099 1363 non
3129 1306 3269 1366 istud
3300 1313 3439 1381 quod
3471 1324 3729 1370 nostrum
3763 1327 3851 1372 est

2228 1398 2430 1465 vivere,
2473 1399 2614 1470 quod
2661 1396 2994 1470 animalium,
3043 1404 3185 1474 quod
3229 1404 3648 1476 cle’mentorum,
3702 1410 3850 1480 quod

2226 1502 2534 1548 creatorem
2564 1510 2629 1549 ex
2663 1494 2966 1563 clementis,
2996 1497 3137 1567 quod
3180 1499 3382 1563 mundi,
3417 1500 3563 1571 quod
3596 1504 3851 1558 omnium

2227 1577 2279 1640 in
2323 1585 2546 1653 mundo,
2595 1587 2737 1660 quod
2787 1589 3136 1660 Angelorum,
3166 1591 3503 1660 da'monum,
3538 1593 3631 1649 vel
3688 1598 3853 1651 etiam

2227 1695 2411 1736 eorum
2458 1697 2595 1753 quos
2645 1681 2697 1737 in
2747 1683 2948 1740 mundo
2990 1683 3060 1741 de
3104 1687 3303 1740 mundo
3330 1687 3464 1743 deos
3504 1688 3854 1746 nominant:

526 1770 759 1826 secunda
792 1770 1071 1843 tertiaque,
1103 1771 1185 1827 vel
1212 1770 1467 1843 deinceps
1497 1785 1617 1843 quae
1649 1770 1834 1827 vivunt
1875 1769 2119 1826 ordinata
2151 1778 2200 1841 Β
2227 1790 2357 1843 ιιοιι,
2392 1774 2633 1846 inquam,
2662 1776 2790 1832 illud
2820 1778 3008 1834 vivere
3036 1779 3086 1834 in
3119 1780 3228 1835 Deo
3253 1793 3354 1835 est.
3392 1782 3501 1839 lloc
3552 1784 3710 1840 Deus
3754 1801 3786 1840 e
3820 1794 3855 1850 t,

525 1879 688 1919 causa
734 1874 895 1937 atque
925 1864 1247 1936 principium
1274 1908 1290 1934 ,
1330 1866 1402 1921 ita
1432 1858 1642 1924 scilicet
1683 1874 1739 1922 ut
1783 1864 1924 1922 idem
1953 1867 2023 1922 sit
2051 1870 2123 1921 sl-

528 1958 747 2029 niulque
778 1958 880 2014 vita
911 1956 1052 2032 quod
1075 1960 1293 2028 vivere;
1326 1961 1419 2017 sed
1443 1960 1546 2018 hoc
1578 1960 1789 2028 vivere,
1824 1960 2119 2019 secundum

527 2049 593 2107 de
622 2050 752 2119 vita,
782 2068 902 2108 cum
941 2053 1045 2108 vita
1084 2065 1165 2108 est
1198 2071 1211 2107 :
1254 2053 1389 2109 Illud
1437 2056 1666 2125 primum
1714 2071 1777 2110 ac
1828 2055 2125 2128 principale

528 2143 738 2211 vivere,
765 2142 921 2200 simul
949 2157 998 2200 et
1036 2147 1142 2201 vita
1182 2161 1342 2202 causa
1370 2156 1452 2202 est
1479 2147 1623 2214 vitae,
1653 2158 1707 2203 et
1733 2148 1873 2216 lous,
1900 2156 1954 2203 et
1974 2147 2126 2220 origo

529 2236 843 2294 viventium.
864 2237 990 2294 Scio
1020 2236 1121 2295 hoc
1143 2237 1431 2295 obscurum
1464 2239 1631 2295 videri
1665 2252 1845 2311 posse,
1878 2256 1984 2296 non
2016 2248 2125 2297 tam

528 2347 730 2400 rerum,
747 2349 907 2404 quam
921 2334 1229 2391 eorumdem
1247 2335 1618 2405 repetitionem
1635 2351 1967 2403 sermonum,
1984 2332 2125 2407 quod

528 2426 635 2484 duo
658 2428 755 2483 ista
782 2428 872 2484 tali
904 2428 1245 2499 copulatione
1273 2438 1581 2498 nectuntur,
1609 2440 1665 2486 nt
1694 2447 1813 2487 cum
1846 2429 1917 2486 sit
1947 2432 2128 2488 vivere

526 2521 631 2576 vita
660 2525 747 2589 sit,
769 2533 821 2579 et
842 2538 962 2579 cum
978 2522 1188 2588 sitvita,
1212 2523 1508 2593 sitvivere;
1534 2524 1672 2581 unde
1686 2524 1977 2581 constituto
1995 2542 2128 2598 quo-

527 2613 661 2672 libet
701 2633 827 2683 uno,
858 2616 1058 2673 frustra
1080 2616 1303 2673 alterius
1334 2616 1601 2674 videbitur
1645 2618 1778 2674 facta
1809 2618 2122 2691 geminatio.

600 2706 686 2765 IV.
723 2710 884 2777 Audi,
918 2709 1106 2777 lector,
1137 2712 1260 2767 audi
1288 2711 1431 2784 quod
1462 2710 1763 2780 miraberis,
1789 2708 1995 2769 lector:
2026 2710 2128 2768 ista

528 2812 633 2858 tam
669 2802 837 2873 dura,
868 2814 975 2860 tam
1004 2816 1260 2872 tortuosa,
1285 2814 1395 2861 tam
1433 2805 1613 2863 clausa
1658 2812 1885 2861 tractatu
1917 2803 1985 2862 de
2019 2806 2130 2863 Deo

526 2907 580 2953 et
636 2898 702 2954 de
757 2896 992 2967 divinis,
1067 2896 1296 2971 simplici
1367 2899 1741 2972 disputatione
1804 2899 2124 2973 pandemus.

527 2990 697 3048 Deum
743 2997 890 3049 certe
931 2990 1159 3050 fatemur
1192 3008 1405 3061 omnes,
1455 2994 1620 3048 Deum
1673 2991 2123 3065 onmipotentem,

527 3085 697 3141 Deum
769 3100 933 3157 supra
981 3088 1160 3142 omnia
1191 3131 1206 3155 ,
1286 3087 1455 3142 Deum
1522 3095 1648 3142 ante
1697 3088 1909 3154 onmia,
1961 3084 2127 3143 lleum

2226 1867 2367 1938 quod
2401 1878 2484 1923 est
2515 1868 2697 1926 vivere
2720 1868 2936 1936 animus,
2971 1881 3062 1926 aut
3087 1871 3509 1945 uniuscujusque
3534 1915 3555 1942 ,
3586 1887 3689 1930 aut
3719 1876 3858 1932 illius

2229 1963 2555 2018 universalis
2591 1968 2752 2034 atque
2796 1961 3102 2032 fontauem;
3135 1983 3239 2020 non
3291 1977 3348 2021 nt
3376 1967 3446 2022 ibi
3477 1967 3857 2039 Angelorum,

2233 2074 2342 2114 non
2386 2068 2443 2113 ut
2482 2058 2551 2114 ibi
2601 2058 2942 2124 tltronorum,
2988 2060 3281 2131 gloriarum
3317 2061 3398 2116 vel
3425 2071 3776 2117 etclerorum
3811 2066 3859 2118 in

2228 2152 2446 2208 teternis
2471 2153 2840 2216 eltistentlum,
2869 2150 2949 2208 vel
2978 2152 3031 2207 in
3055 2152 3534 2220 intellectualiluts,
3566 2156 3657 2211 vel
3697 2154 3861 2212 intel-

2230 2246 2460 2304 lectibus
2496 2266 2509 2303 :
2540 2246 2633 2303 sed
2665 2240 2793 2303 illud
2831 2250 3014 2304 vivere
3039 2290 3054 2314 ,
3084 2246 3225 2304 unde
3278 2246 3394 2305 hare
3434 2264 3532 2319 pro
3582 2266 3693 2305 suo
3751 2254 3863 2306 cxi-

2229 2340 2404 2396 stendi
2434 2356 2633 2411 genere
2658 2341 2819 2395 vitam
2853 2338 3120 2411 recipiunt
3143 2348 3196 2397 et
3225 2338 3428 2408 vivunt,
3453 2342 3549 2397 illo
3578 2343 3857 2413 quodam-

2233 2435 2393 2491 modo
2422 2435 2823 2507 progrediente,
2870 2444 2925 2490 et
2954 2435 3052 2491 ista
3083 2445 3239 2505 prout
3265 2450 3458 2507 capere
3490 2451 3665 2506 pOSSlI
3698 2444 3731 2489 ;t
3763 2453 3854 2506 po-

2233 2528 2453 2583 tentiam
2482 2528 2719 2583 viventis
2752 2526 2949 2600 vigoris
2970 2526 3213 2593 afllante,
3242 2540 3271 2581 ει
3296 2544 3355 2584 se
3378 2528 3479 2583 sibi
3507 2571 3522 2596 ,
3561 2544 3666 2600 per
3690 2548 3777 2596 se,
3809 2532 3858 2586 in

2229 2636 2290 2677 se
2340 2620 2458 2677 solo
2498 2618 2750 2691 simplex,
2804 2636 2996 2691 purum
3044 2619 3162 2675 sine
3210 2620 3476 2676 existcndi
3515 2623 3801 2692 principio
3830 2641 3858 2678 ιι

2231 2727 2339 2782 quo
2372 2709 2548 2767 fusum
2572 2711 2760 2783 magis,
2794 2711 2874 2766 vel
2899 2726 3244 2783 progressum
3266 2754 3282 2779 ,
3310 2711 3393 2767 vel
3420 2721 3613 2767 natum
3647 2716 3859 2783 princi-

2232 2802 2377 2874 pium
2406 2815 2509 2874 est,
2541 2819 2636 2876 per
2658 2803 2803 2877 quod
2830 2813 3114 2861 crearetur
3132 2805 3309 2861 vivere
3337 2814 3696 2862 cmterorunt.
3732 2807 3859 2866 Ete-

2233 2890 2341 2950 nim
2372 2896 2550 2951 vivere
2582 2896 2745 2951 vitam
2773 2896 2946 2967 parit;
2978 2912 3100 2951 nam
3132 2896 3185 2952 vi
3226 2890 3457 2952 naturali
3491 2899 3647 2968 prior
3676 2913 3853 2967 actor,

2231 3007 2391 3062 quam
2414 2990 2597 3046 actio:
2634 3006 2797 3064 agens
2834 2990 2975 3048 enim
3017 2992 3283 3048 actionem
3329 2995 3561 3063 genuit,
3596 2998 3652 3048 et
3698 2999 3855 3066 quasi

2231 3100 2295 3141 ex
2337 3084 2451 3154 ipsa
2481 3085 2798 3141 vocabulum
2842 3095 2897 3141 et
2939 3101 3052 3141 rem
3093 3101 3212 3140 cum
3260 3080 3377 3157 ipse
3421 3076 3706 3153 tribuerit,
3742 3088 3856 3158 ipse

525 3195 555 3234 a
613 3196 719 3252 quo
762 3180 962 3236 oumia.
1036 3181 1187 3237 llunc
1253 3198 1375 3238 cum
1449 3179 1698 3249 fatemur,
1771 3180 1933 3237 etiam
2006 3178 2198 3247 esseC
2231 3180 2490 3252 Suscepit.
2524 3176 2782 3238 ﬂoccum
2810 3189 3041 3245 rectum,
3082 3180 3241 3236 etiam
3284 3182 3495 3238 ratione
3548 3184 3855 3240 admodum

526 3273 644 3331 sine
688 3274 849 3330 dubio
894 3274 1232 3331 conﬁtemur.
1287 3274 1419 3331 Esse
1468 3270 1594 3331 huic
1640 3272 1768 3348 quid
1812 3272 2127 3332 credimus?

526 3369 653 3441 quid
685 3372 969 3441 putamus?
996 3368 1176 3444 (Joan.
1207 3387 1283 3439 tv,
1308 3368 1403 3443 24)
1441 3388 1455 3424 :
1484 3370 1735 3441 Spiritus,
1764 3366 1958 3443 inquit,
1986 3366 2127 3427 Dens

525 3473 621 3529 est,
656 3463 867 3531 lumen;
900 3477 956 3521 et
982 3481 1165 3520 verum
1199 3465 1377 3520 lumen
1413 3466 1552 3521 Deus
1574 3476 1675 3522 est.
1709 3465 1848 3535 Quid
1878 3466 1981 3521 hoc
2005 3480 2127 3522 esse

524 3556 785 3627 creditur,
814 3558 954 3631 quod
985 3557 1206 3630 Spiritus
1249 3558 1483 3615 dicitur?
1515 3575 1708 3631 nempe
1753 3552 2002 3631 Spiritum
2044 3557 2124 3612 in-

526 3652 768 3724 telligere
804 3653 1047 3726 cogimur
1081 3654 1365 3725 quamdam
1418 3655 1779 3717 existentem,
1833 3653 2123 3720 viventem,

523 3744 1023 3819 intelligentemquc
1045 3747 1397 3803 substantiam
1430 3764 1442 3800 :
1466 3748 1517 3802 in
1536 3744 1785 3819 supernis
1806 3744 2046 3817 quidem,
2072 3752 2127 3801 et

521 3838 665 3895 circa
707 3841 872 3896 Deum
904 3840 1136 3897 maxime
1170 3840 1326 3915 quasi
1358 3840 1618 3898 bumiletn
1665 3852 1720 3896 et
1765 3839 2037 3907 alienum;
2070 3849 2126 3898 et

522 3931 576 3987 in
609 3930 996 4003 posterioribus
1044 3950 1237 3990 nomen
1269 3950 1375 3989 non
1406 3932 1635 3990 credunt
1664 3934 1959 3990 convenire
1984 3934 2117 3989 sub-

522 4026 793 4080 stantiam.
831 4026 936 4082 Sed
961 4042 1058 4082 cnr
1086 4043 1116 4082 a
1147 4026 1300 4082 nobis
1326 4024 1557 4099 fugiatur
1581 4024 1684 4082 boc
1708 4026 1971 4083 verbum?
2002 4042 2122 4081 cmn

520 4134 666 4186 esse,
695 4120 889 4192 cuique
920 4119 1022 4176 hoc
1051 4118 1101 4176 ei
1128 4121 1197 4175 sit
1224 4136 1345 4177 esse
1370 4119 1748 4177 substantiam.
1793 4121 1859 4176 Et
1889 4120 1941 4175 in
1968 4117 2123 4176 Jere-

523 4213 627 4267 mia
656 4212 797 4268 Deus
833 4212 1059 4284 loquens
1091 4213 1162 4269 ita
1193 4213 1321 4270 dicit
1343 4213 1478 4289 (Jer.
1518 4231 1669 4285 mu,
1697 4215 1769 4271 22
1799 4231 1909 4271 sec.
1941 4214 2070 4287 cxx)
2105 4232 2119 4272 :

524 4305 677 4372 Quod
716 4311 759 4360 si
809 4306 861 4360 in
892 4324 1004 4361 mea
1041 4307 1323 4363 substantia
1353 4310 1557 4365 staretis
1580 4352 1596 4378 ,
1629 4309 1864 4365 videretis
1904 4307 2123 4366 Verbum

520 4417 704 4455 meum.
741 4400 830 4458 Sic
859 4399 1018 4456 etiam
1052 4401 1124 4458 ibi
1154 4417 1261 4457 non
1291 4402 1460 4459 multo
1485 4414 1626 4474 post,
1656 4414 1710 4459 et
1747 4404 1867 4459 aliis
1893 4403 1944 4459 iu
1989 4400 2123 4460 locis

521 4495 722 4550 multis.
748 4492 1019 4566 Estigitur
1039 4495 1260 4566 spiritus
1285 4494 1606 4564 substantia,
1631 4494 1683 4551 id
1706 4504 1811 4566 est,
1836 4511 1956 4553 esse
1973 4495 2133 4569 ejus;

2232 3291 2419 3329 verum
2452 3283 2535 3330 est
2566 3291 2579 3330 :
2613 3285 2762 3332 certe
2795 3275 2955 3343 Deus,
2986 3274 3072 3331 cui
3108 3273 3173 3329 ad
3206 3276 3665 3346 omnipotentiam
3703 3281 3853 3347 priu-

2231 3371 2569 3443 cipalemque
2598 3369 2961 3427 summitatem
2992 3369 3095 3425 hoc
3121 3385 3315 3425 nomen
3359 3370 3622 3426 convenit
3652 3371 3807 3428 Deus
3837 3395 3849 3430 :

2233 3464 2396 3531 Deus,
2433 3465 2673 3536 inquam,
2704 3465 2955 3534 primum,
2987 3464 3029 3518 si
3061 3462 3113 3518 in
3146 3458 3237 3518 Dei
3269 3463 3527 3531 operibus
3548 3462 3850 3521 dicendum

2229 3552 2427 3628 aliquid
2455 3554 2684 3631 primum
2718 3576 2730 3611 :
2763 3556 2856 3612 sed
2891 3555 3242 3627 intelligentia
3268 3555 3489 3612 bumani
3522 3555 3765 3628 ingenii,
3799 3568 3850 3613 ut

2232 3667 2291 3707 se
2319 3660 2512 3707 exerat
2540 3660 2594 3707 et
2625 3667 2712 3707 res
2755 3646 2951 3722 capiat,
2984 3651 3142 3707 rebus
3167 3650 3249 3705 vel
3276 3642 3435 3704 simul
3458 3651 3846 3717 existentibus,

2229 3745 2315 3801 Vel
2338 3738 2497 3800 simul
2528 3742 2687 3811 fusis;
2711 3752 2766 3800 et
2805 3750 2953 3799 ortus
2977 3787 2993 3815 ,
3027 3754 3079 3799 et
3109 3743 3353 3798 diversos
3382 3750 3535 3798 ortos
3562 3785 3579 3810 ,
3612 3754 3669 3799 et
3700 3747 3849 3816 quasi

2231 3849 2443 3910 tempus
2481 3837 2745 3894 attribuit.
2797 3839 2958 3904 Deus,
2984 3838 3221 3909 inquam,
3248 3838 3418 3907 primo
3452 3839 3845 3895 mtivcrsalium

2227 3932 2541 3989 existentias
2566 3930 3007 4001 substantiasque
3037 3930 3323 4002 progenuit
3348 3948 3360 3983 :
3388 3928 3485 3984 bas
3508 3931 3673 3987 l’lato
3706 3932 3846 3989 ideas

2230 4035 2405 4093 vocat,
2453 4035 2773 4082 cunctarum
2825 4025 3242 4081 incxistcntibns
3292 4022 3601 4095 specierum
3639 4029 3844 4097 species

2228 4120 2586 4196 principales;
2636 4121 2777 4194 quod
2824 4138 2995 4193 genus
3049 4123 3101 4177 in
3158 4121 3414 4192 exemplo
3470 4128 3559 4176 est.
3618 4123 3841 4189 ὀνκ-ἐπες,

2226 4220 2437 4288 ζωότης,
2468 4217 2639 4282 νόησις
2666 4237 2677 4270 :
2708 4214 2777 4273 Ει
2805 4216 2932 4274 item
2962 4216 3205 4278 ταυτότης
3228 4224 3282 4272 et
3308 4215 3516 4294 τερότης
3546 4213 3658 4291 (1),
3691 4226 3843 4288 atque

2228 4312 2333 4368 hoc
2362 4327 2532 4383 genus
2552 4321 2748 4367 caetera
2776 4328 2788 4366 :
2817 4326 3013 4381 genera
3036 4308 3200 4381 igitur
3215 4322 3473 4380 generum
3507 4309 3842 4379 profundun.

2225 4415 2331 4472 tnr,
2349 4405 2484 4461 adeo
2514 4404 2752 4460 omnium
2780 4403 3141 4474 potentiartun
3176 4402 3431 4473 potentiae
3457 4402 3841 4457 universaliter

2225 4499 2574 4571 principales.
2623 4497 2766 4569 Ergo
2821 4497 3056 4564 ὁντότης,
3107 4494 3161 4551 id
3198 4498 3321 4563 est,
3375 4495 3838 4560 existentialitas,

521 4587 834 4660 colligamus
858 4590 1018 4662 igitur
1046 4594 1180 4648 κατὰ
1211 4593 1419 4651 ιωάννην
1450 4590 1650 4646 dictum
1680 4587 1858 4664 (Joan.
1886 4607 1960 4661 tv,
1988 4586 2116 4666 24):
2147 4590 2201 4653 D
2226 4591 2309 4647 vel
2340 4591 2704 4647 essentialitas
2732 4608 2743 4643 :
2779 4590 2893 4645 sive
2923 4588 3140 4656 ζωότης,
3165 4586 3217 4643 id
3241 4597 3349 4655 est,
3372 4585 3644 4655 vitalitas,
3665 4589 3718 4643 id
3746 4594 3837 4651 cst,

523 4681 753 4752 Spiritus
783 4682 925 4739 Deus
951 4695 1065 4749 est;
1095 4695 1142 4740 et
1171 4685 1445 4742 adorantes
1472 4702 1607 4755 eum,
1638 4685 1691 4741 in
1718 4688 1904 4760 spiritu
1947 4697 1996 4744 et
2034 4703 2119 4743 ve-

521 4777 672 4831 ritate
695 4777 913 4833 adorare
940 4788 1157 4849 oportet.
1192 4778 1331 4836 Deus
1356 4822 1372 4849 ,
1403 4782 1573 4853 inquit
1596 4821 1615 4851 ,
1644 4783 1858 4854 spiritus
1879 4793 1982 4850 est,
2016 4782 2121 4840 hoc

521 4879 605 4926 est
636 4874 762 4941 Dei,
787 4876 929 4947 quod
958 4886 1042 4932 est
1069 4891 1189 4932 esse
1223 4895 1236 4932 :
1268 4891 1396 4948 ergo
1443 4876 1739 4934 substantia
1772 4876 1866 4934 Dei
1897 4877 2118 4949 spiritus

522 4976 626 5035 est,
654 4968 844 5025 eadem
867 4969 1187 5040 substantia,
1216 4969 1319 5026 ltoc
1358 4980 1443 5028 est
1481 4970 1626 5044 quod
1654 4972 1841 5027 vivens
1870 4988 1884 5026 :
1915 4985 2021 5025 non
2057 4978 2115 5025 ut

519 5060 668 5117 aliud
694 5062 762 5117 sit
789 5063 1089 5121 substantia
1145 5065 1289 5120 aliud
1325 5066 1541 5132 vivens,
1575 5064 1669 5122 sed
1702 5066 1876 5137 ipsum
1929 5065 2118 5122 vivens

521 5165 580 5212 ιιι
608 5157 677 5213 sit
714 5157 829 5230 ipsa
874 5157 1193 5214 subsmntit.
1224 5160 1284 5215 Si
1309 5159 1452 5216 enim
1479 5158 1676 5215 dictum
1709 5169 1793 5215 est
1828 5159 1897 5216 ab
1926 5156 2115 5219 eodem

522 5247 702 5321 (Joan.
736 5267 809 5319 vt,
843 5250 936 5321 63)
984 5268 997 5304 :
1042 5252 1268 5323 Spiritus
1308 5262 1383 5307 est
1431 5253 1517 5323 qui
1562 5253 1805 5320 viviﬁcat,
1862 5252 2045 5325 utique
2073 5252 2120 5309 is

521 5345 612 5414 qui
655 5344 907 5415 vivificat,
946 5346 1037 5417 qui
1078 5347 1227 5415 vivit,
1271 5356 1325 5403 et
1357 5347 1481 5403 vita:
1524 5348 1761 5419 potentia
1800 5359 1885 5406 est
1932 5366 1945 5402 :
1993 5363 2121 5421 ergo

527 5437 658 5493 vivit
685 5438 929 5510 spiritus,
962 5440 1092 5495 vivit
1120 5440 1280 5495 Dens.
1312 5439 1483 5495 Porro
1520 5453 1697 5499 autem
1726 5443 1849 5516 qttia
1882 5443 2030 5511 vivit,
2063 5451 2123 5499 ut

480 5582 483 5585 η
523 5547 686 5604 supra
708 5533 962 5598 diximus,
991 5543 1045 5589 et
1070 5534 1180 5588 vita
1206 5543 1309 5601 est,
1342 5535 1575 5605 Spiritus
1603 5552 1732 5609 ergo
1772 5549 1825 5594 et
1868 5538 1973 5595 vita
2017 5546 2122 5607 est,

526 5636 584 5682 ut
612 5627 754 5684 idem
777 5624 1015 5685 Joannes
1041 5626 1116 5683 ait
1164 5645 1177 5682 :
1227 5627 1460 5700 Spiritus
1505 5629 1609 5685 vita
1654 5640 1760 5700 est;
1800 5645 1928 5705 ergo
1960 5631 2123 5706 Deus,

602 5813 680 5887 (1)
709 5815 872 5874 Forte
896 5818 1149 5883 ταυτότης
1177 5828 1233 5879 et
1259 5820 1514 5902 inpetus.

2224 4687 2390 4757 prima
2418 4683 2739 4740 universalis
2790 4680 2916 4738 vita:
2948 4686 3183 4753 potentia
3207 4726 3220 4749 ,
3258 4684 3361 4735 hoc
3386 4691 3495 4749 est,
3530 4682 3712 4751 prima
3737 4682 3832 4736 vita

2222 4781 2449 4852 fonsque
2486 4779 2727 4835 omnium
2777 4776 3013 4834 vivendi.
3065 4774 3197 4833 ltem
3252 4778 3450 4843 νόησις,
3502 4776 3835 4851 intelligendi

2221 4875 2320 4943 vis,
2356 4874 2550 4941 virtus,
2585 4874 2847 4944 potentia,
2882 4872 2965 4927 vel
2988 4870 3309 4937 substantia,
3332 4871 3421 4926 vel
3455 4879 3656 4926 natura
3689 4892 3704 4926 :
3736 4877 3834 4927 itast:

2224 4968 2323 5024 tria
2347 4967 2656 5039 accipienda
2707 4977 2763 5022 ut
2809 4964 3042 5038 singula,
3088 4965 3184 5022 sed
3216 4965 3287 5020 ita
3315 5008 3329 5029 ,
3363 4973 3421 5020 ιιι
3451 4982 3561 5037 qua
3592 4983 3698 5023 suo
3728 4969 3832 5039 pia-

2222 5058 2359 5116 rimo
2388 5071 2532 5126 sunt,
2565 5061 2669 5116 hoc
2720 5059 3068 5115 nominentur
3113 5066 3168 5115 et
3213 5070 3334 5114 esse
3380 5056 3647 5116 dicantur
3680 5080 3693 5114 :
3725 5075 3832 5115 nam

2200 5153 2357 5229 nihil
2386 5152 2577 5209 bormn
2605 5163 2709 5221 est,
2743 5152 2887 5223 quod
2921 5167 3025 5207 non
3062 5153 3160 5208 tria
3189 5151 3260 5208 sit
3299 5171 3313 5208 :
3349 5166 3476 5209 esse
3506 5155 3661 5209 enim
3690 5200 3706 5223 ,
3745 5152 3832 5208 hac

2223 5263 2345 5305 esse
2373 5248 2415 5303 si
2449 5249 2614 5316 vivat,
2649 5246 2753 5303 hoc
2779 5256 2865 5304 est
2895 5247 2950 5302 in
2988 5246 3097 5301 vita
3129 5246 3222 5303 sit.
3256 5247 3437 5317 Ipsum
3472 5264 3609 5304 vero
3639 5252 3826 5313 vivere,

2226 5358 2332 5398 non
2362 5352 2447 5399 est
2475 5343 2659 5399 vivere
2685 5340 2829 5413 quod
2853 5341 2997 5396 vivat
3025 5340 3433 5412 intelligentiam
3464 5354 3574 5398 non
3599 5344 3828 5399 habere:

2224 5436 2374 5507 quasi
2397 5435 2560 5490 mixta
2580 5435 2741 5506 igitur
2754 5440 2804 5491 et
2824 5442 2879 5489 ut
2896 5449 2983 5489 res
2997 5442 3102 5500 est,
3126 5432 3319 5503 triplici
3341 5435 3697 5505 simplicitate
3716 5440 3831 5491 siut-

2225 5532 2402 5604 plicia.
2420 5532 2687 5605 Quidquid
2710 5534 2855 5589 enim
2876 5533 2980 5589 hoc
3011 5534 3127 5604 ipso
3144 5548 3251 5605 quo
3282 5545 3388 5603 est,
3407 5542 3461 5590 et
3478 5535 3714 5591 alterum
3737 5544 3825 5602 est,

2226 5644 2334 5687 non
2351 5628 2641 5709 aliquando
2657 5627 2949 5687 dicendum
2971 5628 3271 5707 geminum,
3296 5629 3394 5687 sed
3415 5645 3639 5706 semper
3655 5646 3823 5688 unum.
