4024 6306
311 252 449 311 lli?

1455 250 1820 309 ADVERSUS
1862 250 2077 310 ARIUM
2119 251 2320 310 LIBER
2362 254 2451 313 IV.

3478 220 3617 317 llis

386 370 469 426 Vl.
500 370 697 428 Verum
728 370 793 429 de
822 373 886 428 iis
911 373 1151 446 pluribus
1177 371 1322 429 alibi.
1359 371 1500 427 Dens
1530 372 1690 445 igitur
1718 379 1803 427 est
1829 369 1909 426 vi—
1940 368 1987 430 Α
2015 370 2188 438 deret,
2218 372 2498 441 subjunxit
2523 371 2702 428 statim
2738 371 2918 447 (Jonn.
2956 388 3023 426 vt.
3052 370 3142 444 iiii)
3183 390 3193 426 ;
3238 371 3332 427 Iiir
3371 384 3442 427 es!
3473 379 3617 440 )‘tmis

311 479 460 532 vere,
489 464 633 536 quod
663 480 953 533 summum,
984 467 1237 537 primum,
1273 464 1606 529 fontancum,
1646 464 1915 537 principa-

314 559 438 615 liter
479 559 793 630 principale,
839 560 942 616 tria
971 559 1069 615 ista
1101 558 1303 630 genuit,
1338 556 1391 613 id
1423 566 1528 624 est,
1560 568 1660 614 Suo
1697 550 1912 611 vivendi

309 666 495 723 opere,
525 658 584 708 ut
601 653 899 710 existerent
926 652 1248 724 procreavit.
1276 652 1382 710 Ista
1414 653 1573 724 igitur
1596 664 1760 726 opere
1784 666 1912 724 pro.

308 753 595 810 venerunt.
648 755 703 802 et
745 746 861 803 haec
908 748 1109 819 proles,
1152 748 1252 803 ista
1296 749 1574 818 generatio
1613 758 1728 814 est,
1757 756 1816 802 ut
1846 744 1913 804 ab

307 850 504 913 agente
532 850 705 909 actus,
739 841 808 897 ab
837 860 902 897 eo
927 842 1070 914 quod
1107 853 1189 899 est
1216 843 1501 900 cssentitas
1529 842 1612 899 vel
1650 843 1910 912 essentia,

308 950 339 993 a
375 933 591 991 vivente
614 934 849 992 vitalitas
871 937 956 992 vel
986 937 1115 1004 vita,
1147 935 1214 992 ab
1236 935 1569 1009 intelligente
1595 937 1788 1001 νόησις,
1823 936 1912 992 in-

308 1026 658 1099 telligentinm
675 1029 1056 1086 universalium
1079 1029 1766 1104 universalisintelligentia
1790 1046 1912 1086 nas-

306 1130 540 1177 ceretur.
582 1121 740 1185 Prius
782 1132 865 1178 est
904 1123 1066 1193 igitur
1091 1123 1304 1188 vivere,
1336 1139 1496 1196 quam
1539 1124 1644 1180 vita
1680 1142 1693 1179 :
1724 1138 1914 1195 qnam-

305 1228 463 1284 quam
504 1210 558 1269 in
604 1225 670 1270 eo
713 1213 857 1285 quod
898 1223 981 1270 est
1020 1215 1217 1284 vivere,
1249 1216 1354 1270 vita
1388 1216 1455 1270 sit
1486 1234 1499 1270 :
1525 1216 1621 1272 sed
1643 1216 1826 1275 vivere
1856 1227 1914 1273 ut

303 1319 502 1377 parens
546 1306 673 1361 vitae
713 1314 832 1373 est,
874 1306 982 1363 vita
1022 1314 1077 1364 et
1119 1307 1320 1380 proles,
1362 1319 1416 1365 et
1461 1309 1604 1379 quod
1652 1309 1908 1382 gignitur,

303 1398 500 1470 quippe
545 1413 574 1452 a
618 1397 834 1455 vivente
878 1406 1153 1471 generata.
1209 1398 1351 1457 Deus
1400 1400 1563 1473 igitur
1609 1410 1693 1458 est
1733 1401 1911 1459 vivere

302 1490 432 1547 illud
462 1488 697 1563 primum
728 1490 908 1548 vivere
964 1506 995 1547 a
1050 1493 1367 1566 semetipso,
1409 1494 1591 1550 vivere
1626 1504 1751 1551 ante
1795 1510 1913 1550 om-

301 1584 450 1642 nium
486 1580 694 1654 viver'c,
722 1595 774 1641 et
801 1596 926 1643 ante
952 1585 1122 1659 ipsius
1152 1586 1276 1643 vitae
1304 1584 1487 1643 vivere
1525 1606 1539 1643 :
1571 1600 1736 1658 agens
1765 1582 1907 1642 enim

299 1686 355 1735 et
396 1684 613 1749 Semper
652 1693 850 1750 agens,
882 1687 937 1736 ct
976 1678 1123 1736 nullo
1167 1678 1430 1750 principio
1471 1694 1660 1750 agens,
1703 1694 1807 1734 non
1841 1680 1910 1733 ab

2015 467 2103 537 qui
2128 467 2189 522 de
2217 466 2342 522 cado
2372 466 2651 522 descendit.
2684 466 2884 523 Deinde
2910 467 3073 521 vitam
3105 483 3247 533 esse,
3273 475 3327 522 et
3356 479 3615 525 :I‘tt't‘ttattl

2016 558 2177 613 vitam
2210 560 2288 614 sic
2340 568 2584 623 tesmtur,
2634 558 2711 615 sic
2762 559 2917 614 docet
2969 556 3130 633 (Il-id.
3185 560 3274 625 Si,
3319 560 3409 632 55)
3448 578 3461 615 :
3504 560 3619 615 Α’ἱεὶ

2015 651 2311 723 acceperitis
2342 668 2529 724 corpus
2557 649 2687 707 Filii
2717 651 2957 717 hominis,
3004 649 3141 706 sicut
3172 668 3360 722 pauent
3397 652 3538 720 vitae,
3573 663 3620 725 et

2015 740 2238 798 bibet-itis
2257 742 2556 817 sanguinem
2587 744 2698 815 ejus
2724 788 2739 813 ,
2772 761 2871 799 non
2903 744 3146 800 habebitis
3173 742 3327 799 vitam
3355 746 3405 799 in
3434 744 3572 800 vobis
3599 762 3618 801 .°

2014 833 2103 903 qui
2130 844 2299 888 autem
2326 835 2436 889 edet
2462 851 2666 890 carnem
2698 835 2842 907 ejus,
2878 846 2922 890 et
2960 835 3092 891 bibet
3136 839 3246 911 ejus
3290 836 3613 908 sanguinem,

2016 925 2164 980 habet
2189 924 2344 981 vitam
2372 936 2638 982 aeternam.
2672 928 2845 984 Omne
2872 943 2999 999 ergo
3030 928 3174 1000 quod
3215 928 3466 986 Christus
3507 926 3614 999 est,

2017 1018 2124 1074 vita
2157 1027 2355 1075 teterna
2386 1029 2466 1076 est
2491 1063 2506 1089 ,
2540 1018 2625 1077 vel
2656 1020 2912 1093 spiritus,
2945 1021 3030 1076 vel
3059 1023 3261 1089 anima,
3311 1023 3395 1077 vel
3441 1038 3568 1078 caro
3600 1042 3615 1079 :

2014 1108 2205 1166 horam
2250 1112 2394 1168 enim
2437 1112 2679 1168 omnium
2727 1114 2841 1185 ipse
2888 1114 3047 1189 Λὸσγος
3082 1124 3185 1171 est.
3235 1116 3395 1192 Λόσγος
3437 1127 3617 1172 autem

2014 1202 2324 1276 principalis
2353 1205 2458 1259 vita
2492 1212 2574 1261 est
2606 1221 2620 1260 :
2651 1218 2780 1277 ergo
2806 1205 2967 1262 etiam
3009 1220 3070 1261 ca
3125 1222 3243 1278 quae
3284 1206 3455 1263 induit
3508 1210 3613 1265 vita

2014 1305 2140 1354 sunt
2169 1315 2183 1366 ;
2213 1298 2353 1355 unde
2383 1299 2480 1354 ista
2507 1307 2559 1356 ct
2583 1298 2633 1355 in
2656 1300 2813 1356 nobis
2838 1301 3000 1356 vitam
3034 1309 3290 1357 aeternam
3326 1292 3615 1360 merebun-

2014 1400 2102 1447 tur
2129 1407 2223 1462 per
2247 1392 2508 1463 Spiritum
2538 1398 2698 1464 que'm
2737 1392 2985 1450 Christus
3023 1392 3181 1452 nobis
3221 1395 3331 1461 dat,
3376 1395 3513 1452 facta
3562 1408 3617 1455 et

2015 1486 2113 1544 ista
2141 1484 2421 1559 Spiritalia.
2447 1489 2526 1545 Ac
2555 1505 2624 1546 nc
2643 1489 2734 1562 qui
2756 1489 3003 1546 crederet
3041 1488 3111 1546 de
3151 1488 3366 1548 Christo
3409 1494 3614 1548 carnali

2014 1576 2286 1635 Christum
2318 1580 2415 1635 ista
2445 1581 2649 1647 dicere,
2675 1589 2731 1637 et
2758 1594 2860 1636 non
2882 1580 2952 1637 de
2976 1588 3087 1638 toto
3112 1595 3191 1649 se,
3223 1582 3315 1656 qui
3342 1592 3426 1639 est
3444 1584 3615 1655 Spiri-

2015 1679 2124 1738 tus,
2157 1673 2356 1740 anima,
2399 1684 2549 1739 caro,
2584 1670 2708 1745 quid
2755 1672 2867 1729 ait?
2919 1672 3079 1746 (Ibid.
3110 1675 3204 1747 65)
3236 1696 3248 1732 :
3286 1677 3422 1743 Quid
3451 1678 3495 1733 si
3538 1680 3615 1734 vi-

299 1772 514 1828 actione
542 1786 709 1844 agens
737 1780 841 1841 εει,
871 1789 938 1829 ne
967 1772 1108 1829 actio
1139 1773 1226 1829 vel
1255 1773 1535 1847 phantasia
1566 1770 1814 1845 principii
1839 1774 1909 1829 sit
1936 1762 1983 1824 B
2012 1762 2187 1820 deritis
2215 1761 2410 1820 Filium
2434 1766 2652 1822 hominis
2672 1766 3071 1823 ascendentem?
3096 1766 3226 1836 Quis
3241 1779 3323 1824 est
3352 1769 3489 1825 filius
3518 1771 3617 1826 bu-

288 1856 366 1922 iad
395 1876 668 1938 agentem,
702 1865 797 1923 sed
825 1875 884 1922 ut
902 1868 1044 1923 actio
1071 1867 1280 1938 agentis
1303 1882 1488 1938 opere,
1522 1865 1605 1921 vel
1633 1867 1909 1939 progenita

284 1956 366 2014 'sit
407 1957 493 2015 vel
526 1959 833 2026 exstiterit,
863 1959 949 2016 vel
975 1956 1144 2016 emtsa
1168 1958 1258 2014 sit.
1310 1958 1421 2015 lloc
1451 1960 1636 2031 utique
1663 1974 1824 2031 agere
1855 1959 1908 2017 in

288 2056 366 2109 'eo
397 2052 670 2126 ponimus,
703 2053 843 2124 quod
874 2063 957 2110 est
988 2053 1170 2111 vivere
1203 2073 1217 2114 :
1246 2053 1388 2112 Deus
1417 2068 1548 2126 ergo
1573 2052 1756 2111 vivere
1801 2067 1904 2125 est,

282 2138 354 2202 'et
394 2146 694 2219 principale
723 2148 906 2205 vivere
936 2167 949 2205 :
978 2146 1085 2203 vita
1118 2155 1294 2205 autem
1328 2149 1677 2222 ntgenitum.
1710 2149 1908 2207 Vivere

300 2255 432 2314 ergo
464 2250 616 2313 pater
656 2249 760 2309 est,
795 2243 904 2298 vita
938 2241 1079 2298 ﬂlius
1112 2260 1125 2297 :
1172 2259 1404 2314 namque
1450 2244 1593 2315 quod
1622 2244 1676 2299 in
1702 2258 1768 2301 eo
1797 2242 1907 2300 inc-

301 2343 413 2391 tum
454 2340 555 2401 est,
586 2336 696 2391 vita
721 2346 826 2403 est,
877 2346 932 2392 et
965 2336 1079 2407 ipse
1111 2333 1253 2392 ﬁlius
1282 2332 1415 2392 dicit
1443 2334 1634 2409 (Joan.
1663 2351 1771 2402 xlv,
1801 2336 1857 2409 6)
1890 2354 1905 2394 :

302 2428 413 2502 Ego
444 2448 557 2485 sunt
582 2430 684 2499 ria,
709 2447 800 2503 ego
827 2432 1035 2500 veritas,
1067 2449 1157 2504 ego
1192 2431 1313 2488 vita.
1347 2429 1471 2486 Hmc
1503 2431 1607 2485 vita
1640 2439 1742 2496 est,
1785 2447 1907 2502 quin

300 2531 415 2578 orta
443 2531 524 2579 est
551 2523 619 2579 ab
640 2536 705 2580 eo
728 2522 870 2596 quod
892 2533 1044 2596 pater
1066 2522 1218 2593 vivit,
1248 2537 1297 2580 et
1329 2522 1431 2580 hoc
1455 2522 1583 2579 illud
1611 2531 1693 2579 est
1723 2523 1901 2596 (lana.

302 2613 530 2688 “1.27)
564 2633 577 2673 :
617 2612 725 2688 Ego
769 2615 914 2672 enim
941 2613 1005 2670 de
1048 2612 1156 2670 Deo
1199 2614 1351 2670 exivi.
1396 2616 1530 2671 Item
1579 2612 1696 2686 ipse
1739 2612 1807 2671 de
1844 2628 1906 2672 se

299 2708 371 2764 ita
420 2706 550 2764 dicit
579 2706 757 2778 (Joan.
790 2722 883 2763 vn.
913 2706 1004 2774 57,
1035 2707 1126 2781 58)
1159 2725 1171 2763 :
1204 2708 1304 2774 Qui
1344 2708 1470 2774 sitit,
1501 2705 1665 2763 veniat
1703 2706 1771 2762 ad
1802 2724 1901 2778 me,

299 2812 345 2858 et
367 2798 535 2869 bibat;
556 2801 644 2873 qui
662 2798 822 2855 credit
851 2798 903 2856 in
925 2815 1026 2867 me,
1058 2802 1188 2855 sicut
1210 2799 1340 2856 dixit
1363 2799 1655 2867 Scriptura,
1687 2799 1906 2871 ﬂumina

298 2895 363 2950 de
387 2904 555 2950 ventre
578 2893 685 2966 ejus
711 2892 874 2966 ﬂuent
898 2910 1044 2965 aqua
1067 2891 1211 2949 vitae.
1259 2894 1394 2950 llinc
1421 2905 1474 2950 et
1500 2893 1627 2949 illud
1648 2903 1732 2951 est
1759 2894 1904 2965 quod

296 2985 651 3045 Samaritana:
680 2988 961 3060 reSpondit
982 2987 1159 3062 (Joan.
1187 3005 1260 3044 tv.
1298 2988 1389 3059 10)
1409 3009 1422 3044 :
1443 2988 1505 3046 Si
1528 2990 1683 3045 scires
1708 2988 1903 3045 donum

2011 1857 2483 1931 tniuis?Spiritus,
2529 1860 2730 1929 anima,
2761 1874 2888 1916 caro
2920 1876 2932 1915 :
2970 1862 3085 1917 lucc
3103 1862 3244 1918 enim
3276 1862 3459 1919 habuit
3492 1879 3613 1921 cum

2010 1955 2276 2022 ascendit,
2304 1965 2356 2011 et
2384 1969 2506 2011 cum
2538 1955 2731 2027 quibus
2752 1956 3014 2012 ascendit.
3039 1955 3176 2025 Quid
3205 1973 3335 2029 ergo
3356 1966 3439 2015 est
3468 1959 3612 2030 quod

2009 2044 2233 2120 adjicit?
2265 2057 2319 2103 ut
2349 2047 2571 2119 spiritus
2603 2045 2932 2121 intelligatur
2974 2049 3163 2125 (Ιὸὶιι.)
3199 2068 3212 2106 :
3249 2051 3349 2107 Ubi
3391 2052 3612 2120 primum

2009 2144 2106 2216 fuit
2142 2159 2156 2199 :
2197 2142 2297 2199 huc
2323 2150 2427 2210 est,
2452 2142 2676 2214 spiritus
2710 2157 2723 2197 :
2754 2152 2914 2215 atque
2935 2145 3064 2211 vita,
3090 2142 3231 2216 quod
3257 2145 3438 2211 Pater,
3468 2145 3612 2216 quod

2012 2235 2174 2302 Deus,
2224 2234 2362 2292 unde
2410 2236 2525 2293 hare
2567 2234 2829 2310 ὁμοοῦσια,
2881 2235 2933 2292 id
2978 2247 3078 2302 est,
3132 2238 3611 2294 consubstantialia

2007 2337 2153 2398 sunt,
2184 2329 2331 2384 nullo
2362 2334 2601 2401 tempore
2631 2341 2783 2386 extra
2811 2344 2869 2385 se
2897 2328 3212 2398 existetttin,
3241 2331 3613 2402 principaliter

2010 2420 2349 2494 principalia,
2374 2436 2477 2476 una
2506 2422 2804 2493 eademque
2832 2420 3157 2489 substantia,
3182 2424 3230 2478 vi
3255 2424 3390 2494 pari,
3421 2423 3609 2480 eadem

2008 2514 2268 2586 potentia,
2324 2514 2638 2586 majestate,
2680 2514 2918 2582 virtute,
2972 2515 3176 2572 nullum
3222 2518 3391 2573 altero
3439 2517 3606 2589 prius,

2009 2608 2109 2662 nisi
2169 2604 2312 2679 quod
2375 2624 2533 2664 causa
2585 2616 2667 2666 est
2719 2611 2948 2666 alterum
2989 2609 3248 2678 alterius,
3300 2621 3352 2667 et
3408 2611 3608 2668 idcirco

2006 2704 2264 2775 alterum;
2301 2702 2395 2760 sed
2434 2702 2573 2761 idem
2617 2706 2844 2762 alterum
2888 2720 3072 2763 verum
3120 2708 3243 2781 quia
3286 2707 3426 2765 idem
3469 2727 3606 2768 unus

2007 2796 2179 2863 Dens;
2210 2798 2331 2868 quia
2364 2812 2492 2854 vero
2517 2799 2779 2866 alterum,
2815 2800 3014 2855 idcirco
3046 2799 3275 2872 primum
3317 2813 3373 2858 et
3414 2820 3607 2859 secun—

2004 2887 2166 2956 dum;
2215 2897 2270 2946 et
2298 2891 2419 2961 quia
2441 2906 2599 2948 causa
2624 2893 2853 2948 alterum
2891 2894 3135 2962 alterius,
3183 2894 3384 2951 idcirco
3429 2907 3603 2968 pater,

2004 2982 2147 3056 quod
2193 3001 2352 3042 causa
2400 2998 2484 3043 est
2512 3004 2526 3042 :
2578 2986 2630 3043 id
2661 3002 2791 3045 vero
2818 2989 2961 3060 quod
2992 2988 3060 3044 ab
3087 2989 3298 3058 altero,
3343 2991 3481 3046 (ilius
3512 3011 3523 3045 :
3551 2990 3602 3047 in

303 3080 418 3149 Dei,
451 3096 497 3138 et
517 3087 632 3155 quis
657 3094 732 3139 est
753 3084 843 3155 qui
868 3084 994 3138 dicit
1020 3080 1141 3139 tibi:
1174 3081 1256 3138 Da
1285 3085 1412 3139 mihi
1438 3084 1621 3152 bibere,
1653 3093 1707 3140 tu
1738 3086 1903 3157 magis
1940 3154 1961 3157 _
2004 3074 2301 3134 substantia
2349 3094 2476 3135 vero
2502 3079 2643 3136 nulla
2684 3079 2959 3148 distantia,
3001 3080 3146 3137 nulla
3192 3082 3448 3154 temporis
3487 3083 3602 3139 dis-

297 3176 509 3247 petisses
530 3154 647 3233 eum
672 3219 687 3245 ,
715 3154 771 3232 et
784 3174 1005 3232 dedisset
1022 3174 1110 3231 tibi
1133 3192 1317 3247 aquam
1351 3178 1533 3233 vivam.
1555 3176 1688 3235 Item
1716 3154 1898 3250 postea
1927 3154 1971 3217 (ἶ
2005 3170 2196 3236 cretlo,
2221 3172 2368 3229 nulla
2397 3172 2749 3243 signiticatio;
2783 3189 2920 3231 unus
2952 3183 3150 3242 motus,
3177 3188 3280 3229 una
3332 3175 3600 3244 voluntas,

299 3266 489 3340 (lbid.,
545 3268 635 3341 15)
674 3286 688 3323 :
738 3266 919 3324 Omnis
975 3270 1061 3339 qui
1104 3268 1284 3324 biberit
1333 3284 1397 3325 ex
1445 3270 1541 3326 hac
1592 3288 1724 3341 aqua
1766 3270 1900 3326 sitiet

298 3361 500 3415 iterum.
559 3360 895 3418 Samaritana
925 3376 1061 3431 aqua
1110 3362 1380 3418 mundana
1404 3374 1486 3419 est
1524 3360 1700 3419 anima
1732 3362 1896 3438 (ibid.

296 3465 343 3509 et
396 3454 485 3527 14)
545 3472 560 3510 :
614 3454 717 3521 Qui
754 3464 925 3509 autem
964 3453 1141 3510 biberit
1180 3455 1246 3510 de
1284 3472 1418 3526 aqua
1473 3470 1626 3527 quam
1663 3473 1756 3528 ego
1811 3456 1899 3513 de-

299 3548 423 3603 dero
464 3547 514 3603 ei
542 3564 645 3602 non
665 3547 797 3603 sitiet
817 3547 873 3602 in
898 3548 1281 3618 sempiternum,
1308 3547 1401 3603 sed
1423 3562 1558 3619 aqua
1584 3564 1734 3619 quam
1765 3548 1897 3604 dabo

299 3642 345 3697 ei
393 3642 481 3712 ﬁet
518 3640 571 3696 in
601 3658 660 3697 eo
690 3642 806 3712 [ous
832 3654 979 3712 aqua
998 3640 1226 3697 salientis
1266 3640 1319 3697 in
1347 3640 1502 3696 vitam
1540 3651 1798 3697 (sternam.
1826 3640 1897 3698 lis

300 3744 460 3806 atque
488 3734 794 3806 huiusmodi
824 3732 1309 3792 innumerabilibus
1334 3734 1600 3807 exemplis
1624 3735 1755 3791 satis
1781 3736 1893 3791 cla-

298 3844 416 3883 rum
447 3827 504 3883 iit
558 3826 831 3885 Christum
861 3826 954 3885 Dei
979 3827 1145 3884 tilium
1172 3824 1335 3884 vitam
1363 3842 1485 3885 esse
1508 3870 1524 3892 ,
1553 3838 1609 3885 et
1633 3837 1895 3886 mternam

298 3919 460 3975 vitim
487 3938 500 3974 :
523 3919 718 3992 quippe
740 3919 830 3991 qui
857 3928 911 3977 et
937 3921 1053 3991 ipse
1076 3929 1134 3976 ut
1163 3930 1317 3991 pater
1337 3920 1573 3993 Spiritus
1594 3922 1683 3978 sit.
1710 3921 1891 3994 (Joan.

297 4029 376 4070 tu.
410 4012 477 4089 6)
507 4032 520 4070 :
552 4013 630 4070 De
669 4013 873 4087 Spiritu
908 4013 1052 4072 enim
1097 4016 1235 4088 quod
1262 4017 1490 4072 nascitur
1532 4017 1745 4088 spiritus
1769 4026 1843 4072 est
1875 4033 1896 4074 :

296 4105 528 4178 Spiritus
572 4122 705 4163 vero
743 4108 947 4178 spirat,
989 4114 1046 4164 ct
1071 4123 1101 4164 a
1128 4122 1187 4165 se
1215 4110 1382 4180 spirat
1412 4126 1429 4164 :
1460 4110 1666 4182 spirare
1711 4117 1893 4167 autem

294 4200 477 4256 vivere
497 4208 600 4256 est.
630 4200 801 4257 Porro
828 4201 971 4273 quod
1001 4216 1031 4258 ει
1062 4215 1122 4258 se
1146 4202 1335 4273 spirat,
1360 4217 1390 4260 a
1418 4219 1478 4259 se
1498 4203 1667 4261 vivit:
1699 4203 1893 4276 quoda

292 4307 353 4349 se
389 4293 560 4363 vivit,
590 4308 657 4352 ex
686 4305 894 4353 aeterno
920 4306 973 4354 ct
1004 4296 1058 4353 in
1088 4307 1351 4353 mternum
1395 4296 1524 4354 vivit
1555 4317 1569 4356 :
1617 4312 1891 4370 nunquam

292 4389 435 4446 enim
459 4404 523 4448 se
541 4390 765 4458 deserit,
797 4392 941 4461 quod
970 4389 1071 4448 sibi
1098 4405 1259 4448 causa
1298 4403 1381 4448 est
1405 4435 1420 4462 ,
1459 4401 1519 4449 ut
1558 4388 1660 4449 hoc
1714 4392 1890 4465 ipsum

291 4480 362 4538 sit
382 4484 522 4554 quod
553 4482 755 4541 existit.
784 4482 919 4541 Cum
954 4483 1113 4555 igitur
1141 4492 1294 4556 pater
1320 4485 1550 4557 sitquod
1575 4493 1659 4543 est
1681 4486 1883 4558 vivere,

2004 3262 2356 3337 etaliquando
2375 3266 2649 3338 phantasia
2677 3266 2902 3323 alterius
2924 3266 3233 3338 voluntatis,
3253 3267 3348 3324 sed
3387 3284 3603 3340 semper

2002 3356 2212 3416 eadem.
2634 3363 2654 3380 '

2077 3448 2208 3509 Vill.
2236 3450 2362 3510 Haec
2400 3452 2475 3507 ita
2519 3466 2641 3509 esse
2668 3466 2825 3509 saera
2866 3452 3097 3525 primum
3123 3448 3355 3509 lectione
3401 3450 3600 3509 deera-

2001 3560 2142 3615 mus,
2176 3546 2391 3614 deinde,
2419 3557 2476 3603 nt
2504 3546 2639 3603 ordo
2663 3548 2856 3619 poscit,
2892 3557 2948 3603 ut
2970 3562 3149 3604 rerum
3184 3547 3479 3605 necessitas
3507 3548 3602 3604 tia-

1998 3641 2151 3712 gitat,
2175 3651 2229 3696 et
2261 3638 2645 3714 perspiciamus
2668 3638 2721 3697 in
2752 3638 2817 3697 iis
2847 3641 3043 3713 quibus
3071 3650 3154 3698 est
3177 3658 3279 3698 una
3303 3640 3601 3715 eademque

1999 3734 2320 3803 substantia,
2350 3750 2446 3791 cur
2466 3734 2604 3791 alter
2630 3734 2913 3803 mittentis,
2945 3736 3084 3792 alter
3107 3736 3253 3792 missi
3281 3746 3598 3806 potestatem

1998 3839 2188 3901 gerant
2218 3847 2229 3883 ε
2263 3830 2577 3900 imperantis
2604 3826 2763 3900 alter,
2792 3830 2928 3886 alter
2958 3826 3192 3886 ministri
3226 3849 3237 3885 :
3269 3831 3408 3886 alter
3450 3840 3600 3887 motu

1997 3920 2189 3995 agendi
2222 3937 2249 3978 a
2278 3922 2620 3994 passionibus
2644 3922 2834 3992 libero,
2858 3924 2997 3981 alter
3036 3940 3130 3997 per
3164 3923 3407 3981 inﬁnitos
3447 3938 3599 3983 actus

1998 4014 2050 4073 in
2081 4016 2333 4075 creandis
2361 4018 2577 4076 saiculis
2600 4019 2859 4088 inﬁnitus,
2893 4032 2948 4077 et
2969 4020 3035 4076 iis
3054 4038 3173 4093 quae
3201 4031 3324 4077 sunt
3350 4022 3401 4077 in
3429 4036 3601 4079 smon-

1996 4107 2083 4176 lis,
2111 4108 2342 4183 subjecit
2373 4124 2541 4185 usque
2570 4114 2635 4170 ad
2669 4124 2896 4171 mortem
2930 4117 3241 4172 innumeras
3278 4118 3581 4188 passiones.

1997 4202 2141 4262 Vivit
2169 4202 2312 4277 quod
2352 4208 2582 4279 primum
2621 4218 2738 4277 est,
2771 4204 2901 4266 vivit
2953 4227 3018 4267 ex
3056 4226 3214 4279 sese,
3258 4211 3393 4267 vivit
3432 4222 3596 4268 aiter.

1997 4314 2156 4370 num,
2187 4309 2241 4358 et
2270 4296 2372 4357 hoc
2402 4302 2541 4359 Deus
2571 4311 2674 4360 est.
2708 4300 2863 4374 Quod
2895 4302 3086 4376 ipsum'
3109 4304 3263 4372 vivit,
3309 4312 3362 4359 ut
3409 4305 3593 4370 docui,

1994 4394 2326 4459 eximentis},
2369 4393 2457 4450 vel
2494 4394 2809 4450 substantim
2863 4398 2968 4451 vim
3010 4395 3207 4465 habet,
3241 4405 3297 4453 et
3346 4402 3594 4455 naturam

1995 4487 2121 4541 vita:
2161 4495 2216 4543 et.
2256 4481 2668 4561 intelligentia}:
2699 4484 2865 4543 immo
2910 4489 3026 4560 ipse
3057 4489 3206 4546 ineo
3250 4487 3392 4561 Quod
3432 4500 3513 4547 est
3543 4491 3594 4548 ei

289 4584 348 4631 ut
379 4588 541 4645 supra
588 4576 890 4645 docuimus,
948 4578 1131 4634 vivere
1173 4586 1351 4634 autem
1401 4579 1474 4634 sit
1518 4578 1679 4635 vitam
1719 4593 1841 4637 esse
1913 4557 1970 4620 Ῑ)
1995 4593 2136 4645 esse,
2164 4578 2265 4636 hoc
2297 4590 2380 4637 est
2400 4557 2532 4638 illud
2560 4580 2702 4654 quod
2731 4557 2963 4638 dicimus
2991 4582 3193 4652 vivere,
3224 4557 3283 4639 ei
3306 4583 3408 4640 hoc
3449 4585 3593 4656 quod

288 4670 529 4740 itemque
553 4669 697 4742 quod
717 4671 825 4727 vita
856 4669 907 4726 id
929 4670 996 4727 sit
1027 4668 1171 4742 quod
1200 4670 1439 4744 gignitur
1452 4670 1523 4728 ab
1544 4684 1610 4727 eo
1636 4670 1780 4743 quod
1807 4684 1892 4731 est

285 4760 489 4831 vivere,
548 4762 857 4822 necessario
905 4764 956 4820 id
998 4772 1082 4821 est
1123 4763 1230 4819 vita
1255 4807 1270 4827 ,
1316 4763 1457 4836 quod
1503 4766 1683 4822 vivere
1716 4784 1730 4821 :
1763 4767 1893 4826 vivit

286 4856 430 4913 enim
456 4866 509 4914 et
539 4858 646 4914 vita
676 4857 779 4915 hoc
809 4859 927 4929 ipso
954 4858 1080 4931 quia
1112 4859 1220 4913 vita
1262 4867 1365 4926 est,
1407 4866 1569 4930 atque
1597 4874 1665 4915 ex
1693 4876 1751 4917 se
1779 4858 1886 4918 vita

260 4960 363 5006 est
400 4971 413 5006 :
444 4966 509 5009 ex
542 4967 602 5009 se
643 4954 786 5010 enim
817 4954 863 5008 ei
892 4960 975 5009 est
1005 4952 1188 5009 vivere
1219 4945 1234 5007 ἑ
1274 4962 1644 5009 verumtamen
1683 4970 1750 5010 ex
1796 4950 1888 5011 illo

286 5044 486 5115 primo,
514 5046 654 5117 quod
684 5057 767 5104 est
794 5047 1164 5119 principaliter
1186 5046 1389 5116 vivere,
1412 5047 1553 5120 quod
1584 5056 1668 5106 est
1708 5058 1879 5120 pater,

287 5137 377 5193 ubi
407 5146 461 5195 ct
487 5138 629 5197 unde
656 5141 840 5197 exiStit
862 5141 991 5207 vita,
1021 5141 1107 5196 cui
1135 5139 1278 5197 inest
1316 5149 1372 5197 et
1414 5142 1621 5208 vivere,
1654 5150 1708 5198 ct
1734 5158 1798 5199 ex
1825 5158 1886 5201 se

285 5232 491 5299 vivere.
519 5235 661 5307 quod
684 5250 805 5292 esse
837 5236 1003 5292 tilium
1035 5235 1220 5295 Jesum
1263 5234 1538 5294 Christum
1572 5236 1878 5308 probamus,

287 5326 640 5399 intelligimus
670 5338 726 5385 et
750 5326 1003 5385 fatemur.

1994 4668 2313 4744 intelligere,
2340 4683 2393 4730 et
2427 4678 2527 4730 hoc
2559 4672 2701 4731 Deus
2726 4685 2844 4732 est:
2870 4691 2996 4747 ergo
3020 4676 3161 4747 quod
3187 4684 3272 4733 cst
3298 4677 3406 4732 Deo
3438 4694 3589 4744 esse,

1994 4763 2299 4820 cxistentia:
2343 4780 2508 4822 causa
2565 4776 2619 4823 et
2672 4777 2826 4839 pater
2868 4777 2971 4825 est.
3007 4768 3071 4824 Et
3098 4771 3351 4840 quoniam
3390 4771 3441 4825 in
3474 4770 3593 4841 ipso

1993 4867 2093 4910 suo
2118 4870 2240 4912 esse
2269 4856 2375 4912 vita
2407 4854 2455 4913 ei
2481 4866 2585 4927 est,
2616 4866 2669 4914 et
2700 4856 2750 4915 in
2783 4876 2849 4916 eo
2880 4861 3042 4916 etiam
3088 4876 3252 4919 nosse
3289 4860 3379 4933 qui
3415 4866 3503 4927 sit,
3537 4871 3591 4918 et

1994 4947 2117 5003 vitae
2159 4948 2510 5019 universalis,
2544 4948 2991 5026 etintelligentia:
3019 4952 3140 5012 fons
3178 4966 3281 5013 est.
3319 4957 3391 5013 De
3420 4958 3590 5014 tribus

1992 5044 2135 5101 enim
2169 5044 2287 5101 istis
2316 5058 2436 5117 qum
2473 5046 2707 5118 simplici
2757 5052 3047 5107 existentia
3085 5051 3140 5108 in
3184 5053 3296 5109 Deo
3320 5062 3464 5121 sunt,
3500 5052 3588 5109 vel

1989 5151 2112 5207 quae
2135 5135 2277 5192 Deus
2307 5146 2453 5205 sunt,
2484 5140 2655 5210 magis
2679 5154 2801 5196 esse
2836 5142 2975 5198 Deus
3004 5150 3086 5198 est
3115 5161 3127 5197 :
3153 5143 3296 5213 quod
3324 5160 3388 5199 ex
3411 5160 3471 5200 se
3495 5145 3591 5200 ba-

1989 5229 2082 5285 bet
2107 5230 2310 5298 vivere,
2353 5241 2408 5289 et
2448 5234 2616 5290 vitam
2646 5250 2790 5299 esse.
2832 5237 2918 5293 vel
2960 5236 3282 5310 intelligere,
3311 5238 3587 5295 etintelli-

1985 5325 2223 5397 gentiam
2249 5340 2390 5396 esse,
2419 5335 2478 5385 ut
2501 5342 2663 5400 supra
2692 5329 2992 5398 docuimus,
3023 5340 3077 5387 et
3106 5331 3157 5387 in
3203 5331 3465 5403 pluribus.
3512 5330 3583 5389 Ut

362 5417 473 5475 νη.
512 5418 615 5476 Ista
662 5420 842 5477 omnia
882 5436 1001 5493 qua:
1044 5436 1074 5477 a
1114 5438 1201 5479 me
1242 5419 1384 5479 dicta
1422 5432 1543 5480 sunt
1570 5466 1585 5491 ,
1623 5424 1885 5498 quemad-
1985 5420 2095 5490 jam
2130 5420 2337 5493 reliqua
2365 5418 2492 5490 duo,
2537 5423 2701 5479 vitam
2730 5424 2855 5481 dico
2896 5435 2951 5480 et
2992 5425 3399 5498 intelligentiam
3432 5428 3577 5485 acci-

287 5512 506 5567 modum
549 5514 603 5567 in
657 5511 946 5584 Evangelio
976 5517 1105 5573 κατὰ
1151 5514 1363 5576 ιωὰννην
1393 5515 1691 5588 signiﬁcata
1720 5527 1882 5588 atque

284 5616 491 5662 asserta
512 5621 609 5678 per
638 5607 751 5678 ipsa
780 5607 1075 5665 Salvatoris
1100 5608 1261 5666 verba
1292 5609 1566 5666 videamus
1588 5608 1770 5683 (toan.
1799 5622 1877 5668 Vt.

282 5700 378 5772 58)
403 5720 416 5754 :
443 5700 586 5757 Misit
614 5718 695 5757 me
728 5703 871 5758 vivus
892 5702 1072 5769 Pater,
1095 5715 1140 5760 et
1169 5720 1260 5777 ego
1282 5705 1391 5760 vivo
1411 5714 1620 5779 propter
1638 5704 1873 5767 Patrem.

284 5792 363 5875 Ac
392 5808 459 5850 ne
488 5793 579 5869 qui
609 5794 770 5855 istum
793 5796 846 5853 in
872 5810 1036 5885 carne
1055 5796 1329 5867 Christum
1355 5797 1559 5887 dixisse
1582 5799 1723 5875 istud
1749 5815 1875 5886 cre-

1987 5514 2200 5587 piamus
2224 5559 2240 5585 ,
2284 5523 2342 5573 ut
2370 5516 2548 5589 genita
2578 5520 2646 5576 ab
2675 5534 2742 5577 eo
2768 5516 2910 5591 quod
2947 5530 3032 5579 est
3074 5537 3226 5587 esse,
3258 5538 3416 5578 suum
3461 5539 3585 5581 esse

1984 5608 2234 5668 habentia
2267 5613 2335 5667 ab
2363 5626 2429 5668 eo
2460 5612 2600 5682 quod
2633 5622 2718 5670 est
2758 5616 2987 5685 primum
3031 5631 3153 5674 esse
3189 5626 3391 5673 motum
3419 5662 3434 5683 ,
3478 5635 3578 5691 pro

1980 5706 2160 5778 priore
2185 5706 2450 5764 existendi
2493 5708 2602 5765 vim
2627 5724 2691 5765 ac
2723 5725 2918 5768 nomen
2944 5712 3069 5768 vita:
3108 5713 3587 5786 intelligentiamvc

1978 5802 2186 5893 sortita.
2216 5803 2408 5862 Omnia
2428 5805 2570 5886 enim
2593 5806 2646 5865 in
2663 5807 2833 5892 tribus
2848 5816 3000 5896 terna
3039 5818 3165 5895 sunt
3188 5809 3590 5895 quodammodo
