4024 6306
364 210 517 274 1119

1654 209 1845 271 manu
1889 184 2233 269 \‘tcrontst
2260 210 2421 268 arm

3533 219 3676 278 ΙΙἓο

373 335 432 384 ει
455 325 647 385 ordine
684 326 959 384 nominata
989 344 1002 384 :
1035 340 1143 383 non
1173 325 1316 399 quod
1358 341 1465 383 non
1507 326 1559 382 iu
1599 326 1826 399 singulis
1875 326 1970 381 tri-
1995 333 2044 388 Α
2075 341 2348 397 nunquam
2386 343 2446 383 se
2474 326 2746 397 deseruit,
2776 337 2867 386 aut
2893 331 3148 389 deseret:
3181 347 3246 390 ex
3269 341 3471 391 aiterno
3508 334 3678 408 igilur

376 420 481 479 bus
520 422 660 479 trina
705 432 859 490 sunt,
914 422 1009 479 sed
1038 421 1182 495 quod
1223 431 1373 480 motu
1415 423 1467 478 id
1504 432 1798 494 operantur
1826 420 1968 493 quod

378 531 503 574 esse
524 517 779 574 dicuntur
810 535 824 572 :
856 532 977 575 esse
1003 517 1144 574 enim
1169 517 1370 589 primus
1399 527 1578 573 motus
1606 525 1711 583 est,
1739 516 1828 587 qui
1855 529 1972 570 ces-

381 624 512 666 sans
540 610 738 667 dicitur
764 623 963 675 metus,
997 610 1139 667 idem
1166 610 1313 666 intus
1338 618 1517 666 motus
1543 628 1557 666 :
1584 625 1708 666 cum
1738 607 1883 665 enim
1915 622 1974 664 se

382 712 444 757 nt
471 702 671 758 existat
717 714 1003 775 operatur.
1034 712 1182 758 recte
1210 711 1263 758 et
1290 703 1434 758 intus
1460 713 1661 769 moms,
1679 710 1733 756 et
1757 714 1977 756 cessans

386 802 566 849 motus
588 803 672 849 est
702 793 1030 850 nominatus.
1064 793 1199 850 llinc
1220 809 1319 849 nos
1339 801 1543 850 motum
1576 806 1698 849 esse
1721 792 1974 857 dicimus,

384 887 532 959 quod
578 896 663 944 est
691 888 822 945 vivit
847 903 911 945 ac
941 891 1125 945 vivere
1151 889 1296 959 :jam
1337 903 1467 945 vero
1495 903 1617 944 cum
1646 904 1712 944 ex
1741 902 1808 944 eo
1837 885 1978 959 quod

386 993 471 1039 est
502 981 631 1038 vivit
659 997 722 1038 ac
750 983 932 1039 vivere
972 983 1216 1039 coniecta
1242 981 1475 1054 quodam
1517 979 1679 1038 modo
1711 989 1768 1037 et
1805 980 1981 1051 genita

388 1074 447 1131 in
473 1074 687 1132 habitus
732 1076 970 1149 speciem
1013 1077 1183 1148 ipsius
1219 1075 1363 1147 quod
1398 1083 1484 1133 est
1521 1075 1653 1130 vivit
1691 1089 1755 1130 ac
1803 1073 1985 1130 vivere

391 1171 563 1223 forma
582 1167 813 1226 formata
840 1168 930 1235 sit,
958 1169 1075 1224 lucc
1097 1172 1226 1238 vita,
1252 1168 1368 1224 haec
1393 1168 1536 1224 filius
1562 1167 1891 1225 nominatur.
1915 1164 1988 1223 Ut

393 1263 536 1319 enim
567 1262 736 1319 forma
767 1264 1043 1334 qumlibet,
1078 1264 1162 1319 vel
1192 1263 1265 1318 ibi
1296 1265 1466 1335 posita
1495 1264 1583 1319 ubi
1613 1271 1717 1329 est,
1750 1262 1829 1318 vel
1858 1262 1987 1318 alibi

393 1359 542 1417 ducit
571 1374 670 1417 nos
695 1359 764 1416 ad
797 1360 1233 1433 cognoscendum
1269 1376 1392 1416 eum
1435 1359 1590 1431 cujus
1616 1368 1695 1414 est
1723 1374 1739 1425 ;
1772 1358 1852 1413 sic
1879 1359 1990 1413 vita

395 1454 526 1512 facit
549 1470 650 1511 nos
685 1470 847 1512 nosse
882 1455 1010 1528 quid
1040 1456 1111 1512 sit
1150 1456 1334 1511 vivere
1374 1462 1572 1511 :actus
1614 1454 1760 1510 enim
1802 1463 1886 1507 est
1915 1453 1994 1506 vi-

394 1561 526 1605 vere
546 1589 561 1615 ,
585 1556 640 1604 et
666 1547 719 1604 in
760 1556 881 1604 actu
912 1548 1202 1605 momentis
1236 1547 1489 1604 omnibus
1516 1560 1739 1612 cursus.
1771 1553 1825 1601 et
1870 1545 1993 1601 ideo

396 1638 594 1695 dictum
617 1638 798 1715 (Joan.
833 1656 872 1696 ι.
906 1639 995 1712 18)
1025 1660 1039 1698 :
1069 1639 1238 1696 Deum
1257 1656 1406 1696 nemo
1426 1639 1551 1694 uidit
1577 1654 1824 1711 unquam.
1861 1636 1995 1707 Quis

2073 428 2239 490 atque
2268 421 2321 476 in
2353 430 2615 478 teter-num
2639 424 2771 480 vivit
2798 426 3108 498 principalis
3126 438 3179 483 et
3206 430 3523 486 universalis
3541 430 3676 487 sub-

2075 514 2271 568 stantia
2298 513 2548 582 vivendi,
2574 530 2681 572 non
2708 526 2765 572 ut
2801 517 3099 574 substantia
3125 520 3229 587 sit,
3255 530 3315 577 et
3345 523 3424 578 sic
3447 522 3680 589 vivens;

2078 604 2173 661 sed
2204 606 2379 678 ipsum
2403 608 2546 679 quod
2574 617 2658 665 est
2682 608 2890 675 vivens,
2912 611 3013 666 hoc
3036 613 3207 683 ipsum
3234 612 3533 669 substantia
3556 622 3644 670 est
3665 630 3684 669 :

2077 712 2252 770 neque
2295 700 2438 755 enim
2481 716 2601 756 cum
2637 701 2814 773 ipsum
2856 703 3064 770 vivens,
3097 720 3162 760 ac
3204 705 3356 772 vivit,
3398 715 3457 763 et
3486 706 3679 765 vivere

2080 805 2243 860 csse,
2274 800 2330 847 et
2371 793 2767 864 quodammodo
2808 810 2930 852 esse
2976 794 3330 868 intelligatur,
3376 813 3482 854 non
3522 813 3688 853 suum

2081 881 2185 939 sibi
2232 899 2353 941 esse
2388 885 2531 957 quod
2568 886 2676 952 sit,
2719 886 3017 942 substantia
3061 897 3175 956 est,
3210 889 3312 945 hoc
3352 898 3408 945 et
3442 889 3689 945 lectione

2083 977 2233 1032 omni
2258 993 2432 1048 sacra,
2451 990 2505 1035 et
2534 995 2711 1036 rerum
2744 982 2980 1052 ipsarum
3004 981 3227 1038 vocibus
3253 982 3478 1054 spiritus
3508 981 3693 1040 nomi-

2086 1082 2265 1129 natur.

2159 1166 2228 1223 Χ.
2258 1166 2437 1239 Spirat
2472 1178 2651 1225 autem
2693 1170 2946 1241 spiritus,
2985 1180 3038 1228 ει
3079 1187 3109 1227 a
3152 1187 3213 1228 se
3241 1171 3432 1244 spirat,
3456 1181 3513 1229 et
3542 1173 3694 1230 Deus

2089 1275 2133 1331 ει
2155 1260 2312 1317 iritns
2339 1271 2421 1317 est
2451 1281 2464 1316 :
2495 1264 2663 1333 spirat
2702 1280 2865 1332 vero,
2898 1264 3001 1320 hoc
3041 1276 3120 1321 est
3140 1308 3155 1332 ,
3186 1267 3327 1337 quod
3356 1266 3488 1321 vivit
3514 1285 3526 1320 :
3556 1265 3697 1322 vivit

2090 1371 2218 1427 ergo
2247 1372 2278 1410 a
2308 1373 2367 1413 se
2390 1368 2443 1412 et
2473 1373 2687 1428 semper
2718 1358 2962 1430 spiritus,
2990 1360 3082 1431 qui
3108 1361 3247 1416 Deus
3274 1370 3392 1415 est:
3423 1360 3575 1427 vivit,
3602 1359 3694 1415 in-

2091 1465 2274 1521 quam,
2306 1460 2468 1522 atque
2499 1452 2551 1506 in
2579 1460 2704 1507 actu
2737 1452 2973 1519 vivendi,
2998 1464 3050 1510 et
3081 1455 3198 1523 ipso
3226 1468 3389 1524 Opere
3425 1454 3534 1509 vita
3564 1467 3694 1509 cum

2091 1543 2245 1612 vivit,
2276 1559 2441 1617 opere
2469 1544 2633 1600 vitam
2662 1561 2784 1602 cum
2810 1547 2963 1613 vivit,
2990 1557 3265 1617 operatur.
3288 1546 3421 1603 Nata
3457 1561 3585 1618 ergo
3608 1553 3701 1602 est

2093 1639 2309 1696 vivente
2344 1640 2452 1696 Deo
2477 1639 2586 1695 vita
2620 1648 2844 1709 :ctertta,
2873 1649 3127 1712 generata
3150 1649 3256 1708 est,
3288 1652 3343 1697 et
3382 1639 3505 1712 quia
3538 1638 3694 1708 vivit,

398 1734 541 1793 enim
573 1734 753 1791 videat
782 1735 998 1803 vivere,
1027 1735 1172 1808 quod
1218 1735 1365 1791 Deus
1411 1742 1526 1801 εει,
1575 1734 1696 1789 sine
1729 1736 1831 1788 vita
1871 1748 1995 1804 qua:
2026 1733 2075 1794 B
2101 1734 2275 1807 ipsum
2306 1734 2608 1791 substantia
2642 1744 2760 1791 est:
2785 1744 2839 1791 et
2866 1736 3006 1807 quod
3037 1746 3122 1792 est
3162 1736 3230 1791 ab
3259 1750 3326 1792 eo
3356 1734 3497 1807 quod
3536 1732 3696 1801 vivit,

401 1827 745 1885 lineamentis
769 1828 994 1900 agendis
1040 1829 1092 1883 in
1115 1812 1346 1899 quadam
1368 1829 1551 1899 specie
1575 1825 1686 1883 coit
1711 1835 1765 1882 et
1789 1826 1990 1897 existit,

400 1930 461 1978 ut
504 1922 575 1977 sit
611 1920 785 1977 forma
830 1922 1093 1978 viventis?
1121 1922 1260 1994 Ergo
1307 1921 1426 1992 ejus
1469 1921 1615 1993 quod
1659 1928 1744 1977 est
1786 1920 1993 1986 vivere,

400 2014 575 2072 forma
601 2024 686 2071 est
713 2016 844 2083 vita,
880 2031 976 2087 per
1002 2031 1186 2088 quam,
1219 2016 1306 2073 vel
1327 2017 1382 2071 in
1410 2030 1514 2086 qua
1541 2012 1685 2086 quod
1728 2022 1834 2079 est,
1864 2011 1999 2069 vivit

403 2122 467 2164 ac
512 2108 697 2165 vivere
740 2108 989 2176 videtur,
1019 2109 1279 2183 accipitur
1323 2120 1377 2166 et
1417 2107 1748 2180 agnoscitur,
1777 2106 1922 2175 quod
1965 2120 1997 2161 a

412 2209 569 2272 patre
617 2194 887 2272 signiﬁcat
936 2200 1139 2258 dictum
1190 2201 1487 2259 Salvatoris
1517 2198 1698 2273 (Joan.
1746 2214 1863 2255 xw.
1894 2198 1997 2271 9):

408 2296 508 2362 Qui
536 2311 616 2351 me
638 2296 773 2351 uidet
801 2296 934 2352 videt
958 2306 1007 2352 et
1034 2295 1246 2352 Patrent
1272 2313 1292 2352 :
1324 2294 1494 2351 Filius
1522 2294 1666 2351 enim
1709 2292 1803 2349 Dei
1831 2292 1999 2348 forma

392 2388 503 2445 ‘Dci
527 2398 631 2457 est,
664 2388 716 2444 id
743 2398 848 2458 est,
880 2390 1008 2457 vita,
1043 2404 1165 2461 quas
1195 2399 1280 2445 est
1308 2388 1478 2445 forma
1508 2388 1758 2445 viventis.
1793 2387 2001 2443 Dictum

407 2482 552 2539 enim
592 2498 620 2538 a
669 2483 836 2540 Paulo
874 2483 941 2540 ad
972 2483 1349 2557 Pbilippenses
1393 2482 1655 2557 (Philipp.
1689 2499 1748 2549 ιι,
1774 2480 1865 2555 6);
1903 2482 2006 2551 Qui

406 2592 522 2632 cum
549 2576 603 2632 in
628 2580 798 2651 [arma
826 2576 923 2634 Dei
944 2578 1245 2633 constitutus
1274 2587 1420 2644 esset,
1451 2594 1554 2632 non
1590 2578 1825 2650 rapinam
1862 2575 2007 2631 arbi-

410 2655 577 2725 tratus
606 2679 702 2740 est,
733 2680 788 2725 ut
824 2680 952 2727 esset
995 2673 1211 2744 azqualis
1239 2670 1371 2729 Deo.
1393 2670 1528 2728 Item
1554 2672 1623 2727 ad
1654 2672 2008 2729 Colossenscs

414 2765 638 2839 (Coloss.
687 2781 727 2822 ι.
771 2764 864 2841 15)
895 2784 910 2821 :
942 2767 1042 2836 Qui
1071 2777 1144 2823 est
1184 2768 1356 2841 imago
1400 2768 1671 2824 invisibilis
1705 2767 1821 2823 Dei.
1864 2767 2009 2840 Ergo

414 2857 569 2915 Jesus
596 2856 846 2916 Christus
870 2868 926 2915 et
962 2860 1159 2933 imago,
1189 2869 1243 2917 ct
1281 2862 1452 2916 forma
1499 2860 1612 2917 Dei.
1647 2860 1888 2916 Diximus
1913 2877 2012 2916 au-

413 2959 521 3009 tem
546 2953 689 3026 quod
720 2953 772 3009 in
796 2953 965 3010 forma
994 2954 1225 3023 videtur,
1252 2954 1304 3009 id
1331 2954 1483 3027 cujus
1514 2956 1682 3010 forma
1709 2964 1797 3010 :et
1819 2955 2009 3010 eodem

414 3058 575 3121 pacto
625 3058 681 3107 et
729 3049 781 3105 in
825 3049 1056 3122 imagine
1108 3051 1319 3106 videtur
1361 3053 1437 3119 is,
1481 3050 1635 3120 cujus
1677 3051 1852 3121 imago
1892 3058 2006 3114 est,

2099 1840 2155 1884 et
2180 1827 2286 1883 vita
2335 1828 2450 1898 ipsa
2492 1827 2792 1884 subsmntia
2840 1837 2945 1897 est,
2994 1844 3090 1900 per
3129 1828 3319 1884 eadem
3367 1826 3591 1899 mqualis
3634 1839 3702 1881 ac

2100 1920 2284 1987 simul,
2315 1921 2439 1993 quia
2474 1921 2647 1993 ipsum
2675 1919 2809 1975 vivit
2839 1922 2949 1977 vita
2972 1930 3076 1986 est,
3118 1935 3279 1992 atque
3320 1920 3434 1991 ipsa
3476 1920 3586 1973 vita
3616 1916 3704 1973 vi—

2104 2014 2282 2070 vendo
2310 2015 2494 2070 existit
2540 2024 2598 2069 nt
2622 2013 2732 2069 vita
2770 2013 2860 2069 sit.
2887 2012 3121 2083 Spiritus
3141 2027 3275 2084 ergo
3298 2022 3381 2068 est
3410 2009 3617 2077 vivere,
3647 2017 3705 2068 et

2102 2107 2214 2163 vita
2253 2108 2473 2179 spiritus
2519 2115 2605 2163 est
2636 2126 2649 2161 :
2677 2106 3054 2178 complectitur
3096 2121 3157 2162 se
3197 2116 3506 2176 utrumque,
3555 2112 3613 2159 ει
3649 2102 3708 2157 in

2106 2212 2394 2273 utrumque
2417 2209 2523 2268 est,
2551 2212 2605 2257 ct
2633 2200 2862 2256 alterum
2900 2214 3009 2257 non
3037 2210 3096 2255 ut
3120 2198 3396 2272 geminum
3426 2207 3481 2254 et
3517 2196 3711 2268 adjec-

2108 2307 2241 2365 tum,
2271 2297 2366 2353 sed
2398 2296 2743 2368 simplicitate
2799 2311 2867 2352 ex
2907 2310 2967 2351 se
3004 2304 3164 2366 atque
3201 2294 3256 2351 in
3295 2309 3354 2349 se
3395 2290 3709 2358 existentis,

2107 2391 2260 2464 quasi
2287 2392 2508 2447 alterius
2530 2390 2848 2447 substantia:
2869 2389 3220 2462 duplicatum,
3260 2401 3534 2459 nunquam
3585 2402 3615 2440 a
3648 2401 3715 2442 se

2108 2485 2420 2551 discretum,
2451 2484 2578 2557 quia
2609 2485 2663 2539 in
2700 2483 2925 2555 singulis
2954 2484 3252 2555 geminum.
3286 2480 3501 2537 Etenim
3527 2479 3716 2535 vivere

2110 2595 2232 2638 cum
2260 2579 2370 2635 vita
2392 2588 2500 2646 est,
2527 2588 2582 2636 et
2604 2578 2711 2633 vita
2745 2593 2933 2634 rursus
2965 2592 3089 2633 cum
3117 2592 3185 2633 eo
3214 2587 3298 2633 est
3333 2575 3475 2648 quod
3502 2584 3588 2658 est
3626 2574 3719 2631 vi-

2108 2674 2491 2731 verezvivere
2548 2683 2752 2740 autem,
2798 2682 2850 2726 ut
2912 2670 3215 2739 docuimus,
3256 2672 3396 2727 Deus
3445 2678 3549 2736 est,
3597 2669 3719 2724 vita

2110 2767 2363 2825 Christus
2393 2787 2406 2823 :
2436 2776 2492 2823 et
2518 2767 2645 2839 quia
2671 2766 2855 2822 vivere
2884 2775 2938 2820 ut
2968 2773 3258 2836 generator
3284 2774 3368 2821 est
3395 2762 3558 2819 vitte:
3588 2772 3721 2819 actu

2114 2863 2280 2930 enim,
2323 2860 2465 2932 quod
2495 2870 2578 2916 est
2606 2861 2808 2927 vivere,
2844 2867 2902 2913 ut
2935 2858 3181 2932 quaedam
3223 2856 3393 2928 prolis
3413 2857 3519 2911 vita
3546 2871 3723 2928 gene-

2115 2967 2284 3020 ratur,
2310 2956 2369 3011 lit
2395 2957 2415 3027 (
2429 2955 2475 3027 ι)
2500 2955 2677 3012 vivere
2710 2965 2880 3025 pater,
2907 2952 3046 3009 lilius
3070 2953 3198 3020 vita,
3215 2952 3318 3008 ista
3338 2951 3455 3022 ipsa
3469 2950 3719 3023 quidem,

2115 3052 2208 3123 qui
2233 3051 2460 3106 alterum
2491 3050 2687 3115 altero,
2712 3047 2915 3104 idcirco
2940 3047 3066 3103 duo.
3090 3045 3250 3103 Unde
3270 3044 3411 3102 enim
3450 3044 3579 3110 duo,
3611 3042 3724 3099 nisi

418 3146 653 3202 maxime
680 3145 724 3199 si
756 3143 802 3199 is
831 3146 985 3214 cujus
1011 3144 1221 3216 imago,
1251 3154 1335 3201 est
1376 3144 1680 3213 invisibilis,
1722 3146 1861 3200 sicut
1888 3142 2011 3199 beic
2036 3136 2081 3200 C
2114 3146 2350 3201 alterum
2377 3144 2444 3200 ab
2472 3144 2685 3200 altero?
2713 3151 2771 3200 et
2810 3157 3025 3214 semper
3054 3140 3195 3213 quod
3227 3141 3296 3197 ab
3323 3140 3495 3197 altero
3535 3148 3622 3195 est
3646 3137 3721 3196 li-

420 3234 621 3292 dictum
658 3252 672 3288 :
710 3234 891 3308 Imago
920 3235 1016 3291 Dei
1058 3236 1346 3292 invisibilis.
1379 3237 1580 3293 Eodem
1617 3236 1777 3292 modo
1808 3236 2011 3291 dictum

419 3329 473 3384 in
502 3328 797 3399 Evangelio
816 3332 1169 3390 κατάιωάννην
1199 3348 1212 3384 :
1243 3331 1400 3386 Deum
1429 3347 1576 3386 nemo
1598 3347 1823 3403 unquam
1848 3329 1976 3385 vidit
1996 3372 2012 3397 ,

420 3423 520 3480 nisi
551 3422 856 3495 Unigenitus
880 3421 1072 3489 Filius,
1095 3424 1182 3494 qui
1212 3424 1275 3478 de
1302 3424 1418 3478 sinu
1448 3427 1560 3497 ejus
1590 3424 1762 3480 exivit.
1798 3422 2015 3481 Etitem

422 3517 501 3573 sic
523 3515 694 3588 Moysi
736 3515 937 3572 dictum
977 3514 1173 3587 (Exod.
1217 3532 1410 3581 χχχιιι,
1440 3514 1532 3589 20)
1563 3532 1575 3570 :
1606 3514 1817 3570 Faciem
1853 3530 2017 3569 meum

422 3625 527 3665 non
573 3609 802 3677 uidebis;
841 3610 954 3683 quis
1004 3610 1138 3664 enim
1169 3610 1354 3681 faciem
1393 3625 1560 3664 meam
1598 3607 1725 3663 vidit
1764 3618 1810 3663 et
1857 3608 2020 3664 vixit?

422 3702 679 3760 Permisit
710 3712 888 3758 tamen
921 3712 1277 3775 posterganea
1298 3718 1394 3760 sua
1425 3702 1618 3771 videri,
1649 3701 1703 3758 id
1733 3711 1836 3770 est,
1861 3701 2019 3757 deor-

422 3810 564 3861 sum,
598 3804 902 3868 czcteraque
925 3805 1122 3866 praeter
1153 3796 1366 3852 faciem.

495 3887 587 3945 IX.
614 3889 755 3959 Quot
785 3888 904 3945 heic
934 3889 1224 3960 mysteria?
1252 3899 1384 3961 quot
1410 3904 1605 3961 genera
1627 3889 2023 3961 quaestionum?

423 3993 556 4057 quot
574 3983 726 4054 signa
754 3983 820 4039 ad
847 3982 1227 4039 declarandum
1248 3994 1304 4039 et
1326 3984 1517 4049 Deum,
1539 3991 1594 4039 et
1613 3981 1797 4039 Jesum
1831 3980 2022 4038 Chris-

427 4089 564 4147 tum,
590 4090 647 4136 et
680 4079 1033 4135 subsmntiam
1065 4094 1219 4145 esse,
1242 4088 1299 4136 et
1331 4094 1494 4134 unum
1536 4078 1701 4135 ambo
1737 4093 1861 4136 esse
1894 4078 2024 4135 sub-

427 4172 702 4239 stantiam,
722 4180 776 4229 et
800 4172 963 4228 simul
992 4182 1279 4244 utrumque
1306 4187 1467 4227 uuam
1490 4186 1614 4229 esse
1638 4171 2021 4238 substantiam,

427 4275 483 4322 et
507 4281 535 4320 a
567 4277 720 4337 patre
751 4265 862 4321 lilio
881 4281 1004 4323 esse
1026 4266 1429 4323 substantiam?
1456 4265 1588 4334 Quae
1625 4275 1842 4333 cuncta,
1865 4272 2025 4336 atque

429 4357 735 4429 huiusmodi
762 4358 887 4424 alia,
922 4360 1070 4415 nullo
1102 4359 1263 4415 modo
1289 4359 1580 4431 explicari,
1612 4358 1839 4430 intelligi
1864 4368 2027 4430 atque

429 4453 719 4525 approbari
744 4463 990 4524 possunt,
1023 4454 1124 4509 nisi
1148 4455 1400 4525 superior
1437 4463 1695 4511 tractatus
1724 4453 2027 4510 manifestis

2118 3238 2222 3294 lius
2247 3246 2352 3305 est,
2385 3236 2516 3292 illud
2544 3245 2725 3292 autem
2752 3236 2894 3292 unde
2932 3237 3181 3301 alterum,
3221 3243 3391 3306 pater.
3423 3231 3529 3287 Sed
3571 3246 3721 3287 nunc

2118 3347 2227 3389 non
2271 3330 2343 3386 ita
2367 3331 2600 3387 alterum
2641 3339 2700 3386 ut
2732 3329 3024 3386 discretum
3060 3335 3224 3399 atque
3271 3326 3578 3393 diversum,
3618 3322 3722 3380 sed

2119 3436 2328 3484 tantum
2354 3426 2580 3483 alterum
2605 3425 2672 3482 ab
2692 3424 2888 3493 altero,
2915 3434 2973 3480 ut
2993 3423 3287 3480 conficiens
3312 3430 3472 3493 atque
3493 3418 3724 3476 coniec-

2121 3531 2274 3589 tum,
2321 3533 2377 3578 et
2422 3536 2689 3593 generatis
2743 3528 2905 3591 atque
2954 3529 3278 3592 gneratum,
3332 3515 3721 3588 conjunctione

2119 3614 2437 3672 substantias
2471 3622 2757 3686 utrumque
2788 3628 2985 3680 unum,
3018 3627 3140 3669 cum
3175 3620 3231 3668 et
3274 3611 3457 3666 vivere
3488 3610 3593 3664 vita
3644 3609 3722 3664 sit

2122 3716 2177 3765 et
2207 3709 2317 3763 vita
2352 3710 2468 3780 ipsa
2499 3708 2682 3763 vivere
2710 3724 2724 3762 :
2758 3706 2886 3762 hinc
2927 3713 3082 3777 pater
3102 3716 3157 3762 et
3182 3705 3350 3771 lilius,
3374 3718 3514 3759 unus
3554 3702 3723 3759 Deus.

2124 3800 2194 3857 Et
2233 3801 2357 3872 quia
2387 3798 2671 3856 conversio
2713 3798 2973 3854 naturalis
3005 3796 3310 3854 existentite
3351 3811 3457 3851 non
3482 3796 3585 3851 nisi
3617 3810 3725 3851 una

2124 3906 2244 3954 est:
2270 3906 2329 3953 ut
2356 3898 2500 3954 enim
2531 3897 2670 3952 ineo
2700 3893 2844 3968 quod
2873 3905 2957 3951 est
2985 3895 3170 3960 vivere
3200 3894 3341 3949 inest
3366 3892 3498 3961 vita,
3519 3901 3573 3947 el
3591 3890 3725 3947 item

2126 3994 2180 4050 in
2202 4006 2267 4049 eo
2293 3992 2434 4064 quod
2462 4001 2547 4047 est
2567 3992 2695 4073 vita,
2720 3990 2863 4045 inest
2890 3990 3107 4055 vivere;
3139 4002 3244 4043 una
3273 3988 3384 4043 sola
3415 3999 3471 4041 et
3493 4000 3729 4041 conver-

2126 4089 2208 4143 sio
2229 4096 2331 4143 est.
2361 4084 2518 4144 Unde
2546 4100 2669 4141 cum
2695 4085 2747 4141 in
2776 4098 2842 4140 eo
2862 4084 3004 4155 quod
3028 4083 3131 4139 vita
3153 4092 3256 4147 est,
3286 4081 3412 4137 insit
3432 4088 3488 4137 et
3509 4080 3725 4145 vivere;

2129 4180 2331 4238 idcirco
2354 4180 2662 4249 unigenitus
2695 4179 2836 4234 lilius
2878 4176 3355 4235 eonsubstantialis
3392 4175 3555 4247 patri,
3586 4189 3732 4229 unus

2129 4281 2184 4330 et
2213 4274 2329 4344 ipse
2351 4258 2516 4339 lilius,
2539 4282 2693 4344 pater
2740 4287 2899 4327 unus.
2926 4270 3082 4328 Unde
3121 4285 3223 4325 una
3264 4267 3563 4339 eademque
3600 4265 3732 4322 sub-

2129 4367 2349 4430 stantia,
2373 4373 2428 4420 et
2446 4366 2606 4421 simul
2634 4380 2697 4421 ac
2725 4378 2981 4436 semper:
3007 4362 3121 4420 Hoc
3146 4372 3230 4420 est
3254 4363 3398 4417 enim
3428 4360 3728 4437 ὁμοούσιον,

2131 4460 2257 4535 ὁμοῦ
2285 4462 2464 4517 οὐσίαν
2488 4458 2651 4532 ἔχων,
2684 4458 2844 4514 simul
2865 4456 3222 4514 substantiam
3252 4455 3480 4521 habens,
3507 4468 3728 4525 parem-

431 4544 2238 4627 perceplionibusilluccscaLSitigituruobislixasententia,une
2292 4553 2559 4610 cxistcudi
2624 4552 2731 4607 vim
2802 4560 2966 4622 atque
3027 4550 3315 4615 virtutem,
3375 4548 3734 4617 eamdemque

432 4636 577 4709 quod
602 4639 743 4695 Deus
771 4641 992 4709 spiritus
1022 4641 1113 4706 sit,
1138 4650 1192 4696 ct
1212 4640 1432 4712 Spiritus
1462 4641 1530 4697 de
1556 4655 1663 4712 quo
1684 4649 1740 4697 et
1756 4641 1896 4697 lilius
1917 4642 2028 4712 spi-

435 4732 594 4797 ritus,
639 4740 695 4787 et
735 4732 956 4801 Spiritus
1000 4734 1232 4806 Spiritus
1257 4743 1477 4791 sanctus
1517 4733 1698 4810 (Joan.
1724 4752 1801 4804 ιιι,
1830 4734 1922 4810 6):
1951 4736 2031 4793 De

436 4824 621 4895 spiritu
637 4826 779 4880 enim
801 4829 937 4899 quod
962 4830 1191 4884 nascitur
1232 4829 1442 4902 spiritus
1467 4839 1544 4886 est
1576 4827 1756 4902 (Joan.
1786 4844 1864 4898 γι,
1894 4830 1987 4904 65)
2014 4850 2028 4887 :

438 4918 666 4992 Spiritus
693 4930 863 4975 autem
888 4922 1126 4990 viui/ient.
1151 4923 1304 4991 Quod
1335 4922 1593 4990 viviﬁeat,
1622 4924 1807 4994 utique
1853 4925 2028 4995 ipsum

434 5013 599 5069 vivit:
631 5014 771 5085 quod
801 5014 950 5083 vivit,
975 5017 1098 5085 quia
1120 5018 1339 5087 Spiritus
1359 5029 1463 5085 est,
1493 5034 1522 5073 ιι
1547 5034 1607 5075 se
1628 5018 1757 5074 vivit
1783 5027 1869 5075 :et
1890 5018 2031 5091 quod

438 5121 467 5161 a
498 5121 558 5160 se
589 5107 736 5172 vivit,
767 5107 869 5163 hoc
897 5106 1073 5178 ipsum
1104 5117 1189 5164 est
1221 5110 1365 5181 quod
1396 5111 1562 5168 vivit:
1590 5120 1646 5166 et
1674 5112 1795 5182 quia
1817 5112 1958 5182 quod
1999 5127 2029 5167 a

437 5214 497 5255 se
525 5198 674 5267 vivit,
704 5215 825 5255 cum
862 5201 1038 5272 ipsum
1078 5202 1149 5257 sit
1172 5203 1314 5274 quod
1342 5212 1430 5259 est
1457 5204 1608 5271 vivit,
1638 5219 1736 5261 nec
1767 5204 1911 5260 aliud
1938 5205 2035 5261 ba-

440 5294 531 5350 bet
554 5293 697 5365 quod
723 5294 911 5350 vivere
952 5294 1202 5351 dicatur:
1236 5310 1341 5352 non
1383 5297 1527 5353 enim
1566 5297 1888 5355 viviﬁcatum
1930 5308 2036 5367 est,

443 5388 537 5443 sed
575 5388 704 5444 vivit
744 5389 952 5459 ipsum,
988 5389 1113 5447 vivit
1157 5392 1241 5449 vel
1284 5392 1465 5449 vivere
1508 5392 1784 5451 existens:
1813 5407 1867 5452 et
1909 5397 2036 5468 quia

437 5480 604 5548 vivit,
652 5496 715 5537 ac
752 5482 939 5539 vivere
988 5498 1148 5558 agere
1193 5495 1301 5554 est,
1346 5485 1400 5541 in
1443 5500 1510 5543 eo
1536 5486 1680 5558 quod
1709 5503 1739 5544 a
1785 5503 1845 5544 se
1884 5488 2038 5558 vivit,

443 5591 716 5652 nunquam
759 5578 966 5650 coepit;
1027 5594 1137 5638 non
1166 5580 1313 5639 enim
1350 5579 1657 5654 expectavit
1689 5581 1943 5651 alterum,
1981 5593 2042 5640 ut

511 5768 589 5842 (ι)
634 5766 737 5824 Fit.
766 5766 930 5825 Forte
959 5768 1054 5825 sic.

2135 4647 2451 4704 substantia:
2490 4654 2762 4712 naturam,
2794 4646 2942 4701 nullo
2970 4656 3211 4716 tempore
3243 4649 3557 4712 pratcunte;
3584 4639 3734 4712 quod

2137 4755 2238 4796 nos
2262 4738 2724 4796 consubstantiale
2751 4738 2982 4795 dicimus
3008 4780 3024 4803 ,
3063 4735 3341 4793 causativo
3381 4735 3559 4806 priore
3587 4732 3734 4804 quod

2135 4841 2221 4889 est
2248 4833 2450 4900 vivere,
2484 4831 2550 4887 ad
2583 4831 2633 4887 id
2655 4829 2797 4904 quod
2831 4832 2937 4886 vita
2968 4838 3084 4898 est,
3126 4837 3183 4884 ut
3212 4828 3344 4884 illud
3370 4840 3637 4899 generans
3668 4840 3737 4882 ac

2139 4934 2310 4998 pater,
2345 4927 2447 4983 hoc
2471 4927 2713 4998 genitum
2745 4941 2808 4981 ac
2838 4924 3012 4988 lilius.
3049 4933 3101 4981 et
3130 4924 3231 4987 sit.
3262 4934 3459 4979 etesse
3499 4922 3731 4979 dicatur.

2140 5020 2284 5092 Ergo
2304 5020 2427 5092 quia
2453 5020 2634 5076 insunt
2656 5020 2783 5082 sibi.
2805 5028 2859 5075 et
2882 5017 3009 5074 licet
3027 5024 3180 5088 pater
3205 5031 3329 5073 cum
3350 5016 3440 5077 sit,
3462 5013 3601 5071 lilius
3624 5029 3737 5070 non

2136 5112 2245 5168 sit:
2271 5127 2562 5184 rursusque
2591 5127 2714 5167 cum
2738 5110 2899 5177 illius,
2923 5109 3011 5182 qui
3033 5116 3118 5165 est
3145 5107 3261 5180 ejus
3280 5107 3434 5180 cujus
3461 5116 3545 5162 est
3566 5106 3736 5172 lilius,

2137 5215 2293 5281 pater
2340 5222 2447 5262 non
2479 5207 2580 5273 sit;
2614 5214 2793 5262 tamen
2822 5204 2875 5260 vi
2896 5218 3077 5261 rerum
3110 5210 3164 5259 et
3192 5202 3507 5259 substantire
3545 5200 3738 5272 parili-

2140 5310 2272 5370 tate,
2310 5315 2432 5358 cum
2479 5302 2662 5357 vivere
2713 5300 2824 5355 vita
2854 5299 2925 5354 sit
2951 5308 3006 5353 et
3046 5312 3149 5352 una
3173 5297 3245 5352 sit
3273 5297 3490 5361 vivere,
3538 5294 3739 5350 merito

2139 5394 2323 5452 divina
2368 5393 2665 5450 Salvatoris
2704 5407 2838 5449 voce
2860 5392 3264 5465 pronuntiatum
3286 5398 3371 5446 est
3400 5386 3583 5459 (Joan.
3611 5401 3735 5451 xvr,

2143 5489 2231 5557 10,
2258 5490 2347 5561 H)
2381 5507 2394 5544 :
2428 5488 2495 5544 Et
2516 5506 2609 5558 ego
2628 5489 2681 5543 in
2709 5486 2887 5554 Patre,
2910 5499 2957 5543 et
2988 5487 3145 5542 Pater
3163 5487 3216 5541 in
3241 5502 3340 5540 me.
3372 5483 3507 5540 Hinc
3527 5493 3579 5539 et
3603 5482 3742 5538 illud

2140 5592 2227 5642 est
2246 5582 2426 5657 (Joan.
2457 5600 2513 5652 ι,
2536 5579 2631 5657 30)
2654 5598 2669 5639 :
2696 5579 2812 5655 Ego
2839 5590 2887 5639 et
2916 5580 3075 5638 Pater
3102 5596 3264 5636 unum
3286 5592 3463 5637 sumus
3488 5595 3503 5634 :
3536 5577 3741 5634 etenim
