4024 6306
268 253 370 307 1121

1345 248 1718 308 Αυγιςιιδυδ
1745 249 1964 308 Αιιιυιι
2003 249 2207 306 LIBER
2247 253 2336 308 IV.

3389 246 3538 314 11η

263 383 359 421 cum
403 382 584 422 rerum
619 368 669 423 vl
699 376 752 423 et
781 376 970 423 natura
998 367 1111 438 ipsa
1139 366 1277 424 duce
1307 368 1441 440 nihil
1471 368 1579 423 sint
1627 351 1827 434 omnia,
1858 371 1912 430 Α
1937 367 2137 438 cipiunt
2177 366 2523 423 existentinm
2551 408 2564 433 ,
2608 365 3030 422 substantiarum
3064 374 3268 436 patrem
3288 409 3302 433 ,
3333 365 3425 436 qui
3456 367 3524 422 ab

262 460 299 515 si
323 477 412 516 non
450 461 652 528 vivant,
677 471 731 517 et
752 471 900 517 motu
923 461 1073 517 vitali
1113 477 1304 529 vacua,
1335 476 1436 517 nec
1463 461 1659 516 molem
1687 460 1828 533 Ityli-

263 569 360 610 cum
395 565 486 609 aut
515 557 815 612 existentice
855 557 935 612 vel
976 556 1288 627 imaginem,
1338 556 1422 612 vel
1454 555 1689 626 speciem
1735 552 1832 608 ha-

264 646 370 704 bere
394 647 688 704 credantur
714 667 726 703 :
762 648 963 705 fluendi
986 649 1129 705 enim
1158 664 1221 704 ac
1246 646 1507 704 retinendi
1533 656 1721 702 natura
1749 647 1831 701 in-

261 739 448 796 condite
461 741 814 811 subsistendi,
831 758 936 797 non
960 741 1246 811 recipitvis
1265 740 1467 796 lubrica
1491 739 1829 808 inconstans,

260 847 344 890 nec
361 833 580 889 formam
604 833 820 906 recipit,
845 843 903 890 ut
927 833 1126 906 aliquid
1152 849 1272 890 esse
1292 833 1524 890 dicatur.

320 925 396 982 XI.
427 925 584 983 Unde
614 943 804 984 carens
838 943 904 984 eo
931 927 1075 1000 quod
1103 936 1187 983 est
1233 927 1436 999 aliquid
1482 941 1602 983 esse
1622 969 1636 991 ,
1669 925 1832 983 etiam

261 1034 364 1076 esse
394 1035 550 1076 suum
589 1029 756 1088 tenet,
808 1029 868 1076 ut
906 1031 1051 1078 recte
1096 1021 1245 1078 nullo
1267 1019 1427 1076 modo
1459 1035 1578 1077 esse
1613 1019 1832 1076 dicitur.

260 1115 321 1170 At
345 1130 478 1170 nunc
497 1113 888 1187 comprehensa
937 1125 992 1171 et
1037 1123 1171 1181 tota,
1197 1123 1360 1185 atque
1384 1113 1434 1168 in
1468 1113 1706 1182 partibus
1728 1111 1836 1167 cir-

260 1210 585 1275 cumsistens,
615 1221 668 1264 et
697 1210 949 1274 formata,
982 1219 1142 1279 atque
1189 1207 1292 1262 hoc
1321 1215 1634 1277 corporata,
1669 1215 1723 1260 ct
1766 1203 1835 1261 ad

259 1301 438 1373 aliquid
463 1317 583 1358 esse
611 1303 793 1373 Specie
821 1302 998 1373 aliqua
1018 1313 1171 1374 capta
1199 1312 1251 1358 et
1271 1317 1390 1358 esse
1418 1303 1655 1356 creditur
1677 1318 1688 1354 :
1710 1301 1837 1371 quia

260 1409 388 1454 motu
410 1398 579 1463 vitali,
611 1407 664 1454 et
691 1397 759 1453 ah
780 1397 991 1453 infinito
1021 1397 1187 1454 certis
1211 1397 1552 1478 lineamentis
1587 1403 1758 1467 septa,
1782 1395 1836 1450 in

260 1509 434 1549 sensus
481 1493 816 1549 certissimos
879 1499 1254 1564 proinovctur.
1315 1490 1456 1562 Ergo
1496 1489 1668 1560 hylica
1719 1504 1838 1559 qua:

260 1596 390 1655 sunt,
423 1595 484 1642 ut
509 1602 630 1642 esse
660 1585 965 1654 videantur,
1000 1587 1128 1642 facit
1149 1586 1228 1642 vis
1257 1584 1604 1657 potentiaque
1640 1583 1838 1648 vitalis,

257 1697 363 1752 qua:
385 1680 622 1736 defluens
643 1696 673 1735 a
695 1680 829 1755 λόγῳ
857 1680 948 1734 illo
978 1679 1068 1750 qui
1112 1682 1218 1734 vita
1259 1687 1343 1734 est
1362 1720 1376 1743 ,
1403 1693 1564 1748 quem
1611 1676 1841 1733 dicimus

1930 475 1996 516 eo
2017 461 2157 533 quod
2173 461 2288 532 ipse
2314 471 2416 527 est,
2445 475 2563 516 esse
2592 462 2805 516 caeteris
2838 469 3078 531 prmstat,
3103 459 3395 515 secundum
3418 459 3528 514 vim

1929 570 1992 610 ac
2014 567 2257 610 naturam
2283 555 2691 626 percipientium
2715 554 2932 611 vivendi
2953 554 3272 626 potentiam,
3289 553 3533 609 substan-

1934 645 2170 719 tiamque
2211 649 2542 705 moderatus.
2589 648 2728 717 Quid
2757 649 2894 720 ipse,
2924 659 3017 704 aut
3059 649 3112 704 in
3153 650 3296 719 quo?
3324 647 3533 719 Quippe

1933 741 2086 797 vivus
2113 755 2418 813 verosque:
2447 741 2626 811 Unus,
2661 752 2719 798 ut
2743 758 2841 799 nos
2870 743 2938 798 de
2971 757 3030 799 se
3057 743 3203 814 loqui
3243 743 3374 799 sinit
3403 760 3416 797 :
3457 741 3536 796 vi-

1933 836 2030 904 vit,
2064 847 2116 892 et
2144 851 2209 893 ex
2247 845 2451 893 teterno
2495 847 2549 893 et
2579 837 2633 892 in
2664 844 2927 893 internum
2958 836 3110 900 vivit,
3137 851 3203 892 ex
3238 851 3298 892 se
3328 835 3534 893 habens

1936 932 2067 988 illud
2095 933 2288 1003 ipsum,
2321 931 2466 1005 quod
2495 933 2542 989 ei
2574 931 2872 989 substantia
2895 940 3006 988 est:
3036 929 3202 997 vivit;
3234 946 3338 987 non
3385 929 3530 986 enim

1935 1030 1985 1087 ei
2011 1028 2274 1086 accedere
2300 1039 2453 1085 actus
2473 1037 2567 1085 aut
2587 1027 2770 1084 debuit
2802 1035 2894 1082 aut
2916 1027 3108 1098 potuit,
3145 1041 3214 1083 ne
3244 1023 3536 1098 aliquando

1937 1143 1968 1182 a
1997 1141 2056 1181 se
2082 1125 2257 1180 minus
2284 1143 2296 1178 :
2327 1123 2422 1181 sed
2454 1139 2670 1196 semper
2702 1122 2976 1194 perfectus
2995 1165 3009 1189 ,
3037 1122 3229 1193 plenus
3261 1136 3324 1176 ac
3355 1129 3498 1176 lotus
3521 1162 3536 1188 ,

1939 1221 1993 1276 in
2035 1236 2100 1276 co
2132 1220 2273 1290 quod
2300 1232 2383 1276 est
2413 1220 2463 1275 ei
2489 1233 2631 1286 esse,
2661 1221 2800 1275 inest
2825 1219 2988 1274 etiam
3018 1219 3097 1272 sic
3122 1231 3244 1272 eSse
3269 1233 3282 1268 :
3315 1225 3541 1270 caetera-

1939 1331 2043 1378 ttuc
2083 1325 2202 1385 post
2249 1314 2417 1368 Deum
2468 1321 2608 1380 sunt,
2645 1322 2702 1368 et
2723 1312 2979 1381 polenli.e
3025 1317 3172 1375 sunt,
3204 1318 3259 1365 et
3297 1309 3539 1364 actiones

1942 1408 2216 1479 potenlite,
2243 1422 2364 1478 qua:
2397 1406 2447 1462 vi
2475 1421 2570 1462 sua
2611 1406 2723 1477 jam
2753 1419 2876 1461 esse
2915 1404 3228 1470 creduntur,
3260 1411 3319 1458 ut
3361 1401 3544 1458 omnia

1941 1510 2158 1565 etesse,
2184 1509 2238 1555 et
2271 1499 2469 1556 habere
2505 1499 2805 1565 videantur,
2843 1513 2961 1569 qua:
2987 1496 3211 1552 maturis
3241 1495 3546 1567 processio-

1943 1592 2027 1648 nis
2051 1593 2264 1648 actibus
2303 1592 2593 1650 existentia
2633 1592 2684 1646 in
2711 1606 2810 1646 suo
2840 1605 3005 1661 opere
3044 1590 3163 1646 heic
3192 1589 3390 1646 habere
3419 1604 3545 1660 pro-

1943 1686 2090 1740 venit
2136 1703 2150 1738 :
2193 1685 2435 1741 actiones
2482 1695 2663 1740 autem
2723 1683 3016 1751 dicuntur,
3070 1697 3192 1738 cum
3249 1680 3546 1738 existendis

258 1774 432 1841 filium,
467 1789 560 1845 per
587 1771 976 1843 Archangi-los,
1005 1771 1263 1843 Angelos,
1287 1769 1556 1837 Thronos,
1599 1768 1837 1834 Glorias,

1953 1781 2290 1850 processibus
2312 1779 2556 1851 gignunt,
2581 1793 2645 1834 ac
2670 1780 2812 1833 foras
2841 1786 3090 1848 promunt
3110 1775 3254 1848 quod
3281 1790 3402 1832 esse
3423 1790 3550 1846 pos-

258 1879 544 1938 cartcraque
562 1883 681 1938 qure
699 1881 861 1939 supra
879 1865 1134 1921 mundum
1156 1872 1302 1932 sunt,
1322 1863 1494 1935 primo
1516 1863 1566 1917 in
1590 1868 1838 1932 corpora,

257 1972 404 2032 atque
434 1958 588 2027 αὗλα,
616 1959 845 2015 naturali
875 1974 970 2015 sua
1003 1958 1301 2014 substantia
1329 1956 1528 2012 munda
1559 1968 1720 2028 atque
1747 1972 1843 2027 pu-

257 2056 388 2111 riora
417 2070 538 2111 cum
566 2055 736 2110 currit
783 2069 847 2110 ac
877 2053 1095 2122 labitur,
1131 2053 1304 2109 lucem
1336 2068 1488 2108 suam
1524 2051 1728 2122 majore
1759 2051 1841 2106 διιί

254 2149 624 2206 communione
667 2147 902 2220 patitur,
963 2164 1086 2202 mox
1141 2149 1192 2203 in
1236 2147 1471 2202 animam
1523 2145 1838 2216 fontemque

255 2242 438 2298 anima:
479 2240 746 2314 gradatim
791 2241 1049 2305 veniens.
1100 2239 1234 2309 Quia
1285 2239 1464 2294 anima
1521 2238 1701 2310 imago
1748 2245 1840 2295 τοῦ

254 2336 394 2414 λόγου
436 2348 540 2406 cst,
589 2336 745 2408 quasi
796 2335 1028 2408 quadam
1079 2335 1388 2406 cognitione
1442 2333 1700 2404 majorem
1749 2333 1844 2390 de-

255 2431 448 2487 flucndi
485 2431 680 2502 accipit
723 2446 965 2487 cursum.
997 2430 1063 2485 Et
1102 2430 1226 2500 quia
1255 2429 1306 2483 in
1349 2427 1635 2483 animanda
1664 2429 1842 2484 anima

255 2534 519 2598 properat,
547 2525 606 2578 fit
634 2525 680 2578 ei
704 2523 1065 2578 inanimanda
1117 2522 1238 2593 ejus
1277 2521 1602 2592 petulantior
1637 2521 1845 2592 appeti-

254 2629 355 2674 tus.
383 2616 520 2672 Hinc
553 2616 604 2671 in
639 2615 796 2688 hylen
830 2629 1027 2676 mersa.
1061 2621 1118 2668 ct
1139 2612 1422 2668 mundanis
1453 2612 1758 2678 elementis,
1790 2619 1845 2667 et

256 2720 526 2783 postremo
564 2709 872 2764 carnalibus
909 2707 1138 2762 vinculis
1179 2707 1472 2778 implicata,
1505 2705 1842 2777 corruptioni

253 2813 408 2876 atque
439 2804 538 2876 ipsi
568 2802 726 2858 morti
753 2818 874 2859 sese
921 2802 1177 2868 miscens,
1205 2801 1416 2856 vivendi
1445 2800 1646 2856 idolum
1676 2809 1845 2856 mate-

252 2901 342 2958 ri;e
374 2901 592 2957 fiecibus
615 2907 854 2971 praestat.
882 2898 1078 2954 \‘ivunt
1098 2913 1228 2968 ergo
1250 2905 1439 2952 cuncta
1471 2904 1707 2960 terrena,
1741 2894 1844 2949 hu-

251 3003 416 3072 mida,
440 3019 618 3068 aerea,
644 3002 820 3073 ignea,
853 3001 1109 3066 mtherea,
1149 2997 1410 3063 cmlestii,
1445 3012 1550 3052 non
1584 2997 1716 3072 λόγῳ
1753 2995 1844 3048 illo

251 3099 452 3170 priore,
483 3111 581 3151 nec
617 3097 742 3150 vitm
771 3093 980 3165 integro
1008 3091 1229 3159 lumine,
1254 3089 1350 3146 sed
1378 3097 1596 3160 propter
1621 3088 1844 3159 copula-

1942 1883 2086 1929 sunt.
2113 1873 2182 1930 Ut
2209 1889 2392 1930 semen
2416 1875 2525 1944 jatn
2557 1873 2792 1946 potentia
2820 1883 2922 1938 est,
2955 1883 3008 1928 et
3035 1872 3267 1938 culmus,
3297 1882 3350 1927 et
3381 1870 3537 1938 folia;

1949 1967 2035 2023 vel
2065 1983 2179 2023 mas
2208 1977 2303 2023 aut
2347 1967 2543 2025 femina
2577 1983 2820 2024 venerea:
2845 1966 3152 2038 cupiditatis
3182 1965 3412 2030 effusio;
3445 1963 3542 2020 sed

1943 2059 2060 2117 haec
2083 2061 2134 2117 in
2167 2059 2368 2116 mundo
2395 2071 2557 2132 atque
2582 2061 2682 2116 sub
2710 2061 2832 2115 luna
2857 2077 2869 2113 :
2894 2074 3056 2130 supra
3102 2073 3232 2116 vero
3254 2058 3306 2112 in
3334 2057 3540 2112 :cthere

1943 2166 2106 2226 atque
2142 2155 2283 2211 caelo
2311 2157 2554 2211 actiones
2591 2164 2753 2220 sunt,
2795 2165 2956 2225 atque
2995 2152 3296 2208 actionibus
3338 2152 3546 2220 vivunt,

1943 2247 2036 2301 sed
2065 2247 2250 2317 genita
2271 2247 2434 2302 etiam
2457 2246 2599 2317 quod
2631 2245 2872 2302 futurum
2899 2245 3113 2301 fuerant
3134 2244 3306 2300 facta:
3338 2258 3405 2300 ex
3426 2252 3548 2299 ortu

1945 2340 2089 2397 enim
2123 2356 2222 2396 suo
2250 2341 2304 2396 in
2347 2343 2692 2413 Operationcs
2733 2341 2978 2412 proprias
3020 2354 3254 2418 suasque
3299 2338 3546 2407 dimissa,

1944 2451 2072 2492 suos
2093 2443 2246 2491 actus
2270 2446 2475 2492 natura:
2499 2436 2831 2491 continentis
2859 2434 3181 2504 contagione
3208 2433 3540 2489 discurrunt.

2019 2531 2158 2587 XIII.
2183 2531 2337 2598 Quod
2361 2531 2406 2587 si
2435 2530 2552 2586 hinc
2577 2545 2696 2603 qua:
2713 2529 2767 2585 in
2798 2529 2998 2584 mundo
3036 2537 3163 2585 sunt
3207 2537 3360 2583 actus
3391 2535 3540 2596 sunt,

1946 2638 2148 2697 quanto
2176 2627 2360 2698 'magis
2389 2626 2479 2682 illa
2523 2641 2643 2698 qua:
2674 2627 2726 2681 in
2758 2625 2980 2682 aeternis
3009 2640 3073 2680 ac
3102 2639 3264 2696 supra
3304 2623 3550 2680 cmlestia

1947 2731 2096 2790 sunt,
2120 2733 2273 2779 actus
2297 2731 2425 2778 sunt
2455 2731 2510 2778 et
2535 2719 2778 2776 aetiones
2803 2728 2951 2787 sunt,
2981 2735 3102 2790 qua:
3140 2717 3411 2774 mundana
3449 2717 3549 2771 ista

1945 2817 2283 2888 genuerunt?
2311 2815 2445 2873 Item
2489 2827 2544 2871 et
2577 2817 2755 2871 anima
2799 2822 2858 2870 et
2895 2813 3089 2885 Angeli
3124 2829 3192 2870 ex
3233 2813 3451 2877 animis,
3497 2818 3554 2866 et

1947 2926 2106 2983 supra
2130 2911 2360 2966 animas.
2393 2909 2526 2965 Nam
2555 2920 2611 2966 et
2633 2911 2813 2964 anima
2837 2909 3116 2984 αὐτογὼῳ,
3147 2907 3200 2963 id
3229 2917 3333 2974 est,
3371 2921 3471 2962 suo
3497 2914 3555 2962 et

1947 3021 1976 3059 a
2003 3021 2063 3061 se
2093 3004 2194 3060 sibi
2227 3013 2348 3059 orto
2379 3014 2524 3060 motu
2549 3003 2737 3068 fertur,
2780 3005 3106 3065 αὐτοκίνητος
3145 3002 3364 3068 dicitur,
3411 2999 3553 3058 unde

1947 3104 2178 3164 ἀκίνητος
2211 3117 2224 3154 :
2257 3114 2387 3172 ergo
2425 3114 2642 3169 semper
2667 3100 2716 3154 in
2748 3109 2894 3154 motu
2923 3109 3029 3165 est,
3053 3099 3196 3170 quod
3230 3107 3314 3155 est
3335 3113 3554 3170 semper

252 3166 452 3248 tionem
495 3189 727 3262 hylicam
767 3187 950 3243 saucia
1000 3185 1121 3242 luce
1144 3185 1313 3251 vitali,
1344 3183 1530 3239 vivunt
1555 3198 1718 3254 supra
1756 3197 1846 3238 ca-

1953 3209 2136 3268 agere,
2183 3204 2238 3250 et
2282 3209 2403 3251 esse
2445 3194 2616 3265 ipsam
2647 3196 2916 3272 ἐνέργειαν,
2949 3203 3007 3248 ιιι
3036 3193 3107 3250 sit
3141 3194 3189 3250 ei
3232 3193 3556 3261 substantia,

247 3285 436 3350 lestia,
480 3296 532 3340 et
564 3282 734 3353 magis
760 3281 966 3348 vivunt,
1002 3296 1121 3351 qua:
1161 3279 1228 3334 ab
1260 3278 1381 3350 liyle
1418 3285 1472 3333 et
1501 3293 1528 3330 a
1573 3275 1848 3346 corporeis

247 3379 479 3437 nexibus
519 3384 882 3441 recesserunt,
923 3373 1250 3444 utpuriorcs
1272 3371 1497 3438 animzc,
1539 3379 1592 3424 et
1619 3368 1845 3435 Tltroni,

251 3483 307 3530 et
329 3470 567 3536 Glorim;
601 3471 727 3524 item
760 3467 950 3538 Angeli
979 3476 1140 3538 atque
1181 3465 1282 3536 ipsi
1322 3464 1576 3536 Spiritus,
1599 3463 1686 3517 alii
1712 3471 1768 3517 ut
1795 3462 1848 3516 in

247 3566 381 3630 alio,
407 3563 459 3619 id
486 3573 590 3630 est,
615 3563 666 3616 in
689 3577 784 3616 sua
808 3559 1107 3616 substantia
1126 3559 1288 3613 vitam
1311 3555 1594 3612 habentes:
1619 3553 1709 3609 alii
1739 3554 1851 3622 ipsa

248 3659 360 3714 vita
389 3668 510 3712 sunt
537 3673 550 3710 :
578 3655 736 3712 Jesus
766 3662 944 3707 autem
975 3650 1244 3718 Christus,
1267 3661 1323 3705 et
1349 3657 1566 3704 sanctus
1582 3645 1847 3716 Spiritus:

247 3769 378 3810 nam
406 3759 461 3808 et
489 3750 555 3806 de
579 3749 682 3805 hoc
713 3763 838 3803 mox
874 3746 1190 3802 docebimus
1216 3762 1228 3800 :
1255 3741 1416 3798 simul
1449 3756 1570 3796 cum
1601 3739 1732 3805 Deo,
1756 3735 1852 3793 sed

245 3863 277 3900 a
315 3845 428 3901 Deo
460 3855 638 3898 tamen
661 3840 764 3896 vita
798 3849 944 3904 sunt,
976 3838 1070 3894 sed
1104 3835 1396 3892 universali
1425 3835 1529 3888 vita
1556 3831 1769 3898 vivunt,
1797 3841 1855 3887 et

244 3955 277 3994 a
318 3953 379 3994 se
408 3940 610 4000 vivunt,
645 3943 699 3990 et
728 3948 833 3989 non
869 3933 920 3988 in
965 3933 1135 3986 altero
1178 3928 1439 3985 habentes
1465 3926 1608 3998 quod
1642 3927 1851 3994 vivunt,

245 4031 349 4088 sed
377 4041 437 4085 ut
477 4029 581 4085 hoc
611 4028 786 4098 ipsum
815 4026 922 4082 illis
947 4041 1069 4081 esse
1113 4023 1186 4080 sit
1216 4023 1396 4078 vivere
1433 4029 1487 4076 ct
1513 4021 1676 4076 vitam
1709 4035 1852 4085 esse,

244 4136 302 4181 et
331 4123 615 4180 scientiam
637 4135 759 4178 esse
788 4131 943 4192 patre
976 4115 1242 4182 tradente,
1287 4115 1388 4171 hoc
1409 4123 1513 4179 est,
1543 4113 1854 4186 principali-

253 4227 342 4273 ter
364 4217 634 4274 existente
654 4231 719 4270 eo
741 4213 884 4286 quod
914 4221 998 4268 est
1026 4211 1230 4266 vivere.
1254 4207 1394 4280 Ergo
1417 4205 1496 4282 (ι)
1529 4206 1643 4262 haec
1673 4205 1856 4261 omnia

244 4319 573 4367 enumerata
604 4308 821 4374 vivant,
850 4315 902 4362 et
933 4306 1063 4360 nihil
1094 4306 1166 4360 sit
1189 4304 1271 4360 vel
1305 4303 1356 4358 in
1405 4301 1624 4358 mternis
1644 4343 1658 4366 ,
1695 4301 1778 4354 vel
1802 4300 1856 4355 in

242 4403 549 4460 mundanis
575 4410 665 4456 aut
689 4399 902 4473 Itylicis,
924 4397 1065 4470 quod
1090 4413 1196 4452 non
1222 4411 1320 4469 pro
1339 4405 1525 4450 natura
1549 4409 1642 4448 sua
1675 4393 1854 4447 vivat:

243 4497 444 4568 utique
488 4492 853 4551 confitendum
891 4501 974 4547 est
1028 4505 1148 4546 eSse
1184 4489 1292 4544 vim
1320 4485 1600 4560 quandam
1641 4485 1726 4541 vel
1766 4500 1860 4554 po-

1953 3288 2044 3344 ille
2073 3296 2270 3343 motus.
2305 3287 2514 3343 Dictum
2547 3296 2634 3344 est
2661 3288 2804 3343 cnim
2837 3285 2995 3358 (Gen.
3029 3302 3068 3352 ι,
3108 3287 3240 3358 26);
3278 3285 3553 3342 Faciamus

1955 3384 2213 3439 hominem
2232 3382 2300 3437 ad
2322 3384 2597 3454 imaginem
2622 3391 2669 3436 et
2697 3381 3088 3436 similitudine»:
3113 3393 3361 3436 nostram.
3383 3379 3557 3436 Habet

1954 3490 2084 3546 ergo
2115 3476 2380 3549 αὐτόγονον
2401 3477 2611 3542 κίνησιν,
2637 3473 2689 3529 id
2730 3484 2836 3542 est,
2867 3483 3071 3529 motum
3115 3489 3144 3528 a
3170 3490 3229 3530 se
3252 3483 3462 3540 ortum,
3497 3481 3556 3529 ut

1957 3567 2070 3624 Deo
2101 3578 2204 3635 est,
2239 3576 2298 3622 ut
2321 3567 2561 3623 Christo.
2606 3566 2712 3624 Sed
2741 3568 2864 3638 quia
2893 3581 3002 3622 non
3029 3576 3116 3623 est
3146 3567 3235 3622 ille
3268 3567 3417 3638 prior
3445 3566 3560 3636 spi-

1955 3663 2092 3717 ritus
2113 3703 2128 3727 ,
2159 3660 2360 3716 idcirco
2387 3661 2490 3716 alia
2535 3660 2856 3727 substantia,
2892 3668 2948 3716 et
2987 3660 3125 3716 facta
3148 3703 3162 3727 ,
3195 3677 3301 3716 non
3325 3675 3355 3716 a
3383 3675 3442 3716 se
3466 3676 3562 3717 ex-

1957 3753 2146 3820 istens,
2165 3753 2259 3808 sed
2282 3752 2420 3808 facta
2444 3762 2550 3807 uta
2573 3767 2634 3808 se
2659 3751 2882 3808 haberet
2899 3763 3138 3808 motum:
3165 3753 3361 3823 quippe
3379 3753 3561 3810 anima

1956 3846 2126 3912 aliud,
2155 3845 2302 3900 aliud
2349 3845 2453 3900 vita
2482 3863 2496 3901 :
2525 3846 2633 3902 vita
2663 3845 2806 3900 enim
2853 3845 3066 3902 vivendi
3110 3844 3327 3902 habitus
3359 3855 3474 3912 cst,
3507 3853 3563 3903 et

1958 3940 2110 4012 quasi
2137 3939 2380 4011 quaedam
2421 3939 2617 4008 forma,
2649 3940 2736 3995 vel
2766 3948 2940 3995 status
2968 3939 3198 3995 vivendo
3221 3941 3557 4011 progenitus,

1956 4032 2012 4088 in
2042 4049 2101 4089 se
2129 4033 2414 4088 continens
2441 4033 2614 4103 ipsum
2644 4034 2852 4098 vivere,
2875 4043 3038 4104 atque
3063 4032 3114 4088 id
3137 4047 3258 4090 esse
3286 4033 3428 4106 Quod
3453 4035 3565 4090 vita

1960 4132 2063 4187 est,
2095 4129 2382 4190 utrumque
2421 4119 2492 4175 sit
2525 4134 2629 4175 una
2660 4117 2960 4176 substantia
2989 4137 3002 4172 :
3028 4133 3133 4174 non
3157 4119 3298 4175 enim
3329 4134 3456 4176 vere
3485 4120 3567 4175 al-

1963 4223 2134 4271 terum
2158 4213 2210 4270 in
2231 4215 2426 4281 altero,
2455 4214 2550 4270 sed
2580 4230 2742 4270 unum
2772 4213 3002 4284 simplici
3027 4228 3127 4270 suo
3159 4214 3469 4285 geminum;
3507 4222 3564 4271 et

1962 4309 2226 4365 idcircoiu
2241 4323 2320 4376 se,
2341 4309 2463 4380 quia
2480 4324 2545 4366 ex
2563 4324 2622 4365 se
2641 4326 2655 4376 ;
2675 4320 2728 4366 et
2747 4308 2868 4366 ideo
2882 4323 2946 4365 ex
2968 4324 3048 4375 se,
3064 4308 3187 4380 quia
3207 4308 3349 4364 aliud
3369 4324 3564 4380 Opera-

1964 4415 2050 4460 tur
2076 4405 2130 4460 in
2174 4403 2402 4475 septima
2434 4404 2751 4475 simplicitas
2777 4421 2790 4459 :
2815 4404 2971 4476 quies
2996 4404 3142 4460 enim
3190 4403 3323 4459 nihil
3349 4404 3556 4476 gignit;

1966 4506 2147 4554 motus
2176 4512 2308 4556 vero
2330 4506 2385 4553 et
2410 4497 2602 4569 agendi
2623 4499 2866 4569 operatio
2887 4497 3084 4553 format
3109 4497 3213 4553 sibi
3234 4512 3302 4553 ex
3333 4513 3393 4554 se
3419 4499 3563 4570 qttod

245 4590 484 4646 tentiam
521 4605 624 4660 qua
646 4599 836 4644 cuncta
876 4585 1168 4652 vivefiant,
1201 4593 1256 4639 et
1286 4582 1435 4653 quasi
1471 4580 1683 4636 vivendi
1715 4580 1860 4635 fonte
1885 4575 1938 4636 Ι)
1965 4592 2057 4660 sit,
2093 4592 2177 4648 νει
2221 4593 2400 4664 potius
2435 4593 2839 4664 quonammodo
2880 4593 2982 4649 sit;
3023 4608 3255 4664 namque
3305 4608 3446 4661 esse,
3486 4594 3569 4650 vi.

247 4681 308 4739 in
342 4683 536 4739 vitales
562 4681 782 4754 spiritus
804 4680 1103 4751 erigantur,
1134 4688 1193 4734 ut
1230 4693 1296 4734 ex
1332 4677 1435 4732 hoc
1479 4683 1534 4732 et
1559 4675 1774 4742 vivant,
1805 4682 1860 4729 et

246 4780 386 4852 quia
419 4779 626 4844 vivunt,
650 4792 770 4833 esse
797 4775 986 4831 sortita
1009 4774 1140 4829 sint.

330 4875 455 4932 XII.
483 4875 616 4945 Quis
645 4883 727 4930 est
752 4873 874 4938 iste,
907 4871 1046 4927 unde
1073 4871 1126 4925 in
1156 4879 1357 4926 interna
1386 4877 1548 4940 atque
1574 4868 1628 4923 in
1661 4875 1862 4922 morta-

239 4969 323 5026 lia
356 4969 536 5024 vitalis
561 4968 782 5036 spiritus
803 4966 994 5038 spirat,
1025 4979 1133 5036 quo
1153 4963 1337 5034 vigent
1364 4970 1578 5026 cuncta,
1610 4975 1716 5032 quo
1738 4960 1866 5016 sub-

236 5065 479 5132 sistunt,
502 5077 611 5135 quo
637 5070 789 5117 actus
821 5060 1069 5132 proprios
1096 5065 1334 5122 smnunt,
1368 5071 1474 5127 quo
1514 5063 1565 5111 et
1609 5063 1865 5126 generata

234 5169 403 5224 sunt,
457 5166 511 5213 et
551 5164 870 5227 generatura
917 5151 1275 5224 proveniunt?
1326 5150 1486 5215 Deus,
1535 5148 1653 5203 sine
1703 5146 1868 5202 dubio

238 5253 437 5320 Deus,
469 5262 524 5308 et
553 5249 694 5323 quod
729 5249 897 5304 menti
926 5258 1125 5302 nostrae
1152 5242 1488 5300 venerationi
1528 5249 1612 5298 est
1651 5239 1865 5296 vivendi

235 5355 439 5418 pater,
470 5359 778 5414 numenque
811 5340 1044 5397 vivendi.
1083 5339 1238 5395 Hunc
1265 5338 1351 5394 vel
1394 5337 1687 5409 potentiam
1718 5335 1864 5402 vitae,

234 5450 306 5498 ut
335 5441 393 5497 in
427 5439 551 5495 aliis
571 5439 825 5504 diximus,
849 5437 932 5492 vel
956 5437 1122 5491 vitam
1147 5448 1411 5490 summam
1438 5431 1866 5504 principemque,

230 5546 303 5594 et
357 5535 685 5609 generaliter
709 5533 1016 5608 generalem
1039 5573 1054 5599 ,
1083 5541 1246 5602 atque
1288 5529 1531 5585 onmium
1571 5527 1866 5584 viventium

227 5630 550 5703 originem,
575 5643 815 5696 causam,
849 5636 1032 5699 caput,
1083 5625 1395 5696 fontemque
1417 5620 1867 5680 dicemus:Prin-

325 5795 420 5870 (l)
454 5794 597 5853 Haec.
632 5795 796 5854 Forte
823 5795 976 5853 deest
1001 5808 1133 5848 cum.

1964 4701 2092 4742 vere
2120 4697 2248 4741 e5t:
2284 4687 2448 4742 vitam
2489 4697 2669 4743 autem
2708 4701 2860 4752 esse,
2900 4695 3077 4742 motus
3121 4686 3338 4758 quidam
3366 4697 3470 4754 est,
3512 4686 3567 4744 id

1967 4788 2073 4844 est,
2103 4780 2274 4834 forma
2309 4779 2559 4847 viventis,
2591 4779 2835 4837 confecta
2859 4780 2976 4850 ipso
3007 4780 3100 4835 illo
3126 4779 3211 4836 cui
3241 4782 3410 4836 forma
3446 4790 3567 4837 est:

1970 4871 2096 4926 illud
2119 4881 2298 4928 autem
2327 4873 2469 4942 quod
2513 4883 2597 4929 est
2637 4873 2950 4940 conficiens,
2995 4871 3047 4928 id
3072 4882 3157 4929 est
3200 4874 3385 4930 vivere
3411 4875 3571 4946 :quia

1970 4983 2242 5037 nunquam
2272 4968 2474 5037 coepit:
2506 4983 2536 5023 a
2567 4981 2624 5022 se
2660 4966 2804 5022 enim
2832 4965 2974 5038 quod
3011 4966 3140 5021 vivit
3162 5007 3175 5029 ,
3207 4981 3312 5021 non
3358 4963 3565 5035 incipit,

1971 5061 2094 5132 quia
2123 5075 2335 5132 semper
2365 5060 2516 5127 vivit,
2550 5059 2694 5115 unde
2729 5075 2828 5115 nec
2867 5059 2975 5114 vita
3018 5057 3206 5129 incipit
3231 5075 3244 5112 :
3269 5073 3391 5114 cum
3422 5057 3569 5112 enim

1975 5153 2269 5210 conficiens
2300 5153 2418 5209 sine
2462 5152 2708 5221 exordio,
2751 5161 2805 5210 et
2837 5151 2888 5208 id
2927 5151 3068 5224 quod
3108 5151 3391 5207 conficitur
3427 5157 3578 5206 caret

1969 5247 2215 5303 exordio.
2243 5247 2414 5304 Simul
2442 5262 2574 5320 ergo
2595 5255 2654 5302 ut
2683 5256 2969 5318 utrumque
3009 5256 3064 5302 et
3091 5245 3572 5302 consubstantiale.

1969 5339 2164 5397 Vivere
2191 5348 2370 5397 autem
2405 5341 2545 5398 Deus
2568 5349 2672 5407 est,
2696 5342 2804 5396 vita
2827 5339 3074 5396 Christus
3104 5357 3115 5392 :
3148 5349 3202 5395 et
3229 5338 3281 5393 in
3333 5353 3399 5394 eo
3431 5336 3574 5409 quod

1971 5442 2053 5489 est
2084 5433 2264 5491 vivere
2285 5475 2300 5501 ,
2331 5436 2435 5490 vita
2465 5444 2578 5502 est,
2607 5445 2663 5492 et
2693 5435 2745 5491 in
2787 5449 2856 5492 eo
2881 5433 3022 5506 quod
3069 5441 3152 5490 est
3185 5433 3291 5488 vita
3311 5474 3326 5498 ,
3367 5431 3574 5488 vivere.

1974 5527 2086 5585 Hoc
2107 5528 2328 5600 quidem
2355 5530 2516 5587 modo
2536 5530 2766 5587 alterum
2790 5532 2842 5585 in
2880 5530 3078 5595 altero,
3117 5527 3239 5600 quia
3267 5526 3575 5584 confectum

1973 5631 2030 5680 et
2048 5624 2346 5683 conficiens
2367 5625 2598 5684 alterum
2625 5625 2678 5684 in
2706 5625 2901 5684 altero.
2938 5622 3008 5682 Ut
3033 5623 3178 5682 enim
3207 5621 3502 5680 conficiens
3525 5620 3580 5683 iu
