4024 6306
291 233 427 303 ΗΞιὸ

1434 231 1806 303 Αειειιευε
1844 228 2064 303 Αῐὶιυῌ
2102 233 2308 305 LIBER
2346 226 2434 291 IV-

3448 237 3586 303 1126

282 362 412 419 gere
439 366 453 407 :
481 362 580 403 nec
604 354 739 415 tum,
770 361 893 409 cum
917 346 1051 405 illud
1073 362 1194 407 esse
1218 347 1447 421 primum
1472 348 1542 411 ita
1564 352 1656 416 sit,
1682 356 1739 405 ut
1759 363 1881 405 eum
1911 350 1961 416 A
1991 348 2099 405 vita
2131 349 2196 405 de
2222 349 2473 420 vivendo,
2501 348 2553 406 id
2582 358 2686 415 est,
2719 349 2787 409 de
2807 349 2966 409 Putre
2994 348 3182 417 Filius,
3216 349 3285 408 de
3307 350 3442 409 Filio
3465 352 3587 426 δρία

285 454 407 505 esse
430 441 521 503 sit,
548 441 619 503 sit
641 451 694 498 et
722 442 947 499 moveri.

358 529 524 586 XVII.
551 531 869 605 Quanquam
894 533 1106 595 dicatur
1127 534 1307 615 quies,
1338 544 1583 597 movi-tur
1604 543 1783 593 autem
1808 534 1889 593 in-

288 636 373 681 tus
413 638 562 682 motu
597 628 740 684 unde
781 629 912 695 vivit
955 629 1081 697 sibi,
1130 639 1185 693 et
1219 629 1470 707 intelligit
1510 629 1883 703 semetipsum.

287 719 431 791 Eigo
471 738 502 779 a
534 733 683 779 motu
728 722 963 787 interno,
1005 734 1157 785 extra
1188 732 1240 779 et
1269 723 1413 801 quod
1444 732 1527 787 est
1563 723 1692 787 (oris
1732 732 1891 785 nutus

285 827 368 871 est
400 826 600 883 iunius,
632 818 697 874 ab
728 833 793 875 eo
824 818 966 891 quod
1001 828 1085 875 est
1122 818 1267 877 intus
1298 835 1441 886 esse,
1472 830 1527 879 et
1556 819 1626 877 ab
1649 834 1715 875 eo
1744 818 1889 892 quod

285 922 370 966 εηι
401 912 546 969 intus
569 914 770 978 vivere,
797 913 928 970 foris
951 916 1157 982 vivere,
1182 915 1251 971 ab
1271 932 1338 971 eo
1368 916 1509 990 quod
1540 925 1622 975 est
1646 917 1788 970 intus
1810 920 1890 978 In~

287 1003 566 1074 telligere;
595 1005 725 1062 foris
753 1006 1079 1079 intelligere,
1106 1017 1358 1071 movente
1383 1024 1443 1065 se
1471 1008 1576 1064 vita
1599 1019 1654 1071 et
1687 1008 1887 1073 intelli~

283 1097 485 1166 gentia.
534 1096 669 1155 Sunt
724 1098 868 1154 enim
924 1109 1099 1163 motus
1146 1099 1343 1163 eodem
1410 1100 1573 1163 modo
1622 1100 1893 1165 existente

284 1188 466 1256 simul,
492 1205 557 1244 eo
582 1189 726 1260 quod
750 1199 1003 1260 estesse,
1032 1201 1162 1255 utet
1191 1194 1338 1251 intus
1365 1202 1510 1261 esset
1534 1204 1586 1249 et
1613 1193 1764 1261 toris,
1788 1193 1891 1255 ista

283 1280 523 1345 Trinitas
554 1283 722 1352 intus,
761 1299 885 1345 cum
940 1284 1083 1349 Deus
1121 1302 1259 1347 unus
1300 1296 1355 1345 et
1396 1287 1544 1353 solus
1582 1286 1737 1355 foris,
1765 1302 1891 1351 eum

281 1372 442 1429 Jesus
469 1374 720 1432 Christus
746 1377 890 1435 intus
930 1388 984 1433 et
1027 1376 1179 1447 foris,
1218 1395 1340 1437 cum
1370 1381 1531 1440 ambo
1559 1380 1699 1439 Deus
1729 1395 1889 1451 unus.

282 1476 445 1537 atque
476 1483 540 1521 ex
576 1468 640 1522 iis
668 1483 794 1523 cum
828 1467 969 1524 Deus
1006 1468 1275 1544 ὁμοούσιον
1309 1470 1545 1540 Christo,
1582 1473 1892 1537 necessario,

282 1568 337 1614 et
360 1558 608 1625 Christus
629 1558 896 1637 ὁμοούσιον
923 1559 1127 1631 Spiritu
1151 1574 1361 1629 sancto,
1383 1578 1447 1621 ac
1470 1580 1565 1636 per
1586 1563 1690 1625 hoc
1710 1574 1765 1621 et
1795 1580 1892 1639 per

282 1651 562 1714 Christum
599 1652 746 1708 Deo:
775 1652 893 1725 ipse
926 1654 1088 1711 etiam
1135 1654 1204 1713 de
1247 1656 1358 1717 Deo
1392 1671 1646 1728 egressus
1685 1664 1788 1717 est.
1834 1657 1892 1715 Si

1990 443 2123 501 ritus
2153 453 2404 508 sanctus;
2430 445 2506 500 sic
2528 446 2670 503 enim
2704 444 2974 515 suhjnnxit
3004 464 3015 498 :
3047 445 3231 500 Omnia
3265 464 3588 523 quaecumque

1992 535 2141 592 liabet
2197 539 2356 593 Pater
2395 556 2505 595 mea
2537 549 2654 595 sunt
2696 537 2859 611 (Ibid.
2911 540 3046 609 15):
3097 549 3381 615 prOpterca
3429 539 3587 613 dixit,

1991 642 2258 699 mensum,
2291 632 2419 707 quia
2450 648 2571 711 quae
2605 643 2760 705 pater
2802 632 2964 693 habet
3002 633 3095 691 lilii
3137 643 3292 703 sunt,
3331 649 3473 700 esse,
3506 636 3589 692 vi-

1990 741 2137 789 vere,
2169 725 2508 798 intelligere:
2537 727 2652 785 lucc
2689 727 2877 789 eadem
2913 727 3077 789 habet
3115 726 3369 805 Spiritus,
3409 732 3590 789 omnia

1991 833 2120 891 ergo
2149 817 2418 895 ὁμοούσια.
2453 818 2594 877 Idem
2626 828 2802 877 tamen
2834 832 2889 876 ut
2919 821 3229 881 ostenderet
3264 837 3413 879 suam
3447 838 3588 894 prte-

1993 914 2221 969 sentiam
2265 930 2483 986 semper
2522 917 2656 971 κατοὶ
2688 918 2942 972 Ματθαῖον
2978 916 3054 971 sic
3093 915 3333 987 loquitur
3360 936 3371 971 ε
3401 914 3593 975 Euntes

1993 1024 2130 1069 nunc
2175 1007 2351 1071 docete
2393 1025 2566 1073 omnes
2608 1017 2800 1081 gentes,
2834 1009 3149 1081 baptizantes
3191 1026 3275 1071 eos
3306 1010 3356 1064 in
3391 1010 3596 1065 nomine

1996 1098 2171 1165 Patris
2197 1110 2243 1165 et
2270 1099 2418 1169 Filii.
2450 1113 2498 1161 et
2533 1100 2764 1175 Spiritus
2791 1102 2976 1168 sancti,
3006 1103 3242 1163 docentes
3272 1120 3357 1163 eos
3388 1119 3589 1160 servare

1993 1194 2167 1257 Qtttuia
2194 1210 2523 1265 quaecumque
2557 1194 2793 1255 mandaui
2816 1193 2973 1259 vobis,
2999 1206 3045 1251 et
3077 1212 3191 1255 ecce
3216 1212 3307 1268 ego
3335 1196 3596 1255 vobiscum

1992 1300 2108 1343 sunt
2143 1268 2377 1345 munibus
2404 1285 2580 1345 diebus
2617 1303 2778 1359 usque
2807 1287 2876 1347 ad
2906 1290 3393 1349 consummationem
3422 1289 3598 1347 sreculi

1996 1379 2213 1457 (Matth.
2253 1398 2450 1457 xsvut,
2489 1382 2581 1452 19,
2606 1382 2720 1457 20).
2760 1383 2835 1446 Ex
2869 1383 2973 1442 hoc
3002 1384 3305 1445 oswnditur
3333 1384 3596 1457 quodam-

1996 1473 2159 1535 modo
2181 1475 2322 1532 idem
2346 1474 2529 1542 Iesus,
2556 1475 2700 1533 idem
2724 1476 2959 1549 Spiritus
2980 1488 3222 1543 saueius,
3246 1488 3371 1539 actu
3391 1477 3600 1539 scilicet

1995 1567 2189 1639 agendi
2216 1566 2443 1635 diversi,
2468 1568 2611 1640 quod
2636 1569 2723 1626 ille
2747 1569 2902 1629 (locet
2927 1570 3356 1644 intelligentiam,
3383 1573 3484 1628 iste
3507 1572 3600 1631 dat

1995 1660 2181 1723 vitam.
2212 1661 2429 1725 Etenim
2468 1662 2611 1725 idem
2658 1664 2775 1741 ipse
2814 1673 2867 1727 et
2908 1680 3045 1727 unus
3076 1673 3254 1727 motus
3294 1674 3351 1723 et
3395 1667 3600 1739 primus

285 1745 428 1809 enim
452 1748 629 1809 omnis
653 1757 830 1809 uictus
850 1747 940 1818 qui
966 1746 1098 1813 toris
1120 1759 1220 1825 est,
1250 1766 1281 1806 ει
1309 1752 1402 1808 Dei
1436 1758 1589 1813 metu
1619 1750 1709 1827 qui
1744 1750 1891 1813 intus
1919 1745 1969 1815 Β
1996 1763 2176 1813 motus
2208 1770 2225 1813 ξ
2256 1770 2364 1827 quo
2387 1755 2679 1828 contingit,
2715 1764 2772 1817 ut
2813 1757 2903 1828 qui
2936 1757 3089 1823 vivit,
3118 1768 3171 1819 et
3195 1774 3319 1821 vere
3349 1761 3514 1828 vivat,
3548 1769 3602 1814 et

286 1849 463 1894 mutus
484 1850 586 1909 est,
611 1855 742 1912 ergo
762 1849 817 1897 et
838 1841 939 1906 iste
959 1855 990 1894 ει
1022 1840 1154 1899 Deo.
1184 1844 1398 1901 Etenim
1417 1843 1642 1907 scientia
1665 1852 1718 1898 et
1739 1845 1893 1907 inteb-

289 1938 529 2011 ligentia,
563 1939 851 1997 cxistentia
896 1954 983 2000 est
1030 1943 1307 2015 utriusque
1327 1958 1391 2003 ac
1422 1945 1662 2017 potentia
1685 1957 1891 2019 είιειιυη

288 2036 542 2107 εεειιιί;ε;
568 2036 732 2111 idque
764 2036 868 2095 hoc
896 2036 1075 2108 ipsum
1109 2046 1289 2099 motus
1311 2046 1414 2103 est,
1459 2038 1562 2101 hoc
1601 2038 1721 2111 ipso
1751 2035 1896 2109 quod

292 2139 472 2189 motus
513 2129 817 2187 substantia
857 2147 870 2186 :
904 2134 1215 2191 necessario
1255 2130 1417 2203 igitur
1444 2128 1499 2191 in
1528 2128 1767 2203 Christo,
1810 2129 1895 2193 vel

288 2223 534 2287 Christus
564 2231 668 2288 est,
694 2232 749 2281 et
769 2225 837 2281 ab
863 2224 980 2295 ipso
1005 2224 1168 2285 habet
1193 2224 1399 2293 omnia,
1425 2224 1549 2297 quia
1569 2241 1596 2277 ιι
1622 2225 1728 2287 vita
1751 2222 1895 2298 quod

288 2312 535 2375 Christus
566 2327 670 2382 εει,
697 2318 938 2381 substitit
965 2318 1350 2390 intelligentia,
1372 2328 1427 2374 et
1455 2318 1577 2379 ideo
1596 2318 1755 2383 alter.
1783 2317 1896 2385 Hoc

288 2410 431 2464 enim
454 2396 690 2465 dictum:
711 2409 776 2464 Et
795 2428 828 2465 a
854 2428 933 2467 me
958 2411 1107 2466 liabet
1131 2413 1302 2466 omnia
1322 2411 1501 2485 (Joan.
1521 2428 1636 2480 xvi,
1663 2413 1753 2483 tt,
1779 2412 1894 2483 15),

292 2502 463 2561 Habet
494 2513 673 2561 autem
701 2515 757 2560 et
792 2523 825 2563 a
851 2522 952 2572 me,
983 2505 1090 2562 duo
1120 2514 1251 2563 sunt
1276 2523 1288 2560 :
1312 2520 1443 2578 ergo
1469 2505 1607 2567 alter
1636 2516 1690 2561 et
1715 2505 1854 2569 alter
1876 2522 1895 2559 :

257 2598 400 2654 “Sed
445 2600 570 2670 quia
613 2609 795 2663 motus,
835 2608 895 2661 et
931 2600 1051 2677 ipse
1087 2599 1321 2671 Spiritus
1360 2609 1603 2667 sanctus,
1634 2607 1816 2655 motus
1842 2609 1898 2661 et

290 2690 558 2757 Christus,
584 2703 639 2748 ει
659 2694 780 2766 quia
804 2694 912 2749 vita
936 2708 1059 2749 vera
1084 2691 1332 2757 Christus
1353 2700 1457 2761 εει,
1480 2701 1535 2748 ει
1552 2691 1899 2753 credentibus

294 2785 346 2839 iu
370 2801 427 2841 se
446 2786 538 2845 dat
557 2788 719 2851 vitam
741 2803 948 2855 veram,
973 2786 1076 2845 hoc
1096 2797 1181 2849 est
1200 2796 1486 2853 aeternum,
1510 2798 1565 2843 et
1584 2786 1739 2847 adest
1756 2785 1898 2859 apud

297 2866 463 2937 Deum
491 2879 839 2943 credentibus
869 2881 922 2943 in
944 2896 1025 2950 se,
1050 2880 1196 2955 quod
1221 2880 1316 2941 Dei
1337 2879 1588 2948 sitﬂlius,
1614 2880 1777 2954 idque
1803 2896 1900 2959 per

298 2973 461 3033 Iidem
507 2992 520 3029 :
565 2975 768 3035 idcirco
826 2991 925 3049 per
971 2974 1246 3039 Christum
1293 2976 1706 3039 reconciliantur
1756 2976 1897 3051 Deo;

297 3078 518 3138 propter
560 3083 688 3124 vero
736 3066 1019 3127 hominum
1061 3068 1310 3127 obrutam
1349 3068 1431 3125 sui
1473 3077 1528 3125 et
1572 3066 1662 3123 Dei
1695 3054 1902 3127 memo-

1998 1846 2283 1925 intelligat,
2315 1858 2372 1909 et
2408 1864 2534 1909 vere
2572 1849 2859 1927 intelligat,
2887 1850 2977 1921 ιιιιὶ
3009 1866 3134 1909 vero
3176 1851 3441 1925 intelligit,
3475 1867 3603 1911 vere

1998 1941 2161 2003 Vivat.
2203 1942 2378 2013 Atque
2400 1949 2458 2003 ut
2489 1941 2629 2001 idem
2658 1941 3036 2003 manifestetur
3072 1942 3232 2001 Jesus
3283 1954 3339 2005 et
3367 1944 3602 2021 Spiritus

1998 2040 2247 2107 sanctus,
2287 2033 2629 2114 attendamus
2675 2035 2856 2097 istud:
2884 2051 3076 2114 nen‘ipe
3115 2036 3346 2111 Spiritus
3384 2047 3604 2099 sanctus

1999 2127 2244 2189 doctrina
2261 2139 2369 2197 εει,
2388 2111 2761 2205 intelligentia,
2788 2129 3008 2209 ipsaque
3022 2111 3291 2205 sapientia
3314 2141 3368 2191 et
3387 2128 3605 2192 Christo

2000 2230 2056 2285 el.
2090 2220 2203 2285 Deo.
2239 2221 2504 2300 sapientia
2543 2221 2740 2283 datur:
2768 2231 2930 2297 atque
2967 2222 3069 2279 hoc
3097 2223 3347 2287 Christus
3390 2226 3607 2283 nomine

2001 2326 2362 2385 nuncupatur,
2379 2314 2522 2389 quod
2545 2324 2628 2377 est
2651 2314 3047 2393 (Evangelium)
3071 2314 3342 2377 Christum
3363 2333 3483 2375 esse
3508 2319 3605 2379 Dei

2001 2407 2195 2481 lilium,
2225 2406 2365 2481 quod
2399 2406 2799 2480 (Evangelium)
2829 2406 3083 2464 deﬁnitur
3112 2409 3204 2469 Dei
3234 2409 3405 2469 virtus
3436 2420 3601 2483 atque

2000 2499 2286 2571 sapientia,
2320 2508 2377 2554 ut
2404 2498 2600 2555 Paulus
2639 2498 2707 2555 ad
2750 2499 3024 2556 Romanos
3053 2501 3234 2577 (Rom.
3259 2518 3298 2569 ι,
3332 2502 3440 2573 16).
3473 2502 3606 2558 Item

2000 2587 2255 2644 Salomon
2287 2607 2299 2644 :
2334 2589 2514 2646 Omnis
2553 2592 2806 2664 sapientia
2842 2610 2873 2649 α
2913 2591 3024 2648 Deo
3053 2603 3147 2667 est,
3178 2604 3227 2651 et
3265 2611 3381 2651 cum
3421 2612 3478 2649 eo
3511 2596 3610 2667 [uit

2001 2700 2200 2761 semper
2226 2696 2345 2740 ante
2368 2704 2531 2749 renum
2558 2687 2746 2762 (Eccli.
2774 2705 2813 2758 ι,
2842 2687 2913 2763 l).
2941 2689 3082 2747 Ecce
3103 2690 3363 2771 ὁμοούσιον
3385 2702 3611 2769 apparet

1957 2788 1960 2791 ‘
2003 2792 2125 2833 cum
2153 2777 2415 2848 sapientia
2438 2788 2491 2834 et
2514 2779 2581 2835 de
2606 2780 2715 2835 Deo
2743 2780 2919 2849 datur,
2952 2792 3004 2837 et
3030 2798 3062 2838 a
3090 2783 3198 2839 Deo
3220 2784 3399 2850 datur,
3426 2783 3610 2856 utique

2003 2868 2224 2926 Christo
2248 2882 2301 2928 et
2332 2872 2557 2955 Spiritui
2594 2883 2803 2931 sancto.
2843 2874 2906 2930 Et
2936 2891 3056 2932 cum
3092 2876 3295 2939 dictum
3331 2887 3437 2943 est,
3467 2877 3611 2952 quod

2004 2979 2131 3023 cum
2162 2967 2270 3031 Deo
2305 2982 2521 3041 semper
2559 2968 2741 3034 fuerit.
2772 2970 2916 3049 quod
2957 2970 3224 3044 ὃμοούσιον
3249 2982 3337 3033 εει
3361 2982 3608 3047 apparet,

2004 3074 2125 3117 cum
2158 3061 2425 3132 sapientia
2441 3072 2498 3120 et
2523 3062 2592 3120 de
2621 3064 2729 3119 Deo
2749 3063 2908 3123 datur
2934 3066 3119 3137 utique
3145 3064 3367 3122 Christo
3394 3075 3448 3121 et
3482 3066 3610 3137 Spio

297 3164 456 3226 riam,
481 3176 617 3237 “pus
646 3172 729 3219 est
750 3161 955 3232 Spiritu
990 3172 1206 3231 sancto,
1230 3163 1277 3218 si
1313 3162 1606 3225 accesserit
1628 3163 1856 3221 scientia
1882 3182 1897 3223 ς
1926 3149 1977 3227 (λ
2008 3154 2133 3208 τὶιιιὶ
2161 3166 2369 3213 εειιειο.
2395 3155 2463 3213 El.
2486 3172 2607 3212 Clllll
2635 3156 2836 3214 dictum
2863 3167 2967 3223 est.
2993 3159 3138 3232 quod
3169 3175 3290 3216 cum
3322 3161 3434 3217 Deo
3463 3176 3610 3221 sem-

300 3253 366 3308 Et
392 3255 674 3326 intelligere
700 3272 814 3326 qua:
839 3257 904 3313 sit
927 3256 1145 3312 latitudo
1172 3256 1297 3321 Dei,
1324 3274 1437 3327 qua:
1470 3258 1758 3328 longitudo,
1787 3274 1902 3330 quae

305 3345 631 3418 profunditas
669 3358 716 3401 et
745 3349 964 3405 altitudo
995 3347 1213 3422 (Ep/res.
1241 3366 1323 3419 ut,
1354 3350 1447 3424 I8)
1469 3368 1485 3417 ;
1509 3363 1561 3407 et
1583 3352 1903 3413 confirmata

300 3440 456 3496 fuerit
475 3440 731 3510 Charitas,
754 3452 809 3499 et
832 3443 964 3501 ﬁdes
988 3444 1041 3499 iu
1062 3442 1335 3507 Christum
1361 3446 1727 3517 perSpiritutn
1750 3463 1905 3511 sanes-

312 3545 447 3609 tum,
472 3536 597 3607 quia
619 3537 849 3601 scientia
868 3547 972 3607 est,
1000 3540 1088 3597 ﬁet
1106 3540 1285 3603 salvus
1310 3558 1323 3595 :
1350 3541 1510 3615 plene
1533 3559 1765 3623 uanique
1788 3544 1903 3617 ipse

305 3628 435 3683 dicit
468 3629 837 3687 testimonium
866 3631 934 3689 de
964 3631 1205 3701 Christo,
1241 3642 1299 3697 et
1328 3634 1486 3695 docet
1517 3635 1720 3711 utnuia,
1745 3645 1800 3693 et
1823 3646 1908 3697 est

284 3721 751 3789 interior-Christi
773 3724 966 3791 virtus,
990 3726 1270 3787 scientiam
1297 3727 1564 3795 tribuens,
1602 3738 1658 3783 et
1691 3727 1757 3785 ad
1793 3728 1905 3787 sal-

301 3814 575 3875 vationem
614 3816 925 3887 proﬁciens,
966 3818 1108 3875 unde
1140 3818 1278 3877 alter
1316 3819 1648 3897 Paracletus.
1690 3820 1907 3883 Etenim

304 3908 531 3965 mortuis
582 3924 678 3980 per
735 3921 952 3981 peccata
1004 3910 1309 3969 hominibus
1361 3912 1467 3971 vita
1525 3912 1675 3983 prius
1728 3913 1905 3973 danda

306 4001 517 4087 iuerat,
569 4014 626 4063 ut
677 3994 1014 4079 erigerentur
1057 4007 1113 4064 in
1166 4009 1339 4069 Deum
1381 4024 1478 4079 per
1526 4009 1717 4085 fidem,
1761 4009 1908 4087 quod

305 4084 424 4150 crat
447 4095 558 4167 jam
592 4098 780 4159 vivere
806 4115 873 4155 ex
908 4099 998 4155 Dei
1030 4100 1139 4163 vita
1171 4117 1331 4173 quam
1357 4101 1540 4165 attulit
1571 4084 1821 4163 Christus
1855 4104 1906 4163 in

308 4203 495 4254 earne,
529 4199 585 4249 ut
620 4191 770 4247 carni
797 4194 960 4253 etiam
994 4191 1327 4257 subveniret.
1363 4194 1540 4265 Quare
1576 4195 1909 4259 conﬁrmatis

310 4280 618 4339 hominibus
651 4299 747 4354 per
784 4284 940 4342 Iidem
971 4286 1023 4341 in
1064 4286 1339 4349 Christum
1373 4288 1543 4353 lilium
1583 4288 1705 4355 Dei,
1744 4289 1907 4347 etiam

309 4379 533 4439 scientia
556 4378 733 4441 danda
767 4379 1036 4447 videatur,
1061 4391 1116 4441 et
1142 4379 1213 4438 de
1238 4380 1479 4449 Christo,
1502 4391 1554 4441 et
1586 4381 1810 4459 perinde
1840 4384 1908 4445 de

311 4474 429 4531 Deo
462 4491 475 4531 :
508 4475 637 4537 item
665 4473 735 4531 de
773 4475 995 4543 mundo,
1047 4484 1105 4531 ut
1141 4490 1262 4535 eum
1306 4486 1576 4548 argueret.
1618 4477 1749 4557 Qua:
1784 4493 1907 4541 cum

309 4568 722 4635 intellexissent,
747 4567 965 4629 facilius.
985 4569 1053 4629 ad
1086 4570 1178 4629 Dei
1208 4571 1386 4629 lucem
1409 4570 1647 4635 hominis
1664 4573 1745 4633 sui
1771 4571 1904 4633 divi-

310 4678 614 4732 norumque
636 4662 988 4735 intelligentia
1012 4663 1370 4735 liberarentur
1397 4671 1739 4727 terrenorum
1760 4682 1911 4727 mun-

311 4754 684 4827 danorumque
735 4764 1070 4831 contemptu,
1118 4765 1173 4817 et
1211 4755 1484 4821 desiderio
1521 4759 1666 4831 quod
1715 4760 1912 4821 excitat

312 4848 537 4911 scientia
565 4848 890 4907 divinorum.

322 4925 333 4933 ’
386 4942 574 5000 XVIII.
607 4941 765 5001 Venit
801 4958 930 5013 ergo
954 4943 1242 5014 posterior,
1277 4943 1330 5001 id
1366 4952 1469 5008 est,
1496 4943 1625 5009 fides
1651 4946 1918 5023 posterior

314 5036 526 5111 Operari
560 5054 573 5091 :
607 5036 897 5097 recedente
937 5037 1085 5099 enim
1119 5037 1360 5107 Christo,
1391 5038 1481 5117 qui
1519 5053 1614 5108 per
1657 5038 1916 5097 miracula

316 5137 371 5185 et
400 5144 493 5199 per
514 5139 789 5209 pra'cepta
817 5129 1177 5189 seminaverat
1209 5129 1391 5199 (idem,
1414 5128 1559 5201 quod
1591 5130 1711 5209 ipse
1730 5130 1824 5187 Dei
1853 5132 1913 5186 li-

316 5225 421 5283 lins
445 5234 616 5290 esset,
645 5234 699 5280 et
720 5222 885 5281 vitam
907 5224 961 5281 in
981 5239 1041 5287 se
1070 5222 1423 5287 credentibus
1443 5222 1619 5291 daret,
1644 5223 1915 5293 completa

316 5326 444 5373 sunt
483 5319 675 5388 spiritu
703 5318 905 5385 omnia,
944 5326 1001 5379 et
1033 5317 1166 5381 ﬁdes
1205 5320 1519 5388 cognitione
1555 5318 1607 5377 in
1639 5315 1913 5379 Christum

317 5410 502 5489 adulta
532 5410 829 5481 suecrevit,
847 5419 904 5467 et
927 5410 1045 5483 ipso
1074 5411 1127 5466 in
1149 5410 1366 5469 Christo
1389 5426 1603 5483 semper
1622 5418 1913 5489 praesente,

319 5484 399 5559 sic
427 5504 569 5559 enim
599 5502 735 5558 dixit
769 5502 932 5565 :Non
977 5504 1112 5559 enim
1152 5503 1384 5576 loquetur
1429 5521 1462 5559 a
1495 5504 1793 5574 semetipso,
1825 5501 1915 5558 sed

320 5616 652 5673 quwcumque
701 5600 922 5659 audierit
973 5599 1230 5671 loquetur,
1279 5608 1327 5660 et
1378 5603 1557 5681 [utura
1594 5596 1917 5661 annuntiabit

321 5693 463 5751 vobis
492 5712 506 5748 :
538 5692 626 5755 ille
655 5710 734 5757 me
765 5693 1159 5763 Iwnorijicabit,
1187 5692 1426 5763 quoniam
1457 5691 1520 5749 de
1557 5706 1669 5745 meo
1706 5690 1922 5762 accipiet

327 5790 507 5869 (404m.
539 5804 657 5859 xvi,
690 5790 778 5858 l3,
811 5787 923 5861 Ml.
949 5789 1088 5861 Ergo
1108 5787 1178 5851 de
1199 5789 1309 5849 vita
1333 5786 1705 5865 intelligentia,
1728 5795 1785 5852 et
1806 5787 1924 5865 ipsa

2003 3261 2101 3323 per
2129 3246 2310 3315 fuerit,
2334 3247 2479 3331 quod
2507 3248 2773 3328 ὁμοούσιον
2807 3258 2911 3318 εει,
2946 3250 3251 3311 ostenditur
3290 3252 3451 3309 simul
3489 3271 3613 3311 cum

2005 3351 2179 3421 patre.
2219 3342 2425 3401 Deinde
2453 3359 2576 3398 cum
2599 3344 2822 3409 dictum,
2847 3354 2966 3400 ante
2991 3361 3176 3413 terunt,
3207 3362 3311 3402 non
3340 3364 3469 3421 ergo
3490 3364 3613 3405 cum

2006 3436 2062 3491 in
2094 3452 2281 3509 carne,
2311 3445 2439 3495 tunc
2459 3438 2727 3499 Christus.
2757 3440 2889 3496 Item
2915 3441 3058 3513 prior
3084 3443 3312 3501 omnium
3345 3452 3517 3499 creata
3542 3453 3616 3499 est

2004 3532 2257 3605 sapientia
2295 3531 2459 3607 (Ibid.
2487 3532 2575 3605 4),
2609 3535 2654 3589 si
2684 3535 3075 3611 primOgenitus
3098 3537 3368 3607 Christus,
3402 3537 3616 3608 sapien-

2009 3624 2080 3678 tia
2107 3623 2372 3681 Christus.
2403 3626 2604 3684 Deinde
2643 3627 2785 3697 quod
2817 3629 3079 3699 sequitur.
3111 3629 3340 3703 Spiritus
3375 3640 3616 3686 sanctus:

2008 3732 2054 3773 et
2103 3718 2387 3774 intellectus
2432 3719 2720 3787 prudentia:
2756 3722 2821 3776 ab
2864 3737 2991 3776 tero.
3027 3722 3085 3779 Si
3123 3722 3355 3801 Spiritus
3398 3733 3618 3783 sanctus

2010 3812 2293 3887 prudentia
2325 3821 2424 3876 est,
2453 3821 2507 3868 ct
2536 3812 2873 3881 intellectus;
2907 3814 2954 3869 si
2980 3813 3239 3881 scientia,
3263 3826 3317 3871 et
3347 3817 3615 3879 doctrina.

2007 3900 2256 3957 Christus
2277 3914 2359 3965 est
2380 3903 2500 3958 sine
2529 3903 2714 3971 dubio,
2746 3905 2873 3976 quia
2903 3906 3015 3976 ipse
3045 3916 3127 3961 est
3148 3907 3217 3964 ab
3251 3924 3387 3974 aevo,
3422 3909 3472 3964 id
3510 3918 3616 3977 est,

2009 4012 2074 4051 ex
2101 4006 2329 4059 :eterno,
2354 4006 2408 4054 et
2435 3998 2849 4070 primogenitus,
2874 4008 2929 4054 et
2950 4000 3093 4073 quod
3116 4012 3198 4071 est
3220 4002 3470 4072 amplius,
3498 4003 3619 4058 uni-

2009 4090 2246 4165 genitus.
2283 4091 2408 4148 llaec
2448 4101 2503 4148 et
2533 4093 2638 4151 alia
2681 4094 2732 4148 in
2768 4095 2952 4151 multis
2992 4103 3218 4153 tractata
3259 4097 3410 4154 libris
3437 4112 3466 4153 a
3507 4113 3616 4168 me,

2010 4182 2272 4257 ὁμοούσιον
2304 4185 2537 4263 probant
2567 4201 2675 4242 non
2711 4186 2885 4242 solum
2913 4186 3080 4243 Deum
3113 4197 3168 4243 et
3193 4186 3489 4257 Christum,
3523 4190 3619 4246 sed

2010 4279 2172 4334 etiam
2195 4279 2453 4350 Spiritum
2475 4289 2746 4336 sanctum.
2780 4280 2979 4338 Demus
3006 4283 3168 4355 igitur
3190 4283 3273 4339 vel
3294 4284 3622 4358 accipiamus

2011 4373 2178 4429 Deum
2211 4374 2261 4427 id
2293 4389 2434 4441 esse,
2459 4374 2604 4446 quod
2627 4384 2710 4431 est
2744 4375 2976 4445 primum
3011 4385 3067 4432 et
3093 4376 3387 4448 principale
3415 4379 3618 4449 vivere,

2011 4465 2155 4536 quod
2193 4477 2279 4521 est
2323 4482 2515 4530 verum,
2547 4477 2604 4523 et
2648 4469 2942 4540 principale
2981 4485 3103 4526 esse
3144 4488 3157 4524 :
3191 4486 3296 4526 non
3329 4472 3472 4527 enim
3512 4482 3618 4542 est,

2016 4560 2158 4631 quod
2206 4577 2317 4621 non
2356 4563 2525 4618 vivit:
2554 4562 2658 4620 hoc
2700 4564 2872 4636 ipsum
2918 4564 3101 4621 vivere
3144 4568 3463 4639 operatione
3504 4568 3623 4640 ipsa

2013 4652 2301 4718 coniicere,
2327 4664 2382 4710 et
2408 4670 2673 4726 generare
2704 4656 2890 4724 vitam,
2914 4668 3158 4728 apertum
3193 4659 3438 4718 fecimus.
3470 4663 3525 4717 In
3555 4679 3621 4720 eo

2013 4764 2145 4808 vero
2165 4750 2307 4823 quod
2338 4750 2442 4805 vita
2469 4760 2573 4820 est,
2591 4751 2815 4813 scientia
2837 4763 2892 4808 et
2912 4753 3266 4827 intelligentia
3285 4756 3427 4817 inest
3451 4774 3464 4813 :
3492 4758 3623 4817 vivit

2010 4857 2140 4915 ergo
2166 4842 2324 4909 Deus,
2360 4851 2415 4899 et
2442 4843 2672 4901 vivendo
2700 4844 2806 4901 vita
2834 4856 2916 4903 est
2951 4846 3111 4915 Deus,
3141 4858 3195 4904 et
3225 4865 3346 4905 cum
3372 4850 3485 4908 vita
3516 4862 3619 4921 est,

2020 4936 2371 5009 intelligentia
2402 4946 2504 4997 est.
2531 4937 2638 4994 Sed
2662 4937 2777 4995 hinc
2801 4940 2900 4994 tria
2922 4947 2983 4997 ut
3007 4956 3169 5002 unum
3202 4958 3264 5001 ac
3294 4945 3543 5017 simplex,
3569 4956 3623 5002 et

2018 5029 2072 5085 in
2102 5047 2166 5085 eo
2192 5041 2247 5086 nt
2276 5031 2572 5113 principale
2595 5033 2686 5101 sit,
2724 5032 2776 5088 id
2802 5044 2907 5102 est,
2936 5034 3038 5091 hoc
3058 5036 3128 5092 sit
3147 5037 3287 5115 quod
3311 5054 3432 5095 esse
3454 5041 3624 5112 magis

2017 5125 2303 5181 exis-tentia
2362 5126 2650 5197 principali
2678 5139 2765 5189 est
2792 5128 2931 5187 Deus
2971 5131 3187 5198 vivens,
3224 5134 3530 5193 necessario
3568 5147 3625 5192 ει

2018 5219 2367 5288 semetipsum
2397 5218 2725 5291 intelligens.
2751 5219 2885 5278 Hinc
2921 5223 3064 5281 enim
3091 5224 3269 5278 omnia
3292 5224 3620 5297 intelligens,

2019 5310 2142 5381 quia
2183 5309 2531 5381 semetipsum
2584 5313 2852 5385 intelligit.
2909 5315 3162 5372 Omnium
3210 5319 3627 5377 exiSIentiarum

2021 5420 2183 5462 causa
2213 5414 2331 5472 εει,
2364 5416 2418 5462 ει
2454 5406 2576 5463 ideo
2609 5409 2790 5464 omnia
2836 5428 2849 5465 :
2890 5425 3019 5487 ergo
3049 5411 3155 5468 vita
3195 5423 3249 5469 et
3275 5413 3627 5493 intelligentia

2025 5502 2078 5559 in
2107 5502 2157 5557 id
2189 5512 2432 5572 accepta,
2461 5501 2603 5573 quod
2636 5512 2721 5564 est
2741 5519 2862 5566 esse
2883 5505 3045 5574 intus,
3070 5522 3288 5581 semper
3306 5521 3625 5584 operantur,

2025 5596 2173 5669 quod
2200 5604 2285 5657 est
2314 5597 2517 5654 vivere.
2547 5595 2742 5655 Vivere
2771 5607 2950 5658 autem
2983 5599 3094 5656 Deo
3125 5599 3230 5657 hoc
3256 5611 3340 5667 est
3369 5605 3519 5683 quod
3544 5615 3629 5663 est

2026 5707 2167 5749 esse.
2218 5690 2354 5755 Esse
2389 5691 2549 5769 igitur
2585 5702 2797 5760 cuneta.
2843 5710 2981 5755 unus
3010 5704 3066 5751 et
3106 5698 3450 5773 omnipotens
3486 5701 3631 5761 Deus

2028 5793 2133 5853 est.
2162 5784 2301 5861 Quid
2331 5784 2524 5863 igitur?
2552 5783 2596 5841 si
2619 5784 2766 5844 intus
2787 5786 2839 5847 in
2861 5802 2922 5847 se
2943 5799 3220 5867 operatur,
3247 5791 3336 5850 vel
3361 5807 3422 5853 se
3446 5794 3628 5867 potius
