4024 6306
459 256 597 313 “27

453 465 586 520 foris
616 478 876 534 apparere
906 460 1237 532 potuerunt?
1268 467 1322 514 et
1349 457 1474 528 quid
1507 467 1588 512 est
1629 455 1763 511 foris
1791 465 1881 510 aut
1911 456 2054 509 intus

452 557 505 616 ὃν
529 558 711 634 λόγονῖ
749 557 1091 629 Qumsierunt
1132 550 1440 624 philosophi
1484 561 1538 606 et
1581 549 1722 604 docti
1769 548 1835 603 ad
1882 549 2055 619 legem

452 657 575 726 viri,
600 656 726 727 quid
759 655 867 711 sint
889 663 944 710 et
970 653 1058 708 ubi
1090 652 1218 707 sint.
1244 648 1381 717 Quid
1410 649 1541 716 sint,
1570 647 1926 702 substantiam
1951 659 2049 700 eo-

453 765 572 806 rum
597 750 686 805 vel
714 747 1083 813 existentiam,
1109 755 1166 800 ut
1188 743 1521 814 explicemus
1547 758 1560 794 :
1599 739 1689 795 ubi
1714 738 1844 806 sint,
1874 746 2054 794 utrum

453 846 578 902 inde
607 861 674 900 an
701 851 876 911 extra,
910 851 966 898 et
994 841 1046 896 in
1076 838 1327 897 omnibus
1357 835 1613 908 reliquis,
1644 850 1712 890 an
1743 836 1796 889 in
1828 841 2056 903 utroque

451 949 509 996 et
539 939 757 1011 ubique.

523 1032 663 1088 XIX.
698 1031 825 1088 Ilmc
866 1028 1083 1102 quidem
1129 1042 1230 1085 nos
1251 1029 1304 1084 in
1342 1026 1460 1082 aliis
1500 1024 1654 1081 libris
1693 1027 2055 1094 exsequenter

451 1129 716 1201 pleneque
759 1123 1118 1181 tradidimqu
1149 1120 1352 1178 Verum
1398 1134 1539 1174 nunc
1586 1118 1688 1172 ista
1743 1112 2053 1172 summatim

449 1220 794 1290 breviterque
814 1218 1077 1274 dicemus.
1105 1217 1248 1271 Ante
1269 1209 1322 1269 ὃν
1346 1223 1400 1269 ει
1429 1221 1552 1268 ante
1572 1213 1739 1286 λόγον,
1772 1209 1854 1265 vis
1879 1218 1934 1263 et
1962 1222 2056 1276 po—

451 1315 618 1372 tentia
673 1312 943 1370 existendi
997 1311 1083 1367 illa
1111 1319 1212 1377 est,
1247 1325 1366 1380 quae
1398 1303 1854 1379 signiticaturhoe
1888 1303 2054 1358 verbo

450 1409 594 1480 quod
623 1417 708 1464 est
737 1421 860 1464 esse
881 1447 896 1473 ,
940 1404 1127 1462 Grazce
1169 1402 1312 1474 quod
1360 1410 1442 1457 est
1467 1403 1527 1457 τὸ
1557 1396 1702 1455 εἶναι.
1734 1397 1847 1453 Hoc
1878 1397 2052 1466 ipsum

450 1517 570 1558 esse
619 1501 828 1557 duobus
877 1496 1248 1570 accipiendum
1282 1494 1454 1550 modis
1483 1511 1496 1547 :
1531 1508 1716 1560 unum,
1752 1500 1809 1546 ut
1839 1490 2055 1545 univer-

452 1595 568 1650 sale
614 1594 702 1661 sit,
729 1601 784 1648 et
827 1589 1195 1664 principaliter
1226 1586 1522 1658 principale
1557 1604 1569 1639 :
1604 1584 1745 1641 unde
1767 1583 1824 1639 in
1845 1582 2054 1639 caeteris

451 1705 572 1747 esse
593 1689 683 1756 sit,
711 1687 924 1758 alioque
960 1698 1080 1740 esse
1121 1691 1205 1738 est
1244 1681 1458 1737 caeteris
1489 1679 1632 1751 quod
1670 1687 1775 1742 est,
1807 1675 2049 1731 omnium

1753 247 1950 304 MARII
1994 244 2340 303 VICTORINI
2381 247 2543 304 AFRI

453 379 708 443 operatur
751 369 859 423 vita
901 378 954 422 ct
1001 363 1388 437 intelligentia?
1415 363 1698 433 Quomodo
1744 363 1842 419 ista
1889 360 2056 417 veluti
2083 364 2131 422 A
2162 359 2510 432 intelligentia
2540 359 2756 416 deﬁnita
2809 377 2823 416 :

3615 251 3763 310 “28

2873 377 2995 418 nam
3025 365 3278 435 potenti-.e
3306 374 3395 424 τοῦ
3424 365 3608 444 λόγους
3645 376 3765 422 ειε-

2158 455 2268 509 nim
2292 455 2572 510 deﬁnitum
2598 455 2850 526 quidnam
2889 467 3049 529 atque
3079 458 3363 514 formatum
3391 471 3475 516 est
3508 479 3520 514 :
3551 459 3760 516 intelli-

2157 548 2336 618 gentia
2366 565 2494 604 vero
2518 560 2570 605 et
2593 549 2858 606 deﬁniens
2888 568 2901 605 :
2935 561 3109 608 tamen
3141 553 3265 625 quia
3296 555 3398 610 ista
3427 555 3572 610 intus
3599 565 3761 620 sunt,

2157 648 2213 694 et
2243 639 2295 693 in
2323 655 2381 696 se
2407 656 2667 697 conversa
2693 652 2839 710 sunt,
2868 645 3046 700 omnia
3073 643 3332 720 ἄγνωστα,
3361 647 3644 727 ἀδιάκριτα,
3673 647 3762 703 in-

2159 734 2369 806 cognita
2397 745 2450 791 ct
2472 734 2765 793 indiscreta
2793 749 2918 794 sunt
2942 757 2954 792 :
2985 740 3055 796 ita
3078 749 3132 795 et
3158 742 3296 798 Dens
3319 743 3462 814 quod
3488 754 3573 799 est
3613 757 3760 810 esse,

2158 825 2209 882 id
2240 836 2338 894 est,
2371 827 2584 896 vivere,
2633 831 2934 902 incognitus
2965 842 3020 888 et
3058 833 3386 891 indiscretus
3413 844 3525 900 est;
3557 845 3612 891 et
3639 837 3761 903 ejus

2155 919 2363 990 forma,
2398 922 2449 977 id
2479 932 2582 991 est,
2613 923 2734 979 vita)
2763 925 3134 996 intelligentia,
3185 927 3450 1000 incognita
3488 939 3542 986 et
3580 929 3754 984 indis-

2156 1024 2304 1070 creta
2353 1024 2436 1070 est
2477 1033 2491 1070 :
2535 1027 2660 1072 sunt
2706 1018 2852 1074 enim
2906 1019 3008 1075 ista
3059 1021 3192 1076 nihil
3229 1023 3372 1077 aliud
3413 1039 3575 1095 quam
3608 1038 3756 1090 esse,

2157 1109 2300 1180 quod
2349 1118 2433 1167 est
2470 1111 2672 1168 vivere.
2702 1113 2856 1181 Quod
2878 1128 3000 1170 cum
3030 1115 3318 1184 inﬁnitum,
3349 1127 3403 1174 et
3433 1117 3606 1173 forma
3636 1117 3758 1188 ejus

2156 1200 2364 1256 inﬁnita
2391 1211 2493 1269 est,
2535 1203 2610 1259 ibi
2639 1221 2885 1272 manens,
2917 1216 2972 1262 et
3000 1208 3130 1262 nihil
3157 1207 3299 1262 aliud
3327 1225 3486 1281 quam
3515 1225 3637 1266 esse
3659 1227 3759 1266 ex-

2157 1292 2348 1350 istens.
2400 1294 2534 1351 Cum
2575 1307 2754 1353 autem
2807 1297 2939 1355 l'oris
2979 1316 3100 1356 esse
3127 1301 3371 1372 coeperit,
3424 1312 3550 1359 tunc
3581 1305 3758 1360 forma

2156 1405 2422 1462 apparens
2451 1391 2626 1463 imago
2654 1393 2749 1448 Dei
2775 1404 2878 1462 est,
2911 1396 3076 1450 Deum
3107 1412 3201 1466 per
3223 1406 3395 1452 semet
3420 1399 3756 1467 ostendens;

2155 1493 2209 1538 et
2237 1493 2320 1539 est
2356 1482 2521 1558 λόγος,
2552 1502 2656 1542 non
2673 1486 2786 1556 jam
2809 1487 2930 1542 inde
2955 1491 3090 1565 πρὸς
3114 1490 3196 1545 τὸν
3216 1490 3336 1545 Θεὸν
3366 1487 3532 1564 λόγος,
3565 1489 3618 1546 in
3647 1507 3760 1562 qua

2156 1575 2260 1630 vita
2303 1586 2358 1632 et
2401 1577 2769 1649 intelligentia,
2817 1579 2926 1648 jam
2974 1578 3062 1636 6'»:
3095 1581 3217 1651 quia
3248 1592 3396 1637 certa
3436 1583 3672 1654 cognitio
3701 1594 3763 1641 ει

2156 1668 2462 1733 existentia,
2505 1687 2626 1741 qua:
2661 1672 2937 1728 intellectu
2960 1683 3014 1728 ct
3041 1676 3346 1745 cognitione
3376 1676 3624 1747 capitur:
3654 1679 3760 1734 sed

451 1795 571 1855 post
588 1783 668 1838 vel
689 1796 948 1854 generum
973 1779 1059 1834 vel
1088 1777 1414 1848 specierum,
1435 1785 1596 1845 atque
1621 1771 1925 1844 hujusmodi
1949 1785 2052 1826 cm-
2079 1765 2128 1826 B
2158 1762 2611 1833 quemadmodum
2656 1765 2787 1820 foris
2830 1765 3152 1822 exstiterunt
3178 1768 3299 1836 ista,
3340 1778 3396 1824 et
3428 1779 3604 1825 utrum
3636 1770 3760 1842 ipsa

451 1888 711 1934 terorum.
745 1874 945 1931 Verum
975 1887 1098 1928 esse
1120 1871 1352 1942 primum
1381 1869 1452 1924 ita
1479 1867 1931 1938 imparticipatnm
1945 1873 2047 1932 est,

452 1982 512 2028 ut
553 1987 655 2029 nec
697 1986 864 2026 unum
895 1968 1000 2024 dici
1033 1968 1220 2039 possit,
1247 1979 1348 2021 nec
1373 1964 1570 2029 solum,
1617 1961 1712 2018 sed
1739 1977 1831 2032 per
1863 1959 2056 2030 praela-

451 2067 653 2124 tionem
700 2074 824 2121 ante
870 2079 1032 2120 unum
1058 2105 1072 2129 ,
1113 2072 1170 2119 et
1219 2073 1345 2117 ante
1385 2060 1580 2124 solum,
1630 2057 1766 2113 ultra
1799 2055 2056 2127 simplici-

452 2171 652 2226 tatem,
704 2156 1157 2231 prmexistentiam
1227 2154 1404 2225 potius
1457 2167 1616 2224 quam
1675 2150 2050 2217 existentiam,

451 2252 834 2310 universalium
866 2249 1108 2306 omnium
1136 2247 1460 2312 universale,
1492 2246 1780 2312 inlinitum,
1812 2243 2056 2300 intermi-

451 2358 654 2416 natum,
689 2347 784 2404 sed
812 2346 934 2402 aliis
960 2344 1211 2401 omnibus
1232 2384 1248 2410 ,
1292 2357 1398 2397 non
1429 2341 1530 2397 sibi
1557 2359 1570 2394 ε
1601 2351 1656 2396 ει
1706 2339 1905 2396 idcirco
1937 2339 2054 2394 sine

449 2444 622 2501 forma
651 2443 925 2499 intellectu
950 2439 1183 2513 quodam
1213 2437 1446 2492 auditur.
1493 2445 1548 2492 et
1585 2433 2053 2506 prznintelligentia

448 2541 630 2612 potius
657 2553 818 2610 quam
844 2533 1192 2607 intelligentia
1221 2532 1501 2604 accipitur.
1537 2530 1900 2602 cognoscitur,
1931 2544 2052 2584 cre-

448 2632 611 2689 ditur.
642 2631 758 2688 IIoc
788 2629 916 2686 illud
945 2637 1030 2684 est
1056 2627 1200 2700 quod
1225 2625 1462 2682 diximus
1485 2627 1666 2681 vivere
1692 2624 1777 2678 vel
1802 2623 1952 2688 vivit,
1987 2621 2052 2676 il-

448 2726 540 2782 lud
563 2725 852 2789 inﬁnitum,
883 2721 1014 2778 illud
1046 2720 1189 2793 quod
1212 2735 1374 2792 supra
1400 2717 1786 2776 universalium
1809 2715 2050 2772 omnium

447 2821 633 2879 vivere
663 2832 747 2879 est
771 2821 947 2892 ipsum
978 2834 1120 2882 esse,
1151 2820 1326 2889 ipsum
1365 2816 1565 2879 vivere,
1597 2830 1704 2869 non
1733 2823 1823 2867 aut
1849 2809 2049 2882 aliquid

447 2934 602 2986 esse,
644 2927 738 2974 aut
765 2916 964 2988 aliquid
997 2916 1209 2982 vivere,
1258 2911 1400 2968 unde
1427 2925 1524 2966 nec
1553 2907 1625 2964 ὅν.
1658 2907 1876 2964 Certum
1906 2905 2050 2961 enim

446 3014 607 3071 etiam
638 3010 892 3084 quiddam
914 3018 996 3065 est
1016 3006 1090 3077 ὂν,
1125 3004 1477 3076 intelligibile,
1509 2997 2051 3073 cognoscibile.Ergo

445 3105 494 3186 si
531 3123 637 3161 non
676 3100 747 3172 ὃν,
794 3119 892 3160 nec
917 3101 1065 3177 λόγος
1094 3143 1108 3166 ,
1155 3098 1301 3175 λόγος
1363 3098 1506 3153 enim
1549 3094 1802 3151 deﬁnitus
1837 3101 1953 3162 est,
1994 3100 2048 3146 ct

447 3197 735 3255 deﬁnitor:
769 3197 883 3253 sive
904 3196 1049 3252 enim
1075 3205 1158 3252 est
1181 3195 1318 3250 ratio
1342 3233 1359 3258 ,
1388 3192 1503 3249 sive
1531 3188 1849 3263 Iexistentiaa
1879 3186 2046 3257 ipsius

447 3292 709 3364 potentia,
757 3293 872 3348 sive
913 3306 1001 3346 res
1039 3290 1146 3346 illa:
1179 3304 1312 3361 quas
1342 3284 1692 3358 intelligentia
1724 3281 1949 3352 accipit,
1989 3289 2048 3335 nt

448 3385 871 3456 uniuscujusque
893 3385 950 3439 ﬁt
968 3383 1019 3440 ei
1034 3399 1154 3440 esse
1178 3399 1191 3436 :
1218 3388 1509 3448 cognoscat
1530 3378 1670 3450 quod
1687 3392 1791 3432 non
1821 3389 2048 3445 cognos-

447 3479 561 3547 cit,
595 3480 697 3536 nisi
735 3479 1124 3536 animadvertat
1161 3488 1215 3534 ει
1249 3476 1426 3548 capiat
1465 3491 1587 3547 qua:
1626 3473 1730 3530 sint
1772 3473 1884 3540 illa,
1926 3486 2046 3542 qua:

447 3585 708 3647 praestant
734 3575 1024 3646 unicuique
1052 3572 1443 3629 substantiam:
1474 3578 1526 3626 et
1557 3568 1644 3624 hic
1668 3566 1812 3641 λόγος
1865 3580 2044 3620 rerum

448 3685 544 3742 per
586 3684 746 3741 quem
781 3678 962 3725 creata
1006 3675 1134 3722 sunt
1163 3664 1378 3733 omnia,
1424 3659 1742 3718 universalis
1785 3657 2041 3730 potentia,

445 3764 734 3822 continens
761 3763 1136 3820 universaliter
1157 3758 1396 3817 omnium
1426 3773 1534 3826 res,
1565 3765 1829 3828 praestans
1855 3753 1920 3808 ad
1947 3768 2045 3808 ex-

449 3857 724 3916 istentitm
767 3857 1060 3928 unicuique
1114 3870 1213 3912 sua
1247 3863 1302 3910 et
1329 3854 1566 3925 pr0pria.
1603 3852 1742 3922 Ergo
1776 3850 1902 3922 quia
1947 3863 2044 3904 sua

446 3954 733 4024 unicuique
769 3961 824 4008 et
852 3955 1067 4022 propria
1095 3957 1335 4022 prrestat,
1363 3947 1553 4004 delinit
1597 3955 1654 4003 et
1693 3943 2044 4010 determinat,

444 4051 606 4108 etiam
639 4049 766 4104 illud
809 4047 861 4103 ὃν
889 4046 1036 4102 facit.
1074 4043 1404 4116 Imponendo
1433 4043 1576 4098 enim
1621 4040 1826 4095 inﬁnito
1864 4039 2046 4094 termi-

443 4159 573 4200 num
627 4143 789 4199 rebus
837 4139 902 4195 ad
961 4137 1305 4194 existentiam
1364 4133 1448 4190 sui
1497 4133 1786 4203 unicuique
1850 4129 2046 4185 format

444 4253 584 4304 rem,
618 4245 672 4292 et
706 4233 1118 4304 intelligentiam
1141 4230 1402 4286 inﬁnitate
1439 4227 1650 4283 sublata
1689 4223 1922 4296 subjicit.
1953 4223 2046 4278 Est

441 4349 571 4406 ergo
599 4334 648 4388 in
675 4347 742 4387 eo
767 4329 908 4402 quod
937 4344 1118 4384 rerum
1157 4335 1238 4382 εει
1262 4325 1498 4397 potentia
1525 4323 1591 4378 ad
1616 4321 1902 4393 pariendas
1922 4319 2045 4374 elﬁ-

440 4427 764 4498 ciendasque
790 4422 1105 4482 existentias
1133 4419 1279 4497 λόγος
1308 4438 1322 4474 :
1347 4435 1416 4476 ex
1457 4433 1522 4474 eo
1566 4424 1744 4472 autem
1773 4413 1915 4486 quod
1946 4413 2042 4469 de-

441 4521 579 4587 ﬁnit,
606 4529 762 4590 atque
790 4515 1064 4575 concludit
1087 4511 1503 4583 unumquodque
1525 4509 1753 4565 formam
1776 4508 2036 4574 tribuens,

2153 1857 2347 1926 forma,
2382 1876 2500 1930 qttze
2529 1858 2674 1914 intus
2702 1870 2782 1915 cst
2808 1860 3030 1928 emissa,
3078 1860 3226 1917 foras
3249 1872 3355 1928 est,
3386 1878 3452 1917 an
3482 1878 3542 1918 se
3571 1863 3757 1935 ipsum

2155 1950 2356 2021 ejecit?
2388 1951 2482 2006 sed
2509 1968 2632 2008 cum
2657 1953 2746 2007 illa
2771 1953 2912 2008 intus
2940 1953 3111 2009 forma
3144 1955 3432 2011 indiscreta
3460 1965 3516 2012 et
3544 1957 3760 2016 inﬁnita

2154 2047 2243 2113 sit,
2273 2045 2545 2117 quomodo
2571 2058 2625 2102 et
2659 2047 2710 2102 in
2740 2064 2799 2103 ea
2828 2063 2948 2119 qua:
2975 2047 3105 2104 foris
3131 2058 3234 2116 est,
3272 2050 3359 2104 illa
3390 2050 3758 2120 cognoscitur,

2154 2153 2221 2193 an
2247 2138 2352 2194 alia
2384 2148 2468 2195 est
2499 2140 2652 2194 haec?
2683 2139 2777 2195 sed
2803 2140 2849 2196 si
2879 2140 3002 2208 alia,
3035 2157 3140 2196 non
3164 2156 3294 2213 ergo
3317 2141 3383 2197 ab
3410 2142 3496 2197 illa
3527 2153 3652 2198 nata
3669 2145 3759 2200 vel

2153 2231 2465 2300 emissione,
2496 2233 2579 2289 vel
2600 2249 2696 2288 sua
2721 2234 2988 2290 motione:
3022 2243 3078 2291 et
3107 2235 3151 2289 si
3175 2235 3246 2290 ita
3269 2245 3326 2290 ut
3351 2235 3452 2290 alia
3476 2250 3582 2292 non
3603 2252 3757 2307 pars,

2154 2341 2255 2382 nec
2295 2327 2484 2383 eadem
2530 2343 2630 2384 nec
2673 2329 2894 2384 omnino
2960 2329 3248 2402 ὁμοούσιος,
3300 2338 3355 2386 ει
3374 2330 3566 2388 deinde
3608 2332 3761 2390 unde

2157 2418 2273 2475 hmo
2301 2421 2586 2491 apparuit?

2227 2513 2370 2569 XXI.
2430 2516 2505 2571 De
2529 2515 2698 2572 altero
2720 2531 2848 2588 ergu
2891 2517 2999 2572 duo
3027 2517 3310 2588 principia,
3349 2534 3414 2574 an
3452 2519 3518 2575 de
3539 2519 3709 2576 nihilo
3730 2522 3759 2576 ?

2155 2611 2380 2666 nihilum
2429 2625 2536 2666 non
2579 2623 2664 2668 est
2696 2613 2796 2666 sub
2843 2613 2950 2668 Deo
2995 2621 3096 2668 τῶν
3126 2610 3302 2669 ὄντων.
3350 2613 3551 2670 Deinde
3576 2621 3620 2669 si
3654 2615 3758 2672 Dei

2155 2706 2392 2776 potentia
2423 2706 2509 2762 vel
2538 2707 2811 2763 voluntate
2851 2708 3078 2773 exstitit,
3111 2724 3218 2764 non
3261 2718 3344 2765 est
3377 2709 3603 2765 nihilum
3651 2709 3756 2767 Dei

2155 2801 2392 2870 potentia
2435 2800 2518 2856 vel
2569 2801 2837 2857 voluntas.
2886 2801 3098 2858 Etenim
3139 2803 3183 2857 si
3215 2804 3557 2874 omnipotens
3579 2803 3753 2873 Deus,

2154 2896 2542 2966 omnipotentia
2586 2896 2703 2966 ejus
2743 2905 2796 2952 et
2825 2911 2984 2952 causa
3035 2897 3305 2962 omnibus,
3350 2906 3405 2954 et
3441 2897 3557 2968 ipsa
3597 2899 3754 2955 exis-

2155 2990 2317 3043 tentia
2345 2999 2450 3044 est.
2489 2987 2626 3044 Num
2652 3003 2780 3060 ergo
2814 2989 2955 3059 quod
2982 2988 3245 3060 reliquum
3277 2999 3360 3045 est
3379 2989 3557 3046 dicere
3583 2989 3756 3044 aude-

2155 3099 2295 3151 mus,
2341 3099 2370 3138 a
2393 3100 2451 3140 se
2480 3093 2596 3140 orta
2624 3084 2738 3139 htcc
2768 3083 2939 3140 forma
2964 3086 3090 3141 est?
3115 3093 3169 3140 ει
3199 3085 3467 3156 quomodo
3492 3101 3614 3141 cum
3654 3100 3750 3141 es-

2075 3161 2122 3227 C
2152 3190 2235 3236 set
2264 3181 2314 3236 in
2341 3190 2512 3252 patre,
2540 3181 2710 3236 inscio
2739 3192 2910 3252 patre,
2937 3197 3003 3235 an
3031 3181 3284 3250 jubente?
3306 3182 3350 3236 si
3373 3180 3616 3250 jubente,
3639 3195 3752 3236 non

2150 3294 2278 3350 ergo
2319 3293 2349 3333 a
2379 3295 2438 3334 se
2487 3297 2500 3332 :
2548 3294 2616 3332 an
2643 3278 2938 3333 insciente?
2959 3287 3043 3333 est
3067 3293 3195 3349 ergo
3234 3276 3435 3348 aliquid
3462 3277 3604 3348 quod
3637 3293 3748 3333 non

2149 3372 2387 3446 potentia
2421 3370 2514 3426 Dei
2545 3370 2662 3438 fuit,
2690 3379 2782 3425 aut
2808 3380 2892 3426 est
2918 3369 3059 3442 quod
3088 3371 3204 3426 sine
3235 3369 3326 3424 illo
3353 3370 3471 3436 fuit,
3522 3385 3648 3424 cum
3680 3369 3748 3425 de

2148 3465 2280 3539 λόγῳ
2305 3462 2396 3534 qui
2434 3463 2550 3534 ejus
2572 3463 2766 3518 dicitur
2788 3464 2978 3530 forma,
3011 3463 3080 3517 ita
3109 3463 3308 3518 dictum
3337 3463 3406 3518 sit
3434 3479 3448 3515 :
3479 3460 3580 3516 Per
3596 3478 3748 3530 quem

2149 3561 2287 3627 facta
2299 3565 2414 3612 sunt
2432 3558 2602 3612 omnia
2614 3568 2660 3612 et
2674 3558 2782 3612 sine
2799 3574 2896 3626 quo
2914 3559 3106 3630 factum
3124 3566 3196 3612 est
3213 3557 3340 3610 nihil
3371 3554 3582 3626 (Joann.
3603 3572 3644 3622 1,
3663 3557 3744 3628 5).

2149 3649 2286 3720 Quid
2330 3650 2467 3705 istud
2514 3651 2640 3705 est?
2680 3659 2945 3704 tantarum
2971 3649 3345 3704 confusionum
3373 3664 3493 3719 quae
3520 3663 3746 3719 separa-

2150 3743 2270 3799 tio?
2314 3759 2432 3815 qua:
2465 3744 2508 3798 si
2552 3759 2658 3798 non
2701 3744 2900 3798 veritas
2931 3743 3017 3800 vel
3045 3743 3150 3798 vita
3178 3753 3261 3799 est
3289 3742 3557 3799 veritatis.
3590 3743 3749 3798 Adsit

2149 3837 2380 3908 Spiritus
2400 3847 2614 3894 sanctus
2643 3855 2656 3891 :
2690 3837 2817 3906 quid
2839 3837 3151 3907 inspiratmu
3175 3835 3327 3891 nobis
3348 3837 3436 3901 sit,
3464 3835 3626 3890 modo
3649 3851 3749 3890 au-

2149 3931 2290 3986 ditor
2319 3930 2558 3986 attendat
2582 3972 2599 3998 ,
2645 3945 2775 4000 pura
2802 3940 3133 4001 exponentes
3163 3928 3508 4001 simplicitate
3536 3929 3747 4000 pande-

2149 4040 2288 4082 mus.
2331 4025 2541 4080 Interea
2572 4039 2736 4078 unum
2765 4038 2982 4086 moneo,
3023 4024 3144 4078 sine
3170 4033 3412 4093 tempore
3433 4021 3550 4077 [Ich
3571 4020 3750 4093 accipi

2147 4119 2458 4184 convenire,
2493 4133 2558 4173 ex
2590 4127 2794 4173 mterno
2823 4131 3041 4188 semper
3074 4116 3220 4172 nullo
3250 4115 3504 4186 temporis
3533 4116 3747 4186 princi-

2147 4213 2255 4282 pio,
2286 4210 2380 4268 sed
2410 4220 2469 4266 ut
2493 4211 2563 4265 sit
2586 4226 2751 4265 unum
2779 4220 3064 4280 utrumque
3095 4208 3412 4280 principium
3433 4218 3489 4263 et
3513 4223 3747 4279 genera-

2147 4316 2234 4363 tor
2273 4317 2328 4362 et
2365 4307 2624 4378 genitum.
2677 4305 2915 4360 Primum
2964 4305 3015 4359 in
3055 4303 3218 4360 rebus
3263 4303 3501 4370 aeternis,
3544 4302 3748 4357 divinis

2147 4401 2485 4469 maximeque
2513 4399 2696 4467 primis
2723 4398 2990 4455 manentia
3015 4398 3214 4468 quieta,
3234 4407 3288 4453 et
3317 4397 3368 4452 in
3395 4411 3461 4452 eo
3483 4411 3590 4466 quo
3617 4405 3746 4452 sunt

2144 4493 2464 4561 existentia,
2509 4493 2653 4548 nulla
2695 4493 2777 4547 sui
2808 4508 2905 4564 per
2941 4500 3143 4547 motum
3187 4489 3483 4546 mutatione
3511 4503 3746 4560 genera-

440 4607 514 4679 ὂν,
548 4621 631 4668 εει
665 4612 774 4681 jam
805 4609 1062 4678 existens,
1092 4621 1215 4662 cum
1251 4602 1416 4661 fuerit
1454 4602 1572 4672 ejus
1610 4599 1754 4672 quod
1792 4607 1875 4655 est
1916 4612 2036 4654 esse

2153 4598 2286 4644 runt.
2327 4587 2540 4643 Primus
2571 4586 2737 4649 Deus,
2785 4585 2980 4641 deinde
3004 4585 3171 4658 λόγος,
3202 4584 3285 4640 vel
3314 4591 3453 4647 νοῦς,
3479 4582 3567 4638 vel
3589 4581 3747 4654 quid-

439 4717 586 4762 certa
617 4704 809 4759 forma.

509 4797 634 4854 XX.
685 4796 799 4852 Hoc
841 4811 962 4851 cum
994 4795 1066 4850 ita
1092 4795 1182 4859 sit,
1209 4791 1488 4848 videamus
1514 4805 1580 4845 an
1621 4787 1817 4844 nullius
1843 4784 2033 4856 primi,

438 4893 580 4966 quod
608 4900 691 4947 est
711 4905 852 4955 esse,
886 4889 957 4945 sit
981 4886 1147 4963 λόγος.
1179 4885 1237 4942 Si
1258 4887 1486 4942 dicimus
1512 4882 1798 4946 inﬁnitum,
1829 4880 1872 4936 si
1902 4878 2036 4935 dici-

439 5002 560 5044 mus
603 4985 947 5047 immensum,
990 4980 1373 5045 indiscretum,
1413 4993 1500 5034 res
1531 4976 1728 5049 quibus
1756 4989 1878 5033 esse
1903 4986 2034 5028 con-

437 5081 580 5140 sistit
614 5094 719 5134 non
759 5079 1024 5148 capimus,
1080 5090 1184 5131 non
1228 5085 1474 5131 tenemus
1523 5089 1537 5127 :
1588 5087 1717 5144 ergo
1745 5071 1888 5143 λόγος
1916 5068 2034 5136 ejus

439 5177 616 5236 nullus
642 5185 744 5232 est.
774 5171 879 5230 Sed
910 5169 1163 5242 quoniam
1191 5168 1307 5223 ﬁeri
1344 5183 1450 5222 non
1479 5175 1676 5238 potest,
1708 5172 1768 5219 nt
1800 5164 1868 5218 sit
1897 5176 2032 5232 quo-

437 5289 545 5344 quo
592 5273 753 5329 modo
781 5278 836 5326 et
881 5268 998 5323 sine
1021 5261 1156 5338 λόγῳ
1195 5277 1292 5317 suo
1331 5260 1530 5316 sithoc
1574 5259 1748 5327 ipsum
1797 5256 2035 5312 existens

438 5370 581 5444 quod
613 5377 714 5432 est,
763 5365 1002 5423 inﬁnitus
1031 5367 1134 5426 est,
1183 5359 1299 5412 sine
1328 5355 1490 5410 dubio
1518 5357 1567 5409 ei
1593 5351 1739 5427 λόγος
1769 5366 1899 5407 suus
1929 5358 2031 5416 est,

439 5464 536 5522 sed
580 5462 796 5517 latitans
817 5500 832 5525 ,
867 5466 921 5513 et
942 5452 1183 5510 occultus
1205 5492 1219 5516 ,
1264 5458 1323 5504 ut
1352 5447 1423 5502 sit
1454 5446 1508 5500 in
1537 5461 1602 5501 eo
1633 5445 1774 5515 quod
1806 5451 1889 5498 est
1913 5457 2034 5497 esse

439 5557 617 5630 ipsum
662 5552 809 5628 λόγον
843 5564 999 5616 esse;
1030 5545 1113 5603 vel
1148 5541 1329 5617 potius
1368 5540 1542 5611 ipsum
1563 5538 1706 5613 λόγος
1731 5535 1864 5591 nihil
1889 5533 2032 5588 aliud

440 5626 548 5714 est,
578 5626 740 5718 quam
768 5644 946 5714 ipsum
975 5655 1097 5697 esse
1125 5656 1138 5692 :
1169 5637 1274 5692 hoc
1296 5642 1476 5690 autem
1501 5639 1586 5688 est
1603 5628 1745 5702 quod
1777 5626 1888 5683 dixi
1908 5641 2034 5682 vere

443 5741 695 5813 primum,
744 5736 874 5792 illud
923 5743 979 5791 et
1026 5729 1403 5789 universaliter
1453 5724 1758 5782 universale
1808 5721 2031 5788 vivere,

443 5845 790 5905 quamquam,
817 5837 875 5885 ut
900 5826 1202 5892 docuimus,
1223 5823 1292 5881 sit
1315 5823 1486 5894 ipsum
1513 5819 1716 5890 vivere,
1746 5826 1801 5874 ct
1816 5815 1945 5883 vita,
1977 5821 2034 5870 et

2143 4682 2272 4755 quid
2301 4682 2439 4737 alter
2464 4689 2568 4746 est,
2595 4680 2679 4736 vel
2701 4689 2946 4749 uterque,
2981 4688 3039 4734 ut
3061 4678 3300 4749 Spiritus,
3331 4688 3391 4732 ut
3420 4678 3623 4744 vivere,
3655 4677 3743 4736 vel

2141 4777 2272 4843 vita,
2303 4785 2362 4830 ut
2401 4775 2772 4844 intelligentia,
2804 4772 2889 4828 vel
2917 4772 3292 4842 cognoscentia
3343 4789 3356 4825 :
3402 4770 3583 4826 anima
3614 4787 3744 4829 vero

2141 4871 2253 4926 sola
2285 4879 2427 4925 mota
2455 4870 2830 4940 generationes
2859 4866 3037 4923 habet.
3064 4865 3188 4921 Haec
3203 4864 3383 4921 omnia
3409 4864 3488 4922 sic
3511 4865 3740 4923 domus:

2142 4964 2450 5043 τριδύναμος
2495 4973 2577 5020 εει
2624 4963 2787 5028 Deus,
2836 4961 2888 5016 id
2931 4969 3034 5025 est,
3067 4969 3178 5015 tres
3219 4959 3482 5031 potentias
3515 4960 3738 5029 habens,

2143 5073 2282 5123 esse,
2326 5057 2539 5124 vivere,
2585 5055 2884 5126 intelligere
2917 5070 2933 5109 :
2968 5055 3039 5109 ita
3061 5063 3117 5107 ut
3143 5053 3194 5108 in
3225 5053 3449 5124 singulis
3475 5053 3577 5108 tria
3610 5053 3735 5121 sint,

2141 5153 2316 5224 sitque
2342 5154 2453 5222 ipse
2480 5166 2643 5206 unum
2673 5149 2945 5221 quodlibet
2963 5149 3122 5203 trium
3143 5163 3337 5203 nomen
3373 5162 3480 5218 quo
3514 5163 3573 5202 se
3598 5163 3738 5219 pra:-

2143 5257 2250 5303 stat
2291 5246 2581 5316 accipiens,
2633 5252 2689 5299 ut
2736 5257 2896 5314 supra
2945 5243 3124 5306 docui,
3165 5250 3220 5296 et
3267 5241 3331 5296 iis
3361 5239 3737 5296 multis:nihil

2142 5342 2283 5398 enim
2317 5355 2438 5396 esse
2461 5336 2768 5404 dicendum,
2797 5337 2897 5390 nisi
2926 5335 3067 5407 quod
3099 5333 3366 5406 intelligit.
3396 5332 3620 5404 Triplex
3643 5333 3737 5403 igi-

2143 5445 2229 5490 tur
2259 5435 2313 5489 in
2339 5432 2562 5503 singulis
2588 5430 2930 5501 singularitas
2948 5471 2963 5496 ,
3015 5439 3068 5484 et
3097 5427 3327 5483 unalitas
3354 5427 3406 5482 in
3429 5425 3693 5481 Trinitate
3719 5442 3734 5481 :

2135 5533 2235 5586 ista
2261 5543 2388 5584 vero
2415 5526 2514 5582 tria
2541 5540 2829 5597 progressu
2856 5538 2954 5579 suo
2983 5534 3339 5593 exponemus.

2210 5621 2376 5677 XXII.
2419 5619 2670 5676 Omnium
2719 5632 2842 5690 quae
2883 5625 3027 5684 sunt,
3073 5628 3300 5686 quaeque
3325 5627 3447 5670 esse
3473 5619 3729 5682 possunt,

2137 5725 2230 5773 aut
2273 5731 2396 5771 esse
2442 5720 2766 5785 potuerunt,
2799 5709 3163 5776 existentiam,
3199 5708 3398 5776 vitam,
3429 5706 3734 5777 intelligeng

2139 5811 2374 5882 tiamque
2402 5825 2497 5881 pro
2526 5823 2708 5868 rerum
2731 5822 2793 5864 ac
2814 5805 3237 5864 substantiarum
3266 5813 3447 5876 captu,
3478 5812 3534 5860 et
3563 5800 3727 5875 parti-
