  <div class='ocr_page' id='page_1' title='image "/cluster/home/n/w/nwhite01/storage/ocr_20150623/8/hvd.32044015471253/572.png"; bbox 0 0 4024 6306; ppageno 0'>
   <div class='ocr_carea' id='block_1_1' title="bbox 283 269 422 326">
    <p class='ocr_par' dir='ltr' id='par_1_1' title="bbox 283 269 422 326">
     <span class='ocr_line' id='line_1_1' title="bbox 283 269 422 326; baseline 0.014 -2"><span class='ocrx_word' id='word_1_1' title='bbox 283 269 422 326; x_wconf 71' lang='grc'><strong>1129</strong></span> 
     </span>
    </p>
   </div>
   <div class='ocr_carea' id='block_1_2' title="bbox 1396 262 2406 324">
    <p class='ocr_par' dir='ltr' id='par_1_2' title="bbox 1396 262 2406 324">
     <span class='ocr_line' id='line_1_2' title="bbox 1396 262 2406 324; baseline -0.001 0"><span class='ocrx_word' id='word_1_2' title='bbox 1396 263 1769 324; x_wconf 77' lang='lat' dir='ltr'><strong>ADVERSUS</strong></span> <span class='ocrx_word' id='word_1_3' title='bbox 1806 262 2029 323; x_wconf 78' lang='lat' dir='ltr'><strong>ARIUM</strong></span> <span class='ocrx_word' id='word_1_4' title='bbox 2070 264 2278 323; x_wconf 79' lang='lat' dir='ltr'><strong>LIBER</strong></span> <span class='ocrx_word' id='word_1_5' title='bbox 2319 268 2406 324; x_wconf 75' lang='lat' dir='ltr'><strong>IV.</strong></span> 
     </span>
    </p>
   </div>
   <div class='ocr_carea' id='block_1_3' title="bbox 3365 251 3588 338">
    <p class='ocr_par' dir='ltr' id='par_1_3' title="bbox 3365 251 3588 338">
     <span class='ocr_line' id='line_1_3' title="bbox 3365 251 3588 338; baseline 0.009 -2"><span class='ocrx_word' id='word_1_6' title='bbox 3365 251 3374 257; x_wconf 72' lang='grc'><em>’</em></span> <span class='ocrx_word' id='word_1_7' title='bbox 3441 281 3588 338; x_wconf 73' lang='lat' dir='ltr'><strong>uso</strong></span> 
     </span>
    </p>
   </div>
   <div class='ocr_carea' id='block_1_4' title="bbox 280 383 3594 467">
    <p class='ocr_par' dir='ltr' id='par_1_4' title="bbox 280 383 3594 467">
     <span class='ocr_line' id='line_1_4' title="bbox 280 383 3594 467; baseline 0.004 -27"><span class='ocrx_word' id='word_1_8' title='bbox 280 383 578 456; x_wconf 88' lang='lat' dir='ltr'><strong>cipationes</strong></span> <span class='ocrx_word' id='word_1_9' title='bbox 608 391 886 454; x_wconf 74' lang='lat' dir='ltr'><strong>prmstant,</strong></span> <span class='ocrx_word' id='word_1_10' title='bbox 915 383 1101 440; x_wconf 90' lang='lat' dir='ltr'><strong>sortita</strong></span> <span class='ocrx_word' id='word_1_11' title='bbox 1130 390 1251 438; x_wconf 91' lang='lat' dir='ltr'><strong>sunt</strong></span> <span class='ocrx_word' id='word_1_12' title='bbox 1287 390 1408 439; x_wconf 84' lang='lat' dir='ltr'><strong>:est</strong></span> <span class='ocrx_word' id='word_1_13' title='bbox 1448 385 1589 438; x_wconf 92' lang='lat' dir='ltr'><strong>enim</strong></span> <span class='ocrx_word' id='word_1_14' title='bbox 1623 384 1674 439; x_wconf 92' lang='lat' dir='ltr'><strong>in</strong></span> <span class='ocrx_word' id='word_1_15' title='bbox 1702 383 1878 438; x_wconf 90' lang='lat' dir='ltr'><strong>omni-</strong></span> <span class='ocrx_word' id='word_1_16' title='bbox 1904 383 1956 441; x_wconf 83' lang='lat' dir='ltr'><strong>A</strong></span> <span class='ocrx_word' id='word_1_17' title='bbox 1981 383 2158 438; x_wconf 88' lang='lat' dir='ltr'><strong>centia</strong></span> <span class='ocrx_word' id='word_1_18' title='bbox 2182 426 2196 450; x_wconf 97' lang='lat'><strong>,</strong></span> <span class='ocrx_word' id='word_1_19' title='bbox 2244 393 2298 440; x_wconf 91' lang='lat' dir='ltr'><strong>et</strong></span> <span class='ocrx_word' id='word_1_20' title='bbox 2357 383 2625 441; x_wconf 87' lang='lat' dir='ltr'><strong>intellecta</strong></span> <span class='ocrx_word' id='word_1_21' title='bbox 2685 394 2740 442; x_wconf 90' lang='lat' dir='ltr'><strong>et</strong></span> <span class='ocrx_word' id='word_1_22' title='bbox 2803 387 3064 458; x_wconf 87' lang='lat' dir='ltr'><strong>appellata</strong></span> <span class='ocrx_word' id='word_1_23' title='bbox 3113 400 3197 447; x_wconf 87' lang='lat' dir='ltr'><strong>est</strong></span> <span class='ocrx_word' id='word_1_24' title='bbox 3253 408 3594 467; x_wconf 66' lang='lat' dir='ltr'><strong>priecognos—</strong></span> 
     </span>
    </p>
   </div>
   <div class='ocr_carea' id='block_1_5' title="bbox 282 476 1888 548">
    <p class='ocr_par' dir='ltr' id='par_1_5' title="bbox 282 476 1888 548">
     <span class='ocr_line' id='line_1_5' title="bbox 282 476 1888 548; baseline 0 -16"><span class='ocrx_word' id='word_1_25' title='bbox 282 477 381 532; x_wconf 88' lang='lat' dir='ltr'><strong>bus</strong></span> <span class='ocrx_word' id='word_1_26' title='bbox 396 493 518 534; x_wconf 89' lang='lat' dir='ltr'><strong>esse</strong></span> <span class='ocrx_word' id='word_1_27' title='bbox 535 493 712 542; x_wconf 90' lang='lat' dir='ltr'><strong>suum,</strong></span> <span class='ocrx_word' id='word_1_28' title='bbox 729 478 910 535; x_wconf 80' lang='lat' dir='ltr'><strong>vivere</strong></span> <span class='ocrx_word' id='word_1_29' title='bbox 926 493 1103 543; x_wconf 91' lang='lat' dir='ltr'><strong>suum,</strong></span> <span class='ocrx_word' id='word_1_30' title='bbox 1121 476 1419 548; x_wconf 78' lang='lat' dir='ltr'><strong>intelligere</strong></span> <span class='ocrx_word' id='word_1_31' title='bbox 1433 491 1607 543; x_wconf 89' lang='lat' dir='ltr'><strong>suum,</strong></span> <span class='ocrx_word' id='word_1_32' title='bbox 1625 491 1888 548; x_wconf 90' lang='lat' dir='ltr'><strong>suumque</strong></span> 
     </span>
    </p>
   </div>
   <div class='ocr_carea' id='block_1_6' title="bbox 288 569 1886 640">
    <p class='ocr_par' dir='ltr' id='par_1_6' title="bbox 288 569 1886 640">
     <span class='ocr_line' id='line_1_6' title="bbox 288 569 1886 640; baseline -0.001 -14"><span class='ocrx_word' id='word_1_33' title='bbox 288 569 513 636; x_wconf 88' lang='lat' dir='ltr'><strong>sentire,</strong></span> <span class='ocrx_word' id='word_1_34' title='bbox 547 578 608 624; x_wconf 91' lang='lat' dir='ltr'><strong>ut</strong></span> <span class='ocrx_word' id='word_1_35' title='bbox 649 571 757 628; x_wconf 91' lang='lat' dir='ltr'><strong>sint</strong></span> <span class='ocrx_word' id='word_1_36' title='bbox 787 571 886 626; x_wconf 92' lang='lat' dir='ltr'><strong>ista</strong></span> <span class='ocrx_word' id='word_1_37' title='bbox 926 571 1113 625; x_wconf 87' lang='lat' dir='ltr'><strong>umbra</strong></span> <span class='ocrx_word' id='word_1_38' title='bbox 1143 571 1225 625; x_wconf 89' lang='lat' dir='ltr'><strong>vel</strong></span> <span class='ocrx_word' id='word_1_39' title='bbox 1256 573 1429 640; x_wconf 80' lang='lat' dir='ltr'><strong>imago</strong></span> <span class='ocrx_word' id='word_1_40' title='bbox 1460 569 1616 624; x_wconf 91' lang='lat' dir='ltr'><strong>trium</strong></span> <span class='ocrx_word' id='word_1_41' title='bbox 1648 569 1886 625; x_wconf 86' lang='lat' dir='ltr'><strong>omnium</strong></span> 
     </span>
    </p>
   </div>
   <div class='ocr_carea' id='block_1_7' title="bbox 281 662 1886 736">
    <p class='ocr_par' dir='ltr' id='par_1_7' title="bbox 281 662 1886 736">
     <span class='ocr_line' id='line_1_7' title="bbox 281 662 1886 736; baseline 0 -18"><span class='ocrx_word' id='word_1_42' title='bbox 281 662 621 734; x_wconf 84' lang='lat' dir='ltr'><strong>superiorum</strong></span> <span class='ocrx_word' id='word_1_43' title='bbox 654 680 667 716; x_wconf 88' lang='lat'><strong>:</strong></span> <span class='ocrx_word' id='word_1_44' title='bbox 691 679 820 736; x_wconf 85' lang='lat' dir='ltr'><strong>ergo</strong></span> <span class='ocrx_word' id='word_1_45' title='bbox 859 664 997 720; x_wconf 88' lang='lat' dir='ltr'><strong>Deus</strong></span> <span class='ocrx_word' id='word_1_46' title='bbox 1023 679 1146 720; x_wconf 92' lang='lat' dir='ltr'><strong>cum</strong></span> <span class='ocrx_word' id='word_1_47' title='bbox 1173 665 1261 729; x_wconf 90' lang='lat' dir='ltr'><strong>sit,</strong></span> <span class='ocrx_word' id='word_1_48' title='bbox 1297 674 1351 717; x_wconf 92' lang='lat' dir='ltr'><strong>ut</strong></span> <span class='ocrx_word' id='word_1_49' title='bbox 1377 663 1445 717; x_wconf 93' lang='lat' dir='ltr'><strong>ab</strong></span> <span class='ocrx_word' id='word_1_50' title='bbox 1471 663 1722 718; x_wconf 91' lang='lat' dir='ltr'><strong>omnibus</strong></span> <span class='ocrx_word' id='word_1_51' title='bbox 1749 662 1886 719; x_wconf 89' lang='lat' dir='ltr'><strong>dici-</strong></span> 
     </span>
    </p>
   </div>
   <div class='ocr_carea' id='block_1_8' title="bbox 282 757 1889 826">
    <p class='ocr_par' dir='ltr' id='par_1_8' title="bbox 282 757 1889 826">
     <span class='ocr_line' id='line_1_8' title="bbox 282 757 1889 826; baseline 0.001 -14"><span class='ocrx_word' id='word_1_52' title='bbox 282 764 389 824; x_wconf 90' lang='lat' dir='ltr'><strong>tur,</strong></span> <span class='ocrx_word' id='word_1_53' title='bbox 421 774 609 826; x_wconf 87' lang='lat' dir='ltr'><strong>unum,</strong></span> <span class='ocrx_word' id='word_1_54' title='bbox 635 768 692 815; x_wconf 92' lang='lat' dir='ltr'><strong>et</strong></span> <span class='ocrx_word' id='word_1_55' title='bbox 728 760 902 815; x_wconf 91' lang='lat' dir='ltr'><strong>solum</strong></span> <span class='ocrx_word' id='word_1_56' title='bbox 927 775 1113 814; x_wconf 91' lang='lat' dir='ltr'><strong>unum.</strong></span> <span class='ocrx_word' id='word_1_57' title='bbox 1145 758 1398 816; x_wconf 87' lang='lat' dir='ltr'><strong>Nonnulli</strong></span> <span class='ocrx_word' id='word_1_58' title='bbox 1425 768 1605 814; x_wconf 87' lang='lat' dir='ltr'><strong>autem</strong></span> <span class='ocrx_word' id='word_1_59' title='bbox 1634 757 1889 814; x_wconf 80' lang='lat' dir='ltr'><strong>dixerunt</strong></span> 
     </span>
    </p>
   </div>
   <div class='ocr_carea' id='block_1_9' title="bbox 282 851 1884 919">
    <p class='ocr_par' dir='ltr' id='par_1_9' title="bbox 282 851 1884 919">
     <span class='ocr_line' id='line_1_9' title="bbox 282 851 1884 919; baseline -0.002 -11"><span class='ocrx_word' id='word_1_60' title='bbox 282 852 450 909; x_wconf 90' lang='lat' dir='ltr'><strong>Deum</strong></span> <span class='ocrx_word' id='word_1_61' title='bbox 472 868 593 909; x_wconf 91' lang='lat' dir='ltr'><strong>esse</strong></span> <span class='ocrx_word' id='word_1_62' title='bbox 615 869 779 909; x_wconf 91' lang='lat' dir='ltr'><strong>unum</strong></span> <span class='ocrx_word' id='word_1_63' title='bbox 809 855 1011 919; x_wconf 85' lang='lat' dir='ltr'><strong>omnia,</strong></span> <span class='ocrx_word' id='word_1_64' title='bbox 1035 864 1087 910; x_wconf 93' lang='lat' dir='ltr'><strong>et</strong></span> <span class='ocrx_word' id='word_1_65' title='bbox 1120 868 1220 909; x_wconf 87' lang='lat' dir='ltr'><strong>nec</strong></span> <span class='ocrx_word' id='word_1_66' title='bbox 1243 869 1409 908; x_wconf 94' lang='lat' dir='ltr'><strong>unum</strong></span> <span class='ocrx_word' id='word_1_67' title='bbox 1440 869 1454 918; x_wconf 92' lang='lat'><strong>;</strong></span> <span class='ocrx_word' id='word_1_68' title='bbox 1483 851 1723 907; x_wconf 91' lang='lat' dir='ltr'><strong>omnium</strong></span> <span class='ocrx_word' id='word_1_69' title='bbox 1742 851 1884 906; x_wconf 93' lang='lat' dir='ltr'><strong>cnim</strong></span> 
     </span>
    </p>
   </div>
   <div class='ocr_carea' id='block_1_10' title="bbox 285 942 1887 1016">
    <p class='ocr_par' dir='ltr' id='par_1_10' title="bbox 285 942 1887 1016">
     <span class='ocr_line' id='line_1_10' title="bbox 285 942 1887 1016; baseline -0.001 -16"><span class='ocrx_word' id='word_1_70' title='bbox 285 944 632 1016; x_wconf 88' lang='lat' dir='ltr'><strong>principium,</strong></span> <span class='ocrx_word' id='word_1_71' title='bbox 652 946 794 1001; x_wconf 89' lang='lat' dir='ltr'><strong>unde</strong></span> <span class='ocrx_word' id='word_1_72' title='bbox 808 961 914 1001; x_wconf 92' lang='lat' dir='ltr'><strong>non</strong></span> <span class='ocrx_word' id='word_1_73' title='bbox 927 944 1107 1000; x_wconf 84' lang='lat' dir='ltr'><strong>omnia</strong></span> <span class='ocrx_word' id='word_1_74' title='bbox 1120 946 1218 1002; x_wconf 89' lang='lat' dir='ltr'><strong>sed</strong></span> <span class='ocrx_word' id='word_1_75' title='bbox 1239 945 1329 1000; x_wconf 91' lang='lat' dir='ltr'><strong>illo</strong></span> <span class='ocrx_word' id='word_1_76' title='bbox 1349 944 1508 999; x_wconf 90' lang='lat' dir='ltr'><strong>modo</strong></span> <span class='ocrx_word' id='word_1_77' title='bbox 1521 944 1722 999; x_wconf 84' lang='lat' dir='ltr'><strong>omnia.</strong></span> <span class='ocrx_word' id='word_1_78' title='bbox 1742 942 1887 998; x_wconf 92' lang='lat' dir='ltr'><strong>Istud</strong></span> 
     </span>
    </p>
   </div>
   <div class='ocr_carea' id='block_1_11' title="bbox 278 1037 1884 1111">
    <p class='ocr_par' dir='ltr' id='par_1_11' title="bbox 278 1037 1884 1111">
     <span class='ocr_line' id='line_1_11' title="bbox 278 1037 1884 1111; baseline -0.003 -15"><span class='ocrx_word' id='word_1_79' title='bbox 278 1049 458 1096; x_wconf 88' lang='lat' dir='ltr'><strong>autem</strong></span> <span class='ocrx_word' id='word_1_80' title='bbox 476 1037 575 1096; x_wconf 86' lang='lat' dir='ltr'><strong>hac</strong></span> <span class='ocrx_word' id='word_1_81' title='bbox 585 1038 653 1096; x_wconf 91' lang='lat' dir='ltr'><strong>de</strong></span> <span class='ocrx_word' id='word_1_82' title='bbox 663 1055 848 1096; x_wconf 87' lang='lat' dir='ltr'><strong>caussa</strong></span> <span class='ocrx_word' id='word_1_83' title='bbox 868 1049 921 1096; x_wconf 90' lang='lat' dir='ltr'><strong>et</strong></span> <span class='ocrx_word' id='word_1_84' title='bbox 935 1039 1162 1111; x_wconf 91' lang='lat' dir='ltr'><strong>primum</strong></span> <span class='ocrx_word' id='word_1_85' title='bbox 1175 1039 1391 1111; x_wconf 86' lang='lat' dir='ltr'><strong>quidem</strong></span> <span class='ocrx_word' id='word_1_86' title='bbox 1409 1039 1573 1094; x_wconf 89' lang='lat' dir='ltr'><strong>Deum</strong></span> <span class='ocrx_word' id='word_1_87' title='bbox 1585 1053 1706 1094; x_wconf 91' lang='lat' dir='ltr'><strong>esse</strong></span> <span class='ocrx_word' id='word_1_88' title='bbox 1721 1053 1884 1092; x_wconf 91' lang='lat' dir='ltr'><strong>unum</strong></span> 
     </span>
    </p>
   </div>
   <div class='ocr_carea' id='block_1_12' title="bbox 281 1129 1884 1203">
    <p class='ocr_par' dir='ltr' id='par_1_12' title="bbox 281 1129 1884 1203">
     <span class='ocr_line' id='line_1_12' title="bbox 281 1129 1884 1203; baseline -0.002 -15"><span class='ocrx_word' id='word_1_89' title='bbox 281 1140 339 1188; x_wconf 94' lang='lat' dir='ltr'><strong>et</strong></span> <span class='ocrx_word' id='word_1_90' title='bbox 363 1132 556 1188; x_wconf 90' lang='lat' dir='ltr'><strong>solum.</strong></span> <span class='ocrx_word' id='word_1_91' title='bbox 585 1131 676 1187; x_wconf 90' lang='lat' dir='ltr'><strong>Illa</strong></span> <span class='ocrx_word' id='word_1_92' title='bbox 717 1133 840 1198; x_wconf 90' lang='lat' dir='ltr'><strong>tria,</strong></span> <span class='ocrx_word' id='word_1_93' title='bbox 877 1133 1001 1203; x_wconf 86' lang='lat' dir='ltr'><strong>quia</strong></span> <span class='ocrx_word' id='word_1_94' title='bbox 1045 1148 1148 1186; x_wconf 93' lang='lat' dir='ltr'><strong>non</strong></span> <span class='ocrx_word' id='word_1_95' title='bbox 1191 1130 1533 1201; x_wconf 89' lang='lat' dir='ltr'><strong>c0pulatione</strong></span> <span class='ocrx_word' id='word_1_96' title='bbox 1562 1129 1884 1195; x_wconf 79' lang='lat' dir='ltr'><strong>consistunt,</strong></span> 
     </span>
    </p>
   </div>
   <div class='ocr_carea' id='block_1_13' title="bbox 283 1222 1886 1298">
    <p class='ocr_par' dir='ltr' id='par_1_13' title="bbox 283 1222 1886 1298">
     <span class='ocr_line' id='line_1_13' title="bbox 283 1222 1886 1298; baseline -0.002 -17"><span class='ocrx_word' id='word_1_97' title='bbox 283 1225 377 1281; x_wconf 90' lang='lat' dir='ltr'><strong>sed</strong></span> <span class='ocrx_word' id='word_1_98' title='bbox 391 1223 677 1281; x_wconf 82' lang='lat' dir='ltr'><strong>existendo</strong></span> <span class='ocrx_word' id='word_1_99' title='bbox 693 1226 836 1298; x_wconf 88' lang='lat' dir='ltr'><strong>quod</strong></span> <span class='ocrx_word' id='word_1_100' title='bbox 853 1237 973 1282; x_wconf 91' lang='lat' dir='ltr'><strong>sunt</strong></span> <span class='ocrx_word' id='word_1_101' title='bbox 995 1225 1131 1297; x_wconf 90' lang='lat' dir='ltr'><strong>ipso,</strong></span> <span class='ocrx_word' id='word_1_102' title='bbox 1147 1225 1356 1297; x_wconf 80' lang='lat' dir='ltr'><strong>etquod</strong></span> <span class='ocrx_word' id='word_1_103' title='bbox 1373 1225 1598 1279; x_wconf 89' lang='lat' dir='ltr'><strong>alterum</strong></span> <span class='ocrx_word' id='word_1_104' title='bbox 1615 1222 1886 1279; x_wconf 90' lang='lat' dir='ltr'><strong>credimus</strong></span> 
     </span>
    </p>
   </div>
   <div class='ocr_carea' id='block_1_14' title="bbox 283 1316 1885 1385">
    <p class='ocr_par' dir='ltr' id='par_1_14' title="bbox 283 1316 1885 1385">
     <span class='ocr_line' id='line_1_14' title="bbox 283 1316 1885 1385; baseline -0.002 -10"><span class='ocrx_word' id='word_1_105' title='bbox 283 1328 430 1385; x_wconf 92' lang='lat' dir='ltr'><strong>sunt,</strong></span> <span class='ocrx_word' id='word_1_106' title='bbox 463 1319 772 1376; x_wconf 85' lang='lat' dir='ltr'><strong>necessario</strong></span> <span class='ocrx_word' id='word_1_107' title='bbox 803 1336 989 1384; x_wconf 90' lang='lat' dir='ltr'><strong>unum,</strong></span> <span class='ocrx_word' id='word_1_108' title='bbox 1024 1334 1125 1375; x_wconf 92' lang='lat' dir='ltr'><strong>nec</strong></span> <span class='ocrx_word' id='word_1_109' title='bbox 1153 1319 1263 1374; x_wconf 89' lang='lat' dir='ltr'><strong>ullo</strong></span> <span class='ocrx_word' id='word_1_110' title='bbox 1297 1317 1458 1374; x_wconf 93' lang='lat' dir='ltr'><strong>modo</strong></span> <span class='ocrx_word' id='word_1_111' title='bbox 1502 1317 1751 1373; x_wconf 91' lang='lat' dir='ltr'><strong>alterum.</strong></span> <span class='ocrx_word' id='word_1_112' title='bbox 1779 1316 1885 1372; x_wconf 88' lang='lat' dir='ltr'><strong>Sed</strong></span> 
     </span>
    </p>
   </div>
   <div class='ocr_carea' id='block_1_15' title="bbox 285 1410 1883 1486">
    <p class='ocr_par' dir='ltr' id='par_1_15' title="bbox 285 1410 1883 1486">
     <span class='ocr_line' id='line_1_15' title="bbox 285 1410 1883 1486; baseline -0.004 -16"><span class='ocrx_word' id='word_1_113' title='bbox 285 1413 354 1470; x_wconf 91' lang='lat' dir='ltr'><strong>de</strong></span> <span class='ocrx_word' id='word_1_114' title='bbox 377 1415 477 1470; x_wconf 86' lang='lat' dir='ltr'><strong>hoc</strong></span> <span class='ocrx_word' id='word_1_115' title='bbox 500 1429 645 1486; x_wconf 67' lang='lat' dir='ltr'><strong>saepe</strong></span> <span class='ocrx_word' id='word_1_116' title='bbox 669 1413 896 1470; x_wconf 91' lang='lat' dir='ltr'><strong>dictum.</strong></span> <span class='ocrx_word' id='word_1_117' title='bbox 924 1412 1080 1481; x_wconf 84' lang='lat' dir='ltr'><strong>Quod</strong></span> <span class='ocrx_word' id='word_1_118' title='bbox 1107 1427 1238 1468; x_wconf 89' lang='lat' dir='ltr'><strong>vero</strong></span> <span class='ocrx_word' id='word_1_119' title='bbox 1262 1411 1466 1467; x_wconf 91' lang='lat' dir='ltr'><strong>dictum</strong></span> <span class='ocrx_word' id='word_1_120' title='bbox 1491 1425 1653 1465; x_wconf 90' lang='lat' dir='ltr'><strong>unum</strong></span> <span class='ocrx_word' id='word_1_121' title='bbox 1682 1410 1883 1476; x_wconf 83' lang='lat' dir='ltr'><strong>omnia,</strong></span> 
     </span>
    </p>
   </div>
   <div class='ocr_carea' id='block_1_16' title="bbox 284 1503 1885 1577">
    <p class='ocr_par' dir='ltr' id='par_1_16' title="bbox 284 1503 1885 1577">
     <span class='ocr_line' id='line_1_16' title="bbox 284 1503 1885 1577; baseline -0.002 -15"><span class='ocrx_word' id='word_1_122' title='bbox 284 1516 340 1563; x_wconf 92' lang='lat' dir='ltr'><strong>et</strong></span> <span class='ocrx_word' id='word_1_123' title='bbox 366 1522 464 1562; x_wconf 92' lang='lat' dir='ltr'><strong>nec</strong></span> <span class='ocrx_word' id='word_1_124' title='bbox 487 1523 674 1572; x_wconf 91' lang='lat' dir='ltr'><strong>unum,</strong></span> <span class='ocrx_word' id='word_1_125' title='bbox 719 1507 957 1562; x_wconf 91' lang='lat' dir='ltr'><strong>omnium</strong></span> <span class='ocrx_word' id='word_1_126' title='bbox 987 1507 1130 1562; x_wconf 90' lang='lat' dir='ltr'><strong>enim</strong></span> <span class='ocrx_word' id='word_1_127' title='bbox 1162 1503 1505 1577; x_wconf 88' lang='lat' dir='ltr'><strong>principium,</strong></span> <span class='ocrx_word' id='word_1_128' title='bbox 1545 1503 1675 1558; x_wconf 84' lang='lat' dir='ltr'><strong>satis</strong></span> <span class='ocrx_word' id='word_1_129' title='bbox 1699 1513 1885 1573; x_wconf 90' lang='lat' dir='ltr'><strong>aperte</strong></span> 
     </span>
    </p>
   </div>
   <div class='ocr_carea' id='block_1_17' title="bbox 283 1598 1885 1671">
    <p class='ocr_par' dir='ltr' id='par_1_17' title="bbox 283 1598 1885 1671">
     <span class='ocr_line' id='line_1_17' title="bbox 283 1598 1885 1671; baseline -0.002 -16"><span class='ocrx_word' id='word_1_130' title='bbox 283 1598 626 1671; x_wconf 85' lang='lat' dir='ltr'><strong>dilucideqtte</strong></span> <span class='ocrx_word' id='word_1_131' title='bbox 655 1599 916 1666; x_wconf 83' lang='lat' dir='ltr'><strong>declarat,</strong></span> <span class='ocrx_word' id='word_1_132' title='bbox 946 1607 1152 1670; x_wconf 92' lang='lat' dir='ltr'><strong>patrem</strong></span> <span class='ocrx_word' id='word_1_133' title='bbox 1183 1613 1362 1654; x_wconf 89' lang='lat' dir='ltr'><strong>rerum</strong></span> <span class='ocrx_word' id='word_1_134' title='bbox 1394 1598 1632 1654; x_wconf 90' lang='lat' dir='ltr'><strong>omnium</strong></span> <span class='ocrx_word' id='word_1_135' title='bbox 1665 1606 1719 1652; x_wconf 92' lang='lat' dir='ltr'><strong>et</strong></span> <span class='ocrx_word' id='word_1_136' title='bbox 1740 1598 1885 1668; x_wconf 85' lang='lat' dir='ltr'><strong>prin-</strong></span> 
     </span>
    </p>
   </div>
   <div class='ocr_carea' id='block_1_18' title="bbox 283 1690 1882 1763">
    <p class='ocr_par' dir='ltr' id='par_1_18' title="bbox 283 1690 1882 1763">
     <span class='ocr_line' id='line_1_18' title="bbox 283 1690 1882 1763; baseline -0.001 -16"><span class='ocrx_word' id='word_1_137' title='bbox 283 1691 482 1763; x_wconf 88' lang='lat' dir='ltr'><strong>cipium</strong></span> <span class='ocrx_word' id='word_1_138' title='bbox 530 1693 698 1748; x_wconf 91' lang='lat' dir='ltr'><strong>Deum</strong></span> <span class='ocrx_word' id='word_1_139' title='bbox 730 1709 742 1745; x_wconf 90' lang='lat'><strong>:</strong></span> <span class='ocrx_word' id='word_1_140' title='bbox 774 1693 862 1763; x_wconf 90' lang='lat' dir='ltr'><strong>qui</strong></span> <span class='ocrx_word' id='word_1_141' title='bbox 888 1707 1009 1747; x_wconf 91' lang='lat' dir='ltr'><strong>cum</strong></span> <span class='ocrx_word' id='word_1_142' title='bbox 1039 1707 1203 1746; x_wconf 91' lang='lat' dir='ltr'><strong>unum</strong></span> <span class='ocrx_word' id='word_1_143' title='bbox 1236 1706 1340 1746; x_wconf 92' lang='lat' dir='ltr'><strong>non</strong></span> <span class='ocrx_word' id='word_1_144' title='bbox 1370 1701 1472 1758; x_wconf 92' lang='lat' dir='ltr'><strong>est,</strong></span> <span class='ocrx_word' id='word_1_145' title='bbox 1506 1690 1674 1762; x_wconf 82' lang='lat' dir='ltr'><strong>magis</strong></span> <span class='ocrx_word' id='word_1_146' title='bbox 1703 1690 1882 1746; x_wconf 85' lang='lat' dir='ltr'><strong>omnia</strong></span> 
     </span>
    </p>
   </div>
   <div class='ocr_carea' id='block_1_19' title="bbox 1991 477 3592 560">
    <p class='ocr_par' dir='ltr' id='par_1_19' title="bbox 1991 477 3592 560">
     <span class='ocr_line' id='line_1_19' title="bbox 1991 477 3592 560; baseline 0.01 -28"><span class='ocrx_word' id='word_1_147' title='bbox 1991 477 2205 542; x_wconf 87' lang='lat' dir='ltr'><strong>centia;</strong></span> <span class='ocrx_word' id='word_1_148' title='bbox 2248 477 2435 533; x_wconf 90' lang='lat' dir='ltr'><strong>eodem</strong></span> <span class='ocrx_word' id='word_1_149' title='bbox 2468 480 2626 534; x_wconf 90' lang='lat' dir='ltr'><strong>modo</strong></span> <span class='ocrx_word' id='word_1_150' title='bbox 2657 488 2709 534; x_wconf 90' lang='lat' dir='ltr'><strong>et</strong></span> <span class='ocrx_word' id='word_1_151' title='bbox 2740 483 3162 554; x_wconf 68' lang='lat' dir='ltr'><strong>prwexistentia,</strong></span> <span class='ocrx_word' id='word_1_152' title='bbox 3193 496 3248 542; x_wconf 87' lang='lat' dir='ltr'><strong>et</strong></span> <span class='ocrx_word' id='word_1_153' title='bbox 3293 492 3592 560; x_wconf 66' lang='lat' dir='ltr'><strong>praeviven-</strong></span> 
     </span>
    </p>
   </div>
   <div class='ocr_carea' id='block_1_20' title="bbox 1993 570 3591 651">
    <p class='ocr_par' dir='ltr' id='par_1_20' title="bbox 1993 570 3591 651">
     <span class='ocr_line' id='line_1_20' title="bbox 1993 570 3591 651; baseline 0.012 -29"><span class='ocrx_word' id='word_1_154' title='bbox 1993 570 2085 622; x_wconf 87' lang='lat' dir='ltr'><strong>tia.</strong></span> <span class='ocrx_word' id='word_1_155' title='bbox 2141 570 2305 625; x_wconf 76' lang='lat' dir='ltr'><strong>Erant</strong></span> <span class='ocrx_word' id='word_1_156' title='bbox 2338 571 2553 641; x_wconf 86' lang='lat' dir='ltr'><strong>quidem</strong></span> <span class='ocrx_word' id='word_1_157' title='bbox 2598 573 2732 639; x_wconf 72' lang='lat' dir='ltr'><strong>lucc,</strong></span> <span class='ocrx_word' id='word_1_158' title='bbox 2779 575 2875 630; x_wconf 90' lang='lat' dir='ltr'><strong>sed</strong></span> <span class='ocrx_word' id='word_1_159' title='bbox 2921 578 3158 634; x_wconf 90' lang='lat' dir='ltr'><strong>nondum</strong></span> <span class='ocrx_word' id='word_1_160' title='bbox 3194 580 3591 651; x_wconf 88' lang='lat' dir='ltr'><strong>animadversa,</strong></span> 
     </span>
    </p>
   </div>
   <div class='ocr_carea' id='block_1_21' title="bbox 1992 660 3593 747">
    <p class='ocr_par' dir='ltr' id='par_1_21' title="bbox 1992 660 3593 747">
     <span class='ocr_line' id='line_1_21' title="bbox 1992 660 3593 747; baseline 0.012 -33"><span class='ocrx_word' id='word_1_161' title='bbox 1992 660 2228 716; x_wconf 88' lang='lat' dir='ltr'><strong>nondum</strong></span> <span class='ocrx_word' id='word_1_162' title='bbox 2259 663 2552 719; x_wconf 84' lang='lat' dir='ltr'><strong>nominata.</strong></span> <span class='ocrx_word' id='word_1_163' title='bbox 2572 665 2726 722; x_wconf 90' lang='lat' dir='ltr'><strong>Unde</strong></span> <span class='ocrx_word' id='word_1_164' title='bbox 2751 675 2804 722; x_wconf 87' lang='lat' dir='ltr'><strong>et</strong></span> <span class='ocrx_word' id='word_1_165' title='bbox 2830 667 3247 738; x_wconf 72' lang='lat' dir='ltr'><strong>inciignoscibile</strong></span> <span class='ocrx_word' id='word_1_166' title='bbox 3274 691 3432 731; x_wconf 88' lang='lat' dir='ltr'><strong>omne</strong></span> <span class='ocrx_word' id='word_1_167' title='bbox 3449 678 3593 747; x_wconf 85' lang='lat' dir='ltr'><strong>quod</strong></span> 
     </span>
    </p>
   </div>
   <div class='ocr_carea' id='block_1_22' title="bbox 1992 753 3592 833">
    <p class='ocr_par' dir='ltr' id='par_1_22' title="bbox 1992 753 3592 833">
     <span class='ocr_line' id='line_1_22' title="bbox 1992 753 3592 833; baseline 0.012 -25"><span class='ocrx_word' id='word_1_168' title='bbox 1992 753 2134 810; x_wconf 89' lang='lat' dir='ltr'><strong>Deus</strong></span> <span class='ocrx_word' id='word_1_169' title='bbox 2177 765 2278 810; x_wconf 77' lang='lat' dir='ltr'><strong>est.</strong></span> <span class='ocrx_word' id='word_1_170' title='bbox 2323 755 2431 812; x_wconf 89' lang='lat' dir='ltr'><strong>Sed</strong></span> <span class='ocrx_word' id='word_1_171' title='bbox 2454 757 2705 828; x_wconf 88' lang='lat' dir='ltr'><strong>quoniam</strong></span> <span class='ocrx_word' id='word_1_172' title='bbox 2737 768 2861 817; x_wconf 91' lang='lat' dir='ltr'><strong>tunc</strong></span> <span class='ocrx_word' id='word_1_173' title='bbox 2889 765 3248 833; x_wconf 84' lang='lat' dir='ltr'><strong>cognoscibile</strong></span> <span class='ocrx_word' id='word_1_174' title='bbox 3287 776 3342 822; x_wconf 94' lang='lat' dir='ltr'><strong>et</strong></span> <span class='ocrx_word' id='word_1_175' title='bbox 3363 769 3592 826; x_wconf 89' lang='lat' dir='ltr'><strong>habetur</strong></span> 
     </span>
    </p>
   </div>
   <div class='ocr_carea' id='block_1_23' title="bbox 1991 847 3589 934">
    <p class='ocr_par' dir='ltr' id='par_1_23' title="bbox 1991 847 3589 934">
     <span class='ocr_line' id='line_1_23' title="bbox 1991 847 3589 934; baseline 0.012 -33"><span class='ocrx_word' id='word_1_176' title='bbox 1991 855 2046 901; x_wconf 88' lang='lat' dir='ltr'><strong>ct</strong></span> <span class='ocrx_word' id='word_1_177' title='bbox 2070 847 2284 914; x_wconf 87' lang='lat' dir='ltr'><strong>dicitur,</strong></span> <span class='ocrx_word' id='word_1_178' title='bbox 2314 864 2435 905; x_wconf 91' lang='lat' dir='ltr'><strong>cum</strong></span> <span class='ocrx_word' id='word_1_179' title='bbox 2463 860 2547 907; x_wconf 92' lang='lat' dir='ltr'><strong>est</strong></span> <span class='ocrx_word' id='word_1_180' title='bbox 2565 857 2942 924; x_wconf 84' lang='lat' dir='ltr'><strong>cegnoscentia</strong></span> <span class='ocrx_word' id='word_1_181' title='bbox 2975 875 2986 910; x_wconf 90' lang='lat'><strong>:</strong></span> <span class='ocrx_word' id='word_1_182' title='bbox 3017 859 3236 914; x_wconf 88' lang='lat' dir='ltr'><strong>relativa</strong></span> <span class='ocrx_word' id='word_1_183' title='bbox 3269 870 3397 917; x_wconf 91' lang='lat' dir='ltr'><strong>sunt</strong></span> <span class='ocrx_word' id='word_1_184' title='bbox 3422 865 3589 934; x_wconf 92' lang='lat' dir='ltr'><strong>enim,</strong></span> 
     </span>
    </p>
   </div>
   <div class='ocr_carea' id='block_1_24' title="bbox 1990 942 3594 1018">
    <p class='ocr_par' dir='ltr' id='par_1_24' title="bbox 1990 942 3594 1018">
     <span class='ocr_line' id='line_1_24' title="bbox 1990 942 3594 1018; baseline 0.012 -23"><span class='ocrx_word' id='word_1_185' title='bbox 1990 949 2045 996; x_wconf 89' lang='lat' dir='ltr'><strong>et</strong></span> <span class='ocrx_word' id='word_1_186' title='bbox 2085 956 2145 998; x_wconf 91' lang='lat' dir='ltr'><strong>se</strong></span> <span class='ocrx_word' id='word_1_187' title='bbox 2197 942 2427 999; x_wconf 81' lang='lat' dir='ltr'><strong>invicem</strong></span> <span class='ocrx_word' id='word_1_188' title='bbox 2473 953 2658 1002; x_wconf 87' lang='lat' dir='ltr'><strong>tenent</strong></span> <span class='ocrx_word' id='word_1_189' title='bbox 2688 958 2736 1002; x_wconf 91' lang='lat' dir='ltr'><strong>et</strong></span> <span class='ocrx_word' id='word_1_190' title='bbox 2769 948 3004 1018; x_wconf 88' lang='lat' dir='ltr'><strong>pariunt,</strong></span> <span class='ocrx_word' id='word_1_191' title='bbox 3035 961 3126 1006; x_wconf 85' lang='lat' dir='ltr'><strong>aut</strong></span> <span class='ocrx_word' id='word_1_192' title='bbox 3152 953 3378 1011; x_wconf 90' lang='lat' dir='ltr'><strong>invicem</strong></span> <span class='ocrx_word' id='word_1_193' title='bbox 3411 958 3594 1014; x_wconf 84' lang='lat' dir='ltr'><strong>interi-</strong></span> 
     </span>
    </p>
   </div>
   <div class='ocr_carea' id='block_1_25' title="bbox 1990 1035 3582 1120">
    <p class='ocr_par' dir='ltr' id='par_1_25' title="bbox 1990 1035 3582 1120">
     <span class='ocr_line' id='line_1_25' title="bbox 1990 1035 3582 1120; baseline 0.011 -34"><span class='ocrx_word' id='word_1_194' title='bbox 1990 1042 2144 1088; x_wconf 89' lang='lat' dir='ltr'><strong>mttnt</strong></span> <span class='ocrx_word' id='word_1_195' title='bbox 2168 1075 2182 1100; x_wconf 93' lang='lat'><strong>,</strong></span> <span class='ocrx_word' id='word_1_196' title='bbox 2225 1035 2460 1090; x_wconf 88' lang='lat' dir='ltr'><strong>nondum</strong></span> <span class='ocrx_word' id='word_1_197' title='bbox 2489 1039 2850 1108; x_wconf 83' lang='lat' dir='ltr'><strong>cognoscibilc</strong></span> <span class='ocrx_word' id='word_1_198' title='bbox 2882 1041 3008 1097; x_wconf 90' lang='lat' dir='ltr'><strong>illud</strong></span> <span class='ocrx_word' id='word_1_199' title='bbox 3038 1059 3143 1098; x_wconf 92' lang='lat' dir='ltr'><strong>non</strong></span> <span class='ocrx_word' id='word_1_200' title='bbox 3178 1045 3292 1110; x_wconf 85' lang='lat' dir='ltr'><strong>fuit,</strong></span> <span class='ocrx_word' id='word_1_201' title='bbox 3317 1049 3438 1120; x_wconf 87' lang='lat' dir='ltr'><strong>quia</strong></span> <span class='ocrx_word' id='word_1_202' title='bbox 3470 1066 3582 1104; x_wconf 89' lang='lat' dir='ltr'><strong>non</strong></span> 
     </span>
    </p>
   </div>
   <div class='ocr_carea' id='block_1_26' title="bbox 1990 1126 3591 1213">
    <p class='ocr_par' dir='ltr' id='par_1_26' title="bbox 1990 1126 3591 1213">
     <span class='ocr_line' id='line_1_26' title="bbox 1990 1126 3591 1213; baseline 0.011 -33"><span class='ocrx_word' id='word_1_203' title='bbox 1990 1126 2090 1182; x_wconf 81' lang='lat' dir='ltr'><strong>fuit</strong></span> <span class='ocrx_word' id='word_1_204' title='bbox 2117 1130 2517 1198; x_wconf 85' lang='lat' dir='ltr'><strong>coguoscentia.</strong></span> <span class='ocrx_word' id='word_1_205' title='bbox 2551 1130 2664 1188; x_wconf 88' lang='lat' dir='ltr'><strong>Non</strong></span> <span class='ocrx_word' id='word_1_206' title='bbox 2709 1149 2816 1204; x_wconf 91' lang='lat' dir='ltr'><strong>quo</strong></span> <span class='ocrx_word' id='word_1_207' title='bbox 2845 1149 2947 1189; x_wconf 91' lang='lat' dir='ltr'><strong>non</strong></span> <span class='ocrx_word' id='word_1_208' title='bbox 2979 1136 3076 1190; x_wconf 80' lang='lat' dir='ltr'><strong>fuit</strong></span> <span class='ocrx_word' id='word_1_209' title='bbox 3104 1137 3252 1208; x_wconf 83' lang='lat' dir='ltr'><strong>illud,</strong></span> <span class='ocrx_word' id='word_1_210' title='bbox 3290 1142 3431 1210; x_wconf 91' lang='lat' dir='ltr'><strong>quod</strong></span> <span class='ocrx_word' id='word_1_211' title='bbox 3463 1158 3591 1213; x_wconf 88' lang='lat' dir='ltr'><strong>cog-</strong></span> 
     </span>
    </p>
   </div>
   <div class='ocr_carea' id='block_1_27' title="bbox 1990 1222 3588 1304">
    <p class='ocr_par' dir='ltr' id='par_1_27' title="bbox 1990 1222 3588 1304">
     <span class='ocr_line' id='line_1_27' title="bbox 1990 1222 3588 1304; baseline 0.01 -29"><span class='ocrx_word' id='word_1_212' title='bbox 1990 1222 2248 1278; x_wconf 90' lang='lat' dir='ltr'><strong>noscibile</strong></span> <span class='ocrx_word' id='word_1_213' title='bbox 2264 1223 2366 1278; x_wconf 88' lang='lat' dir='ltr'><strong>sibi</strong></span> <span class='ocrx_word' id='word_1_214' title='bbox 2391 1223 2517 1280; x_wconf 80' lang='lat' dir='ltr'><strong>fecit</strong></span> <span class='ocrx_word' id='word_1_215' title='bbox 2536 1227 2912 1295; x_wconf 90' lang='lat' dir='ltr'><strong>cognoscentia</strong></span> <span class='ocrx_word' id='word_1_216' title='bbox 2933 1245 2947 1295; x_wconf 89' lang='lat'><strong>;</strong></span> <span class='ocrx_word' id='word_1_217' title='bbox 2968 1229 3061 1283; x_wconf 91' lang='lat' dir='ltr'><strong>sed</strong></span> <span class='ocrx_word' id='word_1_218' title='bbox 3088 1231 3213 1300; x_wconf 87' lang='lat' dir='ltr'><strong>quia</strong></span> <span class='ocrx_word' id='word_1_219' title='bbox 3237 1241 3353 1287; x_wconf 88' lang='lat' dir='ltr'><strong>erat</strong></span> <span class='ocrx_word' id='word_1_220' title='bbox 3373 1234 3588 1304; x_wconf 80' lang='lat' dir='ltr'><strong>quidem</strong></span> 
     </span>
    </p>
   </div>
   <div class='ocr_carea' id='block_1_28' title="bbox 1989 1318 3593 1400">
    <p class='ocr_par' dir='ltr' id='par_1_28' title="bbox 1989 1318 3593 1400">
     <span class='ocr_line' id='line_1_28' title="bbox 1989 1318 3593 1400; baseline 0.012 -31"><span class='ocrx_word' id='word_1_221' title='bbox 1989 1318 2134 1387; x_wconf 93' lang='lat' dir='ltr'><strong>quod</strong></span> <span class='ocrx_word' id='word_1_222' title='bbox 2160 1319 2518 1390; x_wconf 84' lang='lat' dir='ltr'><strong>cognoscibile</strong></span> <span class='ocrx_word' id='word_1_223' title='bbox 2565 1335 2686 1378; x_wconf 90' lang='lat' dir='ltr'><strong>esse</strong></span> <span class='ocrx_word' id='word_1_224' title='bbox 2730 1333 2930 1393; x_wconf 86' lang='lat' dir='ltr'><strong>posset,</strong></span> <span class='ocrx_word' id='word_1_225' title='bbox 2961 1341 3064 1379; x_wconf 90' lang='lat' dir='ltr'><strong>non</strong></span> <span class='ocrx_word' id='word_1_226' title='bbox 3093 1343 3200 1397; x_wconf 89' lang='lat' dir='ltr'><strong>quo</strong></span> <span class='ocrx_word' id='word_1_227' title='bbox 3230 1332 3593 1400; x_wconf 86' lang='lat' dir='ltr'><strong>coguoscibilc</strong></span> 
     </span>
    </p>
   </div>
   <div class='ocr_carea' id='block_1_29' title="bbox 1989 1413 3590 1497">
    <p class='ocr_par' dir='ltr' id='par_1_29' title="bbox 1989 1413 3590 1497">
     <span class='ocr_line' id='line_1_29' title="bbox 1989 1413 3590 1497; baseline 0.01 -31"><span class='ocrx_word' id='word_1_228' title='bbox 1989 1420 2167 1467; x_wconf 82' lang='lat' dir='ltr'><strong>esset:</strong></span> <span class='ocrx_word' id='word_1_229' title='bbox 2194 1413 2335 1482; x_wconf 90' lang='lat' dir='ltr'><strong>quod</strong></span> <span class='ocrx_word' id='word_1_230' title='bbox 2361 1423 2485 1469; x_wconf 86' lang='lat' dir='ltr'><strong>tunc</strong></span> <span class='ocrx_word' id='word_1_231' title='bbox 2525 1415 2582 1469; x_wconf 82' lang='lat' dir='ltr'><strong>lit</strong></span> <span class='ocrx_word' id='word_1_232' title='bbox 2618 1426 2674 1472; x_wconf 94' lang='lat' dir='ltr'><strong>et</strong></span> <span class='ocrx_word' id='word_1_233' title='bbox 2706 1419 2994 1488; x_wconf 86' lang='lat' dir='ltr'><strong>accipitur,</strong></span> <span class='ocrx_word' id='word_1_234' title='bbox 3027 1436 3146 1475; x_wconf 92' lang='lat' dir='ltr'><strong>cum</strong></span> <span class='ocrx_word' id='word_1_235' title='bbox 3181 1422 3590 1497; x_wconf 84' lang='lat' dir='ltr'><strong>adiutelligitur,</strong></span> 
     </span>
    </p>
   </div>
   <div class='ocr_carea' id='block_1_30' title="bbox 1989 1503 3598 1588">
    <p class='ocr_par' dir='ltr' id='par_1_30' title="bbox 1989 1503 3598 1588">
     <span class='ocr_line' id='line_1_30' title="bbox 1989 1503 3598 1588; baseline 0.011 -30"><span class='ocrx_word' id='word_1_236' title='bbox 1989 1504 2132 1575; x_wconf 90' lang='lat' dir='ltr'><strong>quod</strong></span> <span class='ocrx_word' id='word_1_237' title='bbox 2159 1513 2214 1559; x_wconf 89' lang='lat' dir='ltr'><strong>et</strong></span> <span class='ocrx_word' id='word_1_238' title='bbox 2255 1503 2604 1577; x_wconf 89' lang='lat' dir='ltr'><strong>intelligentia</strong></span> <span class='ocrx_word' id='word_1_239' title='bbox 2635 1524 2756 1565; x_wconf 90' lang='lat' dir='ltr'><strong>esse</strong></span> <span class='ocrx_word' id='word_1_240' title='bbox 2787 1511 2972 1580; x_wconf 86' lang='lat' dir='ltr'><strong>possit.</strong></span> <span class='ocrx_word' id='word_1_241' title='bbox 3002 1512 3111 1568; x_wconf 75' lang='lat' dir='ltr'><strong>I-Ioc</strong></span> <span class='ocrx_word' id='word_1_242' title='bbox 3140 1515 3300 1570; x_wconf 90' lang='lat' dir='ltr'><strong>modo</strong></span> <span class='ocrx_word' id='word_1_243' title='bbox 3343 1515 3505 1588; x_wconf 87' lang='lat' dir='ltr'><strong>igitur</strong></span> <span class='ocrx_word' id='word_1_244' title='bbox 3543 1527 3598 1575; x_wconf 91' lang='lat' dir='ltr'><strong>ct</strong></span> 
     </span>
    </p>
   </div>
   <div class='ocr_carea' id='block_1_31' title="bbox 1988 1596 3596 1681">
    <p class='ocr_par' dir='ltr' id='par_1_31' title="bbox 1988 1596 3596 1681">
     <span class='ocr_line' id='line_1_31' title="bbox 1988 1596 3596 1681; baseline 0.011 -29"><span class='ocrx_word' id='word_1_245' title='bbox 1988 1596 2042 1653; x_wconf 91' lang='lat' dir='ltr'><strong>in</strong></span> <span class='ocrx_word' id='word_1_246' title='bbox 2075 1599 2206 1666; x_wconf 91' lang='lat' dir='ltr'><strong>Deo,</strong></span> <span class='ocrx_word' id='word_1_247' title='bbox 2242 1609 2296 1654; x_wconf 87' lang='lat' dir='ltr'><strong>et</strong></span> <span class='ocrx_word' id='word_1_248' title='bbox 2335 1615 2456 1656; x_wconf 89' lang='lat' dir='ltr'><strong>esse</strong></span> <span class='ocrx_word' id='word_1_249' title='bbox 2483 1609 2710 1670; x_wconf 81' lang='lat' dir='ltr'><strong>poterat,</strong></span> <span class='ocrx_word' id='word_1_250' title='bbox 2737 1611 2791 1658; x_wconf 88' lang='lat' dir='ltr'><strong>et</strong></span> <span class='ocrx_word' id='word_1_251' title='bbox 2819 1614 2933 1660; x_wconf 90' lang='lat' dir='ltr'><strong>erat</strong></span> <span class='ocrx_word' id='word_1_252' title='bbox 2969 1620 3034 1662; x_wconf 88' lang='lat' dir='ltr'><strong>ex</strong></span> <span class='ocrx_word' id='word_1_253' title='bbox 3067 1606 3168 1662; x_wconf 87' lang='lat' dir='ltr'><strong>hoc</strong></span> <span class='ocrx_word' id='word_1_254' title='bbox 3195 1612 3596 1681; x_wconf 85' lang='lat' dir='ltr'><strong>cognoscibile;</strong></span> 
     </span>
    </p>
   </div>
   <div class='ocr_carea' id='block_1_32' title="bbox 1988 1690 3521 1772">
    <p class='ocr_par' dir='ltr' id='par_1_32' title="bbox 1988 1690 3521 1772">
     <span class='ocr_line' id='line_1_32' title="bbox 1988 1690 3521 1772; baseline 0.01 -27"><span class='ocrx_word' id='word_1_255' title='bbox 1988 1690 2112 1762; x_wconf 89' lang='lat' dir='ltr'><strong>quia</strong></span> <span class='ocrx_word' id='word_1_256' title='bbox 2160 1703 2212 1747; x_wconf 91' lang='lat' dir='ltr'><strong>et</strong></span> <span class='ocrx_word' id='word_1_257' title='bbox 2256 1706 2376 1748; x_wconf 91' lang='lat' dir='ltr'><strong>esse</strong></span> <span class='ocrx_word' id='word_1_258' title='bbox 2416 1701 2659 1763; x_wconf 85' lang='lat' dir='ltr'><strong>poterat,</strong></span> <span class='ocrx_word' id='word_1_259' title='bbox 2698 1711 2765 1752; x_wconf 84' lang='lat' dir='ltr'><strong>ex</strong></span> <span class='ocrx_word' id='word_1_260' title='bbox 2815 1698 2918 1752; x_wconf 86' lang='lat' dir='ltr'><strong>hoc</strong></span> <span class='ocrx_word' id='word_1_261' title='bbox 2965 1709 3080 1754; x_wconf 90' lang='lat' dir='ltr'><strong>erat</strong></span> <span class='ocrx_word' id='word_1_262' title='bbox 3122 1705 3521 1772; x_wconf 88' lang='lat' dir='ltr'><strong>coguoscentia.</strong></span> 
     </span>
    </p>
   </div>
   <div class='ocr_carea' id='block_1_33' title="bbox 285 1778 3597 1867">
    <p class='ocr_par' dir='ltr' id='par_1_33' title="bbox 285 1778 3597 1867">
     <span class='ocr_line' id='line_1_33' title="bbox 285 1778 3597 1867; baseline 0.004 -25"><span class='ocrx_word' id='word_1_263' title='bbox 285 1795 370 1842; x_wconf 91' lang='lat' dir='ltr'><strong>est</strong></span> <span class='ocrx_word' id='word_1_264' title='bbox 399 1804 410 1839; x_wconf 91' lang='lat'>:</span> <span class='ocrx_word' id='word_1_265' title='bbox 445 1783 570 1857; x_wconf 85' lang='lat' dir='ltr'><strong>quia</strong></span> <span class='ocrx_word' id='word_1_266' title='bbox 591 1795 645 1842; x_wconf 89' lang='lat' dir='ltr'><strong>et</strong></span> <span class='ocrx_word' id='word_1_267' title='bbox 676 1787 915 1840; x_wconf 91' lang='lat' dir='ltr'><strong>omnium</strong></span> <span class='ocrx_word' id='word_1_268' title='bbox 940 1799 1129 1840; x_wconf 90' lang='lat' dir='ltr'><strong>caussa</strong></span> <span class='ocrx_word' id='word_1_269' title='bbox 1152 1793 1234 1839; x_wconf 91' lang='lat' dir='ltr'><strong>est</strong></span> <span class='ocrx_word' id='word_1_270' title='bbox 1262 1795 1422 1855; x_wconf 88' lang='lat' dir='ltr'><strong>atque</strong></span> <span class='ocrx_word' id='word_1_271' title='bbox 1452 1783 1794 1854; x_wconf 85' lang='lat' dir='ltr'><strong>principium,</strong></span> <span class='ocrx_word' id='word_1_272' title='bbox 1827 1790 1882 1838; x_wconf 90' lang='lat' dir='ltr'><strong>et</strong></span> <span class='ocrx_word' id='word_1_273' title='bbox 1909 1778 1960 1840; x_wconf 89' lang='lat' dir='ltr'><strong>B</strong></span> <span class='ocrx_word' id='word_1_274' title='bbox 2064 1783 2254 1840; x_wconf 81' lang='lat' dir='ltr'><strong>XXIV.</strong></span> <span class='ocrx_word' id='word_1_275' title='bbox 2299 1786 2436 1852; x_wconf 86' lang='lat' dir='ltr'><strong>Quid</strong></span> <span class='ocrx_word' id='word_1_276' title='bbox 2483 1803 2613 1858; x_wconf 89' lang='lat' dir='ltr'><strong>ergo</strong></span> <span class='ocrx_word' id='word_1_277' title='bbox 2642 1805 2706 1844; x_wconf 87' lang='lat' dir='ltr'><strong>ex</strong></span> <span class='ocrx_word' id='word_1_278' title='bbox 2737 1788 2858 1845; x_wconf 79' lang='lat' dir='ltr'><strong>liis?</strong></span> <span class='ocrx_word' id='word_1_279' title='bbox 2887 1791 3150 1858; x_wconf 92' lang='lat' dir='ltr'><strong>Quoniam</strong></span> <span class='ocrx_word' id='word_1_280' title='bbox 3173 1785 3226 1848; x_wconf 63' lang='lat' dir='ltr'><strong>si</strong></span> <span class='ocrx_word' id='word_1_281' title='bbox 3260 1795 3372 1851; x_wconf 83' lang='lat' dir='ltr'><strong>haec</strong></span> <span class='ocrx_word' id='word_1_282' title='bbox 3413 1806 3597 1867; x_wconf 87' lang='lat' dir='ltr'><strong>postea</strong></span> 
     </span>
    </p>
   </div>
   <div class='ocr_carea' id='block_1_34' title="bbox 288 1876 1897 1947">
    <p class='ocr_par' dir='ltr' id='par_1_34' title="bbox 288 1876 1897 1947">
     <span class='ocr_line' id='line_1_34' title="bbox 288 1876 1897 1947; baseline -0.003 -12"><span class='ocrx_word' id='word_1_283' title='bbox 288 1879 342 1936; x_wconf 92' lang='lat' dir='ltr'><strong>in</strong></span> <span class='ocrx_word' id='word_1_284' title='bbox 365 1879 617 1935; x_wconf 90' lang='lat' dir='ltr'><strong>omnibus</strong></span> <span class='ocrx_word' id='word_1_285' title='bbox 646 1879 849 1934; x_wconf 89' lang='lat' dir='ltr'><strong>omnia.</strong></span> <span class='ocrx_word' id='word_1_286' title='bbox 883 1878 1013 1947; x_wconf 63' lang='lat' dir='ltr'><strong>Quae</strong></span> <span class='ocrx_word' id='word_1_287' title='bbox 1043 1893 1165 1933; x_wconf 91' lang='lat' dir='ltr'><strong>cum</strong></span> <span class='ocrx_word' id='word_1_288' title='bbox 1211 1877 1280 1932; x_wconf 87' lang='lat' dir='ltr'><strong>ita</strong></span> <span class='ocrx_word' id='word_1_289' title='bbox 1310 1888 1456 1943; x_wconf 89' lang='lat' dir='ltr'><strong>sunt,</strong></span> <span class='ocrx_word' id='word_1_290' title='bbox 1488 1876 1592 1933; x_wconf 84' lang='lat' dir='ltr'><strong>erit</strong></span> <span class='ocrx_word' id='word_1_291' title='bbox 1619 1877 1758 1930; x_wconf 89' lang='lat' dir='ltr'><strong>Deus</strong></span> <span class='ocrx_word' id='word_1_292' title='bbox 1780 1890 1897 1930; x_wconf 90' lang='lat' dir='ltr'><strong>om-</strong></span> 
     </span>
    </p>
   </div>
   <div class='ocr_carea' id='block_1_35' title="bbox 286 1967 1894 2040">
    <p class='ocr_par' dir='ltr' id='par_1_35' title="bbox 286 1967 1894 2040">
     <span class='ocr_line' id='line_1_35' title="bbox 286 1967 1894 2040; baseline -0.002 -14"><span class='ocrx_word' id='word_1_293' title='bbox 286 1970 398 2040; x_wconf 92' lang='lat' dir='ltr'><strong>nia,</strong></span> <span class='ocrx_word' id='word_1_294' title='bbox 431 1971 692 2036; x_wconf 84' lang='lat' dir='ltr'><strong>existens,</strong></span> <span class='ocrx_word' id='word_1_295' title='bbox 725 1971 1082 2037; x_wconf 87' lang='lat' dir='ltr'><strong>omnivivens,</strong></span> <span class='ocrx_word' id='word_1_296' title='bbox 1114 1970 1472 2038; x_wconf 85' lang='lat' dir='ltr'><strong>omnividens,</strong></span> <span class='ocrx_word' id='word_1_297' title='bbox 1500 1979 1553 2025; x_wconf 93' lang='lat' dir='ltr'><strong>et</strong></span> <span class='ocrx_word' id='word_1_298' title='bbox 1579 1967 1894 2025; x_wconf 88' lang='lat' dir='ltr'><strong>omniintel-</strong></span> 
     </span>
    </p>
   </div>
   <div class='ocr_carea' id='block_1_36' title="bbox 286 2065 1896 2139">
    <p class='ocr_par' dir='ltr' id='par_1_36' title="bbox 286 2065 1896 2139">
     <span class='ocr_line' id='line_1_36' title="bbox 286 2065 1896 2139; baseline -0.001 -17"><span class='ocrx_word' id='word_1_299' title='bbox 286 2067 478 2138; x_wconf 79' lang='lat' dir='ltr'><strong>ligens.</strong></span> <span class='ocrx_word' id='word_1_300' title='bbox 522 2067 592 2122; x_wconf 87' lang='lat' dir='ltr'><strong>Et</strong></span> <span class='ocrx_word' id='word_1_301' title='bbox 629 2067 888 2139; x_wconf 89' lang='lat' dir='ltr'><strong>quoniam</strong></span> <span class='ocrx_word' id='word_1_302' title='bbox 938 2067 1191 2134; x_wconf 77' lang='lat' dir='ltr'><strong>diximus,</strong></span> <span class='ocrx_word' id='word_1_303' title='bbox 1235 2065 1426 2122; x_wconf 83' lang='lat' dir='ltr'><strong>conﬁci</strong></span> <span class='ocrx_word' id='word_1_304' title='bbox 1458 2065 1526 2120; x_wconf 89' lang='lat' dir='ltr'><strong>ab</strong></span> <span class='ocrx_word' id='word_1_305' title='bbox 1559 2075 1678 2120; x_wconf 91' lang='lat' dir='ltr'><strong>actu</strong></span> <span class='ocrx_word' id='word_1_306' title='bbox 1709 2075 1896 2135; x_wconf 84' lang='lat' dir='ltr'><strong>poten-</strong></span> 
     </span>
    </p>
   </div>
   <div class='ocr_carea' id='block_1_37' title="bbox 286 2158 1894 2232">
    <p class='ocr_par' dir='ltr' id='par_1_37' title="bbox 286 2158 1894 2232">
     <span class='ocr_line' id='line_1_37' title="bbox 286 2158 1894 2232; baseline -0.003 -16"><span class='ocrx_word' id='word_1_307' title='bbox 286 2159 416 2216; x_wconf 87' lang='lat' dir='ltr'><strong>tiam</strong></span> <span class='ocrx_word' id='word_1_308' title='bbox 449 2176 464 2213; x_wconf 90' lang='lat'><strong>:</strong></span> <span class='ocrx_word' id='word_1_309' title='bbox 498 2159 577 2216; x_wconf 91' lang='lat' dir='ltr'><strong>sic</strong></span> <span class='ocrx_word' id='word_1_310' title='bbox 604 2161 748 2216; x_wconf 91' lang='lat' dir='ltr'><strong>enim</strong></span> <span class='ocrx_word' id='word_1_311' title='bbox 777 2176 837 2217; x_wconf 91' lang='lat' dir='ltr'><strong>se</strong></span> <span class='ocrx_word' id='word_1_312' title='bbox 859 2162 1031 2232; x_wconf 89' lang='lat' dir='ltr'><strong>prima</strong></span> <span class='ocrx_word' id='word_1_313' title='bbox 1064 2160 1295 2224; x_wconf 86' lang='lat' dir='ltr'><strong>habent,</strong></span> <span class='ocrx_word' id='word_1_314' title='bbox 1325 2169 1384 2215; x_wconf 91' lang='lat' dir='ltr'><strong>ut</strong></span> <span class='ocrx_word' id='word_1_315' title='bbox 1408 2174 1529 2215; x_wconf 91' lang='lat' dir='ltr'><strong>cum</strong></span> <span class='ocrx_word' id='word_1_316' title='bbox 1559 2159 1668 2214; x_wconf 93' lang='lat' dir='ltr'><strong>sint</strong></span> <span class='ocrx_word' id='word_1_317' title='bbox 1715 2158 1894 2214; x_wconf 91' lang='lat' dir='ltr'><strong>omnia</strong></span> 
     </span>
    </p>
   </div>
   <div class='ocr_carea' id='block_1_38' title="bbox 287 2245 1895 2325">
    <p class='ocr_par' dir='ltr' id='par_1_38' title="bbox 287 2245 1895 2325">
     <span class='ocr_line' id='line_1_38' title="bbox 287 2245 1895 2325; baseline -0.002 -16"><span class='ocrx_word' id='word_1_318' title='bbox 287 2269 317 2309; x_wconf 91' lang='lat' dir='ltr'><strong>a</strong></span> <span class='ocrx_word' id='word_1_319' title='bbox 343 2245 524 2310; x_wconf 73' lang='lat' dir='ltr'><strong>divina</strong></span> <span class='ocrx_word' id='word_1_320' title='bbox 551 2254 789 2325; x_wconf 87' lang='lat' dir='ltr'><strong>energia,</strong></span> <span class='ocrx_word' id='word_1_321' title='bbox 820 2253 870 2308; x_wconf 92' lang='lat' dir='ltr'><strong>id</strong></span> <span class='ocrx_word' id='word_1_322' title='bbox 901 2263 986 2309; x_wconf 91' lang='lat' dir='ltr'><strong>est</strong></span> <span class='ocrx_word' id='word_1_323' title='bbox 1013 2266 1185 2321; x_wconf 90' lang='lat' dir='ltr'><strong>actus,</strong></span> <span class='ocrx_word' id='word_1_324' title='bbox 1217 2262 1271 2308; x_wconf 93' lang='lat' dir='ltr'><strong>et</strong></span> <span class='ocrx_word' id='word_1_325' title='bbox 1297 2250 1674 2322; x_wconf 86' lang='lat' dir='ltr'><strong>operationes;</strong></span> <span class='ocrx_word' id='word_1_326' title='bbox 1709 2265 1895 2306; x_wconf 90' lang='lat' dir='ltr'><strong>neces-</strong></span> 
     </span>
    </p>
   </div>
   <div class='ocr_carea' id='block_1_39' title="bbox 288 2345 1889 2417">
    <p class='ocr_par' dir='ltr' id='par_1_39' title="bbox 288 2345 1889 2417">
     <span class='ocr_line' id='line_1_39' title="bbox 288 2345 1889 2417; baseline -0.001 -15"><span class='ocrx_word' id='word_1_327' title='bbox 288 2347 488 2402; x_wconf 88' lang='lat' dir='ltr'><strong>sarium</strong></span> <span class='ocrx_word' id='word_1_328' title='bbox 513 2356 617 2415; x_wconf 87' lang='lat' dir='ltr'><strong>est,</strong></span> <span class='ocrx_word' id='word_1_329' title='bbox 665 2357 775 2403; x_wconf 90' lang='lat' dir='ltr'><strong>uta</strong></span> <span class='ocrx_word' id='word_1_330' title='bbox 806 2347 917 2403; x_wconf 90' lang='lat' dir='ltr'><strong>Deo</strong></span> <span class='ocrx_word' id='word_1_331' title='bbox 945 2346 1209 2417; x_wconf 84' lang='lat' dir='ltr'><strong>principio</strong></span> <span class='ocrx_word' id='word_1_332' title='bbox 1235 2347 1476 2402; x_wconf 90' lang='lat' dir='ltr'><strong>omnium</strong></span> <span class='ocrx_word' id='word_1_333' title='bbox 1509 2345 1889 2414; x_wconf 90' lang='lat' dir='ltr'><strong>potentiarum,</strong></span> 
     </span>
    </p>
   </div>
   <div class='ocr_carea' id='block_1_40' title="bbox 289 2441 1890 2512">
    <p class='ocr_par' dir='ltr' id='par_1_40' title="bbox 289 2441 1890 2512">
     <span class='ocr_line' id='line_1_40' title="bbox 289 2441 1890 2512; baseline -0.003 -13"><span class='ocrx_word' id='word_1_334' title='bbox 289 2441 666 2499; x_wconf 89' lang='lat' dir='ltr'><strong>universalitcr</strong></span> <span class='ocrx_word' id='word_1_335' title='bbox 727 2441 1106 2498; x_wconf 83' lang='lat' dir='ltr'><strong>universalium</strong></span> <span class='ocrx_word' id='word_1_336' title='bbox 1152 2441 1273 2496; x_wconf 65' lang='lat' dir='ltr'><strong>hius</strong></span> <span class='ocrx_word' id='word_1_337' title='bbox 1314 2451 1369 2497; x_wconf 94' lang='lat' dir='ltr'><strong>et</strong></span> <span class='ocrx_word' id='word_1_338' title='bbox 1414 2441 1567 2512; x_wconf 80' lang='lat' dir='ltr'><strong>origo</strong></span> <span class='ocrx_word' id='word_1_339' title='bbox 1619 2450 1890 2496; x_wconf 90' lang='lat' dir='ltr'><strong>nascatur.</strong></span> 
     </span>
    </p>
   </div>
   <div class='ocr_carea' id='block_1_41' title="bbox 290 2531 1894 2606">
    <p class='ocr_par' dir='ltr' id='par_1_41' title="bbox 290 2531 1894 2606">
     <span class='ocr_line' id='line_1_41' title="bbox 290 2531 1894 2606; baseline -0.004 -15"><span class='ocrx_word' id='word_1_340' title='bbox 290 2535 397 2592; x_wconf 90' lang='lat' dir='ltr'><strong>Iste</strong></span> <span class='ocrx_word' id='word_1_341' title='bbox 424 2549 656 2606; x_wconf 90' lang='lat' dir='ltr'><strong>namque</strong></span> <span class='ocrx_word' id='word_1_342' title='bbox 678 2550 879 2595; x_wconf 87' lang='lat' dir='ltr'><strong>rerum</strong></span> <span class='ocrx_word' id='word_1_343' title='bbox 902 2547 1222 2606; x_wconf 84' lang='lat' dir='ltr'><strong>progressus</strong></span> <span class='ocrx_word' id='word_1_344' title='bbox 1249 2542 1331 2590; x_wconf 91' lang='lat' dir='ltr'><strong>est</strong></span> <span class='ocrx_word' id='word_1_345' title='bbox 1357 2574 1372 2599; x_wconf 95' lang='lat'><strong>,</strong></span> <span class='ocrx_word' id='word_1_346' title='bbox 1421 2542 1480 2586; x_wconf 93' lang='lat' dir='ltr'><strong>ut</strong></span> <span class='ocrx_word' id='word_1_347' title='bbox 1511 2547 1633 2587; x_wconf 92' lang='lat' dir='ltr'><strong>cum</strong></span> <span class='ocrx_word' id='word_1_348' title='bbox 1662 2531 1840 2586; x_wconf 85' lang='lat' dir='ltr'><strong>omnia</strong></span> <span class='ocrx_word' id='word_1_349' title='bbox 1864 2545 1894 2584; x_wconf 91' lang='lat' dir='ltr'><strong>a</strong></span> 
     </span>
    </p>
   </div>
   <div class='ocr_carea' id='block_1_42' title="bbox 289 2623 1897 2700">
    <p class='ocr_par' dir='ltr' id='par_1_42' title="bbox 289 2623 1897 2700">
     <span class='ocr_line' id='line_1_42' title="bbox 289 2623 1897 2700; baseline -0.004 -16"><span class='ocrx_word' id='word_1_350' title='bbox 289 2627 422 2696; x_wconf 88' lang='lat' dir='ltr'><strong>Deo,</strong></span> <span class='ocrx_word' id='word_1_351' title='bbox 454 2627 710 2700; x_wconf 63' lang='lat' dir='ltr'><strong>potentiae</strong></span> <span class='ocrx_word' id='word_1_352' title='bbox 733 2637 790 2685; x_wconf 92' lang='lat' dir='ltr'><strong>et</strong></span> <span class='ocrx_word' id='word_1_353' title='bbox 815 2638 968 2684; x_wconf 91' lang='lat' dir='ltr'><strong>actus</strong></span> <span class='ocrx_word' id='word_1_354' title='bbox 1001 2644 1029 2681; x_wconf 85' lang='lat' dir='ltr'><strong>a</strong></span> <span class='ocrx_word' id='word_1_355' title='bbox 1062 2627 1193 2693; x_wconf 89' lang='lat' dir='ltr'><strong>Deo,</strong></span> <span class='ocrx_word' id='word_1_356' title='bbox 1241 2624 1335 2697; x_wconf 90' lang='lat' dir='ltr'><strong>qui</strong></span> <span class='ocrx_word' id='word_1_357' title='bbox 1359 2639 1518 2694; x_wconf 88' lang='lat' dir='ltr'><strong>supra</strong></span> <span class='ocrx_word' id='word_1_358' title='bbox 1548 2623 1817 2695; x_wconf 88' lang='lat' dir='ltr'><strong>potentias</strong></span> <span class='ocrx_word' id='word_1_359' title='bbox 1841 2630 1897 2678; x_wconf 88' lang='lat' dir='ltr'><strong>et</strong></span> 
     </span>
    </p>
   </div>
   <div class='ocr_carea' id='block_1_43' title="bbox 291 2717 1507 2792">
    <p class='ocr_par' dir='ltr' id='par_1_43' title="bbox 291 2717 1507 2792">
     <span class='ocr_line' id='line_1_43' title="bbox 291 2717 1507 2792; baseline -0.007 -13"><span class='ocrx_word' id='word_1_360' title='bbox 291 2731 441 2779; x_wconf 90' lang='lat' dir='ltr'><strong>actus</strong></span> <span class='ocrx_word' id='word_1_361' title='bbox 461 2721 745 2792; x_wconf 85' lang='lat' dir='ltr'><strong>accipitur,</strong></span> <span class='ocrx_word' id='word_1_362' title='bbox 770 2731 887 2778; x_wconf 90' lang='lat' dir='ltr'><strong>orta</strong></span> <span class='ocrx_word' id='word_1_363' title='bbox 911 2722 1026 2777; x_wconf 72' lang='lat' dir='ltr'><strong>haec</strong></span> <span class='ocrx_word' id='word_1_364' title='bbox 1051 2735 1173 2777; x_wconf 91' lang='lat' dir='ltr'><strong>esse</strong></span> <span class='ocrx_word' id='word_1_365' title='bbox 1198 2717 1507 2775; x_wconf 87' lang='lat' dir='ltr'><strong>credantur.</strong></span> 
     </span>
    </p>
   </div>
   <div class='ocr_carea' id='block_1_44' title="bbox 368 2817 1894 2876">
    <p class='ocr_par' dir='ltr' id='par_1_44' title="bbox 368 2817 1894 2876">
     <span class='ocr_line' id='line_1_44' title="bbox 368 2817 1894 2876; baseline -0.004 -2"><span class='ocrx_word' id='word_1_366' title='bbox 368 2818 557 2876; x_wconf 81' lang='lat' dir='ltr'><strong>XXIII.</strong></span> <span class='ocrx_word' id='word_1_367' title='bbox 599 2818 797 2875; x_wconf 81' lang='lat' dir='ltr'><strong>Verum</strong></span> <span class='ocrx_word' id='word_1_368' title='bbox 823 2833 947 2874; x_wconf 91' lang='lat' dir='ltr'><strong>cum</strong></span> <span class='ocrx_word' id='word_1_369' title='bbox 977 2835 1007 2874; x_wconf 93' lang='lat' dir='ltr'><strong>a</strong></span> <span class='ocrx_word' id='word_1_370' title='bbox 1038 2817 1192 2875; x_wconf 91' lang='lat' dir='ltr'><strong>nobis</strong></span> <span class='ocrx_word' id='word_1_371' title='bbox 1215 2817 1419 2874; x_wconf 90' lang='lat' dir='ltr'><strong>dictum</strong></span> <span class='ocrx_word' id='word_1_372' title='bbox 1434 2818 1504 2872; x_wconf 90' lang='lat' dir='ltr'><strong>sit</strong></span> <span class='ocrx_word' id='word_1_373' title='bbox 1523 2817 1694 2872; x_wconf 91' lang='lat' dir='ltr'><strong>Deum</strong></span> <span class='ocrx_word' id='word_1_374' title='bbox 1715 2823 1894 2871; x_wconf 92' lang='lat' dir='ltr'><strong>actum</strong></span> 
     </span>
    </p>
   </div>
   <div class='ocr_carea' id='block_1_45' title="bbox 292 2908 1896 2989">
    <p class='ocr_par' dir='ltr' id='par_1_45' title="bbox 292 2908 1896 2989">
     <span class='ocr_line' id='line_1_45' title="bbox 292 2908 1896 2989; baseline -0.005 -17"><span class='ocrx_word' id='word_1_375' title='bbox 292 2915 578 2989; x_wconf 91' lang='lat' dir='ltr'><strong>quemdam</strong></span> <span class='ocrx_word' id='word_1_376' title='bbox 606 2930 748 2982; x_wconf 90' lang='lat' dir='ltr'><strong>esse,</strong></span> <span class='ocrx_word' id='word_1_377' title='bbox 771 2915 913 2986; x_wconf 90' lang='lat' dir='ltr'><strong>quod</strong></span> <span class='ocrx_word' id='word_1_378' title='bbox 932 2924 1015 2970; x_wconf 90' lang='lat' dir='ltr'><strong>est</strong></span> <span class='ocrx_word' id='word_1_379' title='bbox 1045 2913 1246 2979; x_wconf 89' lang='lat' dir='ltr'><strong>vivere,</strong></span> <span class='ocrx_word' id='word_1_380' title='bbox 1279 2912 1374 2970; x_wconf 87' lang='lat' dir='ltr'><strong>sed</strong></span> <span class='ocrx_word' id='word_1_381' title='bbox 1409 2913 1511 2968; x_wconf 87' lang='lat' dir='ltr'><strong>hoc</strong></span> <span class='ocrx_word' id='word_1_382' title='bbox 1541 2912 1724 2967; x_wconf 83' lang='lat' dir='ltr'><strong>vivere</strong></span> <span class='ocrx_word' id='word_1_383' title='bbox 1751 2908 1896 2981; x_wconf 91' lang='lat' dir='ltr'><strong>quod</strong></span> 
     </span>
    </p>
   </div>
   <div class='ocr_carea' id='block_1_46' title="bbox 295 3004 1894 3080">
    <p class='ocr_par' dir='ltr' id='par_1_46' title="bbox 295 3004 1894 3080">
     <span class='ocr_line' id='line_1_46' title="bbox 295 3004 1894 3080; baseline -0.006 -13"><span class='ocrx_word' id='word_1_384' title='bbox 295 3025 458 3080; x_wconf 89' lang='lat' dir='ltr'><strong>supra</strong></span> <span class='ocrx_word' id='word_1_385' title='bbox 489 3024 651 3064; x_wconf 90' lang='lat' dir='ltr'><strong>omne</strong></span> <span class='ocrx_word' id='word_1_386' title='bbox 672 3017 754 3064; x_wconf 84' lang='lat' dir='ltr'><strong>est</strong></span> <span class='ocrx_word' id='word_1_387' title='bbox 779 3006 983 3075; x_wconf 74' lang='lat' dir='ltr'><strong>vivere,</strong></span> <span class='ocrx_word' id='word_1_388' title='bbox 1015 3016 1068 3063; x_wconf 91' lang='lat' dir='ltr'><strong>et</strong></span> <span class='ocrx_word' id='word_1_389' title='bbox 1093 3022 1158 3063; x_wconf 79' lang='lat' dir='ltr'><strong>ex</strong></span> <span class='ocrx_word' id='word_1_390' title='bbox 1187 3014 1413 3073; x_wconf 76' lang='lat' dir='ltr'><strong>:eterno,</strong></span> <span class='ocrx_word' id='word_1_391' title='bbox 1458 3015 1620 3076; x_wconf 90' lang='lat' dir='ltr'><strong>atque</strong></span> <span class='ocrx_word' id='word_1_392' title='bbox 1647 3004 1700 3059; x_wconf 93' lang='lat' dir='ltr'><strong>in</strong></span> <span class='ocrx_word' id='word_1_393' title='bbox 1733 3013 1894 3058; x_wconf 81' lang='lat' dir='ltr'><strong>:eter-</strong></span> 
     </span>
    </p>
   </div>
   <div class='ocr_carea' id='block_1_47' title="bbox 296 3096 1896 3170">
    <p class='ocr_par' dir='ltr' id='par_1_47' title="bbox 296 3096 1896 3170">
     <span class='ocr_line' id='line_1_47' title="bbox 296 3096 1896 3170; baseline -0.006 -10"><span class='ocrx_word' id='word_1_394' title='bbox 296 3120 448 3170; x_wconf 89' lang='lat' dir='ltr'><strong>num,</strong></span> <span class='ocrx_word' id='word_1_395' title='bbox 479 3101 667 3158; x_wconf 86' lang='lat' dir='ltr'><strong>vivere</strong></span> <span class='ocrx_word' id='word_1_396' title='bbox 691 3101 852 3157; x_wconf 90' lang='lat' dir='ltr'><strong>simul</strong></span> <span class='ocrx_word' id='word_1_397' title='bbox 872 3100 1150 3157; x_wconf 92' lang='lat' dir='ltr'><strong>intellectu</strong></span> <span class='ocrx_word' id='word_1_398' title='bbox 1179 3099 1437 3170; x_wconf 91' lang='lat' dir='ltr'><strong>acceptis,</strong></span> <span class='ocrx_word' id='word_1_399' title='bbox 1466 3107 1521 3155; x_wconf 90' lang='lat' dir='ltr'><strong>et</strong></span> <span class='ocrx_word' id='word_1_400' title='bbox 1548 3113 1613 3154; x_wconf 93' lang='lat' dir='ltr'><strong>eo</strong></span> <span class='ocrx_word' id='word_1_401' title='bbox 1639 3096 1781 3169; x_wconf 91' lang='lat' dir='ltr'><strong>quod</strong></span> <span class='ocrx_word' id='word_1_402' title='bbox 1813 3105 1896 3152; x_wconf 88' lang='lat' dir='ltr'><strong>est</strong></span> 
     </span>
    </p>
   </div>
   <div class='ocr_carea' id='block_1_48' title="bbox 1999 1878 3600 1959">
    <p class='ocr_par' dir='ltr' id='par_1_48' title="bbox 1999 1878 3600 1959">
     <span class='ocr_line' id='line_1_48' title="bbox 1999 1878 3600 1959; baseline 0.009 -26"><span class='ocrx_word' id='word_1_403' title='bbox 1999 1887 2122 1933; x_wconf 92' lang='lat' dir='ltr'><strong>nata</strong></span> <span class='ocrx_word' id='word_1_404' title='bbox 2147 1889 2291 1947; x_wconf 92' lang='lat' dir='ltr'><strong>sunt,</strong></span> <span class='ocrx_word' id='word_1_405' title='bbox 2322 1878 2540 1936; x_wconf 79' lang='lat' dir='ltr'><strong>fuerunt</strong></span> <span class='ocrx_word' id='word_1_406' title='bbox 2562 1881 2615 1936; x_wconf 92' lang='lat' dir='ltr'><strong>in</strong></span> <span class='ocrx_word' id='word_1_407' title='bbox 2647 1881 2757 1936; x_wconf 92' lang='lat' dir='ltr'><strong>Deo</strong></span> <span class='ocrx_word' id='word_1_408' title='bbox 2811 1905 2824 1939; x_wconf 87' lang='lat'><strong>:</strong></span> <span class='ocrx_word' id='word_1_409' title='bbox 2876 1892 2931 1939; x_wconf 91' lang='lat' dir='ltr'><strong>et</strong></span> <span class='ocrx_word' id='word_1_410' title='bbox 2959 1884 3006 1938; x_wconf 88' lang='lat' dir='ltr'><strong>si</strong></span> <span class='ocrx_word' id='word_1_411' title='bbox 3040 1884 3274 1952; x_wconf 82' lang='lat' dir='ltr'><strong>fuerunt,</strong></span> <span class='ocrx_word' id='word_1_412' title='bbox 3307 1888 3434 1959; x_wconf 91' lang='lat' dir='ltr'><strong>quia</strong></span> <span class='ocrx_word' id='word_1_413' title='bbox 3462 1891 3600 1948; x_wconf 91' lang='lat' dir='ltr'><strong>Deus</strong></span> 
     </span>
    </p>
   </div>
   <div class='ocr_carea' id='block_1_49' title="bbox 1998 1971 3600 2046">
    <p class='ocr_par' dir='ltr' id='par_1_49' title="bbox 1998 1971 3600 2046">
     <span class='ocr_line' id='line_1_49' title="bbox 1998 1971 3600 2046; baseline 0.009 -21"><span class='ocrx_word' id='word_1_414' title='bbox 1998 1987 2162 2026; x_wconf 89' lang='lat' dir='ltr'><strong>unum</strong></span> <span class='ocrx_word' id='word_1_415' title='bbox 2188 2014 2202 2038; x_wconf 95' lang='lat'><strong>,</strong></span> <span class='ocrx_word' id='word_1_416' title='bbox 2246 1980 2299 2027; x_wconf 92' lang='lat' dir='ltr'><strong>et</strong></span> <span class='ocrx_word' id='word_1_417' title='bbox 2326 1971 2427 2027; x_wconf 86' lang='lat' dir='ltr'><strong>ista</strong></span> <span class='ocrx_word' id='word_1_418' title='bbox 2453 1990 2614 2028; x_wconf 90' lang='lat' dir='ltr'><strong>unum</strong></span> <span class='ocrx_word' id='word_1_419' title='bbox 2635 2017 2648 2041; x_wconf 97' lang='lat'><strong>,</strong></span> <span class='ocrx_word' id='word_1_420' title='bbox 2697 1982 2753 2030; x_wconf 90' lang='lat' dir='ltr'><strong>et</strong></span> <span class='ocrx_word' id='word_1_421' title='bbox 2776 1974 2828 2030; x_wconf 90' lang='lat' dir='ltr'><strong>id</strong></span> <span class='ocrx_word' id='word_1_422' title='bbox 2857 1977 3001 2046; x_wconf 90' lang='lat' dir='ltr'><strong>quod</strong></span> <span class='ocrx_word' id='word_1_423' title='bbox 3032 1979 3193 2045; x_wconf 88' lang='lat' dir='ltr'><strong>Deus,</strong></span> <span class='ocrx_word' id='word_1_424' title='bbox 3224 1987 3278 2035; x_wconf 90' lang='lat' dir='ltr'><strong>et</strong></span> <span class='ocrx_word' id='word_1_425' title='bbox 3307 1980 3408 2036; x_wconf 68' lang='lat' dir='ltr'><strong>ista</strong></span> <span class='ocrx_word' id='word_1_426' title='bbox 3439 1999 3600 2039; x_wconf 92' lang='lat' dir='ltr'><strong>unum</strong></span> 
     </span>
    </p>
   </div>
   <div class='ocr_carea' id='block_1_50' title="bbox 1997 2067 3606 2146">
    <p class='ocr_par' dir='ltr' id='par_1_50' title="bbox 1997 2067 3606 2146">
     <span class='ocr_line' id='line_1_50' title="bbox 1997 2067 3606 2146; baseline 0.009 -26"><span class='ocrx_word' id='word_1_427' title='bbox 1997 2067 2121 2137; x_wconf 86' lang='lat' dir='ltr'><strong>quia</strong></span> <span class='ocrx_word' id='word_1_428' title='bbox 2160 2068 2318 2123; x_wconf 87' lang='lat' dir='ltr'><strong>Deus.</strong></span> <span class='ocrx_word' id='word_1_429' title='bbox 2355 2067 2457 2123; x_wconf 89' lang='lat' dir='ltr'><strong>Ista</strong></span> <span class='ocrx_word' id='word_1_430' title='bbox 2497 2068 2636 2124; x_wconf 91' lang='lat' dir='ltr'><strong>idem</strong></span> <span class='ocrx_word' id='word_1_431' title='bbox 2667 2086 2796 2140; x_wconf 88' lang='lat' dir='ltr'><strong>ergo</strong></span> <span class='ocrx_word' id='word_1_432' title='bbox 2822 2073 3183 2142; x_wconf 79' lang='lat' dir='ltr'><strong>cognoscibile</strong></span> <span class='ocrx_word' id='word_1_433' title='bbox 3204 2083 3258 2129; x_wconf 93' lang='lat' dir='ltr'><strong>et</strong></span> <span class='ocrx_word' id='word_1_434' title='bbox 3279 2091 3606 2146; x_wconf 85' lang='lat' dir='ltr'><strong>cognoscen-</strong></span> 
     </span>
    </p>
   </div>
   <div class='ocr_carea' id='block_1_51' title="bbox 1998 2159 3606 2242">
    <p class='ocr_par' dir='ltr' id='par_1_51' title="bbox 1998 2159 3606 2242">
     <span class='ocr_line' id='line_1_51' title="bbox 1998 2159 3606 2242; baseline 0.008 -28"><span class='ocrx_word' id='word_1_435' title='bbox 1998 2159 2106 2228; x_wconf 88' lang='lat' dir='ltr'><strong>tia;</strong></span> <span class='ocrx_word' id='word_1_436' title='bbox 2141 2162 2234 2218; x_wconf 90' lang='lat' dir='ltr'><strong>sed</strong></span> <span class='ocrx_word' id='word_1_437' title='bbox 2281 2161 2350 2217; x_wconf 87' lang='lat' dir='ltr'><strong>ita</strong></span> <span class='ocrx_word' id='word_1_438' title='bbox 2384 2171 2442 2218; x_wconf 93' lang='lat' dir='ltr'><strong>ut</strong></span> <span class='ocrx_word' id='word_1_439' title='bbox 2468 2163 2831 2234; x_wconf 77' lang='lat' dir='ltr'><strong>cognoscibile</strong></span> <span class='ocrx_word' id='word_1_440' title='bbox 2856 2167 2998 2236; x_wconf 91' lang='lat' dir='ltr'><strong>quod</strong></span> <span class='ocrx_word' id='word_1_441' title='bbox 3032 2167 3122 2234; x_wconf 88' lang='lat' dir='ltr'><strong>sit,</strong></span> <span class='ocrx_word' id='word_1_442' title='bbox 3153 2167 3255 2224; x_wconf 85' lang='lat' dir='ltr'><strong>hoc</strong></span> <span class='ocrx_word' id='word_1_443' title='bbox 3282 2169 3353 2224; x_wconf 89' lang='lat' dir='ltr'><strong>sit</strong></span> <span class='ocrx_word' id='word_1_444' title='bbox 3377 2186 3606 2242; x_wconf 83' lang='lat' dir='ltr'><strong>cognos-</strong></span> 
     </span>
    </p>
   </div>
   <div class='ocr_carea' id='block_1_52' title="bbox 1997 2256 3606 2326">
    <p class='ocr_par' dir='ltr' id='par_1_52' title="bbox 1997 2256 3606 2326">
     <span class='ocr_line' id='line_1_52' title="bbox 1997 2256 3606 2326; baseline 0.009 -14"><span class='ocrx_word' id='word_1_445' title='bbox 1997 2257 2196 2314; x_wconf 85' lang='lat' dir='ltr'><strong>centia.</strong></span> <span class='ocrx_word' id='word_1_446' title='bbox 2230 2256 2441 2312; x_wconf 89' lang='lat' dir='ltr'><strong>Etenim</strong></span> <span class='ocrx_word' id='word_1_447' title='bbox 2470 2273 2590 2312; x_wconf 89' lang='lat' dir='ltr'><strong>cum</strong></span> <span class='ocrx_word' id='word_1_448' title='bbox 2621 2259 2790 2315; x_wconf 86' lang='lat' dir='ltr'><strong>virtus</strong></span> <span class='ocrx_word' id='word_1_449' title='bbox 2817 2263 3006 2316; x_wconf 84' lang='lat' dir='ltr'><strong>horum</strong></span> <span class='ocrx_word' id='word_1_450' title='bbox 3039 2262 3200 2319; x_wconf 90' lang='lat' dir='ltr'><strong>trium</strong></span> <span class='ocrx_word' id='word_1_451' title='bbox 3226 2281 3326 2320; x_wconf 91' lang='lat' dir='ltr'><strong>una</strong></span> <span class='ocrx_word' id='word_1_452' title='bbox 3357 2266 3460 2322; x_wconf 89' lang='lat' dir='ltr'><strong>sit:</strong></span> <span class='ocrx_word' id='word_1_453' title='bbox 3484 2283 3606 2326; x_wconf 87' lang='lat' dir='ltr'><strong>esse</strong></span> 
     </span>
    </p>
   </div>
   <div class='ocr_carea' id='block_1_53' title="bbox 1997 2349 3606 2429">
    <p class='ocr_par' dir='ltr' id='par_1_53' title="bbox 1997 2349 3606 2429">
     <span class='ocr_line' id='line_1_53' title="bbox 1997 2349 3606 2429; baseline 0.009 -24"><span class='ocrx_word' id='word_1_454' title='bbox 1997 2349 2141 2405; x_wconf 90' lang='lat' dir='ltr'><strong>enim</strong></span> <span class='ocrx_word' id='word_1_455' title='bbox 2169 2349 2303 2406; x_wconf 83' lang='lat' dir='ltr'><strong>nihil</strong></span> <span class='ocrx_word' id='word_1_456' title='bbox 2332 2350 2478 2405; x_wconf 92' lang='lat' dir='ltr'><strong>aliud</strong></span> <span class='ocrx_word' id='word_1_457' title='bbox 2505 2359 2766 2422; x_wconf 87' lang='lat' dir='ltr'><strong>estquam</strong></span> <span class='ocrx_word' id='word_1_458' title='bbox 2799 2353 2999 2421; x_wconf 79' lang='lat' dir='ltr'><strong>vivere,</strong></span> <span class='ocrx_word' id='word_1_459' title='bbox 3045 2367 3203 2428; x_wconf 89' lang='lat' dir='ltr'><strong>atque</strong></span> <span class='ocrx_word' id='word_1_460' title='bbox 3225 2359 3400 2429; x_wconf 89' lang='lat' dir='ltr'><strong>ipsum</strong></span> <span class='ocrx_word' id='word_1_461' title='bbox 3423 2362 3606 2420; x_wconf 87' lang='lat' dir='ltr'><strong>vivere</strong></span> 
     </span>
    </p>
   </div>
   <div class='ocr_carea' id='block_1_54' title="bbox 1997 2443 3607 2518">
    <p class='ocr_par' dir='ltr' id='par_1_54' title="bbox 1997 2443 3607 2518">
     <span class='ocr_line' id='line_1_54' title="bbox 1997 2443 3607 2518; baseline 0.006 -18"><span class='ocrx_word' id='word_1_462' title='bbox 1997 2443 2322 2514; x_wconf 90' lang='lat' dir='ltr'><strong>intelligere,</strong></span> <span class='ocrx_word' id='word_1_463' title='bbox 2369 2459 2490 2499; x_wconf 88' lang='lat' dir='ltr'><strong>cum</strong></span> <span class='ocrx_word' id='word_1_464' title='bbox 2522 2445 2594 2500; x_wconf 90' lang='lat' dir='ltr'><strong>sit</strong></span> <span class='ocrx_word' id='word_1_465' title='bbox 2621 2455 2675 2502; x_wconf 86' lang='lat' dir='ltr'><strong>et</strong></span> <span class='ocrx_word' id='word_1_466' title='bbox 2702 2445 3032 2504; x_wconf 89' lang='lat' dir='ltr'><strong>intellectum</strong></span> <span class='ocrx_word' id='word_1_467' title='bbox 3061 2465 3216 2518; x_wconf 89' lang='lat' dir='ltr'><strong>esse;</strong></span> <span class='ocrx_word' id='word_1_468' title='bbox 3251 2459 3360 2508; x_wconf 86' lang='lat' dir='ltr'><strong>tota</strong></span> <span class='ocrx_word' id='word_1_469' title='bbox 3387 2453 3468 2508; x_wconf 86' lang='lat' dir='ltr'><strong>vis</strong></span> <span class='ocrx_word' id='word_1_470' title='bbox 3494 2454 3607 2510; x_wconf 83' lang='lat' dir='ltr'><strong>sin-</strong></span> 
     </span>
    </p>
   </div>
   <div class='ocr_carea' id='block_1_55' title="bbox 1997 2537 3605 2614">
    <p class='ocr_par' dir='ltr' id='par_1_55' title="bbox 1997 2537 3605 2614">
     <span class='ocr_line' id='line_1_55' title="bbox 1997 2537 3605 2614; baseline 0.007 -22"><span class='ocrx_word' id='word_1_471' title='bbox 1997 2537 2247 2610; x_wconf 77' lang='lat' dir='ltr'><strong>gulorum</strong></span> <span class='ocrx_word' id='word_1_472' title='bbox 2298 2538 2350 2591; x_wconf 91' lang='lat' dir='ltr'><strong>iu</strong></span> <span class='ocrx_word' id='word_1_473' title='bbox 2397 2554 2462 2593; x_wconf 89' lang='lat' dir='ltr'><strong>eo</strong></span> <span class='ocrx_word' id='word_1_474' title='bbox 2517 2547 2601 2594; x_wconf 92' lang='lat' dir='ltr'><strong>est</strong></span> <span class='ocrx_word' id='word_1_475' title='bbox 2646 2539 2787 2609; x_wconf 89' lang='lat' dir='ltr'><strong>quod</strong></span> <span class='ocrx_word' id='word_1_476' title='bbox 2833 2552 2914 2596; x_wconf 91' lang='lat' dir='ltr'><strong>cst</strong></span> <span class='ocrx_word' id='word_1_477' title='bbox 2962 2557 3308 2614; x_wconf 83' lang='lat' dir='ltr'><strong>cognoscere,</strong></span> <span class='ocrx_word' id='word_1_478' title='bbox 3358 2546 3441 2602; x_wconf 90' lang='lat' dir='ltr'><strong>vel</strong></span> <span class='ocrx_word' id='word_1_479' title='bbox 3483 2562 3605 2603; x_wconf 88' lang='lat' dir='ltr'><strong>esse</strong></span> 
     </span>
    </p>
   </div>
   <div class='ocr_carea' id='block_1_56' title="bbox 1997 2627 3603 2709">
    <p class='ocr_par' dir='ltr' id='par_1_56' title="bbox 1997 2627 3603 2709">
     <span class='ocr_line' id='line_1_56' title="bbox 1997 2627 3603 2709; baseline 0.006 -23"><span class='ocrx_word' id='word_1_480' title='bbox 1997 2627 2453 2702; x_wconf 74' lang='lat' dir='ltr'><strong>cognoscentium.</strong></span> <span class='ocrx_word' id='word_1_481' title='bbox 2501 2631 2607 2687; x_wconf 89' lang='lat' dir='ltr'><strong>Sed</strong></span> <span class='ocrx_word' id='word_1_482' title='bbox 2658 2648 2778 2688; x_wconf 88' lang='lat' dir='ltr'><strong>esse</strong></span> <span class='ocrx_word' id='word_1_483' title='bbox 2826 2637 3203 2706; x_wconf 85' lang='lat' dir='ltr'><strong>coguoscentia</strong></span> <span class='ocrx_word' id='word_1_484' title='bbox 3254 2653 3357 2694; x_wconf 91' lang='lat' dir='ltr'><strong>non</strong></span> <span class='ocrx_word' id='word_1_485' title='bbox 3408 2647 3603 2709; x_wconf 88' lang='lat' dir='ltr'><strong>potest,</strong></span> 
     </span>
    </p>
   </div>
   <div class='ocr_carea' id='block_1_57' title="bbox 1997 2725 3606 2805">
    <p class='ocr_par' dir='ltr' id='par_1_57' title="bbox 1997 2725 3606 2805">
     <span class='ocr_line' id='line_1_57' title="bbox 1997 2725 3606 2805; baseline 0.006 -22"><span class='ocrx_word' id='word_1_486' title='bbox 1997 2725 2104 2783; x_wconf 71' lang='lat' dir='ltr'><strong>nisi</strong></span> <span class='ocrx_word' id='word_1_487' title='bbox 2145 2725 2216 2781; x_wconf 88' lang='lat' dir='ltr'><strong>sit</strong></span> <span class='ocrx_word' id='word_1_488' title='bbox 2256 2727 2618 2796; x_wconf 86' lang='lat' dir='ltr'><strong>coguoscibile</strong></span> <span class='ocrx_word' id='word_1_489' title='bbox 2665 2745 2676 2780; x_wconf 88' lang='lat'>:</span> <span class='ocrx_word' id='word_1_490' title='bbox 2724 2728 2776 2782; x_wconf 91' lang='lat' dir='ltr'><strong>in</strong></span> <span class='ocrx_word' id='word_1_491' title='bbox 2809 2728 2891 2784; x_wconf 74' lang='lat' dir='ltr'><strong>liis</strong></span> <span class='ocrx_word' id='word_1_492' title='bbox 2918 2738 3094 2786; x_wconf 91' lang='lat' dir='ltr'><strong>autem</strong></span> <span class='ocrx_word' id='word_1_493' title='bbox 3129 2731 3316 2802; x_wconf 88' lang='lat' dir='ltr'><strong>primis</strong></span> <span class='ocrx_word' id='word_1_494' title='bbox 3343 2734 3433 2789; x_wconf 92' lang='lat' dir='ltr'><strong>ubi</strong></span> <span class='ocrx_word' id='word_1_495' title='bbox 3464 2737 3606 2805; x_wconf 91' lang='lat' dir='ltr'><strong>quod</strong></span> 
     </span>
    </p>
   </div>
   <div class='ocr_carea' id='block_1_58' title="bbox 1998 2820 3608 2899">
    <p class='ocr_par' dir='ltr' id='par_1_58' title="bbox 1998 2820 3608 2899">
     <span class='ocr_line' id='line_1_58' title="bbox 1998 2820 3608 2899; baseline 0.007 -23"><span class='ocrx_word' id='word_1_496' title='bbox 1998 2830 2082 2876; x_wconf 91' lang='lat' dir='ltr'><strong>est</strong></span> <span class='ocrx_word' id='word_1_497' title='bbox 2107 2836 2248 2886; x_wconf 84' lang='lat' dir='ltr'><strong>esse,</strong></span> <span class='ocrx_word' id='word_1_498' title='bbox 2283 2820 2333 2876; x_wconf 95' lang='lat' dir='ltr'><strong>id</strong></span> <span class='ocrx_word' id='word_1_499' title='bbox 2362 2829 2446 2875; x_wconf 89' lang='lat' dir='ltr'><strong>est</strong></span> <span class='ocrx_word' id='word_1_500' title='bbox 2471 2822 2614 2892; x_wconf 93' lang='lat' dir='ltr'><strong>quod</strong></span> <span class='ocrx_word' id='word_1_501' title='bbox 2644 2822 2848 2888; x_wconf 81' lang='lat' dir='ltr'><strong>vivere,</strong></span> <span class='ocrx_word' id='word_1_502' title='bbox 2877 2833 2932 2879; x_wconf 92' lang='lat' dir='ltr'><strong>et</strong></span> <span class='ocrx_word' id='word_1_503' title='bbox 2957 2826 3097 2896; x_wconf 93' lang='lat' dir='ltr'><strong>quod</strong></span> <span class='ocrx_word' id='word_1_504' title='bbox 3136 2825 3456 2899; x_wconf 86' lang='lat' dir='ltr'><strong>intelligere,</strong></span> <span class='ocrx_word' id='word_1_505' title='bbox 3487 2845 3608 2886; x_wconf 89' lang='lat' dir='ltr'><strong>esse</strong></span> 
     </span>
    </p>
   </div>
   <div class='ocr_carea' id='block_1_59' title="bbox 1999 2913 3608 2991">
    <p class='ocr_par' dir='ltr' id='par_1_59' title="bbox 1999 2913 3608 2991">
     <span class='ocr_line' id='line_1_59' title="bbox 1999 2913 3608 2991; baseline 0.006 -21"><span class='ocrx_word' id='word_1_506' title='bbox 1999 2913 2362 2986; x_wconf 86' lang='lat' dir='ltr'><strong>cognoscibile</strong></span> <span class='ocrx_word' id='word_1_507' title='bbox 2409 2929 2516 2968; x_wconf 92' lang='lat' dir='ltr'><strong>non</strong></span> <span class='ocrx_word' id='word_1_508' title='bbox 2549 2923 2744 2982; x_wconf 89' lang='lat' dir='ltr'><strong>potest,</strong></span> <span class='ocrx_word' id='word_1_509' title='bbox 2781 2917 2881 2970; x_wconf 80' lang='lat' dir='ltr'><strong>nisi</strong></span> <span class='ocrx_word' id='word_1_510' title='bbox 2911 2918 3024 2987; x_wconf 87' lang='lat' dir='ltr'><strong>ipsa</strong></span> <span class='ocrx_word' id='word_1_511' title='bbox 3055 2923 3436 2991; x_wconf 84' lang='lat' dir='ltr'><strong>cognoscentia</strong></span> <span class='ocrx_word' id='word_1_512' title='bbox 3470 2939 3608 2978; x_wconf 88' lang='lat' dir='ltr'><strong>non-</strong></span> 
     </span>
    </p>
   </div>
   <div class='ocr_carea' id='block_1_60' title="bbox 1999 3005 3604 3101">
    <p class='ocr_par' dir='ltr' id='par_1_60' title="bbox 1999 3005 3604 3101">
     <span class='ocr_line' id='line_1_60' title="bbox 1999 3005 3604 3101; baseline 0.006 -39"><span class='ocrx_word' id='word_1_513' title='bbox 1999 3005 2127 3062; x_wconf 92' lang='lat' dir='ltr'><strong>dum</strong></span> <span class='ocrx_word' id='word_1_514' title='bbox 2150 3021 2437 3077; x_wconf 88' lang='lat' dir='ltr'><strong>apparens,</strong></span> <span class='ocrx_word' id='word_1_515' title='bbox 2459 3006 2552 3098; x_wconf 77' lang='lat' dir='ltr'><strong>sed</strong></span> <span class='ocrx_word' id='word_1_516' title='bbox 2567 3023 2625 3062; x_wconf 89' lang='lat' dir='ltr'><strong>se</strong></span> <span class='ocrx_word' id='word_1_517' title='bbox 2644 3009 2787 3063; x_wconf 91' lang='lat' dir='ltr'><strong>intus</strong></span> <span class='ocrx_word' id='word_1_518' title='bbox 2817 3017 3025 3073; x_wconf 87' lang='lat' dir='ltr'><strong>tenens,</strong></span> <span class='ocrx_word' id='word_1_519' title='bbox 3045 3027 3379 3084; x_wconf 88' lang='lat' dir='ltr'><strong>manensque</strong></span> <span class='ocrx_word' id='word_1_520' title='bbox 3400 3016 3604 3101; x_wconf 50' lang='lat' dir='ltr'><strong>quieta,</strong></span> 
     </span>
    </p>
   </div>
   <div class='ocr_carea' id='block_1_61' title="bbox 2001 3100 3611 3180">
    <p class='ocr_par' dir='ltr' id='par_1_61' title="bbox 2001 3100 3611 3180">
     <span class='ocr_line' id='line_1_61' title="bbox 2001 3100 3611 3180; baseline 0.006 -24"><span class='ocrx_word' id='word_1_521' title='bbox 2001 3115 2243 3164; x_wconf 88' lang='lat' dir='ltr'><strong>cessans,</strong></span> <span class='ocrx_word' id='word_1_522' title='bbox 2281 3111 2444 3172; x_wconf 90' lang='lat' dir='ltr'><strong>atque</strong></span> <span class='ocrx_word' id='word_1_523' title='bbox 2472 3100 2524 3155; x_wconf 91' lang='lat' dir='ltr'><strong>in</strong></span> <span class='ocrx_word' id='word_1_524' title='bbox 2548 3116 2608 3156; x_wconf 89' lang='lat' dir='ltr'><strong>se</strong></span> <span class='ocrx_word' id='word_1_525' title='bbox 2634 3117 2791 3157; x_wconf 91' lang='lat' dir='ltr'><strong>versa</strong></span> <span class='ocrx_word' id='word_1_526' title='bbox 2817 3103 2918 3158; x_wconf 89' lang='lat' dir='ltr'><strong>sibi</strong></span> <span class='ocrx_word' id='word_1_527' title='bbox 2949 3120 3008 3160; x_wconf 91' lang='lat' dir='ltr'><strong>sc</strong></span> <span class='ocrx_word' id='word_1_528' title='bbox 3029 3108 3447 3177; x_wconf 86' lang='lat' dir='ltr'><strong>cognoscibilem</strong></span> <span class='ocrx_word' id='word_1_529' title='bbox 3474 3100 3611 3180; x_wconf 52' lang='lat' dir='ltr'><strong>prai-</strong></span> 
     </span>
    </p>
   </div>
   <div class='ocr_carea' id='block_1_62' title="bbox 295 3175 3609 3275">
    <p class='ocr_par' dir='ltr' id='par_1_62' title="bbox 295 3175 3609 3275">
     <span class='ocr_line' id='line_1_62' title="bbox 295 3175 3609 3275; baseline 0.005 -30"><span class='ocrx_word' id='word_1_530' title='bbox 295 3213 439 3265; x_wconf 75' lang='lat' dir='ltr'><strong>esse,</strong></span> <span class='ocrx_word' id='word_1_531' title='bbox 466 3207 522 3254; x_wconf 75' lang='lat' dir='ltr'><strong>et</strong></span> <span class='ocrx_word' id='word_1_532' title='bbox 540 3213 607 3254; x_wconf 83' lang='lat' dir='ltr'><strong>eo</strong></span> <span class='ocrx_word' id='word_1_533' title='bbox 633 3196 777 3268; x_wconf 84' lang='lat' dir='ltr'><strong>quod</strong></span> <span class='ocrx_word' id='word_1_534' title='bbox 799 3192 1118 3266; x_wconf 76' lang='lat' dir='ltr'><strong>intelligere,</strong></span> <span class='ocrx_word' id='word_1_535' title='bbox 1142 3193 1236 3250; x_wconf 90' lang='lat' dir='ltr'><strong>sed</strong></span> <span class='ocrx_word' id='word_1_536' title='bbox 1258 3193 1338 3249; x_wconf 92' lang='lat' dir='ltr'><strong>sic</strong></span> <span class='ocrx_word' id='word_1_537' title='bbox 1359 3191 1541 3259; x_wconf 90' lang='lat' dir='ltr'><strong>simul,</strong></span> <span class='ocrx_word' id='word_1_538' title='bbox 1564 3202 1622 3247; x_wconf 94' lang='lat' dir='ltr'><strong>ut</strong></span> <span class='ocrx_word' id='word_1_539' title='bbox 1643 3207 1712 3248; x_wconf 87' lang='lat' dir='ltr'><strong>ne</strong></span> <span class='ocrx_word' id='word_1_540' title='bbox 1733 3191 1902 3263; x_wconf 87' lang='lat' dir='ltr'><strong>phan-</strong></span> <span class='ocrx_word' id='word_1_541' title='bbox 1932 3175 1978 3239; x_wconf 66' lang='grc' dir='ltr'><strong>ί1</strong></span> <span class='ocrx_word' id='word_1_542' title='bbox 2011 3197 2164 3254; x_wconf 83' lang='lat' dir='ltr'><strong>bons.</strong></span> <span class='ocrx_word' id='word_1_543' title='bbox 2194 3197 2326 3252; x_wconf 87' lang='lat' dir='ltr'><strong>Cum</strong></span> <span class='ocrx_word' id='word_1_544' title='bbox 2351 3199 2495 3252; x_wconf 93' lang='lat' dir='ltr'><strong>enim</strong></span> <span class='ocrx_word' id='word_1_545' title='bbox 2526 3198 2637 3267; x_wconf 90' lang='lat' dir='ltr'><strong>ipsa</strong></span> <span class='ocrx_word' id='word_1_546' title='bbox 2669 3200 3047 3269; x_wconf 85' lang='lat' dir='ltr'><strong>cognoscentia</strong></span> <span class='ocrx_word' id='word_1_547' title='bbox 3070 3175 3256 3270; x_wconf 82' lang='lat' dir='ltr'><strong>lateat,</strong></span> <span class='ocrx_word' id='word_1_548' title='bbox 3285 3211 3445 3273; x_wconf 90' lang='lat' dir='ltr'><strong>atque</strong></span> <span class='ocrx_word' id='word_1_549' title='bbox 3468 3175 3609 3275; x_wconf 81' lang='lat' dir='ltr'><strong>apud</strong></span> 
     </span>
    </p>
   </div>
   <div class='ocr_carea' id='block_1_63' title="bbox 299 3285 1902 3363">
    <p class='ocr_par' dir='ltr' id='par_1_63' title="bbox 299 3285 1902 3363">
     <span class='ocr_line' id='line_1_63' title="bbox 299 3285 1902 3363; baseline -0.004 -17"><span class='ocrx_word' id='word_1_550' title='bbox 299 3291 432 3346; x_wconf 89' lang='lat' dir='ltr'><strong>tasia</strong></span> <span class='ocrx_word' id='word_1_551' title='bbox 477 3289 692 3363; x_wconf 91' lang='lat' dir='ltr'><strong>quidem</strong></span> <span class='ocrx_word' id='word_1_552' title='bbox 725 3287 1084 3360; x_wconf 89' lang='lat' dir='ltr'><strong>copulationis</strong></span> <span class='ocrx_word' id='word_1_553' title='bbox 1125 3290 1196 3344; x_wconf 88' lang='lat' dir='ltr'><strong>sit</strong></span> <span class='ocrx_word' id='word_1_554' title='bbox 1229 3305 1240 3341; x_wconf 93' lang='lat'><strong>:</strong></span> <span class='ocrx_word' id='word_1_555' title='bbox 1276 3287 1581 3344; x_wconf 89' lang='lat' dir='ltr'><strong>necessario</strong></span> <span class='ocrx_word' id='word_1_556' title='bbox 1605 3297 1786 3342; x_wconf 90' lang='lat' dir='ltr'><strong>autem</strong></span> <span class='ocrx_word' id='word_1_557' title='bbox 1815 3285 1902 3340; x_wconf 86' lang='lat' dir='ltr'><strong>vi-</strong></span> 
     </span>
    </p>
   </div>
   <div class='ocr_carea' id='block_1_64' title="bbox 298 3365 1904 3452">
    <p class='ocr_par' dir='ltr' id='par_1_64' title="bbox 298 3365 1904 3452">
     <span class='ocr_line' id='line_1_64' title="bbox 298 3365 1904 3452; baseline -0.002 -14"><span class='ocrx_word' id='word_1_558' title='bbox 298 3383 460 3440; x_wconf 85' lang='lat' dir='ltr'><strong>vendi</strong></span> <span class='ocrx_word' id='word_1_559' title='bbox 483 3392 624 3451; x_wconf 89' lang='lat' dir='ltr'><strong>actu,</strong></span> <span class='ocrx_word' id='word_1_560' title='bbox 656 3381 734 3439; x_wconf 92' lang='lat' dir='ltr'><strong>uti</strong></span> <span class='ocrx_word' id='word_1_561' title='bbox 758 3365 940 3445; x_wconf 85' lang='lat' dir='ltr'><strong>docui,</strong></span> <span class='ocrx_word' id='word_1_562' title='bbox 991 3380 1281 3437; x_wconf 83' lang='lat' dir='ltr'><strong>conﬁtetur</strong></span> <span class='ocrx_word' id='word_1_563' title='bbox 1306 3391 1467 3452; x_wconf 88' lang='lat' dir='ltr'><strong>atque</strong></span> <span class='ocrx_word' id='word_1_564' title='bbox 1495 3379 1706 3437; x_wconf 84' lang='lat' dir='ltr'><strong>exsistit</strong></span> <span class='ocrx_word' id='word_1_565' title='bbox 1732 3379 1904 3435; x_wconf 85' lang='lat' dir='ltr'><strong>forma</strong></span> 
     </span>
    </p>
   </div>
   <div class='ocr_carea' id='block_1_65' title="bbox 300 3473 1904 3546">
    <p class='ocr_par' dir='ltr' id='par_1_65' title="bbox 300 3473 1904 3546">
     <span class='ocr_line' id='line_1_65' title="bbox 300 3473 1904 3546; baseline -0.002 -15"><span class='ocrx_word' id='word_1_566' title='bbox 300 3493 462 3546; x_wconf 89' lang='lat' dir='ltr'><strong>quam</strong></span> <span class='ocrx_word' id='word_1_567' title='bbox 495 3475 852 3532; x_wconf 85' lang='lat' dir='ltr'><strong>universalem</strong></span> <span class='ocrx_word' id='word_1_568' title='bbox 877 3474 1171 3546; x_wconf 89' lang='lat' dir='ltr'><strong>potentiam</strong></span> <span class='ocrx_word' id='word_1_569' title='bbox 1190 3474 1550 3540; x_wconf 89' lang='lat' dir='ltr'><strong>nominamus,</strong></span> <span class='ocrx_word' id='word_1_570' title='bbox 1579 3488 1674 3544; x_wconf 86' lang='lat' dir='ltr'><strong>per</strong></span> <span class='ocrx_word' id='word_1_571' title='bbox 1693 3473 1904 3543; x_wconf 86' lang='lat' dir='ltr'><strong>singula</strong></span> 
     </span>
    </p>
   </div>
   <div class='ocr_carea' id='block_1_66' title="bbox 299 3564 1905 3640">
    <p class='ocr_par' dir='ltr' id='par_1_66' title="bbox 299 3564 1905 3640">
     <span class='ocr_line' id='line_1_66' title="bbox 299 3564 1905 3640; baseline -0.002 -16"><span class='ocrx_word' id='word_1_572' title='bbox 299 3569 392 3624; x_wconf 88' lang='lat' dir='ltr'><strong>illa</strong></span> <span class='ocrx_word' id='word_1_573' title='bbox 439 3567 684 3638; x_wconf 82' lang='lat' dir='ltr'><strong>formata,</strong></span> <span class='ocrx_word' id='word_1_574' title='bbox 722 3583 882 3640; x_wconf 92' lang='lat' dir='ltr'><strong>quam</strong></span> <span class='ocrx_word' id='word_1_575' title='bbox 909 3583 977 3624; x_wconf 79' lang='lat' dir='ltr'><strong>ex</strong></span> <span class='ocrx_word' id='word_1_576' title='bbox 1007 3569 1153 3623; x_wconf 91' lang='lat' dir='ltr'><strong>omni</strong></span> <span class='ocrx_word' id='word_1_577' title='bbox 1198 3566 1544 3633; x_wconf 68' lang='lat' dir='ltr'><strong>eXsistentia,</strong></span> <span class='ocrx_word' id='word_1_578' title='bbox 1591 3582 1656 3622; x_wconf 81' lang='lat' dir='ltr'><strong>ex</strong></span> <span class='ocrx_word' id='word_1_579' title='bbox 1680 3564 1905 3621; x_wconf 85' lang='lat' dir='ltr'><strong>omnivi-</strong></span> 
     </span>
    </p>
   </div>
   <div class='ocr_carea' id='block_1_67' title="bbox 301 3658 1904 3727">
    <p class='ocr_par' dir='ltr' id='par_1_67' title="bbox 301 3658 1904 3727">
     <span class='ocr_line' id='line_1_67' title="bbox 301 3658 1904 3727; baseline -0.002 -11"><span class='ocrx_word' id='word_1_580' title='bbox 301 3661 449 3716; x_wconf 86' lang='lat' dir='ltr'><strong>venti</strong></span> <span class='ocrx_word' id='word_1_581' title='bbox 493 3659 874 3716; x_wconf 85' lang='lat' dir='ltr'><strong>omniviventia</strong></span> <span class='ocrx_word' id='word_1_582' title='bbox 903 3701 918 3727; x_wconf 96' lang='lat'><strong>,</strong></span> <span class='ocrx_word' id='word_1_583' title='bbox 967 3675 1038 3716; x_wconf 83' lang='lat' dir='ltr'><strong>ex</strong></span> <span class='ocrx_word' id='word_1_584' title='bbox 1085 3658 1440 3715; x_wconf 92' lang='lat' dir='ltr'><strong>omnividenti</strong></span> <span class='ocrx_word' id='word_1_585' title='bbox 1493 3658 1904 3726; x_wconf 74' lang='lat' dir='ltr'><strong>omnividentia.</strong></span> 
     </span>
    </p>
   </div>
   <div class='ocr_carea' id='block_1_68' title="bbox 306 3750 1908 3826">
    <p class='ocr_par' dir='ltr' id='par_1_68' title="bbox 306 3750 1908 3826">
     <span class='ocr_line' id='line_1_68' title="bbox 306 3750 1908 3826; baseline -0.002 -16"><span class='ocrx_word' id='word_1_586' title='bbox 306 3752 435 3810; x_wconf 61' lang='lat' dir='ltr'><strong>Haec</strong></span> <span class='ocrx_word' id='word_1_587' title='bbox 475 3753 680 3826; x_wconf 81' lang='lat' dir='ltr'><strong>singula</strong></span> <span class='ocrx_word' id='word_1_588' title='bbox 727 3752 983 3824; x_wconf 62' lang='lat' dir='ltr'><strong>potentiae</strong></span> <span class='ocrx_word' id='word_1_589' title='bbox 1023 3762 1080 3807; x_wconf 91' lang='lat' dir='ltr'><strong>ut</strong></span> <span class='ocrx_word' id='word_1_590' title='bbox 1123 3763 1249 3808; x_wconf 91' lang='lat' dir='ltr'><strong>nota</strong></span> <span class='ocrx_word' id='word_1_591' title='bbox 1279 3763 1332 3808; x_wconf 90' lang='lat' dir='ltr'><strong>et</strong></span> <span class='ocrx_word' id='word_1_592' title='bbox 1373 3751 1766 3808; x_wconf 89' lang='lat' dir='ltr'><strong>determinata:</strong></span> <span class='ocrx_word' id='word_1_593' title='bbox 1801 3750 1908 3808; x_wconf 90' lang='lat' dir='ltr'><strong>Sed</strong></span> 
     </span>
    </p>
   </div>
   <div class='ocr_carea' id='block_1_69' title="bbox 305 3846 1908 3912">
    <p class='ocr_par' dir='ltr' id='par_1_69' title="bbox 305 3846 1908 3912">
     <span class='ocr_line' id='line_1_69' title="bbox 305 3846 1908 3912; baseline -0.004 -6"><span class='ocrx_word' id='word_1_594' title='bbox 305 3863 431 3906; x_wconf 90' lang='lat' dir='ltr'><strong>cum</strong></span> <span class='ocrx_word' id='word_1_595' title='bbox 457 3849 514 3904; x_wconf 92' lang='lat' dir='ltr'><strong>in</strong></span> <span class='ocrx_word' id='word_1_596' title='bbox 553 3862 664 3904; x_wconf 92' lang='lat' dir='ltr'><strong>uno</strong></span> <span class='ocrx_word' id='word_1_597' title='bbox 687 3849 889 3912; x_wconf 90' lang='lat' dir='ltr'><strong>omnia,</strong></span> <span class='ocrx_word' id='word_1_598' title='bbox 935 3848 1020 3904; x_wconf 89' lang='lat' dir='ltr'><strong>vel</strong></span> <span class='ocrx_word' id='word_1_599' title='bbox 1048 3863 1212 3903; x_wconf 90' lang='lat' dir='ltr'><strong>unum</strong></span> <span class='ocrx_word' id='word_1_600' title='bbox 1239 3846 1438 3912; x_wconf 88' lang='lat' dir='ltr'><strong>omnia,</strong></span> <span class='ocrx_word' id='word_1_601' title='bbox 1473 3855 1565 3901; x_wconf 92' lang='lat' dir='ltr'><strong>aut</strong></span> <span class='ocrx_word' id='word_1_602' title='bbox 1590 3861 1711 3901; x_wconf 91' lang='lat' dir='ltr'><strong>cum</strong></span> <span class='ocrx_word' id='word_1_603' title='bbox 1743 3860 1908 3900; x_wconf 91' lang='lat' dir='ltr'><strong>unum</strong></span> 
     </span>
    </p>
   </div>
   <div class='ocr_carea' id='block_1_70' title="bbox 307 3939 1912 4010">
    <p class='ocr_par' dir='ltr' id='par_1_70' title="bbox 307 3939 1912 4010">
     <span class='ocr_line' id='line_1_70' title="bbox 307 3939 1912 4010; baseline -0.004 -11"><span class='ocrx_word' id='word_1_604' title='bbox 307 3941 512 4010; x_wconf 92' lang='lat' dir='ltr'><strong>omnia,</strong></span> <span class='ocrx_word' id='word_1_605' title='bbox 540 3942 625 3998; x_wconf 86' lang='lat' dir='ltr'><strong>vel</strong></span> <span class='ocrx_word' id='word_1_606' title='bbox 651 3958 752 3999; x_wconf 92' lang='lat' dir='ltr'><strong>nec</strong></span> <span class='ocrx_word' id='word_1_607' title='bbox 775 3959 964 4009; x_wconf 89' lang='lat' dir='ltr'><strong>unum,</strong></span> <span class='ocrx_word' id='word_1_608' title='bbox 989 3957 1090 3998; x_wconf 91' lang='lat' dir='ltr'><strong>nec</strong></span> <span class='ocrx_word' id='word_1_609' title='bbox 1110 3941 1310 4007; x_wconf 90' lang='lat' dir='ltr'><strong>omnia,</strong></span> <span class='ocrx_word' id='word_1_610' title='bbox 1340 3942 1398 3997; x_wconf 85' lang='lat' dir='ltr'><strong>lit</strong></span> <span class='ocrx_word' id='word_1_611' title='bbox 1426 3939 1720 4010; x_wconf 77' lang='lat' dir='ltr'><strong>inﬁnitum,</strong></span> <span class='ocrx_word' id='word_1_612' title='bbox 1752 3939 1810 3996; x_wconf 82' lang='lat' dir='ltr'><strong>Iit</strong></span> <span class='ocrx_word' id='word_1_613' title='bbox 1829 3940 1912 3994; x_wconf 89' lang='lat' dir='ltr'><strong>in-</strong></span> 
     </span>
    </p>
   </div>
   <div class='ocr_carea' id='block_1_71' title="bbox 308 4031 1912 4106">
    <p class='ocr_par' dir='ltr' id='par_1_71' title="bbox 308 4031 1912 4106">
     <span class='ocr_line' id='line_1_71' title="bbox 308 4031 1912 4106; baseline -0.003 -14"><span class='ocrx_word' id='word_1_614' title='bbox 308 4033 605 4106; x_wconf 90' lang='lat' dir='ltr'><strong>cognitum,</strong></span> <span class='ocrx_word' id='word_1_615' title='bbox 629 4032 1051 4100; x_wconf 89' lang='lat' dir='ltr'><strong>indiscernibile,</strong></span> <span class='ocrx_word' id='word_1_616' title='bbox 1073 4032 1508 4106; x_wconf 88' lang='lat' dir='ltr'><strong>iucognoscibile,</strong></span> <span class='ocrx_word' id='word_1_617' title='bbox 1536 4041 1591 4089; x_wconf 91' lang='lat' dir='ltr'><strong>et</strong></span> <span class='ocrx_word' id='word_1_618' title='bbox 1616 4031 1759 4103; x_wconf 93' lang='lat' dir='ltr'><strong>quod</strong></span> <span class='ocrx_word' id='word_1_619' title='bbox 1787 4048 1912 4088; x_wconf 87' lang='lat' dir='ltr'><strong>vere</strong></span> 
     </span>
    </p>
   </div>
   <div class='ocr_carea' id='block_1_72' title="bbox 309 4125 1915 4206">
    <p class='ocr_par' dir='ltr' id='par_1_72' title="bbox 309 4125 1915 4206">
     <span class='ocr_line' id='line_1_72' title="bbox 309 4125 1915 4206; baseline -0.003 -20"><span class='ocrx_word' id='word_1_620' title='bbox 309 4129 509 4186; x_wconf 89' lang='lat' dir='ltr'><strong>dicitur</strong></span> <span class='ocrx_word' id='word_1_621' title='bbox 525 4131 787 4206; x_wconf 83' lang='grc' dir='ltr'><strong>ἀοριστία,</strong></span> <span class='ocrx_word' id='word_1_622' title='bbox 811 4127 864 4183; x_wconf 93' lang='lat' dir='ltr'><strong>id</strong></span> <span class='ocrx_word' id='word_1_623' title='bbox 877 4138 982 4196; x_wconf 89' lang='lat' dir='ltr'><strong>est,</strong></span> <span class='ocrx_word' id='word_1_624' title='bbox 997 4128 1253 4192; x_wconf 85' lang='lat' dir='ltr'><strong>inﬁnitas,</strong></span> <span class='ocrx_word' id='word_1_625' title='bbox 1273 4137 1327 4184; x_wconf 90' lang='lat' dir='ltr'><strong>et</strong></span> <span class='ocrx_word' id='word_1_626' title='bbox 1342 4125 1794 4184; x_wconf 89' lang='lat' dir='ltr'><strong>indeterminatio.</strong></span> <span class='ocrx_word' id='word_1_627' title='bbox 1825 4127 1915 4181; x_wconf 89' lang='lat' dir='ltr'><strong>Et-</strong></span> 
     </span>
    </p>
   </div>
   <div class='ocr_carea' id='block_1_73' title="bbox 312 4221 1913 4290">
    <p class='ocr_par' dir='ltr' id='par_1_73' title="bbox 312 4221 1913 4290">
     <span class='ocr_line' id='line_1_73' title="bbox 312 4221 1913 4290; baseline -0.003 -10"><span class='ocrx_word' id='word_1_628' title='bbox 312 4222 457 4280; x_wconf 87' lang='lat' dir='ltr'><strong>enim</strong></span> <span class='ocrx_word' id='word_1_629' title='bbox 486 4223 725 4278; x_wconf 90' lang='lat' dir='ltr'><strong>omnium</strong></span> <span class='ocrx_word' id='word_1_630' title='bbox 752 4237 872 4278; x_wconf 89' lang='lat' dir='ltr'><strong>esse</strong></span> <span class='ocrx_word' id='word_1_631' title='bbox 902 4223 1006 4290; x_wconf 87' lang='lat' dir='ltr'><strong>sit,</strong></span> <span class='ocrx_word' id='word_1_632' title='bbox 1035 4229 1090 4278; x_wconf 91' lang='lat' dir='ltr'><strong>et</strong></span> <span class='ocrx_word' id='word_1_633' title='bbox 1116 4221 1353 4278; x_wconf 92' lang='lat' dir='ltr'><strong>omnium</strong></span> <span class='ocrx_word' id='word_1_634' title='bbox 1382 4222 1562 4278; x_wconf 89' lang='lat' dir='ltr'><strong>vivere</strong></span> <span class='ocrx_word' id='word_1_635' title='bbox 1587 4231 1642 4278; x_wconf 90' lang='lat' dir='ltr'><strong>et</strong></span> <span class='ocrx_word' id='word_1_636' title='bbox 1673 4223 1913 4276; x_wconf 91' lang='lat' dir='ltr'><strong>omnium</strong></span> 
     </span>
    </p>
   </div>
   <div class='ocr_carea' id='block_1_74' title="bbox 311 4313 1910 4385">
    <p class='ocr_par' dir='ltr' id='par_1_74' title="bbox 311 4313 1910 4385">
     <span class='ocr_line' id='line_1_74' title="bbox 311 4313 1910 4385; baseline -0.002 -13"><span class='ocrx_word' id='word_1_637' title='bbox 311 4315 637 4382; x_wconf 82' lang='lat' dir='ltr'><strong>intelligere,</strong></span> <span class='ocrx_word' id='word_1_638' title='bbox 650 4313 769 4371; x_wconf 90' lang='lat' dir='ltr'><strong>etid</strong></span> <span class='ocrx_word' id='word_1_639' title='bbox 789 4331 973 4381; x_wconf 90' lang='lat' dir='ltr'><strong>unum,</strong></span> <span class='ocrx_word' id='word_1_640' title='bbox 989 4313 1173 4371; x_wconf 90' lang='lat' dir='ltr'><strong>etsine</strong></span> <span class='ocrx_word' id='word_1_641' title='bbox 1189 4314 1464 4385; x_wconf 77' lang='lat' dir='ltr'><strong>phantasia</strong></span> <span class='ocrx_word' id='word_1_642' title='bbox 1483 4313 1704 4370; x_wconf 85' lang='lat' dir='ltr'><strong>alterius</strong></span> <span class='ocrx_word' id='word_1_643' title='bbox 1717 4331 1910 4370; x_wconf 87' lang='lat' dir='ltr'><strong>unum:</strong></span> 
     </span>
    </p>
   </div>
   <div class='ocr_carea' id='block_1_75' title="bbox 314 4406 1917 4479">
    <p class='ocr_par' dir='ltr' id='par_1_75' title="bbox 314 4406 1917 4479">
     <span class='ocr_line' id='line_1_75' title="bbox 314 4406 1917 4479; baseline -0.001 -16"><span class='ocrx_word' id='word_1_644' title='bbox 314 4408 455 4463; x_wconf 87' lang='lat' dir='ltr'><strong>unde</strong></span> <span class='ocrx_word' id='word_1_645' title='bbox 483 4423 582 4464; x_wconf 91' lang='lat' dir='ltr'><strong>nec</strong></span> <span class='ocrx_word' id='word_1_646' title='bbox 611 4423 774 4464; x_wconf 90' lang='lat' dir='ltr'><strong>unum</strong></span> <span class='ocrx_word' id='word_1_647' title='bbox 794 4408 945 4479; x_wconf 91' lang='lat' dir='ltr'><strong>,quia</strong></span> <span class='ocrx_word' id='word_1_648' title='bbox 963 4407 1201 4463; x_wconf 89' lang='lat' dir='ltr'><strong>omnium</strong></span> <span class='ocrx_word' id='word_1_649' title='bbox 1230 4407 1742 4478; x_wconf 78' lang='lat' dir='ltr'><strong>principiumzunde</strong></span> <span class='ocrx_word' id='word_1_650' title='bbox 1755 4415 1810 4464; x_wconf 88' lang='lat' dir='ltr'><strong>et</strong></span> <span class='ocrx_word' id='word_1_651' title='bbox 1834 4406 1917 4479; x_wconf 91' lang='lat' dir='ltr'><strong>ip—</strong></span> 
     </span>
    </p>
   </div>
   <div class='ocr_carea' id='block_1_76' title="bbox 312 4500 1918 4572">
    <p class='ocr_par' dir='ltr' id='par_1_76' title="bbox 312 4500 1918 4572">
     <span class='ocr_line' id='line_1_76' title="bbox 312 4500 1918 4572; baseline -0.001 -14"><span class='ocrx_word' id='word_1_652' title='bbox 312 4500 426 4558; x_wconf 88' lang='lat' dir='ltr'><strong>sius</strong></span> <span class='ocrx_word' id='word_1_653' title='bbox 444 4501 620 4556; x_wconf 89' lang='lat' dir='ltr'><strong>unius.</strong></span> <span class='ocrx_word' id='word_1_654' title='bbox 637 4502 716 4556; x_wconf 80' lang='lat' dir='ltr'><strong>Ex</strong></span> <span class='ocrx_word' id='word_1_655' title='bbox 734 4501 834 4557; x_wconf 87' lang='lat' dir='ltr'><strong>hoc</strong></span> <span class='ocrx_word' id='word_1_656' title='bbox 847 4501 1088 4572; x_wconf 84' lang='lat' dir='ltr'><strong>cogimur</strong></span> <span class='ocrx_word' id='word_1_657' title='bbox 1097 4501 1206 4572; x_wconf 88' lang='lat' dir='ltr'><strong>jam</strong></span> <span class='ocrx_word' id='word_1_658' title='bbox 1231 4501 1536 4556; x_wconf 90' lang='lat' dir='ltr'><strong>necessario</strong></span> <span class='ocrx_word' id='word_1_659' title='bbox 1550 4509 1605 4556; x_wconf 92' lang='lat' dir='ltr'><strong>ct</strong></span> <span class='ocrx_word' id='word_1_660' title='bbox 1621 4501 1707 4556; x_wconf 88' lang='lat' dir='ltr'><strong>illa</strong></span> <span class='ocrx_word' id='word_1_661' title='bbox 1721 4501 1790 4558; x_wconf 91' lang='lat' dir='ltr'><strong>de</strong></span> <span class='ocrx_word' id='word_1_662' title='bbox 1809 4502 1918 4557; x_wconf 91' lang='lat' dir='ltr'><strong>Deo</strong></span> 
     </span>
    </p>
   </div>
   <div class='ocr_carea' id='block_1_77' title="bbox 2006 3289 3613 3359">
    <p class='ocr_par' dir='ltr' id='par_1_77' title="bbox 2006 3289 3613 3359">
     <span class='ocr_line' id='line_1_77' title="bbox 2006 3289 3613 3359; baseline 0.004 -13"><span class='ocrx_word' id='word_1_663' title='bbox 2006 3304 2066 3347; x_wconf 93' lang='lat' dir='ltr'><strong>sc</strong></span> <span class='ocrx_word' id='word_1_664' title='bbox 2093 3291 2183 3356; x_wconf 90' lang='lat' dir='ltr'><strong>sit,</strong></span> <span class='ocrx_word' id='word_1_665' title='bbox 2215 3289 2513 3346; x_wconf 82' lang='lat' dir='ltr'><strong>forinsecus</strong></span> <span class='ocrx_word' id='word_1_666' title='bbox 2535 3289 2588 3344; x_wconf 92' lang='lat' dir='ltr'><strong>in</strong></span> <span class='ocrx_word' id='word_1_667' title='bbox 2620 3305 2679 3345; x_wconf 93' lang='lat' dir='ltr'><strong>se</strong></span> <span class='ocrx_word' id='word_1_668' title='bbox 2700 3290 2929 3359; x_wconf 90' lang='lat' dir='ltr'><strong>intrans,</strong></span> <span class='ocrx_word' id='word_1_669' title='bbox 2958 3293 3052 3348; x_wconf 91' lang='lat' dir='ltr'><strong>sed</strong></span> <span class='ocrx_word' id='word_1_670' title='bbox 3097 3295 3411 3352; x_wconf 90' lang='lat' dir='ltr'><strong>naturaliter</strong></span> <span class='ocrx_word' id='word_1_671' title='bbox 3435 3313 3613 3353; x_wconf 89' lang='lat' dir='ltr'><strong>mersa</strong></span> 
     </span>
    </p>
   </div>
   <div class='ocr_carea' id='block_1_78' title="bbox 2007 3384 3616 3457">
    <p class='ocr_par' dir='ltr' id='par_1_78' title="bbox 2007 3384 3616 3457">
     <span class='ocr_line' id='line_1_78' title="bbox 2007 3384 3616 3457; baseline 0.004 -18"><span class='ocrx_word' id='word_1_672' title='bbox 2007 3384 2060 3440; x_wconf 91' lang='lat' dir='ltr'><strong>in</strong></span> <span class='ocrx_word' id='word_1_673' title='bbox 2102 3400 2188 3450; x_wconf 92' lang='lat' dir='ltr'><strong>eo,</strong></span> <span class='ocrx_word' id='word_1_674' title='bbox 2220 3385 2270 3439; x_wconf 95' lang='lat' dir='ltr'><strong>in</strong></span> <span class='ocrx_word' id='word_1_675' title='bbox 2297 3400 2404 3454; x_wconf 94' lang='lat' dir='ltr'><strong>quo</strong></span> <span class='ocrx_word' id='word_1_676' title='bbox 2433 3385 2479 3439; x_wconf 93' lang='lat' dir='ltr'><strong>ei</strong></span> <span class='ocrx_word' id='word_1_677' title='bbox 2512 3399 2634 3440; x_wconf 92' lang='lat' dir='ltr'><strong>esse</strong></span> <span class='ocrx_word' id='word_1_678' title='bbox 2659 3393 2744 3439; x_wconf 92' lang='lat' dir='ltr'><strong>est</strong></span> <span class='ocrx_word' id='word_1_679' title='bbox 2768 3400 3028 3452; x_wconf 89' lang='lat' dir='ltr'><strong>manens;</strong></span> <span class='ocrx_word' id='word_1_680' title='bbox 3069 3386 3187 3457; x_wconf 87' lang='lat' dir='ltr'><strong>ejus</strong></span> <span class='ocrx_word' id='word_1_681' title='bbox 3219 3387 3405 3444; x_wconf 79' lang='lat' dir='ltr'><strong>forma:</strong></span> <span class='ocrx_word' id='word_1_682' title='bbox 3428 3397 3531 3456; x_wconf 89' lang='lat' dir='ltr'><strong>est,</strong></span> <span class='ocrx_word' id='word_1_683' title='bbox 3557 3399 3616 3446; x_wconf 90' lang='lat' dir='ltr'><strong>ut</strong></span> 
     </span>
    </p>
   </div>
   <div class='ocr_carea' id='block_1_79' title="bbox 2008 3477 3616 3552">
    <p class='ocr_par' dir='ltr' id='par_1_79' title="bbox 2008 3477 3616 3552">
     <span class='ocr_line' id='line_1_79' title="bbox 2008 3477 3616 3552; baseline 0.004 -19"><span class='ocrx_word' id='word_1_684' title='bbox 2008 3477 2374 3549; x_wconf 90' lang='lat' dir='ltr'><strong>cognoscibile</strong></span> <span class='ocrx_word' id='word_1_685' title='bbox 2404 3492 2525 3533; x_wconf 91' lang='lat' dir='ltr'><strong>esse</strong></span> <span class='ocrx_word' id='word_1_686' title='bbox 2556 3479 2725 3548; x_wconf 85' lang='lat' dir='ltr'><strong>possit</strong></span> <span class='ocrx_word' id='word_1_687' title='bbox 2747 3493 2868 3533; x_wconf 92' lang='lat' dir='ltr'><strong>cum</strong></span> <span class='ocrx_word' id='word_1_688' title='bbox 2896 3481 3070 3535; x_wconf 78' lang='lat' dir='ltr'><strong>excita</strong></span> <span class='ocrx_word' id='word_1_689' title='bbox 3101 3484 3481 3552; x_wconf 85' lang='lat' dir='ltr'><strong>cognoscentia</strong></span> <span class='ocrx_word' id='word_1_690' title='bbox 3503 3485 3616 3540; x_wconf 84' lang='lat' dir='ltr'><strong>vel-</strong></span> 
     </span>
    </p>
   </div>
   <div class='ocr_carea' id='block_1_80' title="bbox 2010 3570 3614 3643">
    <p class='ocr_par' dir='ltr' id='par_1_80' title="bbox 2010 3570 3614 3643">
     <span class='ocr_line' id='line_1_80' title="bbox 2010 3570 3614 3643; baseline 0.002 -15"><span class='ocrx_word' id='word_1_691' title='bbox 2010 3580 2066 3628; x_wconf 91' lang='lat' dir='ltr'><strong>ut</strong></span> <span class='ocrx_word' id='word_1_692' title='bbox 2115 3585 2329 3643; x_wconf 86' lang='lat' dir='ltr'><strong>egressa</strong></span> <span class='ocrx_word' id='word_1_693' title='bbox 2355 3587 2415 3627; x_wconf 85' lang='lat' dir='ltr'><strong>se</strong></span> <span class='ocrx_word' id='word_1_694' title='bbox 2452 3570 2928 3640; x_wconf 65' lang='lat' dir='ltr'><strong>circunISpiciens,</strong></span> <span class='ocrx_word' id='word_1_695' title='bbox 2970 3575 3404 3642; x_wconf 78' lang='lat' dir='ltr'><strong>cognoscentiam</strong></span> <span class='ocrx_word' id='word_1_696' title='bbox 3440 3591 3500 3631; x_wconf 90' lang='lat' dir='ltr'><strong>se</strong></span> <span class='ocrx_word' id='word_1_697' title='bbox 3531 3575 3614 3632; x_wconf 77' lang='lat' dir='ltr'><strong>fe-</strong></span> 
     </span>
    </p>
   </div>
   <div class='ocr_carea' id='block_1_81' title="bbox 2009 3662 3610 3734">
    <p class='ocr_par' dir='ltr' id='par_1_81' title="bbox 2009 3662 3610 3734">
     <span class='ocr_line' id='line_1_81' title="bbox 2009 3662 3610 3734; baseline 0.001 -15"><span class='ocrx_word' id='word_1_698' title='bbox 2009 3663 2163 3727; x_wconf 86' lang='lat' dir='ltr'><strong>cerit,</strong></span> <span class='ocrx_word' id='word_1_699' title='bbox 2211 3662 2588 3734; x_wconf 84' lang='lat' dir='ltr'><strong>cognoscendo</strong></span> <span class='ocrx_word' id='word_1_700' title='bbox 2627 3679 2687 3718; x_wconf 90' lang='lat' dir='ltr'><strong>se</strong></span> <span class='ocrx_word' id='word_1_701' title='bbox 2736 3663 2794 3717; x_wconf 85' lang='lat' dir='ltr'><strong>lit</strong></span> <span class='ocrx_word' id='word_1_702' title='bbox 2829 3665 3196 3733; x_wconf 83' lang='lat' dir='ltr'><strong>cognoscibile</strong></span> <span class='ocrx_word' id='word_1_703' title='bbox 3245 3680 3400 3720; x_wconf 91' lang='lat' dir='ltr'><strong>suum</strong></span> <span class='ocrx_word' id='word_1_704' title='bbox 3449 3665 3610 3722; x_wconf 86' lang='lat' dir='ltr'><strong>facta.</strong></span> 
     </span>
    </p>
   </div>
   <div class='ocr_carea' id='block_1_82' title="bbox 2011 3757 3612 3830">
    <p class='ocr_par' dir='ltr' id='par_1_82' title="bbox 2011 3757 3612 3830">
     <span class='ocr_line' id='line_1_82' title="bbox 2011 3757 3612 3830; baseline 0 -16"><span class='ocrx_word' id='word_1_705' title='bbox 2011 3757 2126 3814; x_wconf 91' lang='lat' dir='ltr'><strong>IIoc</strong></span> <span class='ocrx_word' id='word_1_706' title='bbox 2157 3758 2334 3828; x_wconf 83' lang='lat' dir='ltr'><strong>igitur,</strong></span> <span class='ocrx_word' id='word_1_707' title='bbox 2397 3757 2440 3811; x_wconf 89' lang='lat' dir='ltr'><strong>si</strong></span> <span class='ocrx_word' id='word_1_708' title='bbox 2490 3757 2572 3812; x_wconf 80' lang='lat' dir='ltr'><strong>fas</strong></span> <span class='ocrx_word' id='word_1_709' title='bbox 2614 3767 2697 3813; x_wconf 89' lang='lat' dir='ltr'><strong>est</strong></span> <span class='ocrx_word' id='word_1_710' title='bbox 2723 3757 2940 3824; x_wconf 90' lang='lat' dir='ltr'><strong>dicere,</strong></span> <span class='ocrx_word' id='word_1_711' title='bbox 2983 3759 3084 3812; x_wconf 86' lang='lat' dir='ltr'><strong>hoc</strong></span> <span class='ocrx_word' id='word_1_712' title='bbox 3128 3759 3346 3830; x_wconf 89' lang='lat' dir='ltr'><strong>inquam</strong></span> <span class='ocrx_word' id='word_1_713' title='bbox 3374 3801 3388 3825; x_wconf 94' lang='lat'><strong>,</strong></span> <span class='ocrx_word' id='word_1_714' title='bbox 3450 3760 3612 3816; x_wconf 90' lang='lat' dir='ltr'><strong>modo</strong></span> 
     </span>
    </p>
   </div>
   <div class='ocr_carea' id='block_1_83' title="bbox 2013 3850 3616 3922">
    <p class='ocr_par' dir='ltr' id='par_1_83' title="bbox 2013 3850 3616 3922">
     <span class='ocr_line' id='line_1_83' title="bbox 2013 3850 3616 3922; baseline 0.002 -15"><span class='ocrx_word' id='word_1_715' title='bbox 2013 3851 2145 3907; x_wconf 88' lang='lat' dir='ltr'><strong>illud</strong></span> <span class='ocrx_word' id='word_1_716' title='bbox 2178 3852 2440 3921; x_wconf 92' lang='lat' dir='ltr'><strong>primum,</strong></span> <span class='ocrx_word' id='word_1_717' title='bbox 2477 3867 2640 3906; x_wconf 91' lang='lat' dir='ltr'><strong>unum</strong></span> <span class='ocrx_word' id='word_1_718' title='bbox 2675 3850 2802 3905; x_wconf 91' lang='lat' dir='ltr'><strong>illud</strong></span> <span class='ocrx_word' id='word_1_719' title='bbox 2853 3850 3025 3904; x_wconf 87' lang='lat' dir='ltr'><strong>solum</strong></span> <span class='ocrx_word' id='word_1_720' title='bbox 3054 3893 3069 3919; x_wconf 95' lang='lat'><strong>,</strong></span> <span class='ocrx_word' id='word_1_721' title='bbox 3120 3851 3249 3906; x_wconf 88' lang='lat' dir='ltr'><strong>illud</strong></span> <span class='ocrx_word' id='word_1_722' title='bbox 3301 3853 3478 3922; x_wconf 88' lang='lat' dir='ltr'><strong>Deus,</strong></span> <span class='ocrx_word' id='word_1_723' title='bbox 3530 3856 3616 3911; x_wconf 86' lang='lat' dir='ltr'><strong>vel</strong></span> 
     </span>
    </p>
   </div>
   <div class='ocr_carea' id='block_1_84' title="bbox 2013 3943 3615 4015">
    <p class='ocr_par' dir='ltr' id='par_1_84' title="bbox 2013 3943 3615 4015">
     <span class='ocr_line' id='line_1_84' title="bbox 2013 3943 3615 4015; baseline 0.003 -16"><span class='ocrx_word' id='word_1_724' title='bbox 2013 3943 2235 4014; x_wconf 90' lang='lat' dir='ltr'><strong>spiritus</strong></span> <span class='ocrx_word' id='word_1_725' title='bbox 2258 3985 2272 4010; x_wconf 95' lang='lat'><strong>,</strong></span> <span class='ocrx_word' id='word_1_726' title='bbox 2297 3943 2382 3998; x_wconf 94' lang='lat' dir='ltr'><strong>vel</strong></span> <span class='ocrx_word' id='word_1_727' title='bbox 2412 3944 2626 4014; x_wconf 88' lang='lat' dir='ltr'><strong>spirans</strong></span> <span class='ocrx_word' id='word_1_728' title='bbox 2651 3984 2666 4010; x_wconf 93' lang='lat'><strong>,</strong></span> <span class='ocrx_word' id='word_1_729' title='bbox 2701 3943 2784 3998; x_wconf 90' lang='lat' dir='ltr'><strong>vel</strong></span> <span class='ocrx_word' id='word_1_730' title='bbox 2814 3943 2994 3999; x_wconf 91' lang='lat' dir='ltr'><strong>lumen</strong></span> <span class='ocrx_word' id='word_1_731' title='bbox 3017 3983 3030 4008; x_wconf 92' lang='lat'><strong>,</strong></span> <span class='ocrx_word' id='word_1_732' title='bbox 3067 3944 3146 3998; x_wconf 91' lang='lat' dir='ltr'><strong>vel</strong></span> <span class='ocrx_word' id='word_1_733' title='bbox 3175 3944 3478 4015; x_wconf 84' lang='lat' dir='ltr'><strong>luminans,</strong></span> <span class='ocrx_word' id='word_1_734' title='bbox 3528 3951 3615 4004; x_wconf 91' lang='lat' dir='ltr'><strong>vel</strong></span> 
     </span>
    </p>
   </div>
   <div class='ocr_carea' id='block_1_85' title="bbox 2014 4035 3615 4104">
    <p class='ocr_par' dir='ltr' id='par_1_85' title="bbox 2014 4035 3615 4104">
     <span class='ocr_line' id='line_1_85' title="bbox 2014 4035 3615 4104; baseline 0.002 -12"><span class='ocrx_word' id='word_1_735' title='bbox 2014 4037 2255 4092; x_wconf 81' lang='lat' dir='ltr'><strong>existens</strong></span> <span class='ocrx_word' id='word_1_736' title='bbox 2277 4077 2290 4102; x_wconf 96' lang='lat'><strong>,</strong></span> <span class='ocrx_word' id='word_1_737' title='bbox 2321 4036 2408 4093; x_wconf 91' lang='lat' dir='ltr'><strong>vel</strong></span> <span class='ocrx_word' id='word_1_738' title='bbox 2463 4035 2882 4100; x_wconf 82' lang='lat' dir='ltr'><strong>omniexislens,</strong></span> <span class='ocrx_word' id='word_1_739' title='bbox 2919 4036 3005 4090; x_wconf 86' lang='lat' dir='ltr'><strong>vel</strong></span> <span class='ocrx_word' id='word_1_740' title='bbox 3034 4039 3320 4093; x_wconf 82' lang='lat' dir='ltr'><strong>existentia</strong></span> <span class='ocrx_word' id='word_1_741' title='bbox 3343 4080 3358 4104; x_wconf 92' lang='lat'><strong>,</strong></span> <span class='ocrx_word' id='word_1_742' title='bbox 3386 4041 3470 4096; x_wconf 92' lang='lat' dir='ltr'><strong>vel</strong></span> <span class='ocrx_word' id='word_1_743' title='bbox 3498 4057 3615 4096; x_wconf 83' lang='lat' dir='ltr'><strong>oni-</strong></span> 
     </span>
    </p>
   </div>
   <div class='ocr_carea' id='block_1_86' title="bbox 2015 4127 3613 4199">
    <p class='ocr_par' dir='ltr' id='par_1_86' title="bbox 2015 4127 3613 4199">
     <span class='ocr_line' id='line_1_86' title="bbox 2015 4127 3613 4199; baseline 0.004 -17"><span class='ocrx_word' id='word_1_744' title='bbox 2015 4127 2355 4183; x_wconf 83' lang='lat' dir='ltr'><strong>niexistentia</strong></span> <span class='ocrx_word' id='word_1_745' title='bbox 2383 4169 2400 4194; x_wconf 95' lang='lat'><strong>,</strong></span> <span class='ocrx_word' id='word_1_746' title='bbox 2427 4127 2512 4182; x_wconf 88' lang='lat' dir='ltr'><strong>vel</strong></span> <span class='ocrx_word' id='word_1_747' title='bbox 2546 4128 2767 4192; x_wconf 90' lang='lat' dir='ltr'><strong>vivens,</strong></span> <span class='ocrx_word' id='word_1_748' title='bbox 2799 4127 2883 4182; x_wconf 94' lang='lat' dir='ltr'><strong>vel</strong></span> <span class='ocrx_word' id='word_1_749' title='bbox 2915 4128 3250 4184; x_wconf 90' lang='lat' dir='ltr'><strong>omnivivens</strong></span> <span class='ocrx_word' id='word_1_750' title='bbox 3271 4171 3285 4196; x_wconf 93' lang='lat'><strong>,</strong></span> <span class='ocrx_word' id='word_1_751' title='bbox 3338 4130 3422 4186; x_wconf 90' lang='lat' dir='ltr'><strong>vel</strong></span> <span class='ocrx_word' id='word_1_752' title='bbox 3474 4133 3613 4199; x_wconf 86' lang='lat' dir='ltr'><strong>vita,</strong></span> 
     </span>
    </p>
   </div>
   <div class='ocr_carea' id='block_1_87' title="bbox 2017 4220 3620 4296">
    <p class='ocr_par' dir='ltr' id='par_1_87' title="bbox 2017 4220 3620 4296">
     <span class='ocr_line' id='line_1_87' title="bbox 2017 4220 3620 4296; baseline 0.006 -25"><span class='ocrx_word' id='word_1_753' title='bbox 2017 4221 2101 4276; x_wconf 89' lang='lat' dir='ltr'><strong>vel</strong></span> <span class='ocrx_word' id='word_1_754' title='bbox 2133 4221 2364 4276; x_wconf 88' lang='lat' dir='ltr'><strong>viventia</strong></span> <span class='ocrx_word' id='word_1_755' title='bbox 2385 4262 2399 4287; x_wconf 97' lang='lat'><strong>,</strong></span> <span class='ocrx_word' id='word_1_756' title='bbox 2429 4223 2512 4276; x_wconf 87' lang='lat' dir='ltr'><strong>vel</strong></span> <span class='ocrx_word' id='word_1_757' title='bbox 2544 4220 2931 4275; x_wconf 90' lang='lat' dir='ltr'><strong>omniviventia</strong></span> <span class='ocrx_word' id='word_1_758' title='bbox 2955 4263 2969 4286; x_wconf 91' lang='lat'><strong>,</strong></span> <span class='ocrx_word' id='word_1_759' title='bbox 2999 4221 3084 4276; x_wconf 86' lang='lat' dir='ltr'><strong>vel</strong></span> <span class='ocrx_word' id='word_1_760' title='bbox 3117 4221 3424 4294; x_wconf 84' lang='lat' dir='ltr'><strong>intelligens</strong></span> <span class='ocrx_word' id='word_1_761' title='bbox 3455 4232 3620 4296; x_wconf 88' lang='lat' dir='ltr'><strong>atque</strong></span> 
     </span>
    </p>
   </div>
   <div class='ocr_carea' id='block_1_88' title="bbox 2019 4311 3622 4388">
    <p class='ocr_par' dir='ltr' id='par_1_88' title="bbox 2019 4311 3622 4388">
     <span class='ocr_line' id='line_1_88' title="bbox 2019 4311 3622 4388; baseline 0.003 -20"><span class='ocrx_word' id='word_1_762' title='bbox 2019 4326 2352 4384; x_wconf 83' lang='lat' dir='ltr'><strong>cognoscens</strong></span> <span class='ocrx_word' id='word_1_763' title='bbox 2391 4357 2407 4381; x_wconf 96' lang='lat'><strong>,</strong></span> <span class='ocrx_word' id='word_1_764' title='bbox 2479 4311 2565 4369; x_wconf 89' lang='lat' dir='ltr'><strong>vel</strong></span> <span class='ocrx_word' id='word_1_765' title='bbox 2644 4312 3099 4384; x_wconf 88' lang='lat' dir='ltr'><strong>onmiintelligeus</strong></span> <span class='ocrx_word' id='word_1_766' title='bbox 3140 4356 3154 4380; x_wconf 97' lang='lat'><strong>,</strong></span> <span class='ocrx_word' id='word_1_767' title='bbox 3238 4315 3622 4388; x_wconf 81' lang='lat' dir='ltr'><strong>omnicognos-</strong></span> 
     </span>
    </p>
   </div>
   <div class='ocr_carea' id='block_1_89' title="bbox 2022 4404 3555 4479">
    <p class='ocr_par' dir='ltr' id='par_1_89' title="bbox 2022 4404 3555 4479">
     <span class='ocr_line' id='line_1_89' title="bbox 2022 4404 3555 4479; baseline 0.002 -17"><span class='ocrx_word' id='word_1_768' title='bbox 2022 4421 2192 4472; x_wconf 89' lang='lat' dir='ltr'><strong>cens,</strong></span> <span class='ocrx_word' id='word_1_769' title='bbox 2281 4405 2362 4462; x_wconf 86' lang='lat' dir='ltr'><strong>vel</strong></span> <span class='ocrx_word' id='word_1_770' title='bbox 2440 4404 2962 4476; x_wconf 86' lang='lat' dir='ltr'><strong>omniintelligentia,</strong></span> <span class='ocrx_word' id='word_1_771' title='bbox 3029 4407 3555 4479; x_wconf 85' lang='lat' dir='ltr'><strong>omnicognosceutia</strong></span> 
     </span>
    </p>
   </div>
   <div class='ocr_carea' id='block_1_90' title="bbox 2023 4501 2401 4570">
    <p class='ocr_par' dir='ltr' id='par_1_90' title="bbox 2023 4501 2401 4570">
     <span class='ocr_line' id='line_1_90' title="bbox 2023 4501 2401 4570; baseline -0.003 -14"><span class='ocrx_word' id='word_1_772' title='bbox 2023 4501 2365 4570; x_wconf 81' lang='lat' dir='ltr'><strong>omnipotens</strong></span> <span class='ocrx_word' id='word_1_773' title='bbox 2386 4541 2401 4565; x_wconf 94' lang='lat'><strong>,</strong></span> 
     </span>
    </p>
   </div>
   <div class='ocr_carea' id='block_1_91' title="bbox 2501 4499 3618 4574">
    <p class='ocr_par' dir='ltr' id='par_1_91' title="bbox 2501 4499 3618 4574">
     <span class='ocr_line' id='line_1_91' title="bbox 2501 4499 3618 4574; baseline 0.007 -22"><span class='ocrx_word' id='word_1_774' title='bbox 2501 4500 2826 4574; x_wconf 86' lang='lat' dir='ltr'><strong>omnimodis</strong></span> <span class='ocrx_word' id='word_1_775' title='bbox 2913 4499 3210 4570; x_wconf 82' lang='lat' dir='ltr'><strong>perfectus,</strong></span> <span class='ocrx_word' id='word_1_776' title='bbox 3299 4503 3618 4560; x_wconf 86' lang='lat' dir='ltr'><strong>intermina-</strong></span> 
     </span>
    </p>
   </div>
   <div class='ocr_carea' id='block_1_92' title="bbox 313 4567 3624 4665">
    <p class='ocr_par' dir='ltr' id='par_1_92' title="bbox 313 4567 3624 4665">
     <span class='ocr_line' id='line_1_92' title="bbox 313 4567 3624 4665; baseline 0.002 -16"><span class='ocrx_word' id='word_1_777' title='bbox 313 4594 516 4661; x_wconf 89' lang='lat' dir='ltr'><strong>dicere,</strong></span> <span class='ocrx_word' id='word_1_778' title='bbox 541 4601 600 4649; x_wconf 93' lang='lat' dir='ltr'><strong>ut</strong></span> <span class='ocrx_word' id='word_1_779' title='bbox 622 4593 1296 4665; x_wconf 88' lang='lat' dir='ltr'><strong>ejusincompreheusibile</strong></span> <span class='ocrx_word' id='word_1_780' title='bbox 1311 4593 1450 4650; x_wconf 90' lang='lat' dir='ltr'><strong>sitet</strong></span> <span class='ocrx_word' id='word_1_781' title='bbox 1463 4609 1604 4662; x_wconf 87' lang='lat' dir='ltr'><strong>esse,</strong></span> <span class='ocrx_word' id='word_1_782' title='bbox 1633 4602 1688 4650; x_wconf 91' lang='lat' dir='ltr'><strong>et</strong></span> <span class='ocrx_word' id='word_1_783' title='bbox 1708 4595 1913 4662; x_wconf 88' lang='lat' dir='ltr'><strong>vivere,</strong></span> <span class='ocrx_word' id='word_1_784' title='bbox 1942 4567 1998 4630; x_wconf 71' lang='grc' dir='ltr'><strong><em>Β</em></strong></span> <span class='ocrx_word' id='word_1_785' title='bbox 2025 4605 2107 4652; x_wconf 92' lang='lat' dir='ltr'><strong>tus</strong></span> <span class='ocrx_word' id='word_1_786' title='bbox 2131 4637 2146 4663; x_wconf 98' lang='lat'><strong>,</strong></span> <span class='ocrx_word' id='word_1_787' title='bbox 2201 4595 2529 4661; x_wconf 90' lang='lat' dir='ltr'><strong>immensus,</strong></span> <span class='ocrx_word' id='word_1_788' title='bbox 2584 4593 2679 4649; x_wconf 93' lang='lat' dir='ltr'><strong>sed</strong></span> <span class='ocrx_word' id='word_1_789' title='bbox 2708 4593 2918 4648; x_wconf 63' lang='lat' dir='ltr'><strong>caeteris</strong></span> <span class='ocrx_word' id='word_1_790' title='bbox 2944 4634 2958 4658; x_wconf 92' lang='lat'><strong>,</strong></span> <span class='ocrx_word' id='word_1_791' title='bbox 3014 4593 3116 4649; x_wconf 89' lang='lat' dir='ltr'><strong>sibi</strong></span> <span class='ocrx_word' id='word_1_792' title='bbox 3177 4597 3495 4654; x_wconf 90' lang='lat' dir='ltr'><strong>terminatus</strong></span> <span class='ocrx_word' id='word_1_793' title='bbox 3567 4610 3624 4656; x_wconf 90' lang='lat' dir='ltr'><strong>et</strong></span> 
     </span>
    </p>
   </div>
   <div class='ocr_carea' id='block_1_93' title="bbox 315 4687 1921 4760">
    <p class='ocr_par' dir='ltr' id='par_1_93' title="bbox 315 4687 1921 4760">
     <span class='ocr_line' id='line_1_93' title="bbox 315 4687 1921 4760; baseline 0.001 -15"><span class='ocrx_word' id='word_1_794' title='bbox 315 4698 373 4746; x_wconf 94' lang='lat' dir='ltr'><strong>et</strong></span> <span class='ocrx_word' id='word_1_795' title='bbox 392 4689 712 4760; x_wconf 85' lang='lat' dir='ltr'><strong>intelligere,</strong></span> <span class='ocrx_word' id='word_1_796' title='bbox 743 4703 841 4745; x_wconf 90' lang='lat' dir='ltr'><strong>nec</strong></span> <span class='ocrx_word' id='word_1_797' title='bbox 862 4690 1034 4744; x_wconf 90' lang='lat' dir='ltr'><strong>solum</strong></span> <span class='ocrx_word' id='word_1_798' title='bbox 1058 4696 1115 4743; x_wconf 91' lang='lat' dir='ltr'><strong>ut</strong></span> <span class='ocrx_word' id='word_1_799' title='bbox 1137 4687 1684 4760; x_wconf 84' lang='lat' dir='ltr'><strong>incomprehensibile</strong></span> <span class='ocrx_word' id='word_1_800' title='bbox 1705 4690 1822 4760; x_wconf 90' lang='lat' dir='ltr'><strong>ejus</strong></span> <span class='ocrx_word' id='word_1_801' title='bbox 1848 4690 1921 4746; x_wconf 79' lang='lat' dir='ltr'><strong>sit</strong></span> 
     </span>
    </p>
   </div>
   <div class='ocr_carea' id='block_1_94' title="bbox 316 4783 1918 4855">
    <p class='ocr_par' dir='ltr' id='par_1_94' title="bbox 316 4783 1918 4855">
     <span class='ocr_line' id='line_1_94' title="bbox 316 4783 1918 4855; baseline -0.001 -13"><span class='ocrx_word' id='word_1_802' title='bbox 316 4799 459 4848; x_wconf 86' lang='lat' dir='ltr'><strong>esse,</strong></span> <span class='ocrx_word' id='word_1_803' title='bbox 487 4785 666 4839; x_wconf 87' lang='lat' dir='ltr'><strong>vivere</strong></span> <span class='ocrx_word' id='word_1_804' title='bbox 685 4792 740 4840; x_wconf 92' lang='lat' dir='ltr'><strong>et</strong></span> <span class='ocrx_word' id='word_1_805' title='bbox 768 4783 1097 4855; x_wconf 87' lang='lat' dir='ltr'><strong>intelligere;</strong></span> <span class='ocrx_word' id='word_1_806' title='bbox 1128 4791 1185 4839; x_wconf 89' lang='lat' dir='ltr'><strong>ut</strong></span> <span class='ocrx_word' id='word_1_807' title='bbox 1207 4799 1306 4840; x_wconf 92' lang='lat' dir='ltr'><strong>nec</strong></span> <span class='ocrx_word' id='word_1_808' title='bbox 1329 4799 1451 4840; x_wconf 89' lang='lat' dir='ltr'><strong>esse</strong></span> <span class='ocrx_word' id='word_1_809' title='bbox 1473 4784 1686 4855; x_wconf 90' lang='lat' dir='ltr'><strong>quidem</strong></span> <span class='ocrx_word' id='word_1_810' title='bbox 1714 4784 1815 4840; x_wconf 84' lang='lat' dir='ltr'><strong>ista</strong></span> <span class='ocrx_word' id='word_1_811' title='bbox 1837 4786 1918 4840; x_wconf 86' lang='lat' dir='ltr'><strong>vi-</strong></span> 
     </span>
    </p>
   </div>
   <div class='ocr_carea' id='block_1_95' title="bbox 317 4876 1916 4955">
    <p class='ocr_par' dir='ltr' id='par_1_95' title="bbox 317 4876 1916 4955">
     <span class='ocr_line' id='line_1_95' title="bbox 317 4876 1916 4955; baseline 0.001 -22"><span class='ocrx_word' id='word_1_812' title='bbox 317 4877 546 4934; x_wconf 89' lang='lat' dir='ltr'><strong>deantur</strong></span> <span class='ocrx_word' id='word_1_813' title='bbox 562 4877 702 4948; x_wconf 89' lang='lat' dir='ltr'><strong>quod</strong></span> <span class='ocrx_word' id='word_1_814' title='bbox 719 4876 808 4932; x_wconf 89' lang='lat' dir='ltr'><strong>ille</strong></span> <span class='ocrx_word' id='word_1_815' title='bbox 818 4891 978 4946; x_wconf 90' lang='lat' dir='ltr'><strong>supra</strong></span> <span class='ocrx_word' id='word_1_816' title='bbox 993 4877 1170 4932; x_wconf 89' lang='lat' dir='ltr'><strong>omnia</strong></span> <span class='ocrx_word' id='word_1_817' title='bbox 1191 4876 1264 4932; x_wconf 89' lang='lat' dir='ltr'><strong>sit</strong></span> <span class='ocrx_word' id='word_1_818' title='bbox 1282 4893 1294 4931; x_wconf 92' lang='lat'><strong>:</strong></span> <span class='ocrx_word' id='word_1_819' title='bbox 1310 4892 1478 4949; x_wconf 85' lang='lat' dir='ltr'><strong>quare</strong></span> <span class='ocrx_word' id='word_1_820' title='bbox 1499 4880 1916 4955; x_wconf 69' lang='grc' dir='ltr'><strong>θῐὰνύπαρκτος,</strong></span> 
     </span>
    </p>
   </div>
   <div class='ocr_carea' id='block_1_96' title="bbox 319 4966 1921 5044">
    <p class='ocr_par' dir='ltr' id='par_1_96' title="bbox 319 4966 1921 5044">
     <span class='ocr_line' id='line_1_96' title="bbox 319 4966 1921 5044; baseline 0.001 -16"><span class='ocrx_word' id='word_1_821' title='bbox 319 4979 377 5028; x_wconf 90' lang='lat' dir='ltr'><strong>et</strong></span> <span class='ocrx_word' id='word_1_822' title='bbox 417 4973 676 5038; x_wconf 76' lang='grc' dir='ltr'><strong>ἀνούσιος,</strong></span> <span class='ocrx_word' id='word_1_823' title='bbox 724 4977 780 5025; x_wconf 91' lang='lat' dir='ltr'><strong>et</strong></span> <span class='ocrx_word' id='word_1_824' title='bbox 807 4966 980 5038; x_wconf 74' lang='grc' dir='ltr'><strong>ἄνους,</strong></span> <span class='ocrx_word' id='word_1_825' title='bbox 1027 4977 1083 5044; x_wconf 82' lang='lat' dir='ltr'><strong>et</strong></span> <span class='ocrx_word' id='word_1_826' title='bbox 1107 4967 1264 5037; x_wconf 78' lang='grc' dir='ltr'>ἅζων,</span> <span class='ocrx_word' id='word_1_827' title='bbox 1299 4971 1418 5026; x_wconf 83' lang='lat' dir='ltr'><strong>sine</strong></span> <span class='ocrx_word' id='word_1_828' title='bbox 1446 4971 1754 5038; x_wconf 82' lang='lat' dir='ltr'><strong>existentia,</strong></span> <span class='ocrx_word' id='word_1_829' title='bbox 1805 4975 1921 5029; x_wconf 82' lang='lat' dir='ltr'><strong>sine</strong></span> 
     </span>
    </p>
   </div>
   <div class='ocr_carea' id='block_1_97' title="bbox 227 5067 1920 5139">
    <p class='ocr_par' dir='ltr' id='par_1_97' title="bbox 227 5067 1920 5139">
     <span class='ocr_line' id='line_1_97' title="bbox 227 5067 1920 5139; baseline -0.002 -12"><span class='ocrx_word' id='word_1_830' title='bbox 227 5110 234 5116; x_wconf 67' lang='grc' dir='ltr'><em>ρ</em></span> <span class='ocrx_word' id='word_1_831' title='bbox 319 5069 642 5136; x_wconf 87' lang='lat' dir='ltr'><strong>substantia,</strong></span> <span class='ocrx_word' id='word_1_832' title='bbox 688 5068 806 5124; x_wconf 91' lang='lat' dir='ltr'><strong>sine</strong></span> <span class='ocrx_word' id='word_1_833' title='bbox 835 5068 1211 5139; x_wconf 85' lang='lat' dir='ltr'><strong>intelligentia,</strong></span> <span class='ocrx_word' id='word_1_834' title='bbox 1251 5067 1370 5124; x_wconf 92' lang='lat' dir='ltr'><strong>sine</strong></span> <span class='ocrx_word' id='word_1_835' title='bbox 1409 5068 1517 5123; x_wconf 92' lang='lat' dir='ltr'><strong>vita</strong></span> <span class='ocrx_word' id='word_1_836' title='bbox 1544 5067 1742 5124; x_wconf 91' lang='lat' dir='ltr'><strong>dicitur</strong></span> <span class='ocrx_word' id='word_1_837' title='bbox 1771 5085 1782 5121; x_wconf 94' lang='lat'>:</span> <span class='ocrx_word' id='word_1_838' title='bbox 1815 5083 1920 5124; x_wconf 93' lang='lat' dir='ltr'><strong>non</strong></span> 
     </span>
    </p>
   </div>
   <div class='ocr_carea' id='block_1_98' title="bbox 325 5159 1924 5239">
    <p class='ocr_par' dir='ltr' id='par_1_98' title="bbox 325 5159 1924 5239">
     <span class='ocr_line' id='line_1_98' title="bbox 325 5159 1924 5239; baseline 0 -23"><span class='ocrx_word' id='word_1_839' title='bbox 325 5162 542 5235; x_wconf 91' lang='lat' dir='ltr'><strong>quidem</strong></span> <span class='ocrx_word' id='word_1_840' title='bbox 562 5177 657 5234; x_wconf 90' lang='lat' dir='ltr'><strong>per</strong></span> <span class='ocrx_word' id='word_1_841' title='bbox 677 5164 943 5239; x_wconf 78' lang='grc' dir='ltr'><strong>στέρησιν,</strong></span> <span class='ocrx_word' id='word_1_842' title='bbox 976 5160 1028 5216; x_wconf 90' lang='lat' dir='ltr'><strong>id</strong></span> <span class='ocrx_word' id='word_1_843' title='bbox 1050 5171 1154 5229; x_wconf 91' lang='lat' dir='ltr'><strong>est,</strong></span> <span class='ocrx_word' id='word_1_844' title='bbox 1179 5177 1286 5218; x_wconf 94' lang='lat' dir='ltr'><strong>non</strong></span> <span class='ocrx_word' id='word_1_845' title='bbox 1314 5176 1410 5232; x_wconf 90' lang='lat' dir='ltr'><strong>per</strong></span> <span class='ocrx_word' id='word_1_846' title='bbox 1430 5159 1804 5232; x_wconf 85' lang='lat' dir='ltr'><strong>privationem,</strong></span> <span class='ocrx_word' id='word_1_847' title='bbox 1827 5160 1924 5216; x_wconf 90' lang='lat' dir='ltr'><strong>sed</strong></span> 
     </span>
    </p>
   </div>
   <div class='ocr_carea' id='block_1_99' title="bbox 329 5253 1924 5330">
    <p class='ocr_par' dir='ltr' id='par_1_99' title="bbox 329 5253 1924 5330">
     <span class='ocr_line' id='line_1_99' title="bbox 329 5253 1924 5330; baseline -0.005 -16"><span class='ocrx_word' id='word_1_848' title='bbox 329 5272 432 5330; x_wconf 83' lang='lat' dir='ltr'><strong>per</strong></span> <span class='ocrx_word' id='word_1_849' title='bbox 478 5255 934 5327; x_wconf 86' lang='lat' dir='ltr'><strong>supralationem;</strong></span> <span class='ocrx_word' id='word_1_850' title='bbox 975 5254 1155 5310; x_wconf 88' lang='lat' dir='ltr'><strong>omnia</strong></span> <span class='ocrx_word' id='word_1_851' title='bbox 1197 5255 1339 5310; x_wconf 91' lang='lat' dir='ltr'><strong>enim</strong></span> <span class='ocrx_word' id='word_1_852' title='bbox 1386 5271 1507 5326; x_wconf 67' lang='lat' dir='ltr'><strong>qua:</strong></span> <span class='ocrx_word' id='word_1_853' title='bbox 1549 5270 1708 5310; x_wconf 89' lang='lat' dir='ltr'><strong>voces</strong></span> <span class='ocrx_word' id='word_1_854' title='bbox 1748 5253 1924 5308; x_wconf 80' lang='lat' dir='ltr'><strong>nomi-</strong></span> 
     </span>
    </p>
   </div>
   <div class='ocr_carea' id='block_1_100' title="bbox 329 5345 1921 5425">
    <p class='ocr_par' dir='ltr' id='par_1_100' title="bbox 329 5345 1921 5425">
     <span class='ocr_line' id='line_1_100' title="bbox 329 5345 1921 5425; baseline -0.003 -19"><span class='ocrx_word' id='word_1_855' title='bbox 329 5357 483 5415; x_wconf 88' lang='lat' dir='ltr'><strong>nant,</strong></span> <span class='ocrx_word' id='word_1_856' title='bbox 516 5355 635 5420; x_wconf 91' lang='lat' dir='ltr'><strong>post</strong></span> <span class='ocrx_word' id='word_1_857' title='bbox 660 5347 836 5420; x_wconf 89' lang='lat' dir='ltr'><strong>ipsum</strong></span> <span class='ocrx_word' id='word_1_858' title='bbox 864 5355 1020 5404; x_wconf 86' lang='lat' dir='ltr'><strong>sunt:</strong></span> <span class='ocrx_word' id='word_1_859' title='bbox 1047 5347 1186 5404; x_wconf 90' lang='lat' dir='ltr'><strong>unde</strong></span> <span class='ocrx_word' id='word_1_860' title='bbox 1212 5363 1312 5405; x_wconf 90' lang='lat' dir='ltr'><strong>nec</strong></span> <span class='ocrx_word' id='word_1_861' title='bbox 1335 5345 1410 5416; x_wconf 82' lang='grc' dir='ltr'><strong>δν,</strong></span> <span class='ocrx_word' id='word_1_862' title='bbox 1438 5347 1533 5404; x_wconf 91' lang='lat' dir='ltr'><strong>scd</strong></span> <span class='ocrx_word' id='word_1_863' title='bbox 1557 5349 1722 5420; x_wconf 85' lang='lat' dir='ltr'><strong>magis</strong></span> <span class='ocrx_word' id='word_1_864' title='bbox 1744 5347 1921 5425; x_wconf 80' lang='grc' dir='ltr'><strong>προόν.</strong></span> 
     </span>
    </p>
   </div>
   <div class='ocr_carea' id='block_1_101' title="bbox 326 5440 1927 5512">
    <p class='ocr_par' dir='ltr' id='par_1_101' title="bbox 326 5440 1927 5512">
     <span class='ocr_line' id='line_1_101' title="bbox 326 5440 1927 5512; baseline -0.004 -11"><span class='ocrx_word' id='word_1_865' title='bbox 326 5441 536 5502; x_wconf 85' lang='lat' dir='ltr'><strong>Eodem</strong></span> <span class='ocrx_word' id='word_1_866' title='bbox 584 5441 744 5498; x_wconf 92' lang='lat' dir='ltr'><strong>modo</strong></span> <span class='ocrx_word' id='word_1_867' title='bbox 775 5440 1171 5512; x_wconf 68' lang='lat' dir='ltr'><strong>praeexistentia</strong></span> <span class='ocrx_word' id='word_1_868' title='bbox 1199 5483 1214 5508; x_wconf 96' lang='lat'><strong>,</strong></span> <span class='ocrx_word' id='word_1_869' title='bbox 1260 5440 1638 5510; x_wconf 67' lang='lat' dir='ltr'><strong>praevidentia,</strong></span> <span class='ocrx_word' id='word_1_870' title='bbox 1687 5455 1927 5511; x_wconf 69' lang='lat' dir='ltr'><strong>praecog—</strong></span> 
     </span>
    </p>
   </div>
   <div class='ocr_carea' id='block_1_102' title="bbox 325 5533 1929 5606">
    <p class='ocr_par' dir='ltr' id='par_1_102' title="bbox 325 5533 1929 5606">
     <span class='ocr_line' id='line_1_102' title="bbox 325 5533 1929 5606; baseline -0.004 -11"><span class='ocrx_word' id='word_1_871' title='bbox 325 5536 604 5595; x_wconf 86' lang='lat' dir='ltr'><strong>nosceutia</strong></span> <span class='ocrx_word' id='word_1_872' title='bbox 634 5535 824 5591; x_wconf 82' lang='lat' dir='ltr'><strong>liorum</strong></span> <span class='ocrx_word' id='word_1_873' title='bbox 852 5549 971 5606; x_wconf 66' lang='lat' dir='ltr'><strong>quae</strong></span> <span class='ocrx_word' id='word_1_874' title='bbox 997 5533 1352 5590; x_wconf 83' lang='lat' dir='ltr'><strong>coniiciuntur</strong></span> <span class='ocrx_word' id='word_1_875' title='bbox 1383 5554 1396 5591; x_wconf 90' lang='lat'>:</span> <span class='ocrx_word' id='word_1_876' title='bbox 1427 5533 1547 5605; x_wconf 91' lang='lat' dir='ltr'><strong>Ipse</strong></span> <span class='ocrx_word' id='word_1_877' title='bbox 1576 5542 1754 5590; x_wconf 89' lang='lat' dir='ltr'><strong>autem</strong></span> <span class='ocrx_word' id='word_1_878' title='bbox 1787 5549 1929 5606; x_wconf 78' lang='lat' dir='ltr'><strong>pra:-</strong></span> 
     </span>
    </p>
   </div>
   <div class='ocr_carea' id='block_1_103' title="bbox 327 5630 1930 5702">
    <p class='ocr_par' dir='ltr' id='par_1_103' title="bbox 327 5630 1930 5702">
     <span class='ocr_line' id='line_1_103' title="bbox 327 5630 1930 5702; baseline 0.001 -14"><span class='ocrx_word' id='word_1_879' title='bbox 327 5633 631 5696; x_wconf 80' lang='lat' dir='ltr'><strong>exsistens,</strong></span> <span class='ocrx_word' id='word_1_880' title='bbox 697 5630 1037 5701; x_wconf 73' lang='lat' dir='ltr'><strong>praevidens,</strong></span> <span class='ocrx_word' id='word_1_881' title='bbox 1094 5645 1536 5702; x_wconf 72' lang='lat' dir='ltr'><strong>prmcognoscens</strong></span> <span class='ocrx_word' id='word_1_882' title='bbox 1593 5648 1605 5684; x_wconf 92' lang='lat'>:</span> <span class='ocrx_word' id='word_1_883' title='bbox 1666 5631 1763 5687; x_wconf 88' lang='lat' dir='ltr'><strong>sed</strong></span> <span class='ocrx_word' id='word_1_884' title='bbox 1814 5632 1930 5688; x_wconf 66' lang='lat' dir='ltr'><strong>haec</strong></span> 
     </span>
    </p>
   </div>
   <div class='ocr_carea' id='block_1_104' title="bbox 328 5722 1928 5795">
    <p class='ocr_par' dir='ltr' id='par_1_104' title="bbox 328 5722 1928 5795">
     <span class='ocr_line' id='line_1_104' title="bbox 328 5722 1928 5795; baseline -0.001 -13"><span class='ocrx_word' id='word_1_885' title='bbox 328 5724 509 5782; x_wconf 89' lang='lat' dir='ltr'><strong>omnia</strong></span> <span class='ocrx_word' id='word_1_886' title='bbox 584 5722 967 5794; x_wconf 86' lang='lat' dir='ltr'><strong>apparentibus</strong></span> <span class='ocrx_word' id='word_1_887' title='bbox 1016 5723 1270 5779; x_wconf 88' lang='lat' dir='ltr'><strong>secundis</strong></span> <span class='ocrx_word' id='word_1_888' title='bbox 1327 5731 1383 5780; x_wconf 92' lang='lat' dir='ltr'><strong>et</strong></span> <span class='ocrx_word' id='word_1_889' title='bbox 1436 5723 1708 5780; x_wconf 91' lang='lat' dir='ltr'><strong>intellecta</strong></span> <span class='ocrx_word' id='word_1_890' title='bbox 1765 5734 1928 5795; x_wconf 89' lang='lat' dir='ltr'><strong>sunt,</strong></span> 
     </span>
    </p>
   </div>
   <div class='ocr_carea' id='block_1_105' title="bbox 334 5816 1928 5894">
    <p class='ocr_par' dir='ltr' id='par_1_105' title="bbox 334 5816 1928 5894">
     <span class='ocr_line' id='line_1_105' title="bbox 334 5816 1928 5894; baseline 0 -18"><span class='ocrx_word' id='word_1_891' title='bbox 334 5827 394 5876; x_wconf 87' lang='lat' dir='ltr'><strong>et</strong></span> <span class='ocrx_word' id='word_1_892' title='bbox 463 5816 756 5874; x_wconf 88' lang='lat' dir='ltr'><strong>nominata.</strong></span> <span class='ocrx_word' id='word_1_893' title='bbox 817 5817 1102 5887; x_wconf 80' lang='lat' dir='ltr'><strong>Postquam</strong></span> <span class='ocrx_word' id='word_1_894' title='bbox 1179 5818 1322 5873; x_wconf 83' lang='lat' dir='ltr'><strong>enim</strong></span> <span class='ocrx_word' id='word_1_895' title='bbox 1386 5819 1632 5889; x_wconf 84' lang='lat' dir='ltr'><strong>apparuit</strong></span> <span class='ocrx_word' id='word_1_896' title='bbox 1699 5833 1928 5894; x_wconf 79' lang='lat' dir='ltr'><strong>cognos-</strong></span> 
     </span>
    </p>
   </div>
   <div class='ocr_carea' id='block_1_106' title="bbox 621 5919 1110 5988">
    <p class='ocr_par' dir='ltr' id='par_1_106' title="bbox 621 5919 1110 5988">
     <span class='ocr_line' id='line_1_106' title="bbox 621 5919 1110 5988; baseline -0.018 0"><span class='ocrx_word' id='word_1_897' title='bbox 621 5923 899 5988; x_wconf 72' lang='lat' dir='ltr'><strong>PATML.</strong></span> <span class='ocrx_word' id='word_1_898' title='bbox 941 5919 1110 5984; x_wconf 88' lang='lat' dir='ltr'>VIII.</span> 
     </span>
    </p>
   </div>
   <div class='ocr_carea' id='block_1_107' title="bbox 2023 4684 3616 4758">
    <p class='ocr_par' dir='ltr' id='par_1_107' title="bbox 2023 4684 3616 4758">
     <span class='ocr_line' id='line_1_107' title="bbox 2023 4684 3616 4758; baseline 0.001 -12"><span class='ocrx_word' id='word_1_899' title='bbox 2023 4705 2242 4747; x_wconf 88' lang='lat' dir='ltr'><strong>mensus</strong></span> <span class='ocrx_word' id='word_1_900' title='bbox 2267 4731 2282 4755; x_wconf 96' lang='lat'><strong>,</strong></span> <span class='ocrx_word' id='word_1_901' title='bbox 2316 4685 2482 4758; x_wconf 84' lang='lat' dir='ltr'><strong>super</strong></span> <span class='ocrx_word' id='word_1_902' title='bbox 2510 4687 2718 4752; x_wconf 89' lang='lat' dir='ltr'><strong>omnia,</strong></span> <span class='ocrx_word' id='word_1_903' title='bbox 2754 4695 2808 4741; x_wconf 92' lang='lat' dir='ltr'><strong>et</strong></span> <span class='ocrx_word' id='word_1_904' title='bbox 2839 4684 3040 4741; x_wconf 92' lang='lat' dir='ltr'><strong>idcirco</strong></span> <span class='ocrx_word' id='word_1_905' title='bbox 3063 4685 3266 4742; x_wconf 91' lang='lat' dir='ltr'><strong>nullum</strong></span> <span class='ocrx_word' id='word_1_906' title='bbox 3321 4691 3388 4745; x_wconf 92' lang='lat' dir='ltr'><strong>de</strong></span> <span class='ocrx_word' id='word_1_907' title='bbox 3437 4692 3616 4747; x_wconf 86' lang='lat' dir='ltr'><strong>omni-</strong></span> 
     </span>
    </p>
   </div>
   <div class='ocr_carea' id='block_1_108' title="bbox 2020 4779 3621 4852">
    <p class='ocr_par' dir='ltr' id='par_1_108' title="bbox 2020 4779 3621 4852">
     <span class='ocr_line' id='line_1_108' title="bbox 2020 4779 3621 4852; baseline 0 -10"><span class='ocrx_word' id='word_1_908' title='bbox 2020 4785 2123 4842; x_wconf 87' lang='lat' dir='ltr'><strong>bus</strong></span> <span class='ocrx_word' id='word_1_909' title='bbox 2145 4825 2160 4850; x_wconf 95' lang='lat'><strong>,</strong></span> <span class='ocrx_word' id='word_1_910' title='bbox 2197 4798 2259 4839; x_wconf 86' lang='lat' dir='ltr'><strong>ac</strong></span> <span class='ocrx_word' id='word_1_911' title='bbox 2282 4781 2450 4852; x_wconf 87' lang='lat' dir='ltr'><strong>magis</strong></span> <span class='ocrx_word' id='word_1_912' title='bbox 2471 4795 2535 4835; x_wconf 85' lang='lat' dir='ltr'><strong>ex</strong></span> <span class='ocrx_word' id='word_1_913' title='bbox 2565 4795 2671 4851; x_wconf 92' lang='lat' dir='ltr'><strong>quo</strong></span> <span class='ocrx_word' id='word_1_914' title='bbox 2693 4779 2874 4835; x_wconf 91' lang='lat' dir='ltr'><strong>omnia</strong></span> <span class='ocrx_word' id='word_1_915' title='bbox 2909 4820 2920 4832; x_wconf 94' lang='lat'><strong>.</strong></span> <span class='ocrx_word' id='word_1_916' title='bbox 2951 4796 3080 4850; x_wconf 88' lang='lat' dir='ltr'><strong>ergo</strong></span> <span class='ocrx_word' id='word_1_917' title='bbox 3121 4797 3288 4837; x_wconf 92' lang='lat' dir='ltr'><strong>unum</strong></span> <span class='ocrx_word' id='word_1_918' title='bbox 3349 4793 3403 4840; x_wconf 91' lang='lat' dir='ltr'><strong>et</strong></span> <span class='ocrx_word' id='word_1_919' title='bbox 3444 4787 3621 4842; x_wconf 91' lang='lat' dir='ltr'><strong>solum</strong></span> 
     </span>
    </p>
   </div>
   <div class='ocr_carea' id='block_1_109' title="bbox 2024 4875 3624 4948">
    <p class='ocr_par' dir='ltr' id='par_1_109' title="bbox 2024 4875 3624 4948">
     <span class='ocr_line' id='line_1_109' title="bbox 2024 4875 3624 4948; baseline 0.001 -13"><span class='ocrx_word' id='word_1_920' title='bbox 2024 4893 2189 4936; x_wconf 91' lang='lat' dir='ltr'><strong>unum</strong></span> <span class='ocrx_word' id='word_1_921' title='bbox 2225 4896 2238 4933; x_wconf 90' lang='lat'><strong>:</strong></span> <span class='ocrx_word' id='word_1_922' title='bbox 2277 4875 2596 4948; x_wconf 90' lang='lat' dir='ltr'><strong>principium</strong></span> <span class='ocrx_word' id='word_1_923' title='bbox 2625 4875 2769 4930; x_wconf 92' lang='lat' dir='ltr'><strong>enim</strong></span> <span class='ocrx_word' id='word_1_924' title='bbox 2800 4875 3061 4930; x_wconf 91' lang='lat' dir='ltr'><strong>omnium.</strong></span> <span class='ocrx_word' id='word_1_925' title='bbox 3119 4875 3273 4934; x_wconf 88' lang='lat' dir='ltr'><strong>Unde</strong></span> <span class='ocrx_word' id='word_1_926' title='bbox 3319 4895 3424 4934; x_wconf 93' lang='lat' dir='ltr'><strong>non</strong></span> <span class='ocrx_word' id='word_1_927' title='bbox 3459 4897 3624 4937; x_wconf 88' lang='lat' dir='ltr'><strong>unum</strong></span> 
     </span>
    </p>
   </div>
   <div class='ocr_carea' id='block_1_110' title="bbox 2023 4970 3624 5043">
    <p class='ocr_par' dir='ltr' id='par_1_110' title="bbox 2023 4970 3624 5043">
     <span class='ocr_line' id='line_1_110' title="bbox 2023 4970 3624 5043; baseline 0.001 -13"><span class='ocrx_word' id='word_1_928' title='bbox 2023 4973 2203 5030; x_wconf 89' lang='lat' dir='ltr'><strong>omnia</strong></span> <span class='ocrx_word' id='word_1_929' title='bbox 2227 4985 2451 5027; x_wconf 89' lang='lat' dir='ltr'><strong>manens</strong></span> <span class='ocrx_word' id='word_1_930' title='bbox 2477 4971 2530 5025; x_wconf 91' lang='lat' dir='ltr'><strong>in</strong></span> <span class='ocrx_word' id='word_1_931' title='bbox 2561 4984 2621 5026; x_wconf 90' lang='lat' dir='ltr'><strong>se</strong></span> <span class='ocrx_word' id='word_1_932' title='bbox 2641 5011 2656 5035; x_wconf 96' lang='lat'><strong>,</strong></span> <span class='ocrx_word' id='word_1_933' title='bbox 2689 4985 2866 5040; x_wconf 88' lang='lat' dir='ltr'><strong>neque</strong></span> <span class='ocrx_word' id='word_1_934' title='bbox 2897 4970 2948 5024; x_wconf 94' lang='lat' dir='ltr'><strong>in</strong></span> <span class='ocrx_word' id='word_1_935' title='bbox 2978 4985 3036 5026; x_wconf 93' lang='lat' dir='ltr'><strong>se</strong></span> <span class='ocrx_word' id='word_1_936' title='bbox 3057 5011 3075 5040; x_wconf 94' lang='lat'><strong>,</strong></span> <span class='ocrx_word' id='word_1_937' title='bbox 3125 4989 3194 5029; x_wconf 93' lang='lat' dir='ltr'><strong>ne</strong></span> <span class='ocrx_word' id='word_1_938' title='bbox 3226 4973 3355 5041; x_wconf 92' lang='lat' dir='ltr'><strong>duo,</strong></span> <span class='ocrx_word' id='word_1_939' title='bbox 3384 4975 3624 5043; x_wconf 90' lang='lat' dir='ltr'><strong>auditor,</strong></span> 
     </span>
    </p>
   </div>
   <div class='ocr_carea' id='block_1_111' title="bbox 2029 5063 3626 5140">
    <p class='ocr_par' dir='ltr' id='par_1_111' title="bbox 2029 5063 3626 5140">
     <span class='ocr_line' id='line_1_111' title="bbox 2029 5063 3626 5140; baseline 0.002 -18"><span class='ocrx_word' id='word_1_940' title='bbox 2029 5067 2263 5139; x_wconf 88' lang='lat' dir='ltr'><strong>accipias</strong></span> <span class='ocrx_word' id='word_1_941' title='bbox 2287 5106 2302 5133; x_wconf 92' lang='lat'><strong>,</strong></span> <span class='ocrx_word' id='word_1_942' title='bbox 2333 5063 2428 5120; x_wconf 92' lang='lat' dir='ltr'><strong>sed</strong></span> <span class='ocrx_word' id='word_1_943' title='bbox 2461 5064 2635 5134; x_wconf 92' lang='lat' dir='ltr'><strong>ipsum</strong></span> <span class='ocrx_word' id='word_1_944' title='bbox 2659 5077 2880 5117; x_wconf 90' lang='lat' dir='ltr'><strong>manens</strong></span> <span class='ocrx_word' id='word_1_945' title='bbox 2902 5063 2986 5119; x_wconf 90' lang='lat' dir='ltr'><strong>vel</strong></span> <span class='ocrx_word' id='word_1_946' title='bbox 3018 5066 3256 5131; x_wconf 89' lang='lat' dir='ltr'><strong>mansio,</strong></span> <span class='ocrx_word' id='word_1_947' title='bbox 3281 5070 3434 5138; x_wconf 89' lang='lat' dir='ltr'><strong>quies</strong></span> <span class='ocrx_word' id='word_1_948' title='bbox 3470 5069 3626 5140; x_wconf 92' lang='lat' dir='ltr'><strong>quie-</strong></span> 
     </span>
    </p>
   </div>
   <div class='ocr_carea' id='block_1_112' title="bbox 2029 5157 3629 5232">
    <p class='ocr_par' dir='ltr' id='par_1_112' title="bbox 2029 5157 3629 5232">
     <span class='ocr_line' id='line_1_112' title="bbox 2029 5157 3629 5232; baseline 0.001 -15"><span class='ocrx_word' id='word_1_949' title='bbox 2029 5170 2145 5229; x_wconf 88' lang='lat' dir='ltr'><strong>tus,</strong></span> <span class='ocrx_word' id='word_1_950' title='bbox 2173 5159 2458 5231; x_wconf 90' lang='lat' dir='ltr'><strong>quiescens</strong></span> <span class='ocrx_word' id='word_1_951' title='bbox 2504 5157 2708 5228; x_wconf 87' lang='lat' dir='ltr'><strong>magis,</strong></span> <span class='ocrx_word' id='word_1_952' title='bbox 2743 5157 2868 5227; x_wconf 91' lang='lat' dir='ltr'><strong>quia</strong></span> <span class='ocrx_word' id='word_1_953' title='bbox 2895 5171 2924 5210; x_wconf 89' lang='lat' dir='ltr'><strong>a</strong></span> <span class='ocrx_word' id='word_1_954' title='bbox 2951 5157 3266 5228; x_wconf 90' lang='lat' dir='ltr'><strong>quiescente</strong></span> <span class='ocrx_word' id='word_1_955' title='bbox 3323 5162 3506 5232; x_wconf 89' lang='lat' dir='ltr'><strong>quies,</strong></span> <span class='ocrx_word' id='word_1_956' title='bbox 3568 5173 3629 5218; x_wconf 89' lang='lat' dir='ltr'><strong>ut</strong></span> 
     </span>
    </p>
   </div>
   <div class='ocr_carea' id='block_1_113' title="bbox 2032 5249 3631 5326">
    <p class='ocr_par' dir='ltr' id='par_1_113' title="bbox 2032 5249 3631 5326">
     <span class='ocr_line' id='line_1_113' title="bbox 2032 5249 3631 5326; baseline 0.001 -15"><span class='ocrx_word' id='word_1_957' title='bbox 2032 5269 2194 5326; x_wconf 84' lang='lat' dir='ltr'><strong>supra</strong></span> <span class='ocrx_word' id='word_1_958' title='bbox 2222 5252 2524 5309; x_wconf 92' lang='lat' dir='ltr'><strong>docuimus.</strong></span> <span class='ocrx_word' id='word_1_959' title='bbox 2556 5249 2712 5306; x_wconf 91' lang='lat' dir='ltr'><strong>Unde</strong></span> <span class='ocrx_word' id='word_1_960' title='bbox 2738 5249 2916 5304; x_wconf 91' lang='lat' dir='ltr'><strong>dictus</strong></span> <span class='ocrx_word' id='word_1_961' title='bbox 2943 5259 3025 5306; x_wconf 91' lang='lat' dir='ltr'><strong>est</strong></span> <span class='ocrx_word' id='word_1_962' title='bbox 3053 5261 3109 5306; x_wconf 92' lang='lat' dir='ltr'><strong>et</strong></span> <span class='ocrx_word' id='word_1_963' title='bbox 3135 5252 3329 5308; x_wconf 86' lang='lat' dir='ltr'><strong>sedere</strong></span> <span class='ocrx_word' id='word_1_964' title='bbox 3377 5255 3531 5325; x_wconf 90' lang='lat' dir='ltr'><strong>quasi</strong></span> <span class='ocrx_word' id='word_1_965' title='bbox 3575 5257 3631 5312; x_wconf 91' lang='lat' dir='ltr'><strong>in</strong></span> 
     </span>
    </p>
   </div>
   <div class='ocr_carea' id='block_1_114' title="bbox 2035 5341 3630 5420">
    <p class='ocr_par' dir='ltr' id='par_1_114' title="bbox 2035 5341 3630 5420">
     <span class='ocr_line' id='line_1_114' title="bbox 2035 5341 3630 5420; baseline 0.001 -15"><span class='ocrx_word' id='word_1_966' title='bbox 2035 5357 2221 5406; x_wconf 91' lang='lat' dir='ltr'><strong>centro</strong></span> <span class='ocrx_word' id='word_1_967' title='bbox 2250 5355 2349 5404; x_wconf 84' lang='grc' dir='ltr'><strong>τῶν</strong></span> <span class='ocrx_word' id='word_1_968' title='bbox 2368 5349 2572 5402; x_wconf 83' lang='grc' dir='ltr'><strong>πάντων</strong></span> <span class='ocrx_word' id='word_1_969' title='bbox 2593 5341 2770 5410; x_wconf 71' lang='grc' dir='ltr'><strong>ὄντων,</strong></span> <span class='ocrx_word' id='word_1_970' title='bbox 2798 5344 2850 5399; x_wconf 84' lang='lat' dir='ltr'><strong>id</strong></span> <span class='ocrx_word' id='word_1_971' title='bbox 2877 5354 2958 5400; x_wconf 86' lang='lat' dir='ltr'><strong>est</strong></span> <span class='ocrx_word' id='word_1_972' title='bbox 2976 5387 2989 5411; x_wconf 95' lang='lat'><strong>,</strong></span> <span class='ocrx_word' id='word_1_973' title='bbox 3013 5347 3252 5400; x_wconf 91' lang='lat' dir='ltr'><strong>omnium</strong></span> <span class='ocrx_word' id='word_1_974' title='bbox 3303 5363 3423 5418; x_wconf 73' lang='lat' dir='ltr'><strong>qua:</strong></span> <span class='ocrx_word' id='word_1_975' title='bbox 3470 5359 3630 5420; x_wconf 86' lang='lat' dir='ltr'><strong>sunt,</strong></span> 
     </span>
    </p>
   </div>
   <div class='ocr_carea' id='block_1_115' title="bbox 2033 5436 3622 5509">
    <p class='ocr_par' dir='ltr' id='par_1_115' title="bbox 2033 5436 3622 5509">
     <span class='ocr_line' id='line_1_115' title="bbox 2033 5436 3622 5509; baseline -0.001 -11"><span class='ocrx_word' id='word_1_976' title='bbox 2033 5441 2176 5498; x_wconf 88' lang='lat' dir='ltr'><strong>unde</strong></span> <span class='ocrx_word' id='word_1_977' title='bbox 2198 5439 2482 5496; x_wconf 84' lang='lat' dir='ltr'><strong>universali</strong></span> <span class='ocrx_word' id='word_1_978' title='bbox 2513 5437 2670 5493; x_wconf 89' lang='lat' dir='ltr'><strong>oculo</strong></span> <span class='ocrx_word' id='word_1_979' title='bbox 2694 5438 2743 5492; x_wconf 95' lang='lat' dir='ltr'><strong>id</strong></span> <span class='ocrx_word' id='word_1_980' title='bbox 2771 5436 3106 5508; x_wconf 6' lang='lat' dir='ltr'><strong>est,plumine</strong></span> <span class='ocrx_word' id='word_1_981' title='bbox 3135 5438 3448 5496; x_wconf 61' lang='lat' dir='ltr'><strong>substantiae</strong></span> <span class='ocrx_word' id='word_1_982' title='bbox 3476 5458 3622 5509; x_wconf 76' lang='lat' dir='ltr'><strong>sum,</strong></span> 
     </span>
    </p>
   </div>
   <div class='ocr_carea' id='block_1_116' title="bbox 2037 5531 3634 5608">
    <p class='ocr_par' dir='ltr' id='par_1_116' title="bbox 2037 5531 3634 5608">
     <span class='ocr_line' id='line_1_116' title="bbox 2037 5531 3634 5608; baseline 0.002 -18"><span class='ocrx_word' id='word_1_983' title='bbox 2037 5552 2142 5608; x_wconf 88' lang='lat' dir='ltr'><strong>qua</strong></span> <span class='ocrx_word' id='word_1_984' title='bbox 2192 5533 2273 5590; x_wconf 89' lang='lat' dir='ltr'><strong>vel</strong></span> <span class='ocrx_word' id='word_1_985' title='bbox 2307 5548 2428 5590; x_wconf 85' lang='lat' dir='ltr'><strong>esse</strong></span> <span class='ocrx_word' id='word_1_986' title='bbox 2454 5541 2567 5598; x_wconf 89' lang='lat' dir='ltr'><strong>est,</strong></span> <span class='ocrx_word' id='word_1_987' title='bbox 2594 5531 2676 5586; x_wconf 90' lang='lat' dir='ltr'><strong>vel</strong></span> <span class='ocrx_word' id='word_1_988' title='bbox 2712 5532 2926 5597; x_wconf 88' lang='lat' dir='ltr'><strong>vivere,</strong></span> <span class='ocrx_word' id='word_1_989' title='bbox 2957 5533 3041 5588; x_wconf 90' lang='lat' dir='ltr'><strong>vel</strong></span> <span class='ocrx_word' id='word_1_990' title='bbox 3085 5531 3388 5602; x_wconf 83' lang='lat' dir='ltr'><strong>intelligere</strong></span> <span class='ocrx_word' id='word_1_991' title='bbox 3414 5575 3430 5603; x_wconf 91' lang='lat'><strong>,</strong></span> <span class='ocrx_word' id='word_1_992' title='bbox 3466 5536 3517 5590; x_wconf 93' lang='lat' dir='ltr'><strong>in</strong></span> <span class='ocrx_word' id='word_1_993' title='bbox 3540 5553 3634 5594; x_wconf 90' lang='lat' dir='ltr'><strong>eas</strong></span> 
     </span>
    </p>
   </div>
   <div class='ocr_carea' id='block_1_117' title="bbox 2037 5624 3635 5697">
    <p class='ocr_par' dir='ltr' id='par_1_117' title="bbox 2037 5624 3635 5697">
     <span class='ocr_line' id='line_1_117' title="bbox 2037 5624 3635 5697; baseline -0.001 -9"><span class='ocrx_word' id='word_1_994' title='bbox 2037 5638 2137 5688; x_wconf 86' lang='grc' dir='ltr'><strong>τῶν</strong></span> <span class='ocrx_word' id='word_1_995' title='bbox 2157 5626 2334 5693; x_wconf 76' lang='grc' dir='ltr'><strong>ὄντων,</strong></span> <span class='ocrx_word' id='word_1_996' title='bbox 2367 5641 2474 5680; x_wconf 88' lang='lat' dir='ltr'><strong>non</strong></span> <span class='ocrx_word' id='word_1_997' title='bbox 2508 5624 2758 5680; x_wconf 90' lang='lat' dir='ltr'><strong>versabili</strong></span> <span class='ocrx_word' id='word_1_998' title='bbox 2780 5634 3001 5695; x_wconf 89' lang='lat' dir='ltr'><strong>aspectu</strong></span> <span class='ocrx_word' id='word_1_999' title='bbox 3032 5624 3194 5692; x_wconf 86' lang='lat' dir='ltr'><strong>videt,</strong></span> <span class='ocrx_word' id='word_1_1000' title='bbox 3228 5625 3352 5696; x_wconf 88' lang='lat' dir='ltr'><strong>quia</strong></span> <span class='ocrx_word' id='word_1_1001' title='bbox 3382 5638 3438 5682; x_wconf 91' lang='lat' dir='ltr'><strong>ct</strong></span> <span class='ocrx_word' id='word_1_1002' title='bbox 3480 5631 3635 5697; x_wconf 89' lang='lat' dir='ltr'><strong>quies</strong></span> 
     </span>
    </p>
   </div>
   <div class='ocr_carea' id='block_1_118' title="bbox 2040 5717 3640 5789">
    <p class='ocr_par' dir='ltr' id='par_1_118' title="bbox 2040 5717 3640 5789">
     <span class='ocr_line' id='line_1_118' title="bbox 2040 5717 3640 5789; baseline -0.003 -10"><span class='ocrx_word' id='word_1_1003' title='bbox 2040 5732 2154 5789; x_wconf 91' lang='lat' dir='ltr'><strong>est,</strong></span> <span class='ocrx_word' id='word_1_1004' title='bbox 2184 5739 2211 5776; x_wconf 88' lang='lat' dir='ltr'><strong>a</strong></span> <span class='ocrx_word' id='word_1_1005' title='bbox 2244 5731 2434 5776; x_wconf 89' lang='lat' dir='ltr'><strong>centro</strong></span> <span class='ocrx_word' id='word_1_1006' title='bbox 2457 5717 2616 5772; x_wconf 92' lang='lat' dir='ltr'><strong>simul</strong></span> <span class='ocrx_word' id='word_1_1007' title='bbox 2667 5718 2720 5771; x_wconf 92' lang='lat' dir='ltr'><strong>in</strong></span> <span class='ocrx_word' id='word_1_1008' title='bbox 2773 5719 2954 5772; x_wconf 84' lang='lat' dir='ltr'><strong>omnia</strong></span> <span class='ocrx_word' id='word_1_1009' title='bbox 2986 5734 3123 5773; x_wconf 91' lang='lat' dir='ltr'><strong>unus</strong></span> <span class='ocrx_word' id='word_1_1010' title='bbox 3163 5728 3247 5774; x_wconf 91' lang='lat' dir='ltr'><strong>est</strong></span> <span class='ocrx_word' id='word_1_1011' title='bbox 3296 5720 3460 5776; x_wconf 87' lang='lat' dir='ltr'><strong>visus.</strong></span> <span class='ocrx_word' id='word_1_1012' title='bbox 3512 5722 3640 5781; x_wconf 70' lang='lat' dir='ltr'><strong>Ilaec</strong></span> 
     </span>
    </p>
   </div>
   <div class='ocr_carea' id='block_1_119' title="bbox 2043 5809 3641 5884">
    <p class='ocr_par' dir='ltr' id='par_1_119' title="bbox 2043 5809 3641 5884">
     <span class='ocr_line' id='line_1_119' title="bbox 2043 5809 3641 5884; baseline -0.007 -11"><span class='ocrx_word' id='word_1_1013' title='bbox 2043 5817 2216 5884; x_wconf 80' lang='lat' dir='ltr'><strong>Deus,</strong></span> <span class='ocrx_word' id='word_1_1014' title='bbox 2250 5811 2342 5870; x_wconf 88' lang='lat' dir='ltr'><strong>sed</strong></span> <span class='ocrx_word' id='word_1_1015' title='bbox 2373 5809 2646 5884; x_wconf 88' lang='lat' dir='ltr'><strong>quomodo</strong></span> <span class='ocrx_word' id='word_1_1016' title='bbox 2699 5811 2840 5868; x_wconf 81' lang='lat' dir='ltr'><strong>Deus</strong></span> <span class='ocrx_word' id='word_1_1017' title='bbox 2867 5821 3039 5884; x_wconf 62' lang='lat' dir='ltr'><strong>pater,</strong></span> <span class='ocrx_word' id='word_1_1018' title='bbox 3087 5813 3282 5882; x_wconf 80' lang='lat' dir='ltr'><strong>etquis</strong></span> <span class='ocrx_word' id='word_1_1019' title='bbox 3329 5809 3498 5884; x_wconf 77' lang='lat' dir='ltr'><strong>ﬁlius,</strong></span> <span class='ocrx_word' id='word_1_1020' title='bbox 3549 5829 3641 5880; x_wconf 60' lang='grc' dir='ltr'><strong>θυι</strong></span> 
     </span>
    </p>
   </div>
   <div class='ocr_carea' id='block_1_120' title="bbox 3173 5906 3252 5972">
    <p class='ocr_par' dir='ltr' id='par_1_120' title="bbox 3173 5906 3252 5972">
     <span class='ocr_line' id='line_1_120' title="bbox 3173 5906 3252 5972; baseline 0.025 -2"><span class='ocrx_word' id='word_1_1021' title='bbox 3173 5906 3252 5972; x_wconf 84' lang='grc'><strong>36</strong></span> 
     </span>
    </p>
   </div>
  </div>
