4024 6306
359 319 499 379 1155

1385 332 1751 394 1010118118
1786 333 2001 395 ARIUM
2041 336 2246 399 LIBER
2285 344 2375 403 IV.

3516 373 3656 430 1134

357 454 480 497 eum
512 448 691 502 autem
721 444 965 522 intelligit
994 463 1054 506 se
1110 450 1250 508 Deus
1284 496 1298 519 ,
1329 468 1425 526 per
1452 456 1679 512 formam
1710 470 1769 514 se
1794 456 1952 514 iutel-
1978 454 2031 518 A
2060 457 2230 517 Simul
2252 464 2453 521 ambo:
2492 466 2591 524 hoc
2615 470 2757 526 enim
2782 472 3049 547 signiﬁcat
3086 478 3358 553 ὁμοούσιον
3384 527 3398 552 ,
3454 500 3653 559 prmter

360 534 951 559 κώμη,
1383 557 1389 559 Α
1820 549 1861 559 ._
2197 554 2210 559 _

359 534 477 607 ligit
509 556 522 594 :
555 538 649 596 sed
681 549 737 599 et
779 541 892 615 ipsa
927 540 1097 600 forma
1135 544 1398 621 intelligat
1427 564 1648 607 necesse
1685 558 1786 608 est.
1820 549 1951 607 Ete-

359 632 470 687 nim
535 633 844 708 intelligens
887 652 951 695 ac
994 639 1180 698 vivens
1232 639 1515 699 existentia
1549 687 1565 712 ,
1623 661 1746 702 eum
1818 645 1952 704 nihil

359 724 499 781 aliud
530 722 791 801 intelligat
820 730 1042 802 ,‘t!quam
1069 733 1209 807 quod
1242 733 1341 792 ista
1372 736 1511 794 Deus
1541 749 1682 795 sunt.
1745 738 1811 796 Et
1836 738 1953 797 haec

359 834 504 890 saepe
526 819 635 891 jam
664 820 844 882 docui.
874 823 1025 882 Cum‘
1047 836 1223 884 autem
1250 828 1365 901 ipsa
1408 829 1763 903 intelligentia
1792 831 1952 890 intel-

360 910 468 984 ligit
503 910 642 981 quod
666 912 737 969 sit
779 914 1128 991 intelligentia
1151 920 1482 989 (necessario
1514 922 1657 979 enim
1684 925 1949 998 sequitur,

361 1013 417 1064 nl
442 1019 495 1065 et
524 1026 583 1065 se
613 1006 870 1085 intelligat
915 1010 1314 1087 inlelligrnlia),
1344 1014 1511 1073 veluti
1539 1014 1777 1075 existens
1804 1034 1831 1071 a
1861 1033 1952 1074 se-

356 1098 581 1176 metipsa
613 1100 960 1177 sejintellexit
989 1150 1004 1176 ,
1058 1108 1289 1181 fecitque
1316 1126 1376 1168 se
1405 1122 1555 1171 extra
1584 1129 1597 1166 :
1654 1112 1793 1184 quod
1819 1108 1951 1169 foris

354 1208 435 1255 est
459 1194 810 1274 intelligendo
839 1244 852 1270 ,
878 1218 936 1258 se
960 1246 974 1272 ,
1005 1201 1056 1258 id
1087 1213 1209 1273 est,
1234 1215 1382 1260 motu
1404 1222 1520 1262 suo.
1547 1204 1703 1264 Unde
1731 1216 1814 1262 est
1834 1206 1950 1263 haec

355 1286 483 1349 loris
512 1293 863 1368 intelligentia
898 1338 913 1365 ,
960 1306 1014 1354 et
1042 1291 1130 1354 hic
1155 1309 1239 1355 est
1285 1298 1432 1356 ﬁlius
1462 1341 1477 1364 ,
1510 1296 1600 1356 hic
1627 1309 1709 1356 est
1744 1298 1899 1376 λόγος
1929 1343 1946 1369 ,

354 1394 511 1443 natus
543 1384 683 1444 ﬁlius
712 1431 729 1458 ,
786 1389 907 1461 quia
941 1389 1081 1447 alius
1110 1408 1138 1446 a
1173 1384 1283 1448 Deo
1312 1436 1327 1462 ,
1371 1393 1439 1450 de
1466 1394 1580 1451 Deo
1612 1404 1787 1450 tamen
1822 1437 1837 1463 ,
1894 1391 1948 1449 id

353 1492 435 1537 est
464 1524 478 1551 ,
510 1480 579 1539 de
607 1499 673 1539 eo
703 1482 842 1556 quod
862 1495 945 1543 est
964 1483 1204 1544 existens
1235 1505 1249 1541 :
1297 1497 1351 1544 et
1379 1488 1569 1545 vivens
1589 1534 1603 1559 ,
1637 1485 1944 1561 intelligen-

354 1572 427 1629 tia
459 1618 473 1642 ,
503 1592 622 1647 qu'n
651 1575 790 1633 Dens
819 1587 904 1634 est
929 1620 941 1643 ,
969 1586 1131 1651 atque
1161 1579 1305 1635 intus
1332 1576 1681 1652 intelligendo
1702 1595 1764 1637 se
1789 1576 1947 1635 intel-

351 1665 567 1737 ligentia
606 1666 749 1725 foras
796 1686 855 1726 se
885 1665 1111 1743 pretnlit
1140 1715 1156 1742 ,
1192 1682 1348 1747 atque
1394 1671 1601 1729 exstitit
1654 1671 1837 1747 patri,
1890 1670 1944 1727 in

350 1774 456 1831 quo
486 1770 541 1817 et
589 1756 704 1832 ipsa
737 1755 836 1819 fuit
868 1804 883 1831 ,
930 1773 1094 1837 atque
1114 1775 1198 1821 est
1241 1780 1458 1838 semper
1500 1762 1676 1839 imago
1705 1762 1944 1822 existens

2056 554 2299 612 eamdem
2314 561 2509 615 οὐσίαν.
2534 561 2660 619 Haec
2684 574 2877 621 cuneta
2894 567 2986 624 illo
3003 569 3161 640 pleno
3186 573 3409 649 intelligi
3427 554 3654 650 possunt

2057 645 2238 738 (.Ioan.
2268 665 2378 717 xvx,
2408 653 2498 728 15)
2527 672 2540 709 1
2571 654 2759 713 Omnia
2788 677 2902 731 qua:
2929 660 3076 720 habet
3103 678 3250 738 pater
3272 713 3288 737 ,
3334 645 3460 728 mihi
3486 675 3646 734 dedit.

2057 736 2123 792 Et
2147 783 2160 805 ,
2192 739 2380 797 Omnia
2416 762 2533 816 qua:
2558 748 2707 804 habet
2730 763 2873 821 pater
2897 798 2911 821 ,
2972 766 3017 811 et
3039 736 3131 831 ego
3176 736 3356 819 habeo.
3403 765 3595 825 Omnia
3627 813 3645 841 ,

2056 830 2227 904 inquit
2261 852 2274 889 :
2317 837 2359 892 si
2384 841 2563 897 omnia
2597 840 2894 916 ὁμοσούσιον
2920 848 3059 906 1111118
3097 856 3229 923 patri
3256 875 3269 911 :
3296 857 3442 914 Idem
3473 878 3643 935 ergo:

2053 935 2106 979 et
2136 927 2178 981 si
2206 924 2345 985 idem
2373 973 2386 997 ,
2419 948 2554 1001 par;
2585 947 2635 991 et
2683 938 2727 992 si
2758 956 2853 1008 par
2877 984 2890 1009 ,
2920 953 3067 1001 recte
3106 946 3302 1006 Paulus
3323 952 3389 1010 de
3418 924 3645 1013 1111ονυεί

2053 1014 2181 1075 Jesu
2202 1019 2416 1079 Christo
2442 1025 2577 1083 dixit
2608 1028 2941 1105 (Philipp.tt,
2971 1038 3026 1112 6)
3055 1058 3066 1093 :
3094 1040 3322 1108 Quicum
3341 1052 3531 1105 essetin
3551 1050 3649 1108 Dei

2052 1112 2252 1183 forma,
2285 1133 2386 1172 non
2420 1123 2657 1194 rapinam
2681 1128 2958 1186 arbitratus
2972 1143 3047 1188 est
3064 1147 3117 1190 ut
3132 1144 3482 1214 essetwqualis
3504 1144 3636 1203 Deo.

2124 1202 2294 1261 XXX.
2347 1207 2510 1267 Multa
2565 1214 2684 1272 hcic
2738 1218 2915 1276 divina
2964 1235 3019 1279 et
3067 1202 3347 1299 magniﬁca
3389 1239 3646 1308 mysteria

2050 1298 2409 1355 continentur.
2472 1302 2705 1364 Primum
2756 1312 2896 1382 quod
2937 1298 3185 1376 Christus
3216 1322 3389 1381 forma
3414 1298 3636 1402 Deiest,

2053 1383 2105 1442 in
2146 1404 2251 1460 quo
2291 1392 2595 1453 ostenditur
2630 1402 2809 1459 omnia
2860 1404 3061 1467 habere
3107 1429 3226 1485 qua:
3273 1383 3641 1480 Deushab—evt':

2052 1478 2155 1539 hoc
2196 1485 2341 1542 enim
2383 1498 2468 1545 est
2510 1494 2650 1564 quod
2674 1506 2729 1552 et
2751 1497 2926 1572 imago
2946 1478 3182 1574 dicitur,
3226 1511 3382 1568 sicuti
3429 1515 3497 1570 de
3527 1515 3647 1589 ipso

2050 1573 2247 1683 dictum
2295 1578 2363 1653 (11
2386 1581 2501 1639 Cor.
2536 1602 2607 1652 ιν,
2637 1587 2713 1655 4;
2768 1586 2966 1651 Coloss.
3000 1614 3036 1664 1,
3083 1597 3210 1672 15);
3248 1604 3346 1671 Qui
3374 1616 3448 1662 est
3473 1573 3644 1683 indago

2051 1662 2170 1724 Dei.
2199 1669 2370 1728 Habet
2413 1674 2572 1747 igitur
2592 1689 2645 1735 et
2684 1662 3370 1761 Deusimaginem'snmn:
3412 1707 3469 1755 et
3504 1662 3647 1760 ﬁlius

2050 1757 2227 1834 imago
2256 1762 2353 1823 Dei
2374 1777 2458 1824 est
2481 1811 2495 1835 ,
2540 1774 2738 1831 etenim
2763 1778 2807 1832 si
2828 1757 3029 1838 dictum
3051 1783 3247 1858 (Exod.
3273 1806 3458 1861 xxxnt,
3501 1794 3598 1869 20)
3628 1815 3645 1855 :

352 1870 446 1926 per
485 1847 893 1930 inlemgemiam
946 1859 1210 1917 imcnmm
1235 1901 1250 1931 .
1317 1878 1438 1934 qua,
1491 1877 1612 1919 esse
1656 1873 1740 1918 ρει
1787 1872 1947 1936 θυμω
1976 1848 2024 1916 Β
2055 1850 2265 1962 faciem
2294 1857 2391 1916 Dei
2409 1879 2556 1921 nemo
2579 1884 2802 1941 unquam
2823 1872 2967 1930 vidit.
2998 1847 3068 1934 Et
3087 1876 3289 1938 dictum

349 1942 614 2017 existere,
639 1965 701 2007 ac
732 1961 1013 2023 propterea
1039 1952 1216 2026 imago
1239 1948 1490 2026 imaginis
1519 1955 1721 2027 genita.

419 2041 614 2099 XXIX.
678 2043 803 2100 Dum
833 2045 995 2117 igitur
1048 2046 1452 2119 intelligentim,
1504 2064 1609 2104 una
1657 2044 1801 2105 intus
1829 2046 1946 2103 exi-

347 2144 495 2193 stens
525 2137 666 2208 quod
695 2147 776 2195 est
806 2139 879 2195 illi
902 2156 1023 2198 esse
1049 2158 1062 2197 :
1093 2139 1198 2197 alia
1224 2141 1464 2198 existens
1494 2184 1509 2208 ,
1567 2140 1707 2213 quod
1739 2152 1821 2199 est
1865 2140 1942 2197 illi

350 2230 699 2303 intelligendo
746 2247 888 2287 esse.
944 2233 1071 2289 Hme
1111 2234 1277 2300 loris,
1326 2233 1625 2289 h'rclilius.
1674 2232 1940 2304 Quendam

351 2325 857 2397 veruintelligeudo
907 2341 966 2382 se
992 2327 1346 2397 intelligentia
1404 2325 1569 2383 Deum
1625 2326 1939 2397 intellexit,

349 2419 530 2491 utique
580 2417 986 2492 intelligentiam
1052 2420 1368 2488 inteream,
1432 2418 1522 2476 illa
1570 2431 1750 2476 autem
1798 2420 1941 2476 Deus

346 2523 467 2582 est;
514 2513 779 2571 intellexit
824 2524 879 2573 et
928 2532 1112 2575 verum
1163 2530 1286 2573 esse
1319 2558 1335 2586 ,
1383 2525 1437 2574 et
1489 2532 1675 2573 verum
1710 2515 1891 2573 vivere
1920 2557 1941 2586 ,

346 2619 399 2664 ct
431 2623 617 2665 verum
664 2602 1014 2682 intelligendo
1061 2610 1272 2667 exstitit
1305 2619 1360 2666 et
1391 2611 1506 2682 ipsa
1553 2623 1735 2666 verum
1766 2626 1889 2667 esse
1923 2652 1939 2679 ,

347 2716 530 2757 verum
597 2700 824 2771 vivere,
858 2718 1077 2758 -verum
1155 2696 1479 2774 intelligere.
1562 2703 1777 2759 Etenim
1848 2703 1940 2776 qui

347 2810 510 2849 nnnm
554 2793 839 2866 intelligit,
869 2805 922 2850 et
952 2792 1111 2850 habet
1159 2811 1323 2850 unum
1356 2836 1371 2863 ,
1403 2803 1456 2852 et
1481 2805 1567 2851 est
1594 2811 1761 2851 unum
1789 2814 1803 2852 :
1849 2810 1938 2851 sc-

344 2887 576 2943 cundum
603 2886 721 2960 ejus
750 2886 890 2959 apud
913 2903 972 2944 se
1003 2886 1412 2959 intelligentiam
1440 2905 1460 2944 :
1512 2884 1589 2943 sic
1615 2903 1746 2962 ergo
1774 2886 1937 2956 lilius,

348 2981 396 3036 id
425 2989 508 3036 est
534 3022 551 3050 ,
580 2979 933 3053 intelligentia
967 3022 983 3049 ,
1020 2978 1369 3055 intelligendo
1396 2996 1455 3038 se
1499 2980 1684 3056 genita
1714 3024 1729 3050 ,
1779 2980 1937 3037 intel-

347 3070 563 3147 ligentia
613 3075 883 3132 intellexit
925 3075 1090 3131 Deum
1124 3118 1140 3145 ,
1193 3086 1248 3133 et
1272 3070 1452 3131 omnia
1491 3073 1582 3131 illa
1638 3074 1938 3148 (1111011180-

345 3176 455 3234 nita
477 3177 617 3239 Deus
642 3183 805 3244 sunt,
859 3181 913 3231 ct
940 3171 1286 3245 intelligendo
1312 3172 1567 3249 πλήρωμα
1594 3169 1887 3243 qumreudo
1916 3213 1931 3238 ,

2049 1947 2397 2026 Posterganea
2463 1976 2575 2015 mea
2643 1963 2855 2022 tn’debis.
2911 1966 3011 2026 Est
3058 1972 3176 2031 sine
3241 1947 3406 2036 dubio
3476 1947 3647 2042 facies

2047 2040 2187 2113 Deo,
2229 2057 2312 2102 est
2345 2047 2458 2105 ﬁlio
2487 2094 2501 2118 ,
2528 2052 2610 2109 vel
2636 2058 2810 2126 potius
2832 2066 2912 2117 est
2939 2070 2994 2118 et
3024 2062 3165 2122 ﬁlius
3194 2068 3369 2143 imago
3394 2068 3528 2140 Dei,

2045 2133 2244 2193 dictum
2267 2149 2349 2196 est
2373 2160 2385 2195 :
2418 2142 2523 2214 Qui
2541 2162 2657 2203 cum
2671 2149 2727 2205 in
2771 2154 2939 2224 forma
2965 2155 3063 2213 Dei
3081 2161 3279 2232 fuisset.
3300 2133 3497 2224 vUnde
3516 2133 3651 2239 iure

2042 2227 2244 2285 dictum
2287 2232 2437 2307 (Gen.
2471 2254 2512 2305 1,
2539 2238 2632 2313 26)
2664 2260 2676 2295 1
2708 2241 2986 2302 Faciamus
3008 2227 3263 2310 hominem
3286 2256 3356 2311 ad
3370 2227 3647 2332 imaginem

2044 2330 2092 2376 et
2120 2324 2506 2386 similitudinem
2534 2343 2781 2391 nostram.
2822 2337 2918 2395 Est
2936 2343 3257 2423 ergoFilius
3283 2389 3296 2413 ,
3344 2358 3399 2406 et
3418 2324 3647 2424 si'alter,

2045 2425 2164 2470 est:
2222 2434 2326 2474 non
2357 2422 2500 2478 enim
2541 2423 2682 2481 idem
2717 2440 2891 2497 pater,
2940 2420 3082 2490 idem
3118 2437 3257 2494 ﬁlius
3292 2458 3304 2493 :
3346 2441 3452 2499 illis
3483 2445 3647 2501 rebus

2043 2507 2294 2565 omnibus
2320 2526 2479 2583 Supra
2504 2531 2535 2571 a
2578 2534 2662 2573 me
2688 2521 2879 2590 positis
2927 2524 3088 2592 idem,
3116 2528 3256 2586 idem
3292 2540 3471 2589 autem
3495 2576 3511 2603 ,
3543 2535 3651 2593 hoc

2042 2606 2156 2666 est,
2206 2603 2394 2659 eadem
2429 2602 2634 2665 habens
2682 2612 2963 2671 existentia
3006 2633 3100 2673 sua
3143 2622 3379 2694 propria.
3419 2602 3572 2684 Unde
3594 2637 3654 2688 et

2042 2690 2184 2749 idem
2210 2738 2224 2762 ,
2256 2703 2310 2751 et
2326 2698 2464 2755 alter
2495 2719 2510 2757 :
2539 2704 2738 2761 etenim
2763 2722 2883 2765 cum
2908 2711 3027 2769 heie
3059 2690 3260 2773 dictum
3292 2737 3305 2773 :
3330 2736 3446 2776 cum
3466 2723 3649 2797 fuisset

2041 2785 2285 2858 informa
2308 2789 2409 2847 Dei
2442 2835 2456 2859 ,
2506 2796 2689 2868 utique
2716 2798 2859 2858 aliud
2889 2806 3260 2877 accipiendum
3307 2808 3449 2886 quod
3466 2785 3650 2877 i‘orma

2042 2886 2124 2935 est
2155 2921 2171 2949 ,
2195 2881 2343 2956 aliud
2378 2884 2536 2941 Dens.
2567 2888 2673 2945 Sed
2708 2893 2904 2951 videris
2928 2940 2943 2966 ,
2974 2898 3045 2954 sit
3065 2881 3349 2961 calumnia:
3382 2906 3556 2978 locus,
3580 2919 3642 2967 ut

2040 2968 2211 3031 forma
2243 2976 2334 3035 Dei
2364 2981 2434 3037 sit
2467 2982 2520 3038 in
2552 2982 2670 3050 ipso
2720 2986 2827 3043 Deo
2855 2988 3027 3047 forma
3062 3034 3076 3059 ,
3124 3003 3183 3050 ut
3212 2994 3285 3053 sit
3335 3014 3439 3056 una
3477 2968 3645 3060 etin-

2041 3066 2274 3130 discreta
2304 3075 2625 3134 substantia.
2671 3081 2809 3148 Quid
2867 3086 3144 3157 sequentia
3190 3094 3648 3161 quemadmodum

2042 3162 2442 3238 intelligemus?
2481 3168 2606 3226 Non
2634 3182 2706 3227 est
2729 3174 3006 3233 arbitratus
3035 3181 3274 3251 rapinam
3315 3200 3369 3241 se
3394 3188 3645 3259 a’qualem

341 3281 397 3328 ω
450 3272 705 3346 πλήρωμα
742 3238 1141 3340 ὶ¹ιἰθιιίεθιιάος
1185 3264 1327 3325 unde
1372 3238 1514 3325 ἰδέη,
1572 3238 1749 3322 mlum
1790 3259 1934 3336 quod
1964 3238 2011 3305 C
2047 3254 2173 3313 Deo.
2206 3259 2262 3315 111
2299 3276 2396 3317 sua
2424 3263 2707 3322 exiSIentia
2760 3268 2918 3339 positi
2944 3280 3045 3340 est,
3079 3288 3139 3329 se
3168 3285 3289 3331 eum
3319 3278 3492 3336 altero
3515 3298 3641 3339 cre—

340 3373 514 3435 pnter.
569 3363 778 3420 Etenim
822 3376 942 3418 cum
982 3359 1237 3438 πλήρωμα
1288 3368 1441 3433 pater
1488 3354 1561 3415 sit
1602 3357 1933 3427 necessario,

342 3461 572 3533 χώρημα
609 3472 764 3513 suum
806 3455 968 3513 habet
1024 3456 1286 3511 inﬁnitum
1324 3496 1339 3522 ,
1398 3452 1525 3510 licet
1578 3462 1635 3509 et
1665 3451 1764 3509 sibi
1816 3450 1937 3508 ﬁni-

340 3559 450 3605 tum
482 3568 494 3603 :
524 3548 619 3606 ubi
664 3549 916 3627 πλήρωμα
966 3562 1122 3604 suum
1148 3557 1292 3605 tenet
1319 3555 1374 3602 et
1397 3546 1540 3619 capit
1570 3588 1585 3613 ,
1635 3544 1936 3616 eodemque

341 3643 501 3699 modo
532 3643 671 3699 ﬁlius
717 3640 1026 3714 recipiendo
1076 3652 1129 3698 et
1150 3638 1483 3715 quaerendo:
1534 3636 1636 3694 hoc
1674 3647 1759 3694 est
1787 3637 1933 3694 enim

337 3736 585 3808 recipere
612 3739 843 3813 χώρημα
874 3773 890 3800 ,
923 3734 1155 3791 existere
1183 3775 1199 3802 ,
1249 3729 1602 3833 intelligendo
1648 3741 1831 3833 autem
1855 3740 1935 3785 to-

341 3837 450 3883 tum
499 3826 642 3898 quod
683 3835 836 3898 pater
860 3826 1117 3903 πλήρωμα
1142 3867 1155 3890 ,
1187 3823 1398 3881 exstitit
1445 3822 1660 3897 genitus
1688 3830 1793 3894 ,11
1818 3822 1934 3891 ipse

340 3904 483 3976 totus
524 3929 593 3976 ex
627 3929 782 3976 toto:
840 3926 895 3974 et
933 3919 1057 3990 quia
1094 3914 1451 3989 intelligentia
1496 3922 1579 3971 est
1624 3914 1933 3987 intelligens

337 4014 743 4087 intelligentiam
772 4054 788 4079 ,
816 4027 938 4068 cum
981 4012 1164 4068 lumen
1193 4027 1374 4067 rerum
1424 4009 1494 4067 sit
1524 4006 1876 4081 intelligentia
1911 4052 1926 4079 ,

335 4111 518 4169 existit
578 4109 755 4166 lumen
822 4123 887 4163 ex
954 4106 1212 4163 lumine:
1274 4112 1330 4163 et
1392 4104 1516 4178 quia
1578 4102 1930 4176 intelligentia

337 4212 603 4275 utraque,
644 4218 833 4259 verum
870 4194 1052 4259 lumen
1109 4217 1174 4256 ex
1216 4215 1344 4256 vero
1405 4198 1627 4255 lumine.
1692 4197 1931 4270 Itemque

334 4313 456 4354 cmn
501 4297 641 4352 Deus
679 4296 755 4353 sit
791 4295 936 4351 intus
974 4290 1327 4367 intelligentia
1351 4334 1368 4359 ,
1432 4290 1535 4348 ista
1578 4288 1930 4363 intelligendo

335 4409 395 4449 se
434 4391 785 4463 intelligentia
827 4390 987 4464 Deus,
1008 4405 1075 4446 ex
1100 4386 1213 4445 Deo
1252 4395 1373 4444 est:
1417 4384 1686 4462 ὅμοούσιον
1713 4400 1843 4457 ergo
1873 4385 1928 4442 in

336 4485 587 4540 otutﬁbus
611 4527 626 4551 ,
670 4483 722 4540 in
761 4499 828 4540 eo
863 4482 1008 4554 quod
1044 4497 1166 4539 esse
1193 4523 1208 4551 ,
1247 4491 1303 4538 et
1342 4478 1525 4537 vivere
1548 4522 1565 4550 ,
1623 4488 1679 4536 et
1725 4477 1926 4535 intelli-

333 4600 482 4655 gere.
520 4578 650 4643 item
691 4582 745 4638 in
767 4596 832 4641 co
870 4577 1012 4653 quod
1054 4590 1279 4650 uterque
1316 4582 1546 4657 χώρημα
1583 4586 1638 4636 et
1673 4578 1928 4655 πλήρωμα

334 4688 452 4736 est:
517 4679 643 4735 item
703 4677 754 4733 in
795 4690 861 4731 eo
915 4672 1057 4744 quod
1098 4673 1276 4744 imago
1317 4680 1372 4729 et
1429 4672 1665 4743 imago:
1723 4668 1925 4725 dictum

334 4782 419 4831 est
448 4773 598 4829 0111111
643 4770 792 4844 (Gen.
835 4785 871 4835 1,
896 4767 1081 4840 211)οά
1122 4767 1401 4839 imaginem
1456 4774 1705 4819 nostram.
1751 4758 1819 4817 Et
1868 4760 1923 4816 in

333 4882 400 4924 eo
420 4866 563 4939 quod
585 4865 766 4921 lumen
788 4871 843 4920 et
864 4863 1077 4929 lumen,
1116 4860 1246 4917 etin
1269 4874 1337 4917 eo
1357 4856 1500 4931 quod
1528 4872 1715 4913 verum
1740 4853 1925 4911 lumen

333 4971 387 5017 et
427 4974 610 5018 verum
635 4960 814 5016 lumen
839 4999 858 5025 ,
898 4954 1027 5012 etin
1050 4969 1116 5011 eo
1137 4951 1280 5025 quod
1319 4950 1551 5023 Spiritus
1573 4960 1624 5006 et
1648 4947 1882 5021 Spiritus
1909 4966 1923 5005 :

331 5066 387 5115 et
425 5056 478 5111 in
516 5070 582 5110 00
621 5052 762 5127 quod
802 5060 980 5108 motus
1021 5058 1080 5108 et
1127 5056 1306 5106 motus
1349 5085 1365 5114 .
1404 5048 1501 5103 sed
1545 5055 1699 5118 pater
1743 5052 1925 5101 motus

330 5140 683 5226 quhscens,‘
712 5147 764 5205 id
800 5156 925 5213 est,
967 5146 1235 5216 interior,
1295 5151 1351 5202 et
1383 5143 1517 5200 nihil
1560 5141 1705 5197 aliud
1760 5155 1921 5245 quam

330 5256 506 5304 motus
537 5286 556 5317 ,
600 5261 704 5302 non
735 5244 975 5300 motione
1010 5252 1190 5298 motus
1217 5276 1236 5310 ,
1274 5238 1416 5297 ﬁlius
1461 5246 1642 5293 autem
1686 5238 1923 5289 motione

330 5355 509 5399 motus
544 5352 633 5398 est
676 5380 693 5405 .
754 5348 982 5410 uterque
1030 5345 1209 5394 tamen
1264 5342 1464 5391 motus.
1507 5331 1644 5389 Item
1685 5339 1921 5402 uterque

330 5438 470 5495 actin
508 5447 563 5492 et
603 5450 764 5507 opera
791 5474 811 5501 ,
855 5442 1079 5504 uterque
1125 5432 1274 5495 vitae
1316 5438 1372 5487 et
1408 5436 1689 5528 uterquea
1712 5423 1921 5528 80110-

330 5529 467 5587 bens
510 5528 674 5584 vitam
715 5528 966 5583 votuntas
1024 5532 1085 5580 et
1123 5522 1370 5579 voluntas
1394 5561 1412 5588 ,
1453 5518 1643 5576 eadem
1707 5518 1879 5571 virtus
1905 5554 1920 5580 ,

329 5622 593 5695 sapientia
640 5656 659 5689 .
722 5619 946 5677 verbum
1014 5618 1197 5681 Deus.
1275 5616 1417 5672 Deus
1474 5621 1532 5671 et
1573 5613 1716 5669 Deus
1765 5610 1921 5665 vivus

328 5731 377 5774 ot
423 5719 567 5775 Dem
616 5715 769 5772 vivus
797 5755 816 5781 ,
863 5728 930 5771 ex
970 5719 1174 5766 artemo
1223 5718 1277 5765 et
1307 5724 1372 5765 ex
1409 5716 1612 5763 aeterne
1635 5702 1921 5761 invisibilis

328 5824 384 5869 et
401 5810 715 5867 invisibilis:
740 5822 862 5863 nam
886 5806 1087 5862 dictum
1115 5819 1150 5859 a
1171 5801 1420 5861 111111111ωο
1443 5800 1655 5877 (Matth.
1682 5816 1759 5862 ιι,
1783 5794 1877 5870 27)
1904 5815 1918 5853 1

331 5905 498 5963 Nemo
529 5903 664 5960 norit
690 5898 854 5971 ﬁlium
882 5899 979 5954 nisi
1011 5908 1154 5970 pater
1178 5938 1193 5965 ,
1225 5912 1383 5968 neque
1404 5901 1598 5967 patrem
1629 5894 1728 5950 nisi
1754 5894 1915 5963 ﬁlius.

2042 3348 2174 3407 dere
2208 3393 2222 3418 ,
2253 3353 2339 3410 vel
2369 3354 2551 3412 dicere
2570 3360 2851 3429 :rqnalem.
2880 3362 3016 3431 Quid
3046 3380 3175 3423 vero
3216 3369 3342 3425 illud
3373 3368 3637 3448 (Philipp.

2041 3444 2177 3517 lt,7)
2208 3463 2261 3501 se
2309 3449 2608 3519 exinanitiit,
2649 3462 2702 3508 et
2744 3452 2960 3524 formam
3009 3462 3141 3515 servi
3184 3444 3518 3538 suscipiens?
3562 3462 3642 3528 De

2039 3535 2255 3595 Christo
2310 3542 2637 3614 accepimus,
2666 3548 2808 3618 quod
2841 3558 3084 3609 mortuus
3113 3562 3235 3620 est,
3288 3535 3355 3613 an
3404 3560 3471 3617 de
3492 3558 3643 3619 Deo?

2041 3632 2108 3686 At
2139 3633 2317 3691 nullus
2340 3635 2475 3694 dixit
2521 3656 2775 3712 unquam.
2825 3642 3032 3703 Deinde
3084 3662 3205 3705 cum
3232 3651 3428 3709 dicitur
3448 3655 3516 3713 de
3545 3673 3640 3728 pa-

2042 3733 2123 3780 tre
2152 3768 2167 3792 ,
2198 3727 2288 3796 qui
2310 3726 2475 3785 lilium
2506 3746 2662 3787 suum
2685 3735 2943 3793 excitavit
2968 3754 2996 3792 a
3029 3743 3289 3810 mortuis,
3323 3760 3503 3805 nonne
3546 3726 3637 3807 sa-

1976 3831 1996 3851 ·
2041 3819 2107 3875 118
2147 3822 2350 3879 clarum
2387 3832 2471 3881 est
2496 3867 2511 3892 ,
2547 3825 2708 3883 alium
2752 3844 2874 3887 esse
2904 3840 3108 3902 patrem
3139 3877 3152 3901 ,
3208 3837 3371 3895 alium
3418 3840 3583 3900 ﬁlium
3613 3889 3632 3915 ,

2036 3913 2198 3969 alium
2241 3931 2364 3973 esse
2414 3918 2761 3977 suscitantem
2791 3964 2806 3988 ,
2862 3923 3027 3982 alium
3071 3931 3429 3992 suscitatum?
3487 3936 3634 4012 Ergo

2038 4003 2206 4061 forma
2240 4006 2356 4064 Dei.
2390 4006 2547 4066 Aliud
2579 4009 2748 4068 forma
2770 4057 2784 4082 ,
2817 4016 2960 4072 aliud
2986 4016 3126 4076 Deus
3154 4032 3239 4079 est
3266 4041 3281 4093 ;
3308 4035 3363 4082 et
3383 4035 3466 4084 est
3506 4003 3631 4103 (Ιιῆ-

2036 4097 2158 4155 dem
2182 4099 2293 4157 Deo
2318 4100 2483 4157 forma
2516 4145 2529 4170 ,
2572 4107 2668 4162 sed
2692 4104 2833 4162 ﬁlius
2869 4108 2962 4165 Dei
3002 4112 3173 4169 l'orma
3218 4114 3273 4173 in
3305 4097 3634 4197 manifesto,

2038 4192 2132 4249 Dei
2181 4205 2308 4251 vero
2338 4193 2393 4251 in
2434 4198 2649 4255 occulto
2680 4217 2694 4254 :
2736 4200 2815 4258 sic
2844 4203 2987 4260 enim
3015 4209 3194 4263 omnia
3213 4221 3264 4267 et
3286 4213 3576 4273 existentia

2034 4295 2088 4343 et
2115 4288 2245 4357 vita,
2286 4298 2342 4347 et
2380 4295 2760 4364 cognoscentia
2791 4294 2884 4353 Dei
2926 4298 3072 4357 intus
3096 4302 3149 4358 in
3167 4307 3400 4378 occulto,
3436 4308 3545 4368 ﬁlio
3574 4312 3634 4374 in

2032 4385 2322 4442 manifesto
2355 4405 2369 4442 :
2419 4388 2498 4445 sic
2523 4398 2716 4446 01010111
2748 4395 2976 4471 χὼρημα
3002 4438 3016 4462 ,
3049 4399 3305 4480 πλήρωμα
3332 4448 3348 4474 ,
3400 4404 3578 4480 imago
3606 4452 3626 4479 ,

2035 4475 2215 4533 lmuen
2264 4495 2450 4536 verum
2482 4523 2499 4549 ,
2546 4482 2750 4541 veritas
2782 4526 2798 4552 ,
2858 4489 3079 4558 Spiritus
3106 4533 3122 4560 ,
3151 4475 3349 4552 metus
3376 4538 3391 4565 ,
3436 4502 3578 4559 actio
3604 4545 3626 4571 ,

2031 4575 2273 4645 Operatio
2300 4616 2314 4641 ,
2339 4574 2447 4633 vita
2472 4618 2487 4643 ,
2541 4586 2590 4634 et
2621 4595 2648 4632 a
2676 4581 2967 4653 semetipso
2991 4585 3099 4640 vita
3125 4628 3141 4653 ,
3172 4589 3422 4648 voluntas
3450 4634 3466 4662 ,
3521 4597 3633 4654 vir-

1955 4644 2011 4709 Ῑ)
2037 4644 2141 4735 1118,
2195 4668 2453 4740 sapientia
2491 4714 2505 4740 ,
2555 4668 2785 4729 Verbum
2832 4675 2992 4743 Deus,
3022 4674 3163 4737 Deus
3197 4685 3348 4740 vivus
3376 4729 3391 4754 ,
3423 4696 3477 4745 et
3521 4707 3628 4749 etn-

2032 4773 2142 4819 tera
2165 4763 2265 4819 alia
2288 4764 2491 4821 omnia.
2550 4765 2657 4824 Sed
2698 4768 2817 4825 hanc
2841 4770 3001 4826 veluti
3032 4772 3174 4831 l'uras
3200 4820 3215 4846 ,
3265 4790 3319 4836 et
3367 4779 3422 4839 in
3452 4788 3629 4843 mani-

2031 4858 2210 4927 festo;
2265 4859 2353 4915 illa
2376 4860 2429 4915 in
2469 4875 2528 4917 se
2556 4871 2714 4934 atque
2764 4854 2906 4921 circa
2937 4868 3273 4928 existentiam
3301 4917 3314 4942 ,
3377 4878 3459 4934 vel
3512 4880 3630 4952 ipsa

2030 4951 2206 5020 potius
2258 4950 2402 5022 quod
2442 4963 2525 5008 est
2580 4953 2868 5011 existentia
2927 4975 2941 5012 :
2988 4959 3107 5017 haec
3155 4974 3333 5022 autem
3384 4968 3438 5025 in
3500 4950 3629 5031 actu

2028 5052 2220 5112 agente
2240 5044 2382 5117 quod
2404 5056 2486 5103 081
2515 5044 2569 5102 111
2590 5049 2891 5106 manifesto.
2908 5050 3195 5114 Postremo
3223 5060 3337 5118 hzec
3354 5065 3532 5121 omnia
3561 5067 3627 5123 11-

2027 5135 2129 5191 11118
2162 5134 2361 5205 habet,
2386 5138 2480 5193 sed
2509 5148 2660 5211 patre
2688 5140 2848 5200 dante
2866 5147 3007 5216 quod
3037 5149 3386 5211 vehementer
3405 5174 3628 5231 expres-

2026 5246 2144 5286 sum
2172 5232 2224 5288 in
2252 5248 2317 5287 eo
2347 5275 2363 5300 ,
2392 5233 2535 5304 quod
2567 5250 2686 5290 011111
2718 5229 2859 5293 ﬁlius
2890 5240 3051 5298 habet
3076 5259 3105 5299 a
3134 5260 3225 5315 se,
3259 5249 3430 5321 inquit
3459 5229 3488 5321 ,⁷
3524 5256 3626 5316 sed

2025 5324 2270 5396 adiunxit
2293 5325 2480 5399 (Joan.
2511 5345 2563 5396 v,
2595 5326 2687 5402 26)
2722 5349 2734 5385 :
2767 5329 2925 5390 Pater
2948 5336 2996 5389 ei
3030 5335 3170 5392 dedit
3192 5350 3249 5395 ut
3277 5342 3483 5402 haberet
3509 5366 3542 5403 a
3566 5365 3622 5406 se

2031 5419 2206 5474 vitam.
2229 5416 2366 5477 Vera
2395 5420 2556 5494 igitur
2577 5422 2772 5495 imago,
2801 5436 2961 5499 atque
2990 5429 3273 5489 existentia
3300 5434 3351 5490 in
3373 5440 3627 5501 omnibus

2032 5515 2220 5570 eadem
2249 5556 2264 5581 ,
2317 5514 2410 5571 sed
2445 5525 2593 5585 patre
2614 5514 2776 5571 dante
2804 5537 2817 5573 :
2866 5535 2995 5592 ergo
3025 5521 3290 5596 ὁμοούσιον
3313 5536 3367 5584 et
3393 5539 3546 5601 pater
3570 5542 3627 5592 et

2031 5608 2191 5677 ﬁlius,
2226 5608 2321 5666 sed
2352 5618 2503 5680 patre
2532 5607 2714 5665 dante.
2742 5610 2819 5668 De
2844 5628 2910 5670 eo
2940 5617 3082 5672 enim
3105 5620 3245 5687 quod
3269 5621 3502 5684 diximus
3534 5645 3630 5701 pa-

2030 5713 2165 5760 trem
2188 5718 2308 5760 esse
2332 5744 2347 5770 ,
2375 5702 2557 5759 vivere
2590 5745 2605 5769 ,
2630 5703 2967 5778 intelligere;
2997 5711 3281 5771 existentia
3306 5720 3485 5788 genita
3517 5732 3622 5791 est,

2027 5810 2086 5855 ut
2117 5800 2222 5853 vita
2250 5841 2264 5862 ,
2296 5796 2646 5869 intelligentia
2674 5816 2686 5851 :
2714 5807 2769 5854 et
2795 5798 2911 5857 hre
2938 5810 3022 5858 est
3047 5803 3142 5862 Dei
3184 5807 3373 5879 forma,
3405 5812 3519 5871 1111³0
3543 5826 3629 5875 est

2026 5892 2168 5948 ﬁlius
2192 5909 2206 5945 :
2230 5887 2324 5947 sed
2359 5888 2495 5947 lilius
2522 5906 2643 5946 cum
2676 5890 2728 5947 111
2754 5900 2906 5964 patre
2933 5906 3035 5967 est,
3065 5914 3227 5958 unum
3258 5908 3427 5965 totum
3454 5908 3624 5988 intus,
