4024 6306
426 321 568 382 1155

1655 309 1853 369 MAR"
1891 306 2238 369 VlCTORlNl
2279 311 2436 370 AFRI

3585 321 3729 381 1156

423 447 566 503 Deus
589 455 754 514 agens
772 481 789 509 ,
821 447 1051 508 operans
1080 474 1095 501 ,
1142 448 1203 491 se
1227 441 1385 490 utens
1411 471 1426 498 ,
1454 444 1514 488 se
1535 427 1717 487 fruens
1740 470 1756 496 ,
1787 429 1906 485 fons
1933 436 2014 484 at-
2048 428 2096 489 Α
2130 427 2184 483 in
2212 430 2395 488 multis
2423 431 2574 489 libris
2596 432 2875 490 docuimus
2899 476 2913 502 ,
2942 435 3121 506 passio
3147 437 3417 496 exstiterit
3460 443 3731 497 recessio-

420 551 529 609 que
558 537 609 591 in
632 549 692 590 se
720 529 995 603 plenitudo
1016 527 1279 583 omnium.

496 627 689 685 XXXI.
723 624 828 683 Sed
857 621 1131 694 quoniam,
1154 617 1233 675 uti
1265 616 1564 681 docuimus,
1590 612 1939 684 intelligentia
1970 611 2021 667 vi

420 722 677 797 potentim
706 734 848 785 suae,
904 713 1209 773 necessario
1243 710 1369 767 dum
1393 710 1447 765 in
1471 717 1643 766 semet
1667 721 1787 783 sese
1811 708 1971 762 vertit
2002 746 2019 774 ,

418 817 689 877 intellexit
741 813 1085 883 semelipsant
1116 853 1132 877 ,
1192 806 1297 862 hoc
1346 802 1743 876 quodammodo
1808 801 2020 872 gemina

416 914 561 971 facta
579 954 595 977 ,
639 911 788 969 velut
826 910 967 965 intus
986 917 1041 962 et
1076 903 1208 959 foris
1230 901 1371 956 ﬁlius
1399 909 1480 956 est
1499 940 1514 965 ,
1572 897 1784 968 genitus
1810 895 1878 950 ab
1900 894 2019 983 exi-

417 1006 618 1063 stentia
668 1003 834 1075 patris
864 1020 877 1056 :
911 1015 1035 1056 nam
1075 996 1358 1054 existentia
1382 1002 1465 1050 est
1494 988 1873 1061 intelligentia,
1900 1001 2021 1059 qum

415 1110 470 1155 et
499 1099 608 1155 vita
636 1104 718 1154 est
746 1113 760 1151 :
816 1106 1083 1165 apparens
1114 1104 1242 1160 ergo
1273 1095 1329 1143 et
1364 1085 1605 1141 existens
1633 1092 1715 1139 est
1760 1082 1900 1138 Deus
1953 1078 2022 1135 de

416 1194 553 1250 Deo.
586 1190 657 1246 Et
705 1188 959 1261 quoniam
988 1187 1041 1240 in
1088 1181 1329 1254 quolibet
1372 1194 1479 1234 uno
1510 1177 1577 1233 de
1626 1174 1798 1232 tribus
1828 1181 2020 1229 cuncta

415 1295 577 1353 sunt,
600 1298 723 1341 esse
745 1324 760 1349 ,
790 1281 968 1335 vivere
992 1323 1007 1347 ,
1044 1275 1343 1345 intelligere
1367 1292 1379 1327 :
1413 1287 1537 1328 cum
1562 1266 1913 1339 intelligentia
1942 1265 2020 1319 in-

360 1410 371 1419 ι
421 1379 774 1451 telligeutiam
828 1372 1111 1447 genuerit,
1167 1370 1379 1442 genitus
1404 1377 1485 1423 est
1515 1365 1657 1421 ﬁlius
1685 1405 1700 1430 ,
1756 1371 1809 1418 et
1838 1360 2020 1417 omnia

416 1471 576 1530 habet
604 1471 744 1526 ﬁlius
772 1484 892 1536 quae
918 1478 1073 1538 pater
1104 1504 1121 1532 ,
1168 1471 1223 1518 et
1252 1461 1412 1516 habet
1437 1476 1465 1514 a
1499 1468 1668 1529 patre.
1724 1456 1854 1511 Item
1884 1466 2018 1524 quo-

414 1567 559 1625 niam
614 1564 730 1618 hate
782 1561 963 1617 omnia
1009 1566 1135 1612 sunt
1188 1570 1285 1626 per
1311 1569 1430 1626 quae
1486 1561 1740 1607 creantur
1791 1548 2015 1602 omnia:

413 1672 769 1734 qutecumqne
800 1656 943 1712 enim
971 1663 1095 1708 sunt
1118 1693 1133 1717 ,
1176 1648 1449 1719 accipiunt
1478 1661 1633 1701 suum
1655 1657 1807 1708 esse,
1843 1654 2017 1744 .suum

411 1750 596 1811 vivere
628 1793 643 1817 ,
676 1766 832 1806 suum
863 1745 1203 1817 intelligere;
1235 1741 1378 1797 ﬁlius
1403 1754 1524 1795 eum
1557 1738 1672 1792 haec
1710 1738 1889 1791 omnia
1913 1738 2014 1797 sit,

2126 521 2208 577 nis
2232 538 2260 577 a
2293 534 2445 594 patre
2470 568 2484 590 ,
2527 526 2669 583 unde
2701 530 2935 586 tenebrte
2957 572 2972 597 ,
3028 530 3077 585 id
3110 544 3191 587 ρει
3217 574 3233 600 ,
3288 532 3410 606 hyle
3431 546 3726 593 consecuta

2125 625 2210 672 est
2236 658 2249 683 ,
2278 632 2383 673 non
2412 629 2614 675 creata.
2645 620 2751 677 Sed
2774 619 2889 678 haec
2918 623 3127 694 plenius
3142 624 3289 680 alibi.

2196 708 2412 767 XXXII.
2442 711 2595 769 Nunc
2630 712 2757 785 quid
2786 724 3052 771 assertum
3085 727 3169 772 est
3188 760 3201 785 ,
3226 718 3352 790 quid
3386 718 3681 791 probatum
3703 721 3730 776 ἲ

2126 807 2292 864 Deum
2310 820 2537 880 patrem,
2565 808 2733 865 ﬁlium
2760 810 2923 866 Deum
2946 809 3216 885 ὁμοούσιον
3232 828 3375 881 esse,
3394 829 3515 870 esse
3540 826 3729 871 tamen

2124 912 2180 959 et
2206 915 2412 973 patrem
2446 902 2499 958 in
2528 903 2860 970 substantia,
2894 916 2948 961 et
2970 906 3139 962 ﬁlium
3168 906 3221 962 iu
3252 924 3316 963 ea
3344 909 3560 981 quidem
3590 910 3728 965 sub-

2125 995 2368 1059 stantia,
2403 995 2498 1051 sed
2542 995 2649 1052 sibi
2690 996 3008 1054 existentem
3047 1010 3223 1055 actum
3263 1011 3457 1073 agente
3498 1003 3549 1058 in
3599 1013 3728 1060 actu

2126 1088 2378 1159 passione
2398 1087 2706 1158 exstitisse,
2740 1105 3028 1161 numquam
3058 1102 3365 1163 separatum
3392 1110 3421 1148 a
3448 1106 3622 1166 patre,
3654 1112 3724 1152 ex

2124 1190 2328 1237 aeterno
2347 1192 2399 1238 et
2420 1197 2563 1248 esse,
2591 1190 2645 1238 et
2675 1181 2861 1248 fuisse,
2887 1193 2942 1240 et
2965 1184 3198 1240 futurum
3226 1201 3367 1242 esse.
3396 1187 3535 1243 Actu
3558 1230 3572 1252 ,
3595 1186 3728 1259 quia

2124 1274 2268 1331 intra
2299 1283 2548 1331 naturam
2578 1276 2768 1347 agendi
2791 1286 2894 1348 est,
2925 1287 3126 1334 etcum
3156 1288 3334 1350 patre,
3362 1280 3447 1336 vel
3479 1281 3531 1335 iu
3566 1289 3726 1350 patre

2123 1384 2279 1436 esse;
2304 1378 2356 1425 et
2392 1378 2543 1424 extra
2586 1367 2690 1425 hac
2731 1369 2871 1437 dici,
2901 1380 2954 1426 et
2991 1370 3132 1426 intus
3175 1380 3229 1427 et
3265 1369 3397 1427 foris
3434 1386 3557 1428 cum
3602 1373 3727 1445 ipse

2123 1472 2265 1534 agat,
2296 1465 2417 1534 quia
2446 1463 2513 1519 de
2547 1472 2696 1535 patre
2724 1465 2773 1520 ei
2809 1473 2960 1521 actus
2987 1473 3073 1522 est
3094 1506 3110 1533 ,
3136 1475 3290 1538 patre
3326 1477 3519 1538 agente
3556 1481 3729 1538 agere

2122 1554 2319 1611 dicitur
2338 1598 2353 1624 ,
2378 1565 2432 1611 et
2455 1565 2633 1612 tamen
2655 1557 2833 1612 omnia
2861 1566 3065 1629 patrem
3095 1573 3191 1630 per
3219 1558 3366 1614 illum
3391 1574 3552 1630 agere
3578 1559 3725 1615 dici-

2124 1655 2208 1701 tur
2232 1665 2247 1714 ;
2279 1649 2423 1703 hunc
2442 1664 2563 1706 esse
2618 1649 2759 1724 λόγον
2781 1650 3021 1705 omnium
3042 1691 3056 1715 ,
3103 1657 3159 1707 et
3198 1640 3573 1708 universaliter
3601 1652 3729 1708 uni-

2122 1741 2431 1807 versalium,
2456 1751 2510 1797 et
2528 1757 2786 1815 generum
2810 1785 2824 1809 ,
2856 1751 2912 1799 et
2946 1743 3261 1814 specialium
3283 1787 3298 1813 ,
3326 1754 3381 1802 et
3408 1746 3725 1818 partialium

405 1849 607 1921 quippe
656 1846 832 1916 imago
878 1842 1080 1914 patris,
1134 1848 1194 1894 et
1241 1848 1365 1893 actu
1413 1842 1639 1890 actuoso
1669 1830 1771 1896 sit,
1820 1828 1873 1883 id
1904 1836 2009 1893 est,
2041 1828 2277 1904 Blo'yov.
2315 1832 2381 1887 Et
2432 1836 2555 1904 quia
2600 1835 2845 1890 omnium
2886 1843 2944 1889 et
2982 1836 3438 1907 incorporalium,
3483 1854 3615 1910 ergo
3659 1848 3721 1895 et

411 1953 472 1998 ut
523 1945 625 1996 hnc
656 1945 873 2008 praestet
899 1933 1111 1991 cmteris
1138 1947 1235 2003 pro
1266 1941 1453 1985 natura
1484 1926 1832 1983 existentinm
1869 1965 1884 1989 ,
1931 1930 2017 1981 est

408 2033 718 2096 necessario
765 2030 1032 2086 universis
1073 2026 1305 2096 totisque
1333 2024 1542 2078 cunctis
1570 2018 1713 2096 λόγος·
1747 2062 1761 2087 ,
1796 2018 1848 2074 id
1880 2026 1964 2073 est
1993 2059 2010 2085 ,

407 2131 490 2186 vis
520 2139 576 2187 et
622 2124 859 2198 potentia
890 2165 906 2192 ,
945 2136 1041 2193 per
1082 2135 1241 2191 quam
1269 2159 1285 2186 ,
1346 2132 1466 2188 qua:
1521 2126 1646 2170 sunt
1674 2122 1731 2168 ιιι
1756 2113 1860 2167 sint
1891 2123 2013 2166 esse

406 2222 657 2296 provenit
689 2261 704 2286 ,
765 2233 861 2289 per
887 2230 1046 2287 quem
1094 2213 1238 2269 Deus
1270 2210 1396 2266 fecit
1445 2218 1498 2264 et
1528 2207 1655 2263 facit
1680 2205 1862 2262 omnia
1896 2244 1911 2269 ,
1956 2214 2010 2260 et

407 2316 526 2372 sine
555 2327 662 2384 quo
685 2309 816 2367 nihil
840 2307 919 2363 ﬁt.
952 2306 1065 2362 Hoc
1089 2303 1362 2377 appellant
1390 2301 1480 2357 alii
1515 2311 1717 2355 motum
1748 2296 2007 2362 activum,

405 2408 632 2466 verbum
665 2446 681 2473 ,
712 2404 973 2460 rationem
1008 2409 1342 2470 operantem.
1375 2393 1640 2463 Quoniam
1675 2401 1851 2447 tamen
1883 2405 2007 2445 eum

403 2511 660 2576 cperatur
694 2542 709 2567 ,
765 2500 903 2554 inest
951 2496 1002 2551 iu
1028 2494 1119 2549 illo
1145 2493 1225 2548 vis
1266 2489 1434 2560 patria
1462 2531 1477 2552 ,
1532 2488 1671 2543 inse
1715 2495 2004 2556 operatur,

402 2597 546 2654 unde
572 2595 737 2652 multa
771 2594 841 2647 ita
871 2589 1157 2654 dicuntur,
1202 2595 1263 2641 ιιι
1310 2600 1431 2640 cum
1457 2583 1626 2654 ipsius
1665 2584 1733 2636 sit
1756 2580 1895 2651 quod
1931 2579 2008 2633 fas

402 2691 531 2760 ciat,
571 2700 749 2743 tamen
780 2685 895 2756 ipse
937 2686 989 2738 in
1026 2692 1234 2753 patrem
1265 2677 1429 2734 refert
1458 2675 1661 2741 omnia,
1702 2685 1758 2728 ut
1785 2673 2001 2744 (lorum.

399 2803 478 2855 Vt,
506 2784 599 2855 58)
632 2800 645 2837 :
688 2792 832 2856 pater
853 2795 932 2835 me
959 2778 1115 2832 misit.
1149 2777 1209 2831 Et
1243 2773 1403 2847 (Ibid.
1430 2814 1444 2839 ,
1474 2771 1567 2843 58)
1602 2790 1615 2825 :
1666 2768 1787 2825 Non
1841 2784 2003 2822 utram

396 2880 491 2936 sed
515 2877 677 2950 patris
705 2876 839 2948 facio
864 2872 1172 2929 voluntatem
1204 2886 1221 2924 :
1265 2868 1330 2923 Et
1380 2866 1528 2921 mille
1558 2863 1703 2919 talia.
1737 2861 2003 2918 Attenda-

396 2989 521 3030 mus
549 2983 726 3028 tameu
751 2970 910 3024 istum
940 2968 1149 3022 locum:
1174 2960 1507 3018 inveniemus
1527 2957 1677 3029 quasi
1702 2955 1874 3026 ipsum
1906 2968 2003 3023 per

390 3085 457 3129 se
487 3070 663 3124 facere
687 3107 702 3133 ,
740 3073 798 3119 ut
839 3076 935 3118 sua
963 3067 1153 3131 sponte
1192 3053 1467 3129 (Philipp.
1500 3067 1558 3119 tt,
1608 3049 1702 3121 6):
1761 3046 1883 3102 Non
1928 3055 2002 3102 cst

394 3160 671 3216 arbitratus
701 3156 936 3228 rapinant
956 3169 1009 3207 se
1029 3149 1281 3221 wqualem
1311 3146 1440 3201 Deo.
1459 3145 1523 3199 Et
1543 3145 1667 3198 item
1689 3140 1877 3213 (Ibid.,
1903 3142 1996 3207 7):

2118 1924 2478 1995 corporalium
2506 1940 2604 1996 pro
2634 1941 2730 1982 sua
2761 1927 2809 1981 vi
2838 1926 2903 1982 ad
2944 1927 2995 1982 id
3027 1928 3170 1998 quod
3200 1944 3321 1985 esse
3362 1942 3624 2001 possunt,
3658 1944 3726 1989 ut

2114 2019 2216 2074 sint
2252 2015 2396 2093 λόγος
2429 2036 2441 2072 :
2473 2018 2612 2075 unde
2644 2028 2699 2075 et
2743 2018 2984 2092 mysterii
3026 2021 3369 2079 ordinatione
3403 2024 3723 2082 novissimis

2113 2112 2310 2167 seculis
2342 2114 2506 2188 λόγος,
2551 2112 2677 2185 quia
2719 2116 2958 2171 omnium
3005 2115 3349 2171 existentiqu
3392 2117 3719 2175 adumbrata

2112 2220 2209 2277 per
2238 2205 2498 2274 Spiritum
2541 2217 2785 2261 sanctum
2827 2206 2992 2261 Maria
3025 2207 3242 2278 Virgine
3282 2208 3593 2267 incarnatus
3624 2222 3717 2269 est

2110 2301 2226 2370 ipse
2252 2300 2363 2367 ille,
2398 2317 2558 2371 quem
2588 2316 2750 2372 supra
2775 2301 3285 2372 demonstravimus,
3321 2304 3480 2374 ﬁlius,
3512 2306 3712 2363 eodem

2110 2393 2272 2449 modo
2304 2401 2361 2447 nt
2396 2403 2542 2449 esset
2584 2393 2636 2449 in
2678 2410 2909 2463 corpore
2934 2437 2948 2460 ,
2978 2411 3084 2466 quo
3114 2396 3346 2467 Spiritus
3388 2410 3612 2454 sanctus
3650 2399 3713 2457 in

2109 2485 2296 2552 nobis,
2334 2502 2440 2540 non
2490 2495 2633 2542 totus
2673 2503 2686 2542 :
2715 2502 2839 2542 nam
2881 2495 2939 2543 ιιι
2968 2488 3107 2544 Deus
3149 2489 3346 2562 ubique
3379 2502 3493 2561 est,
3523 2492 3620 2549 sed
3651 2501 3717 2549 ut

2108 2594 2232 2651 pars
2260 2581 2377 2651 ejus
2406 2602 2418 2635 :
2443 2583 2680 2637 omnium
2711 2582 2851 2638 enim
2879 2583 3179 2640 divinorum
3208 2602 3330 2657 pars
3358 2587 3462 2645 hoc
3486 2604 3713 2660 semper

2107 2682 2208 2739 est,
2245 2673 2386 2745 quod
2416 2686 2497 2730 cst
2540 2685 2732 2743 totum,
2764 2686 2822 2731 ut
2847 2687 2929 2733 est
2960 2677 3140 2733 anima
3179 2678 3231 2734 in
3268 2680 3583 2752 corporibus
3605 2691 3711 2749 ,ιιι

2105 2766 2273 2821 virtus
2303 2781 2367 2822 ac
2386 2767 2665 2839 disciplina
2698 2770 2748 2824 in
2778 2770 2971 2825 animis
2991 2812 3005 2837 ,
3038 2773 3117 2826 vel
3146 2772 3229 2828 sol
3259 2783 3351 2828 aut
3379 2772 3494 2845 ejus
3524 2775 3613 2829 lux
3640 2775 3695 2830 in

2106 2861 2296 2917 oculis.
2333 2862 2511 2932 Ipsum
2534 2874 2712 2919 autem
2738 2865 2905 2938 λόγον,
2939 2865 3223 2938 ipsumque
3245 2867 3391 2923 illum
3413 2884 3571 2940 quem
3600 2868 3704 2924 de-

2105 2956 2526 3013 monstravimus
2553 2957 2744 3025 ﬁlium,
2771 2959 2933 3015 fuisse
2954 2960 3007 3015 in
3029 2975 3277 3032 corpore,
3309 2962 3491 3017 omnia
3518 2961 3707 3019 Evan-

2102 3052 2240 3123 gelia
2271 3051 2565 3117 declarant,
2593 3051 2886 3123 Apostolus
2916 3052 3122 3123 omnis,
3171 3069 3359 3111 omnes
3388 3055 3702 3126 Pr0phette.

2101 3143 2234 3201 Cum
2275 3145 2416 3200 enim
2457 3144 2821 3215 prmdixerunt
2856 3145 3091 3202 futurum
3136 3146 3510 3213 Christum,in
3535 3166 3705 3210 carne

394 3254 470 3309 Se
521 3219 816 3315 exinanivit,
858 3256 912 3302 et
967 3219 1187 3315 formam
1227 3240 1356 3297 servi
1403 3254 1605 3293 sumens
1629 3278 1645 3304 ,
1688 3236 1778 3306 qui
1830 3232 1995 3289 habe-
2022 3219 2067 3283 C
2102 3238 2336 3294 [murum
2362 3239 2744 3308 prmdixernut,
2767 3240 2966 3311 quippe
2985 3256 3108 3295 cum
3139 3251 3266 3297 ante
3307 3241 3601 3299 incarnem
3625 3244 3701 3300 di.

391 3347 490 3404 bat
507 3343 825 3400 dominium.
851 3339 953 3395 Ista
970 3337 1148 3394 omnia
1172 3345 1296 3390 sunt
1318 3348 1413 3388 sua
1433 3332 1709 3386 voluntate
1727 3327 1991 3384 facientis.

389 3439 501 3499 Sed
531 3448 708 3509 potest
727 3433 876 3491 credi
905 3434 1019 3503 ipse
1040 3432 1236 3494 facere,
1260 3443 1381 3484 eum
1413 3428 1465 3481 in
1494 3426 1610 3497 ipso
1627 3432 1779 3495 pater
1799 3422 1867 3477 sit
1892 3464 1907 3487 ,
1927 3437 1994 3478 ex

385 3533 587 3606 quibus
640 3539 767 3586 sunt
812 3537 868 3584 et
896 3526 989 3582 illa
1055 3522 1235 3598 (Joan.
1274 3539 1327 3593 τι,
1357 3518 1451 3590 23)
1485 3536 1499 3573 :
1533 3517 1643 3588 Ego
1661 3516 1728 3570 do
1756 3516 1911 3570 vitam
1937 3515 1992 3568 in

388 3638 658 3684 aeternum.
700 3623 767 3679 Et
817 3620 1022 3696 (IbitL,
1077 3617 1191 3690 7):
1250 3614 1361 3687 Ego
1404 3630 1517 3668 sum
1578 3613 1747 3683 jantta
1791 3608 1991 3683 (Joan.

386 3737 499 3787 xvi,
532 3720 610 3786 6),
640 3735 730 3791 ego
760 3717 861 3772 vita
894 3756 911 3782 ,
962 3730 1053 3785 ego
1096 3712 1302 3766 veritus.
1357 3708 1490 3764 ltem
1554 3704 1739 3776 (Joan.
1771 3720 1825 3771 v,
1854 3702 1988 3775 21):

381 3815 534 3872 Sicut
572 3814 704 3868 enim
755 3820 899 3878 pater
940 3808 1152 3862 suscitat
1196 3812 1425 3859 mortuos
1483 3811 1528 3855 et
1576 3800 1839 3869 vivi/irat,
1917 3795 1990 3851 sic

383 3922 435 3966 et
467 3910 605 3981 ﬁlius
625 3923 751 3978 quos
777 3904 881 3960 vult
910 3902 1151 3972 vivi/icat.
1184 3898 1312 3954 llmc
1360 3910 1485 3952 vera
1512 3936 1527 3960 ,
1557 3892 1673 3948 haec
1694 3891 1840 3947 varia
1873 3934 1888 3958 ,
1934 3895 1991 3945 et

385 4004 445 4060 in
470 4001 720 4059 omnibus
748 3998 916 4069 magis
943 4010 1067 4052 vera
1118 3990 1466 4063 intelligentia
1500 3987 1628 4053 facit
1654 3995 1709 4042 et
1737 3985 1905 4041 filium
1933 3984 1985 4040 iu

379 4105 537 4171 patre
566 4111 717 4163 esse,
771 4101 827 4150 et
865 4092 916 4147 in
968 4090 1079 4146 ﬁlio
1105 4096 1311 4160 patrem
1341 4127 1357 4155 ,
1416 4095 1471 4141 et
1497 4092 1678 4139 tamen
1704 4091 1762 4137 ut
1791 4091 1942 4152 pater
1969 4121 1985 4147 ,

378 4200 444 4248 ut
469 4190 605 4246 alter
622 4189 744 4243 sint
766 4195 821 4242 et
852 4199 1014 4240 unum
1036 4225 1052 4251 ,
1093 4191 1270 4237 tamen
1285 4180 1407 4254 ‘dn‘o
1428 4178 1536 4234 sint
1562 4217 1577 4243 ,
1601 4174 1856 4248 quoniam
1884 4187 1985 4227 au'

283 4289 286 4292 ’
380 4295 492 4340 tem
520 4282 659 4343 alter
685 4287 838 4352 pater
871 4319 886 4343 ,
930 4278 1069 4331 alter
1091 4276 1228 4330 lilins
1259 4290 1272 4327 :
1323 4271 1521 4344 quippe
1548 4285 1669 4326 cum
1705 4277 1856 4338 pater
1889 4264 1984 4320 ﬁlii

375 4376 501 4434 fons
536 4418 550 4442 ,
599 4375 739 4429 ﬁlius
771 4381 825 4428 ut
851 4369 1049 4425 ﬁumen
1074 4410 1090 4435 ,
1123 4366 1265 4439 quod
1309 4364 1549 4422 excurrit
1574 4379 1638 4418 ex
1684 4360 1829 4416 fonte
1859 4377 1871 4413 :
1930 4359 1981 4413 in

374 4469 527 4526 fonte
551 4475 732 4524 autem
778 4473 835 4520 ut
864 4476 1089 4517 manens
1115 4474 1253 4529 aqua
1287 4500 1302 4525 ,
1354 4466 1410 4513 et
1438 4456 1619 4528 quieta
1643 4464 1727 4511 est
1756 4497 1770 4520 ,
1803 4468 1933 4525 pura
1962 4491 1977 4519 ,

377 4560 722 4619 immaculata
747 4598 762 4622 ,
791 4558 907 4612 sine
935 4551 1176 4610 scatendi
1206 4550 1389 4622 specie
1421 4591 1435 4615 ,
1466 4548 1567 4602 sibi
1590 4548 1802 4603 occulto
1832 4554 1978 4601 motu

2099 3341 2228 3389 eant
2248 3342 2300 3387 et
2322 3332 2517 3399 visum,
2540 3342 2595 3388 et
2624 3335 2960 3404 apparuisse,
2983 3344 3044 3390 ut
3064 3335 3319 3402 Abrahae,
3340 3346 3399 3392 ut
3414 3336 3606 3394 Jacob.
3633 3339 3702 3395 Et

2099 3425 2215 3497 ipse
2247 3426 2298 3480 in
2330 3440 2492 3480 carne
2514 3424 2711 3481 dixerit
2732 3427 2749 3497 (
2771 3424 2930 3481 Joau.
2958 3443 3074 3496 vnt,
3098 3427 3201 3500 56)
3228 3447 3241 3481 :
3276 3428 3538 3485 Abraham
3567 3432 3702 3488 vidit

2097 3519 2231 3573 diem
2258 3536 2448 3586 meum,
2483 3530 2530 3573 et
2562 3520 2767 3591 gavisus
2788 3531 2880 3575 est.
2908 3521 2975 3576 Et
3000 3524 3313 3594 Apostolus,
3338 3525 3390 3580 in
3414 3542 3570 3582 sacro
3593 3529 3699 3583 isto

2095 3628 2158 3669 ac
2178 3614 2451 3687 mysteriis
2476 3614 2797 3685 pleuoloco,
2837 3615 3077 3672 declarat
3112 3619 3345 3676 maxime
3384 3619 3553 3676 ﬁlium
3599 3621 3695 3678 Dei

2092 3716 2218 3763 ante
2238 3717 2546 3773 carnem,et
2564 3710 2737 3778 ipsum
2762 3719 2945 3780 postea
2962 3712 3229 3781 sumpisse
3263 3727 3485 3769 carnem
3534 3712 3699 3786 (Phi-

2092 3804 2222 3877 lipp.
2252 3820 2311 3871 ll,
2334 3803 2388 3868 5,
2415 3804 2471 3876 6)
2500 3826 2513 3861 :
2554 3803 2669 3859 Hoc
2688 3806 2825 3860 enim
2863 3807 3042 3861 sentite
3070 3808 3122 3862 in
3149 3806 3320 3874 vobis,
3365 3809 3501 3881 quod
3548 3820 3598 3865 et
3640 3812 3697 3866 in

2091 3888 2297 3954 Christo
2317 3899 2466 3967 Iesu,
2489 3899 2713 3970 quicum
2736 3900 2791 3955 in
2827 3903 2996 3972 {arma
3024 3899 3118 3955 Dei
3155 3902 3461 3958 constitutus
3482 3904 3694 3975 fuisset.

2091 3990 2286 4063 Utique
2307 3991 2411 4048 hoc
2430 3991 2645 4064 quando
2666 4002 2790 4049 ante
2812 4008 3027 4049 carnem
3052 3993 3170 4063 fuit,
3192 4010 3324 4064 ergo
3343 4004 3397 4051 et
3423 4005 3549 4054 ante
3567 4012 3695 4055 car-

2088 4099 2212 4141 nem
2236 4094 2287 4141 et
2311 4085 2409 4140 fuit
2428 4086 2599 4154 qualis
2617 4094 2673 4141 et
2690 4098 2943 4158 quantus.
2965 4086 3179 4156 Forma,
3204 4088 3397 4160 inquit,
3418 4090 3529 4145 Dei.
3549 4092 3694 4161 Quid

2089 4173 2230 4231 istud
2251 4185 2374 4244 est,
2415 4177 2589 4233 forma
2621 4178 2762 4235 idem
2802 4181 2944 4250 quod
2977 4190 3148 4253 pater.
3192 4181 3331 4250 Quid
3363 4193 3450 4241 est
3468 4183 3646 4241 forma
3669 4188 3697 4240 ?

2089 4268 2267 4339 inqua
2293 4279 2442 4340 pater
2461 4270 2921 4344 cernitur(.loan.
2966 4289 3077 4341 xtv,
3124 4272 3232 4345 9):
3269 4275 3368 4343 Qui
3407 4294 3487 4332 me
3526 4280 3689 4349 videt,

2087 4361 2221 4416 ridet
2251 4373 2296 4417 et
2319 4372 2539 4434 patrem.
2568 4362 2761 4437 Utique
2783 4367 2965 4422 nonin
2993 4383 3058 4423 eo
3080 4368 3221 4439 quod
3254 4370 3556 4439 videbatur,
3588 4375 3691 4431 sed

2086 4453 2139 4510 in
2178 4470 2244 4511 eo
2282 4455 2423 4527 quod
2465 4456 2579 4528 ipse
2620 4458 2760 4514 Deus
2781 4458 2962 4515 divina
2994 4461 3327 4529 substantia,
3354 4464 3520 4541 λόγος,
3551 4467 3688 4524 vita.

2087 4549 2200 4606 lloc
2227 4549 2387 4623 igitur
2409 4550 2506 4606 fuit
2528 4562 2655 4609 ante
2693 4569 2912 4611 carnem
2942 4572 2956 4608 :
2994 4572 3226 4627 namque
3256 4558 3381 4629 quid
3405 4559 3688 4633 atljuugit?

374 4653 648 4726 apertiore
675 4665 768 4721 per
807 4649 1019 4702 diversa
1041 4645 1348 4700 discurrens
1372 4682 1387 4706 ,
1417 4648 1682 4696 terrarum
1705 4654 1838 4712 quas
1868 4638 1981 4693 snl-
2005 4623 2057 4684 D
2085 4639 2207 4697 Non
2229 4643 2508 4699 arbitratus
2537 4654 2610 4700 est
2636 4647 2871 4719 rapinam
2892 4657 2946 4700 ut
2976 4658 3103 4704 esset
3129 4650 3342 4722 azqualis
3370 4649 3498 4707 Deo.
3528 4652 3602 4710 De
3623 4670 3689 4712 se

373 4754 466 4805 cat
490 4744 838 4817 qualitatibus
861 4752 917 4797 et
945 4739 1197 4804 afﬁcitur,
1226 4746 1279 4793 et
1300 4735 1530 4807 quodam
1560 4735 1719 4795 modo
1752 4735 1971 4806 patitur;

371 4840 457 4897 sic
482 4850 535 4894 et
561 4837 703 4892 ﬁlius
732 4849 867 4906 aqua
897 4850 992 4889 sua
1026 4874 1041 4899 ,
1074 4846 1279 4902 suaque
1305 4830 1599 4885 subSIantia
1618 4870 1633 4896 ,
1654 4845 1773 4900 quae
1802 4829 1970 4900 patris

370 4942 455 4991 est
483 4973 499 5000 ,
540 4942 755 4999 semper
782 4942 946 4998 purus
970 4968 984 4994 ,
1019 4924 1391 4980 immaculalus
1413 4965 1426 4989 ,
1461 4921 1801 4992 impassibilis
1833 4963 1848 4989 ,
1880 4937 1965 4977 re-

373 5026 625 5101 gionibus
648 5039 743 5095 per
770 5036 901 5091 quas
929 5020 1181 5075 discurrit
1212 5061 1228 5086 ,
1275 5020 1512 5088 locisque
1543 5059 1557 5082 ,
1588 5017 1668 5073 vel
1700 5031 1970 5088 Supracm-

370 5122 600 5180 lestibus
625 5161 640 5187 ,
682 5118 767 5174 vel
796 5114 1130 5178 cmlesﬁbus,
1161 5114 1241 5169 vel
1266 5111 1723 5167 intracmlestibus
1759 5150 1774 5175 ,
1824 5125 1967 5165 nunc

369 5225 590 5288 Spumat
619 5256 635 5280 ,
668 5221 726 5269 ut
753 5208 1133 5268 oet-urentibus
1154 5206 1299 5260 saxis
1320 5247 1333 5273 ,
1363 5220 1484 5275 quae
1512 5212 1638 5260 sunt
1666 5221 1730 5260 ex
1759 5203 1972 5275 generi-

366 5311 472 5368 bus
500 5309 797 5365 animarum
845 5317 1066 5373 campus
1094 5298 1304 5371 quietus
1328 5297 1583 5353 excurrit.
1636 5297 1847 5368 Recipit
1870 5295 1967 5368 igic

369 5416 458 5459 tur
489 5401 764 5474 passiones
795 5438 810 5465 ,
837 5413 941 5475 non
975 5396 1025 5449 in
1054 5408 1120 5448 eo
1146 5390 1288 5462 quod
1313 5389 1609 5444 substantia
1633 5398 1715 5443 est
1745 5430 1761 5456 ,
1796 5388 1891 5444 sed
1913 5388 1965 5443 in

363 5505 489 5553 actu
514 5504 675 5563 atque
700 5491 1030 5562 operatione.
1054 5483 1186 5541 Nam
1217 5498 1338 5538 cum
1363 5480 1679 5552 mysterium
1702 5479 1965 5536 adventus

361 5592 447 5646 sui
477 5587 814 5658 compleret,
859 5593 970 5639 tum
990 5581 1100 5653 jam
1142 5577 1447 5649 passionem
1478 5574 1771 5641 sustinuit,
1824 5583 1881 5627 ut
1902 5589 1962 5629 se

2082 4752 2211 4807 ergo
2232 4739 2452 4807 cogitat,
2476 4737 2616 4794 etde
2642 4738 2755 4796 Deo
2779 4756 2792 4793 :
2823 4739 3124 4811 facitigitur
3140 4752 3200 4797 ut
3221 4759 3323 4799 non
3347 4745 3682 4817 sitsequalis,

2075 4830 2169 4885 sed
2199 4830 2314 4885 fuit.
2341 4829 2477 4898 Quid
2499 4830 2696 4888 deinde
2716 4831 2940 4903 adjicit?
2972 4832 3080 4889 Sed
3122 4852 3177 4890 se
3201 4836 3477 4893 exinanivit
3521 4838 3679 4911 (Plri-

2078 4923 2211 4994 lipp.
2239 4940 2297 4988 tt,
2329 4925 2384 4993 7,
2417 4924 2493 4994 8).
2522 4924 2659 4992 Quid
2681 4924 3015 4980 exiuanivit?
3042 4935 3133 4983 aut
3150 4927 3315 4993 unde,
3339 4930 3385 4984 si
3408 4946 3513 4986 non
3538 4931 3683 4990 fuit?

2075 5015 2266 5086 Adjicit
2286 5018 2460 5073 adhuc
2480 5037 2493 5074 :
2520 5016 2585 5073 Et
2596 5020 2728 5073 servi
2740 5021 2957 5091 sumpsit
2977 5021 3199 5090 formam
3217 5024 3268 5079 iu
3285 5024 3681 5084 similitudinem

2072 5109 2333 5163 hominum
2362 5112 2547 5180 factus,
2566 5120 2613 5165 et
2640 5112 2813 5166 habitu
2840 5114 3072 5169 inventus
3094 5124 3331 5188 tauquam
3361 5117 3534 5174 homo.
3564 5119 3680 5176 Hu-

2073 5203 2289 5257 miliavit
2318 5204 2661 5276 semetipsum,
2694 5204 2927 5260 subditus
2967 5207 3140 5277 factus
3164 5225 3320 5280 usque
3339 5212 3408 5264 ad
3426 5224 3667 5281 mortem,

2072 5307 2281 5350 mortem
2319 5308 2490 5351 autem
2535 5299 2724 5353 crucis.
2769 5298 2909 5368 Quid
2953 5301 3041 5357 hic
3087 5318 3194 5358 non
3226 5320 3291 5359 ex
3324 5306 3474 5361 omni
3512 5318 3672 5377 parte

2069 5388 2306 5445 declarat
2349 5388 2530 5445 Iesum
2577 5390 2854 5447 Christum
2909 5400 2965 5449 et
3013 5393 3180 5449 ﬁlium
3239 5394 3379 5452 Dei?
3425 5396 3561 5454 Nam
3593 5401 3674 5456 sic

2065 5482 2263 5539 dictum
2300 5481 2451 5556 (Gal.
2482 5499 2556 5551 tv,
2581 5483 2637 5558 4)
2666 5502 2679 5539 :
2712 5485 2854 5542 Deus
2874 5486 3011 5542 misit
3049 5489 3220 5558 ﬁlium
3248 5507 3397 5546 suum
3435 5502 3493 5549 et
3539 5495 3673 5551 mis-

2064 5592 2181 5633 sum
2223 5593 2334 5632 suae
2367 5578 2655 5648 potentire,
2681 5594 2744 5634 ac
2768 5593 2880 5634 sua:
2921 5580 3081 5637 etiam
3129 5583 3420 5641 voluntatis
3468 5586 3669 5644 arbitio
3764 5572 3767 5575 ’

2060 5681 2252 5728 cuneta
2276 5670 2583 5740 facientem,
2619 5682 2676 5727 ut
2698 5688 2759 5729 se
2780 5674 2952 5730 nollet
2976 5676 3240 5746 mqttalem
3266 5720 3281 5745 ,
3309 5687 3370 5735 ut
3394 5694 3455 5736 se
3475 5681 3665 5737 exina-

2060 5763 2206 5829 niat,
2242 5772 2298 5817 ut
2326 5762 2511 5818 induat
2540 5764 2682 5820 servi
2728 5763 2958 5823 formam
2992 5785 3005 5822 :
3035 5767 3139 5824 fuit
3163 5781 3293 5842 ergo
3319 5772 3418 5843 qui
3445 5772 3546 5830 fuit
3564 5773 3660 5831 Dei

2056 5856 2251 5926 t‘orma,
2282 5856 2380 5914 t‘nit
2403 5858 2492 5930 qui
2520 5872 2580 5915 se
2596 5858 2895 5917 exinanivit
2921 5877 2934 5915 :
2969 5861 3015 5918 is
3029 5871 3208 5922 autem
3228 5865 3344 5941 ipse
3373 5874 3459 5924 est
3473 5866 3655 5940 Iesus,

358 5681 665 5740 exinaniret
692 5719 708 5745 ,
753 5687 813 5733 ut
833 5688 1120 5747 personam
1154 5670 1292 5727 servi
1318 5668 1635 5738 susciperet.
1675 5666 1765 5723 Sic
1787 5674 1843 5722 et
1869 5681 1954 5722 re-

352 5777 537 5845 liqua.
594 5774 647 5828 in
704 5769 901 5841 quibus
941 5765 1191 5823 omnibus
1242 5773 1393 5819 actus
1434 5771 1519 5818 est
1586 5768 1639 5818 et
1687 5760 1950 5831 operatio.

355 5868 690 5953 Quamquam
728 5872 784 5920 et
814 5861 868 5917 in
907 5860 1084 5932 primo
1116 5856 1425 5915 existentiae
1446 5870 1555 5912 sua:
1583 5862 1705 5911 actu
1727 5895 1744 5923 ,
1790 5851 1952 5910 sicuti
