  <div class='ocr_page' id='page_1' title='image "/cluster/home/n/w/nwhite01/storage/ocr_20150623/8/hvd.32044015471253/576.png"; bbox 0 0 4024 6306; ppageno 0'>
   <div class='ocr_carea' id='block_1_1' title="bbox 337 306 477 366">
    <p class='ocr_par' dir='ltr' id='par_1_1' title="bbox 337 306 477 366">
     <span class='ocr_line' id='line_1_1' title="bbox 337 306 477 366; baseline 0 -2"><span class='ocrx_word' id='word_1_1' title='bbox 337 306 477 366; x_wconf 75' lang='grc'><strong>1157</strong></span> 
     </span>
    </p>
   </div>
   <div class='ocr_carea' id='block_1_2' title="bbox 1412 318 2320 382">
    <p class='ocr_par' dir='ltr' id='par_1_2' title="bbox 1412 318 2320 382">
     <span class='ocr_line' id='line_1_2' title="bbox 1412 318 2320 382; baseline 0.008 -9"><span class='ocrx_word' id='word_1_2' title='bbox 1412 318 1500 375; x_wconf 85' lang='lat' dir='ltr'><strong>DE</strong></span> <span class='ocrx_word' id='word_1_3' title='bbox 1539 330 1846 378; x_wconf 73' lang='lat' dir='ltr'><strong>omoorsto</strong></span> <span class='ocrx_word' id='word_1_4' title='bbox 1883 319 2320 382; x_wconf 83' lang='lat' dir='ltr'><strong>RECIPIENDO.</strong></span> 
     </span>
    </p>
   </div>
   <div class='ocr_carea' id='block_1_3' title="bbox 3500 337 3643 398">
    <p class='ocr_par' dir='ltr' id='par_1_3' title="bbox 3500 337 3643 398">
     <span class='ocr_line' id='line_1_3' title="bbox 3500 337 3643 398; baseline 0.028 -4"><span class='ocrx_word' id='word_1_5' title='bbox 3500 337 3643 398; x_wconf 77' lang='grc'><strong>1158</strong></span> 
     </span>
    </p>
   </div>
   <div class='ocr_carea' id='block_1_4' title="bbox 338 424 3640 524">
    <p class='ocr_par' dir='ltr' id='par_1_4' title="bbox 338 424 3640 524">
     <span class='ocr_line' id='line_1_4' title="bbox 338 424 3640 524; baseline 0.01 -46"><span class='ocrx_word' id='word_1_6' title='bbox 338 424 427 496; x_wconf 85' lang='lat' dir='ltr'><strong>qui</strong></span> <span class='ocrx_word' id='word_1_7' title='bbox 454 426 684 524; x_wconf 44' lang='lat' dir='ltr'><strong>sum-psit</strong></span> <span class='ocrx_word' id='word_1_8' title='bbox 710 427 995 500; x_wconf 78' lang='lat' dir='ltr'><strong>imaginem</strong></span> <span class='ocrx_word' id='word_1_9' title='bbox 1016 431 1179 498; x_wconf 81' lang='lat' dir='ltr'><strong>servi,</strong></span> <span class='ocrx_word' id='word_1_10' title='bbox 1200 440 1248 488; x_wconf 91' lang='lat' dir='ltr'><strong>et</strong></span> <span class='ocrx_word' id='word_1_11' title='bbox 1275 432 1520 519; x_wconf 82' lang='lat' dir='ltr'><strong>inventus</strong></span> <span class='ocrx_word' id='word_1_12' title='bbox 1542 433 1706 492; x_wconf 88' lang='lat' dir='ltr'><strong>homo</strong></span> <span class='ocrx_word' id='word_1_13' title='bbox 1729 446 1829 506; x_wconf 89' lang='lat' dir='ltr'><strong>est,</strong></span> <span class='ocrx_word' id='word_1_14' title='bbox 1847 438 1937 510; x_wconf 91' lang='lat' dir='ltr'><strong>qui</strong></span> <span class='ocrx_word' id='word_1_15' title='bbox 1965 442 2017 502; x_wconf 84' lang='lat' dir='ltr'><strong>A</strong></span> <span class='ocrx_word' id='word_1_16' title='bbox 2044 439 2342 509; x_wconf 87' lang='lat' dir='ltr'><strong>bulantem,</strong></span> <span class='ocrx_word' id='word_1_17' title='bbox 2358 442 2640 501; x_wconf 77' lang='lat' dir='ltr'><strong>docentem</strong></span> <span class='ocrx_word' id='word_1_18' title='bbox 2659 447 2776 511; x_wconf 73' lang='lat' dir='ltr'><strong>ista,</strong></span> <span class='ocrx_word' id='word_1_19' title='bbox 2794 447 3640 524; x_wconf 83' lang='lat' dir='ltr'><strong>intelligentiasquetribuentem,</strong></span> 
     </span>
    </p>
   </div>
   <div class='ocr_carea' id='block_1_5' title="bbox 333 517 1930 602">
    <p class='ocr_par' dir='ltr' id='par_1_5' title="bbox 333 517 1930 602">
     <span class='ocr_line' id='line_1_5' title="bbox 333 517 1930 602; baseline 0.011 -31"><span class='ocrx_word' id='word_1_20' title='bbox 333 530 393 572; x_wconf 90' lang='lat' dir='ltr'><strong>se</strong></span> <span class='ocrx_word' id='word_1_21' title='bbox 422 517 662 573; x_wconf 89' lang='lat' dir='ltr'><strong>subdidit</strong></span> <span class='ocrx_word' id='word_1_22' title='bbox 708 534 878 592; x_wconf 89' lang='lat' dir='ltr'><strong>usque</strong></span> <span class='ocrx_word' id='word_1_23' title='bbox 916 522 985 577; x_wconf 86' lang='lat' dir='ltr'><strong>ad</strong></span> <span class='ocrx_word' id='word_1_24' title='bbox 1019 533 1267 594; x_wconf 87' lang='lat' dir='ltr'><strong>mortem,</strong></span> <span class='ocrx_word' id='word_1_25' title='bbox 1294 536 1353 581; x_wconf 85' lang='grc' dir='ltr'><strong>ιιι</strong></span> <span class='ocrx_word' id='word_1_26' title='bbox 1376 517 1690 600; x_wconf 73' lang='lat' dir='ltr'><strong>designetur</strong></span> <span class='ocrx_word' id='word_1_27' title='bbox 1714 529 1930 602; x_wconf 82' lang='lat' dir='ltr'><strong>plenius</strong></span> 
     </span>
    </p>
   </div>
   <div class='ocr_carea' id='block_1_6' title="bbox 329 609 1559 689">
    <p class='ocr_par' dir='ltr' id='par_1_6' title="bbox 329 609 1559 689">
     <span class='ocr_line' id='line_1_6' title="bbox 329 609 1559 689; baseline 0.007 -21"><span class='ocrx_word' id='word_1_28' title='bbox 329 609 487 669; x_wconf 81' lang='lat' dir='ltr'><strong>Jesus</strong></span> <span class='ocrx_word' id='word_1_29' title='bbox 505 611 773 681; x_wconf 79' lang='lat' dir='ltr'><strong>Christus,</strong></span> <span class='ocrx_word' id='word_1_30' title='bbox 809 632 976 689; x_wconf 92' lang='lat' dir='ltr'><strong>usque</strong></span> <span class='ocrx_word' id='word_1_31' title='bbox 1007 619 1073 673; x_wconf 90' lang='lat' dir='ltr'><strong>ad</strong></span> <span class='ocrx_word' id='word_1_32' title='bbox 1105 629 1332 677; x_wconf 90' lang='lat' dir='ltr'><strong>mortem</strong></span> <span class='ocrx_word' id='word_1_33' title='bbox 1364 623 1559 679; x_wconf 88' lang='lat' dir='ltr'><strong>crucis.</strong></span> 
     </span>
    </p>
   </div>
   <div class='ocr_carea' id='block_1_7' title="bbox 398 702 1926 784">
    <p class='ocr_par' dir='ltr' id='par_1_7' title="bbox 398 702 1926 784">
     <span class='ocr_line' id='line_1_7' title="bbox 398 702 1926 784; baseline 0.009 -26"><span class='ocrx_word' id='word_1_34' title='bbox 398 703 641 760; x_wconf 79' lang='lat' dir='ltr'><strong>XXXIII.</strong></span> <span class='ocrx_word' id='word_1_35' title='bbox 678 705 802 763; x_wconf 68' lang='lat' dir='ltr'><strong>llaec</strong></span> <span class='ocrx_word' id='word_1_36' title='bbox 821 709 953 765; x_wconf 85' lang='lat' dir='ltr'><strong>viris</strong></span> <span class='ocrx_word' id='word_1_37' title='bbox 986 710 1234 767; x_wconf 82' lang='lat' dir='ltr'><strong>ﬁdelibus</strong></span> <span class='ocrx_word' id='word_1_38' title='bbox 1271 714 1403 768; x_wconf 90' lang='lat' dir='ltr'><strong>satis</strong></span> <span class='ocrx_word' id='word_1_39' title='bbox 1424 717 1651 784; x_wconf 83' lang='lat' dir='ltr'><strong>probata</strong></span> <span class='ocrx_word' id='word_1_40' title='bbox 1677 725 1831 784; x_wconf 91' lang='lat' dir='ltr'><strong>sunt,</strong></span> <span class='ocrx_word' id='word_1_41' title='bbox 1871 702 1926 774; x_wconf 85' lang='lat' dir='ltr'><strong>et</strong></span> 
     </span>
    </p>
   </div>
   <div class='ocr_carea' id='block_1_8' title="bbox 333 800 1925 877">
    <p class='ocr_par' dir='ltr' id='par_1_8' title="bbox 333 800 1925 877">
     <span class='ocr_line' id='line_1_8' title="bbox 333 800 1925 877; baseline 0.01 -27"><span class='ocrx_word' id='word_1_42' title='bbox 333 805 460 854; x_wconf 93' lang='lat' dir='ltr'><strong>ante</strong></span> <span class='ocrx_word' id='word_1_43' title='bbox 487 812 704 854; x_wconf 89' lang='lat' dir='ltr'><strong>carnem</strong></span> <span class='ocrx_word' id='word_1_44' title='bbox 736 800 917 870; x_wconf 86' lang='lat' dir='ltr'><strong>luisse,</strong></span> <span class='ocrx_word' id='word_1_45' title='bbox 942 805 1069 859; x_wconf 88' lang='lat' dir='ltr'><strong>etin</strong></span> <span class='ocrx_word' id='word_1_46' title='bbox 1099 820 1260 860; x_wconf 90' lang='lat' dir='ltr'><strong>carne</strong></span> <span class='ocrx_word' id='word_1_47' title='bbox 1273 807 1520 863; x_wconf 84' lang='lat' dir='ltr'><strong>cutntleut</strong></span> <span class='ocrx_word' id='word_1_48' title='bbox 1546 808 1714 865; x_wconf 89' lang='lat' dir='ltr'><strong>lilium</strong></span> <span class='ocrx_word' id='word_1_49' title='bbox 1738 810 1925 877; x_wconf 81' lang='lat' dir='ltr'><strong>luisse,</strong></span> 
     </span>
    </p>
   </div>
   <div class='ocr_carea' id='block_1_9' title="bbox 332 889 1929 973">
    <p class='ocr_par' dir='ltr' id='par_1_9' title="bbox 332 889 1929 973">
     <span class='ocr_line' id='line_1_9' title="bbox 332 889 1929 973; baseline 0.009 -28"><span class='ocrx_word' id='word_1_50' title='bbox 332 889 485 947; x_wconf 89' lang='lat' dir='ltr'><strong>illum</strong></span> <span class='ocrx_word' id='word_1_51' title='bbox 511 892 600 962; x_wconf 91' lang='lat' dir='ltr'><strong>qui</strong></span> <span class='ocrx_word' id='word_1_52' title='bbox 635 902 760 950; x_wconf 91' lang='lat' dir='ltr'><strong>ante</strong></span> <span class='ocrx_word' id='word_1_53' title='bbox 781 896 977 952; x_wconf 64' lang='lat' dir='ltr'><strong>saecula</strong></span> <span class='ocrx_word' id='word_1_54' title='bbox 1004 907 1087 953; x_wconf 87' lang='lat' dir='ltr'><strong>est</strong></span> <span class='ocrx_word' id='word_1_55' title='bbox 1116 899 1330 969; x_wconf 87' lang='lat' dir='ltr'><strong>genitus</strong></span> <span class='ocrx_word' id='word_1_56' title='bbox 1353 944 1366 968; x_wconf 93' lang='lat'><strong>,</strong></span> <span class='ocrx_word' id='word_1_57' title='bbox 1393 900 1540 955; x_wconf 89' lang='lat' dir='ltr'><strong>illum</strong></span> <span class='ocrx_word' id='word_1_58' title='bbox 1568 903 1656 973; x_wconf 87' lang='lat' dir='ltr'><strong>qui</strong></span> <span class='ocrx_word' id='word_1_59' title='bbox 1685 905 1929 960; x_wconf 82' lang='lat' dir='ltr'><strong>ascendit</strong></span> 
     </span>
    </p>
   </div>
   <div class='ocr_carea' id='block_1_10' title="bbox 328 982 1929 1064">
    <p class='ocr_par' dir='ltr' id='par_1_10' title="bbox 328 982 1929 1064">
     <span class='ocr_line' id='line_1_10' title="bbox 328 982 1929 1064; baseline 0.009 -26"><span class='ocrx_word' id='word_1_60' title='bbox 328 982 383 1038; x_wconf 90' lang='lat' dir='ltr'><strong>in</strong></span> <span class='ocrx_word' id='word_1_61' title='bbox 412 983 629 1051; x_wconf 85' lang='lat' dir='ltr'><strong>coelum,</strong></span> <span class='ocrx_word' id='word_1_62' title='bbox 657 994 711 1040; x_wconf 90' lang='lat' dir='ltr'><strong>et</strong></span> <span class='ocrx_word' id='word_1_63' title='bbox 734 986 856 1043; x_wconf 90' lang='lat' dir='ltr'><strong>inde</strong></span> <span class='ocrx_word' id='word_1_64' title='bbox 884 986 1182 1055; x_wconf 82' lang='lat' dir='ltr'><strong>descendit,</strong></span> <span class='ocrx_word' id='word_1_65' title='bbox 1212 990 1357 1046; x_wconf 86' lang='lat' dir='ltr'><strong>illum</strong></span> <span class='ocrx_word' id='word_1_66' title='bbox 1385 994 1473 1064; x_wconf 90' lang='lat' dir='ltr'><strong>qni</strong></span> <span class='ocrx_word' id='word_1_67' title='bbox 1507 996 1661 1048; x_wconf 87' lang='lat' dir='ltr'><strong>nobis</strong></span> <span class='ocrx_word' id='word_1_68' title='bbox 1685 996 1752 1049; x_wconf 89' lang='lat' dir='ltr'><strong>de</strong></span> <span class='ocrx_word' id='word_1_69' title='bbox 1788 996 1929 1053; x_wconf 79' lang='lat' dir='ltr'><strong>cmlo</strong></span> 
     </span>
    </p>
   </div>
   <div class='ocr_carea' id='block_1_11' title="bbox 327 1076 1925 1160">
    <p class='ocr_par' dir='ltr' id='par_1_11' title="bbox 327 1076 1925 1160">
     <span class='ocr_line' id='line_1_11' title="bbox 327 1076 1925 1160; baseline 0.008 -31"><span class='ocrx_word' id='word_1_70' title='bbox 327 1076 482 1146; x_wconf 89' lang='lat' dir='ltr'><strong>panis</strong></span> <span class='ocrx_word' id='word_1_71' title='bbox 508 1086 588 1132; x_wconf 88' lang='lat' dir='ltr'><strong>est</strong></span> <span class='ocrx_word' id='word_1_72' title='bbox 620 1095 635 1132; x_wconf 90' lang='lat'><strong>:</strong></span> <span class='ocrx_word' id='word_1_73' title='bbox 668 1079 819 1134; x_wconf 89' lang='lat' dir='ltr'><strong>illum</strong></span> <span class='ocrx_word' id='word_1_74' title='bbox 856 1081 946 1152; x_wconf 91' lang='lat' dir='ltr'><strong>qui</strong></span> <span class='ocrx_word' id='word_1_75' title='bbox 988 1081 1040 1137; x_wconf 93' lang='lat' dir='ltr'><strong>in</strong></span> <span class='ocrx_word' id='word_1_76' title='bbox 1063 1096 1226 1139; x_wconf 90' lang='lat' dir='ltr'><strong>carne</strong></span> <span class='ocrx_word' id='word_1_77' title='bbox 1254 1083 1384 1140; x_wconf 83' lang='lat' dir='ltr'><strong>dicit</strong></span> <span class='ocrx_word' id='word_1_78' title='bbox 1436 1084 1616 1159; x_wconf 81' lang='lat' dir='ltr'><strong>(Joan.</strong></span> <span class='ocrx_word' id='word_1_79' title='bbox 1650 1103 1785 1151; x_wconf 86' lang='lat' dir='ltr'><strong>xvu,</strong></span> <span class='ocrx_word' id='word_1_80' title='bbox 1819 1087 1877 1160; x_wconf 85' lang='lat'><strong>5)</strong></span> <span class='ocrx_word' id='word_1_81' title='bbox 1912 1107 1925 1142; x_wconf 91' lang='lat'><strong>:</strong></span> 
     </span>
    </p>
   </div>
   <div class='ocr_carea' id='block_1_12' title="bbox 327 1167 1927 1254">
    <p class='ocr_par' dir='ltr' id='par_1_12' title="bbox 327 1167 1927 1254">
     <span class='ocr_line' id='line_1_12' title="bbox 327 1167 1927 1254; baseline 0.009 -31"><span class='ocrx_word' id='word_1_82' title='bbox 327 1167 505 1223; x_wconf 83' lang='lat' dir='ltr'><strong>Redde</strong></span> <span class='ocrx_word' id='word_1_83' title='bbox 529 1170 677 1238; x_wconf 89' lang='lat' dir='ltr'><strong>mihi,</strong></span> <span class='ocrx_word' id='word_1_84' title='bbox 702 1182 867 1243; x_wconf 86' lang='lat' dir='ltr'><strong>pater,</strong></span> <span class='ocrx_word' id='word_1_85' title='bbox 886 1174 1128 1229; x_wconf 84' lang='lat' dir='ltr'><strong>honorem</strong></span> <span class='ocrx_word' id='word_1_86' title='bbox 1143 1192 1328 1241; x_wconf 82' lang='lat' dir='ltr'><strong>ntemn,</strong></span> <span class='ocrx_word' id='word_1_87' title='bbox 1346 1195 1493 1250; x_wconf 83' lang='lat' dir='ltr'><strong>quem</strong></span> <span class='ocrx_word' id='word_1_88' title='bbox 1515 1178 1670 1234; x_wconf 82' lang='lat' dir='ltr'><strong>habui</strong></span> <span class='ocrx_word' id='word_1_89' title='bbox 1690 1184 1830 1254; x_wconf 83' lang='lat' dir='ltr'><strong>apud</strong></span> <span class='ocrx_word' id='word_1_90' title='bbox 1844 1193 1890 1236; x_wconf 88' lang='lat' dir='ltr'><strong>te</strong></span> <span class='ocrx_word' id='word_1_91' title='bbox 1909 1198 1927 1238; x_wconf 90' lang='lat'><strong><em>:</em></strong></span> 
     </span>
    </p>
   </div>
   <div class='ocr_carea' id='block_1_13' title="bbox 325 1263 1923 1351">
    <p class='ocr_par' dir='ltr' id='par_1_13' title="bbox 325 1263 1923 1351">
     <span class='ocr_line' id='line_1_13' title="bbox 325 1263 1923 1351; baseline 0.009 -32"><span class='ocrx_word' id='word_1_92' title='bbox 325 1263 509 1334; x_wconf 82' lang='lat' dir='ltr'><strong>utique</strong></span> <span class='ocrx_word' id='word_1_93' title='bbox 532 1279 692 1336; x_wconf 82' lang='lat' dir='ltr'><strong>supra</strong></span> <span class='ocrx_word' id='word_1_94' title='bbox 714 1267 905 1336; x_wconf 68' lang='lat' dir='ltr'><strong>caelos,</strong></span> <span class='ocrx_word' id='word_1_95' title='bbox 932 1277 985 1325; x_wconf 91' lang='lat' dir='ltr'><strong>et</strong></span> <span class='ocrx_word' id='word_1_96' title='bbox 1010 1276 1135 1325; x_wconf 83' lang='lat' dir='ltr'><strong>ante</strong></span> <span class='ocrx_word' id='word_1_97' title='bbox 1158 1285 1401 1338; x_wconf 82' lang='lat' dir='ltr'><strong>carnem,</strong></span> <span class='ocrx_word' id='word_1_98' title='bbox 1427 1272 1580 1329; x_wconf 89' lang='lat' dir='ltr'><strong>illum</strong></span> <span class='ocrx_word' id='word_1_99' title='bbox 1611 1293 1624 1328; x_wconf 89' lang='lat'><strong>:</strong></span> <span class='ocrx_word' id='word_1_100' title='bbox 1646 1276 1794 1351; x_wconf 81' lang='grc' dir='ltr'>λόγος</span> <span class='ocrx_word' id='word_1_101' title='bbox 1819 1288 1923 1345; x_wconf 92' lang='lat' dir='ltr'><strong>est,</strong></span> 
     </span>
    </p>
   </div>
   <div class='ocr_carea' id='block_1_14' title="bbox 326 1357 1920 1443">
    <p class='ocr_par' dir='ltr' id='par_1_14' title="bbox 326 1357 1920 1443">
     <span class='ocr_line' id='line_1_14' title="bbox 326 1357 1920 1443; baseline 0.008 -30"><span class='ocrx_word' id='word_1_102' title='bbox 326 1368 380 1414; x_wconf 85' lang='lat' dir='ltr'><strong>et</strong></span> <span class='ocrx_word' id='word_1_103' title='bbox 412 1357 609 1432; x_wconf 83' lang='lat' dir='ltr'><strong>(Joan.</strong></span> <span class='ocrx_word' id='word_1_104' title='bbox 644 1377 684 1429; x_wconf 85' lang='grc' dir='ltr'><strong>ι,</strong></span> <span class='ocrx_word' id='word_1_105' title='bbox 722 1363 825 1435; x_wconf 79' lang='grc'><strong>15)</strong></span> <span class='ocrx_word' id='word_1_106' title='bbox 868 1363 921 1418; x_wconf 86' lang='lat' dir='ltr'><strong>in</strong></span> <span class='ocrx_word' id='word_1_107' title='bbox 961 1366 1217 1437; x_wconf 82' lang='lat' dir='ltr'><strong>principio</strong></span> <span class='ocrx_word' id='word_1_108' title='bbox 1258 1367 1436 1443; x_wconf 81' lang='grc' dir='ltr'>λόγος,</span> <span class='ocrx_word' id='word_1_109' title='bbox 1463 1378 1514 1423; x_wconf 87' lang='lat' dir='ltr'><strong>et</strong></span> <span class='ocrx_word' id='word_1_110' title='bbox 1557 1371 1715 1441; x_wconf 73' lang='lat' dir='ltr'><strong>juxta</strong></span> <span class='ocrx_word' id='word_1_111' title='bbox 1758 1369 1920 1426; x_wconf 81' lang='lat' dir='ltr'><strong>Deum</strong></span> 
     </span>
    </p>
   </div>
   <div class='ocr_carea' id='block_1_15' title="bbox 323 1450 1926 1537">
    <p class='ocr_par' dir='ltr' id='par_1_15' title="bbox 323 1450 1926 1537">
     <span class='ocr_line' id='line_1_15' title="bbox 323 1450 1926 1537; baseline 0.008 -32"><span class='ocrx_word' id='word_1_112' title='bbox 323 1450 491 1523; x_wconf 73' lang='grc' dir='ltr'>λόγος,</span> <span class='ocrx_word' id='word_1_113' title='bbox 515 1462 563 1507; x_wconf 88' lang='lat' dir='ltr'><strong>et</strong></span> <span class='ocrx_word' id='word_1_114' title='bbox 584 1454 670 1524; x_wconf 97' lang='lat' dir='ltr'><strong>qui</strong></span> <span class='ocrx_word' id='word_1_115' title='bbox 689 1454 836 1529; x_wconf 79' lang='grc' dir='ltr'>λόγος</span> <span class='ocrx_word' id='word_1_116' title='bbox 860 1454 1000 1510; x_wconf 87' lang='lat' dir='ltr'><strong>Deus</strong></span> <span class='ocrx_word' id='word_1_117' title='bbox 1019 1466 1115 1523; x_wconf 83' lang='lat' dir='ltr'><strong>est,</strong></span> <span class='ocrx_word' id='word_1_118' title='bbox 1139 1466 1187 1512; x_wconf 89' lang='lat' dir='ltr'><strong>et</strong></span> <span class='ocrx_word' id='word_1_119' title='bbox 1214 1475 1305 1527; x_wconf 84' lang='lat' dir='ltr'><strong>per</strong></span> <span class='ocrx_word' id='word_1_120' title='bbox 1320 1476 1467 1529; x_wconf 80' lang='lat' dir='ltr'><strong>quem</strong></span> <span class='ocrx_word' id='word_1_121' title='bbox 1487 1462 1634 1537; x_wconf 81' lang='grc' dir='ltr'>λόγον</span> <span class='ocrx_word' id='word_1_122' title='bbox 1655 1466 1792 1534; x_wconf 80' lang='lat' dir='ltr'><strong>facta</strong></span> <span class='ocrx_word' id='word_1_123' title='bbox 1806 1472 1926 1518; x_wconf 83' lang='lat' dir='ltr'><strong>sunt</strong></span> 
     </span>
    </p>
   </div>
   <div class='ocr_carea' id='block_1_16' title="bbox 325 1546 1923 1629">
    <p class='ocr_par' dir='ltr' id='par_1_16' title="bbox 325 1546 1923 1629">
     <span class='ocr_line' id='line_1_16' title="bbox 325 1546 1923 1629; baseline 0.011 -31"><span class='ocrx_word' id='word_1_124' title='bbox 325 1546 518 1610; x_wconf 86' lang='lat' dir='ltr'><strong>omnia,</strong></span> <span class='ocrx_word' id='word_1_125' title='bbox 542 1556 588 1600; x_wconf 90' lang='lat' dir='ltr'><strong>et</strong></span> <span class='ocrx_word' id='word_1_126' title='bbox 610 1547 720 1602; x_wconf 88' lang='lat' dir='ltr'><strong>sine</strong></span> <span class='ocrx_word' id='word_1_127' title='bbox 745 1564 845 1619; x_wconf 86' lang='lat' dir='ltr'><strong>quo</strong></span> <span class='ocrx_word' id='word_1_128' title='bbox 871 1549 1063 1618; x_wconf 79' lang='lat' dir='ltr'><strong>factum</strong></span> <span class='ocrx_word' id='word_1_129' title='bbox 1100 1560 1176 1606; x_wconf 87' lang='lat' dir='ltr'><strong>est</strong></span> <span class='ocrx_word' id='word_1_130' title='bbox 1200 1552 1369 1620; x_wconf 88' lang='lat' dir='ltr'><strong>nihil;</strong></span> <span class='ocrx_word' id='word_1_131' title='bbox 1400 1554 1547 1612; x_wconf 89' lang='lat' dir='ltr'><strong>illum</strong></span> <span class='ocrx_word' id='word_1_132' title='bbox 1585 1554 1766 1629; x_wconf 82' lang='lat' dir='ltr'><strong>(Joan.</strong></span> <span class='ocrx_word' id='word_1_133' title='bbox 1793 1573 1830 1623; x_wconf 93' lang='grc' dir='ltr'><strong>ι,</strong></span> <span class='ocrx_word' id='word_1_134' title='bbox 1864 1557 1923 1629; x_wconf 88' lang='lat'><strong>9)</strong></span> 
     </span>
    </p>
   </div>
   <div class='ocr_carea' id='block_1_17' title="bbox 324 1637 1923 1716">
    <p class='ocr_par' dir='ltr' id='par_1_17' title="bbox 324 1637 1923 1716">
     <span class='ocr_line' id='line_1_17' title="bbox 324 1637 1923 1716; baseline 0.01 -26"><span class='ocrx_word' id='word_1_135' title='bbox 324 1637 411 1708; x_wconf 87' lang='lat' dir='ltr'><strong>qui</strong></span> <span class='ocrx_word' id='word_1_136' title='bbox 432 1638 692 1694; x_wconf 77' lang='lat' dir='ltr'><strong>illuminat</strong></span> <span class='ocrx_word' id='word_1_137' title='bbox 717 1640 971 1696; x_wconf 80' lang='lat' dir='ltr'><strong>hominem</strong></span> <span class='ocrx_word' id='word_1_138' title='bbox 992 1642 1044 1696; x_wconf 88' lang='lat' dir='ltr'><strong>in</strong></span> <span class='ocrx_word' id='word_1_139' title='bbox 1070 1644 1206 1698; x_wconf 85' lang='lat' dir='ltr'><strong>hunc</strong></span> <span class='ocrx_word' id='word_1_140' title='bbox 1228 1646 1472 1700; x_wconf 85' lang='lat' dir='ltr'><strong>mundum</strong></span> <span class='ocrx_word' id='word_1_141' title='bbox 1503 1650 1819 1716; x_wconf 79' lang='lat' dir='ltr'><strong>venientem;</strong></span> <span class='ocrx_word' id='word_1_142' title='bbox 1857 1651 1923 1706; x_wconf 87' lang='lat' dir='ltr'><strong>il-</strong></span> 
     </span>
    </p>
   </div>
   <div class='ocr_carea' id='block_1_18' title="bbox 325 1728 1924 1806">
    <p class='ocr_par' dir='ltr' id='par_1_18' title="bbox 325 1728 1924 1806">
     <span class='ocr_line' id='line_1_18' title="bbox 325 1728 1924 1806; baseline 0.009 -22"><span class='ocrx_word' id='word_1_143' title='bbox 325 1729 434 1784; x_wconf 92' lang='lat' dir='ltr'><strong>lum</strong></span> <span class='ocrx_word' id='word_1_144' title='bbox 480 1728 661 1804; x_wconf 85' lang='lat' dir='ltr'><strong>(Joan.</strong></span> <span class='ocrx_word' id='word_1_145' title='bbox 686 1748 724 1801; x_wconf 91' lang='grc' dir='ltr'><strong>ι,</strong></span> <span class='ocrx_word' id='word_1_146' title='bbox 774 1733 861 1805; x_wconf 72' lang='grc'><strong>14)</strong></span> <span class='ocrx_word' id='word_1_147' title='bbox 897 1735 986 1806; x_wconf 90' lang='lat' dir='ltr'><strong>qui</strong></span> <span class='ocrx_word' id='word_1_148' title='bbox 1028 1736 1172 1804; x_wconf 73' lang='grc' dir='ltr'>λόγος</span> <span class='ocrx_word' id='word_1_149' title='bbox 1212 1754 1333 1793; x_wconf 81' lang='lat' dir='ltr'><strong>caro</strong></span> <span class='ocrx_word' id='word_1_150' title='bbox 1364 1742 1533 1804; x_wconf 83' lang='lat' dir='ltr'><strong>factus</strong></span> <span class='ocrx_word' id='word_1_151' title='bbox 1574 1750 1667 1797; x_wconf 87' lang='lat' dir='ltr'><strong>est.</strong></span> <span class='ocrx_word' id='word_1_152' title='bbox 1715 1743 1924 1799; x_wconf 79' lang='lat' dir='ltr'><strong>Audisti</strong></span> 
     </span>
    </p>
   </div>
   <div class='ocr_carea' id='block_1_19' title="bbox 2032 537 3644 619">
    <p class='ocr_par' dir='ltr' id='par_1_19' title="bbox 2032 537 3644 619">
     <span class='ocr_line' id='line_1_19' title="bbox 2032 537 3644 619; baseline 0.01 -31"><span class='ocrx_word' id='word_1_153' title='bbox 2032 542 2088 588; x_wconf 92' lang='lat' dir='ltr'><strong>et</strong></span> <span class='ocrx_word' id='word_1_154' title='bbox 2110 549 2136 586; x_wconf 92' lang='lat' dir='ltr'><strong>a</strong></span> <span class='ocrx_word' id='word_1_155' title='bbox 2164 543 2314 604; x_wconf 82' lang='lat' dir='ltr'><strong>patre</strong></span> <span class='ocrx_word' id='word_1_156' title='bbox 2336 551 2432 605; x_wconf 87' lang='lat' dir='ltr'><strong>per</strong></span> <span class='ocrx_word' id='word_1_157' title='bbox 2453 537 2726 594; x_wconf 79' lang='lat' dir='ltr'><strong>Christum</strong></span> <span class='ocrx_word' id='word_1_158' title='bbox 2753 539 3014 611; x_wconf 75' lang='lat' dir='ltr'><strong>genitum,</strong></span> <span class='ocrx_word' id='word_1_159' title='bbox 3033 543 3152 598; x_wconf 88' lang='lat' dir='ltr'><strong>etin</strong></span> <span class='ocrx_word' id='word_1_160' title='bbox 3169 543 3415 601; x_wconf 85' lang='lat' dir='ltr'><strong>Christo:</strong></span> <span class='ocrx_word' id='word_1_161' title='bbox 3440 547 3644 619; x_wconf 85' lang='lat' dir='ltr'><strong>quippe</strong></span> 
     </span>
    </p>
   </div>
   <div class='ocr_carea' id='block_1_20' title="bbox 2033 626 3637 699">
    <p class='ocr_par' dir='ltr' id='par_1_20' title="bbox 2033 626 3637 699">
     <span class='ocr_line' id='line_1_20' title="bbox 2033 626 3637 699; baseline 0.009 -19"><span class='ocrx_word' id='word_1_162' title='bbox 2033 640 2154 680; x_wconf 92' lang='lat' dir='ltr'><strong>cum</strong></span> <span class='ocrx_word' id='word_1_163' title='bbox 2178 626 2485 699; x_wconf 87' lang='lat' dir='ltr'><strong>unigenitus</strong></span> <span class='ocrx_word' id='word_1_164' title='bbox 2505 631 2644 685; x_wconf 89' lang='lat' dir='ltr'><strong>tilius</strong></span> <span class='ocrx_word' id='word_1_165' title='bbox 2660 630 2913 688; x_wconf 77' lang='lat' dir='ltr'><strong>Christus</strong></span> <span class='ocrx_word' id='word_1_166' title='bbox 2931 636 3020 699; x_wconf 88' lang='lat' dir='ltr'><strong>sit,</strong></span> <span class='ocrx_word' id='word_1_167' title='bbox 3048 635 3230 691; x_wconf 90' lang='lat' dir='ltr'><strong>multis</strong></span> <span class='ocrx_word' id='word_1_168' title='bbox 3249 651 3347 692; x_wconf 92' lang='lat' dir='ltr'><strong>nos</strong></span> <span class='ocrx_word' id='word_1_169' title='bbox 3366 637 3515 693; x_wconf 90' lang='lat' dir='ltr'><strong>libris</strong></span> <span class='ocrx_word' id='word_1_170' title='bbox 3530 654 3637 694; x_wconf 87' lang='lat' dir='ltr'><strong>ex-</strong></span> 
     </span>
    </p>
   </div>
   <div class='ocr_carea' id='block_1_21' title="bbox 2033 720 3633 802">
    <p class='ocr_par' dir='ltr' id='par_1_21' title="bbox 2033 720 3633 802">
     <span class='ocr_line' id='line_1_21' title="bbox 2033 720 3633 802; baseline 0.009 -29"><span class='ocrx_word' id='word_1_171' title='bbox 2033 720 2312 791; x_wconf 90' lang='lat' dir='ltr'><strong>posuimus</strong></span> <span class='ocrx_word' id='word_1_172' title='bbox 2340 740 2354 786; x_wconf 92' lang='lat'><strong>;</strong></span> <span class='ocrx_word' id='word_1_173' title='bbox 2380 730 2433 778; x_wconf 89' lang='lat' dir='ltr'><strong>et</strong></span> <span class='ocrx_word' id='word_1_174' title='bbox 2458 723 2600 793; x_wconf 86' lang='lat' dir='ltr'><strong>quod</strong></span> <span class='ocrx_word' id='word_1_175' title='bbox 2625 726 2893 798; x_wconf 77' lang='lat' dir='ltr'><strong>exemplis</strong></span> <span class='ocrx_word' id='word_1_176' title='bbox 2918 728 3162 799; x_wconf 84' lang='lat' dir='ltr'><strong>plurimis</strong></span> <span class='ocrx_word' id='word_1_177' title='bbox 3185 730 3633 802; x_wconf 81' lang='lat' dir='ltr'><strong>approbarimus,</strong></span> 
     </span>
    </p>
   </div>
   <div class='ocr_carea' id='block_1_22' title="bbox 2034 814 3637 898">
    <p class='ocr_par' dir='ltr' id='par_1_22' title="bbox 2034 814 3637 898">
     <span class='ocr_line' id='line_1_22' title="bbox 2034 814 3637 898; baseline 0.008 -29"><span class='ocrx_word' id='word_1_178' title='bbox 2034 814 2165 869; x_wconf 87' lang='lat' dir='ltr'><strong>satis</strong></span> <span class='ocrx_word' id='word_1_179' title='bbox 2187 816 2391 871; x_wconf 77' lang='lat' dir='ltr'><strong>clarum</strong></span> <span class='ocrx_word' id='word_1_180' title='bbox 2411 826 2511 870; x_wconf 89' lang='lat' dir='ltr'><strong>cst.</strong></span> <span class='ocrx_word' id='word_1_181' title='bbox 2541 817 2651 873; x_wconf 90' lang='lat' dir='ltr'><strong>lloc</strong></span> <span class='ocrx_word' id='word_1_182' title='bbox 2674 819 2834 874; x_wconf 89' lang='lat' dir='ltr'><strong>modo</strong></span> <span class='ocrx_word' id='word_1_183' title='bbox 2874 829 3036 890; x_wconf 80' lang='lat' dir='ltr'><strong>atque</strong></span> <span class='ocrx_word' id='word_1_184' title='bbox 3073 823 3171 878; x_wconf 88' lang='lat' dir='ltr'><strong>hac</strong></span> <span class='ocrx_word' id='word_1_185' title='bbox 3197 825 3552 898; x_wconf 79' lang='lat' dir='ltr'><strong>intelligentia</strong></span> <span class='ocrx_word' id='word_1_186' title='bbox 3575 836 3637 882; x_wconf 92' lang='lat' dir='ltr'><strong>ut</strong></span> 
     </span>
    </p>
   </div>
   <div class='ocr_carea' id='block_1_23' title="bbox 2033 908 3643 989">
    <p class='ocr_par' dir='ltr' id='par_1_23' title="bbox 2033 908 3643 989">
     <span class='ocr_line' id='line_1_23' title="bbox 2033 908 3643 989; baseline 0.013 -36"><span class='ocrx_word' id='word_1_187' title='bbox 2033 913 2188 977; x_wconf 67' lang='lat' dir='ltr'><strong>pater</strong></span> <span class='ocrx_word' id='word_1_188' title='bbox 2214 915 2269 961; x_wconf 87' lang='lat' dir='ltr'><strong>et</strong></span> <span class='ocrx_word' id='word_1_189' title='bbox 2301 908 2440 963; x_wconf 89' lang='lat' dir='ltr'><strong>Deus</strong></span> <span class='ocrx_word' id='word_1_190' title='bbox 2463 925 2583 965; x_wconf 91' lang='lat' dir='ltr'><strong>cum</strong></span> <span class='ocrx_word' id='word_1_191' title='bbox 2609 910 2717 965; x_wconf 89' lang='lat' dir='ltr'><strong>lilio</strong></span> <span class='ocrx_word' id='word_1_192' title='bbox 2752 912 3048 986; x_wconf 82' lang='grc' dir='ltr'>όμοούσιον,</span> <span class='ocrx_word' id='word_1_193' title='bbox 3074 928 3127 971; x_wconf 92' lang='lat' dir='ltr'><strong>et</strong></span> <span class='ocrx_word' id='word_1_194' title='bbox 3164 915 3305 971; x_wconf 90' lang='lat' dir='ltr'><strong>ﬁlius</strong></span> <span class='ocrx_word' id='word_1_195' title='bbox 3340 916 3480 988; x_wconf 90' lang='lat' dir='ltr'><strong>quod</strong></span> <span class='ocrx_word' id='word_1_196' title='bbox 3525 918 3643 989; x_wconf 86' lang='lat' dir='ltr'><strong>ipse</strong></span> 
     </span>
    </p>
   </div>
   <div class='ocr_carea' id='block_1_24' title="bbox 2033 999 3642 1080">
    <p class='ocr_par' dir='ltr' id='par_1_24' title="bbox 2033 999 3642 1080">
     <span class='ocr_line' id='line_1_24' title="bbox 2033 999 3642 1080; baseline 0.009 -29"><span class='ocrx_word' id='word_1_197' title='bbox 2033 999 2138 1052; x_wconf 86' lang='lat' dir='ltr'><strong>vita</strong></span> <span class='ocrx_word' id='word_1_198' title='bbox 2176 1008 2411 1053; x_wconf 88' lang='lat' dir='ltr'><strong>estequ</strong></span> <span class='ocrx_word' id='word_1_199' title='bbox 2455 1015 2542 1056; x_wconf 90' lang='lat' dir='ltr'><strong>eo.</strong></span> <span class='ocrx_word' id='word_1_200' title='bbox 2590 1001 2724 1068; x_wconf 88' lang='lat' dir='ltr'><strong>Quia</strong></span> <span class='ocrx_word' id='word_1_201' title='bbox 2767 1012 2944 1059; x_wconf 91' lang='lat' dir='ltr'><strong>autem</strong></span> <span class='ocrx_word' id='word_1_202' title='bbox 2998 1007 3113 1077; x_wconf 76' lang='lat' dir='ltr'><strong>ipse</strong></span> <span class='ocrx_word' id='word_1_203' title='bbox 3157 1008 3509 1080; x_wconf 91' lang='lat' dir='ltr'><strong>intelligentia</strong></span> <span class='ocrx_word' id='word_1_204' title='bbox 3557 1019 3642 1065; x_wconf 92' lang='lat' dir='ltr'><strong>cst</strong></span> 
     </span>
    </p>
   </div>
   <div class='ocr_carea' id='block_1_25' title="bbox 2032 1088 3638 1173">
    <p class='ocr_par' dir='ltr' id='par_1_25' title="bbox 2032 1088 3638 1173">
     <span class='ocr_line' id='line_1_25' title="bbox 2032 1088 3638 1173; baseline 0.009 -27"><span class='ocrx_word' id='word_1_205' title='bbox 2032 1088 2304 1158; x_wconf 82' lang='lat' dir='ltr'><strong>Christus,</strong></span> <span class='ocrx_word' id='word_1_206' title='bbox 2347 1101 2402 1147; x_wconf 86' lang='lat' dir='ltr'><strong>et</strong></span> <span class='ocrx_word' id='word_1_207' title='bbox 2443 1092 2678 1164; x_wconf 85' lang='lat' dir='ltr'><strong>Spiritus</strong></span> <span class='ocrx_word' id='word_1_208' title='bbox 2720 1107 2939 1153; x_wconf 89' lang='lat' dir='ltr'><strong>sanctus</strong></span> <span class='ocrx_word' id='word_1_209' title='bbox 2979 1098 3245 1173; x_wconf 79' lang='grc' dir='ltr'>όμοούσιον</span> <span class='ocrx_word' id='word_1_210' title='bbox 3277 1100 3638 1173; x_wconf 80' lang='lat' dir='ltr'><strong>intelligitur:</strong></span> 
     </span>
    </p>
   </div>
   <div class='ocr_carea' id='block_1_26' title="bbox 2034 1184 3642 1266">
    <p class='ocr_par' dir='ltr' id='par_1_26' title="bbox 2034 1184 3642 1266">
     <span class='ocr_line' id='line_1_26' title="bbox 2034 1184 3642 1266; baseline 0.009 -28"><span class='ocrx_word' id='word_1_211' title='bbox 2034 1184 2177 1239; x_wconf 84' lang='lat' dir='ltr'><strong>unde</strong></span> <span class='ocrx_word' id='word_1_212' title='bbox 2206 1186 2393 1255; x_wconf 88' lang='lat' dir='ltr'><strong>juncto</strong></span> <span class='ocrx_word' id='word_1_213' title='bbox 2417 1188 2552 1257; x_wconf 89' lang='lat' dir='ltr'><strong>patri</strong></span> <span class='ocrx_word' id='word_1_214' title='bbox 2583 1188 2800 1260; x_wconf 88' lang='lat' dir='ltr'><strong>ﬁlioque</strong></span> <span class='ocrx_word' id='word_1_215' title='bbox 2823 1200 3068 1261; x_wconf 90' lang='lat' dir='ltr'><strong>accepto,</strong></span> <span class='ocrx_word' id='word_1_216' title='bbox 3092 1193 3232 1263; x_wconf 84' lang='lat' dir='ltr'><strong>quod</strong></span> <span class='ocrx_word' id='word_1_217' title='bbox 3251 1193 3321 1248; x_wconf 90' lang='lat' dir='ltr'><strong>sit</strong></span> <span class='ocrx_word' id='word_1_218' title='bbox 3339 1192 3481 1249; x_wconf 87' lang='lat' dir='ltr'><strong>idem</strong></span> <span class='ocrx_word' id='word_1_219' title='bbox 3495 1195 3642 1266; x_wconf 85' lang='lat' dir='ltr'><strong>quod</strong></span> 
     </span>
    </p>
   </div>
   <div class='ocr_carea' id='block_1_27' title="bbox 2029 1277 3640 1356">
    <p class='ocr_par' dir='ltr' id='par_1_27' title="bbox 2029 1277 3640 1356">
     <span class='ocr_line' id='line_1_27' title="bbox 2029 1277 3640 1356; baseline 0.005 -21"><span class='ocrx_word' id='word_1_220' title='bbox 2029 1277 2264 1349; x_wconf 83' lang='lat' dir='ltr'><strong>Spiritus</strong></span> <span class='ocrx_word' id='word_1_221' title='bbox 2286 1287 2524 1348; x_wconf 90' lang='lat' dir='ltr'><strong>sanctus,</strong></span> <span class='ocrx_word' id='word_1_222' title='bbox 2541 1295 2609 1335; x_wconf 89' lang='lat' dir='ltr'><strong>eo</strong></span> <span class='ocrx_word' id='word_1_223' title='bbox 2632 1281 2848 1353; x_wconf 89' lang='lat' dir='ltr'><strong>quidem</strong></span> <span class='ocrx_word' id='word_1_224' title='bbox 2879 1284 3063 1349; x_wconf 89' lang='lat' dir='ltr'><strong>modo,</strong></span> <span class='ocrx_word' id='word_1_225' title='bbox 3088 1300 3195 1356; x_wconf 89' lang='lat' dir='ltr'><strong>quo</strong></span> <span class='ocrx_word' id='word_1_226' title='bbox 3221 1285 3364 1341; x_wconf 88' lang='lat' dir='ltr'><strong>ﬁlius</strong></span> <span class='ocrx_word' id='word_1_227' title='bbox 3388 1286 3528 1343; x_wconf 90' lang='lat' dir='ltr'><strong>idem</strong></span> <span class='ocrx_word' id='word_1_228' title='bbox 3553 1298 3640 1343; x_wconf 84' lang='lat' dir='ltr'><strong>est</strong></span> 
     </span>
    </p>
   </div>
   <div class='ocr_carea' id='block_1_28' title="bbox 2032 1371 3639 1449">
    <p class='ocr_par' dir='ltr' id='par_1_28' title="bbox 2032 1371 3639 1449">
     <span class='ocr_line' id='line_1_28' title="bbox 2032 1371 3639 1449; baseline 0.008 -25"><span class='ocrx_word' id='word_1_229' title='bbox 2032 1371 2173 1440; x_wconf 87' lang='lat' dir='ltr'><strong>quod</strong></span> <span class='ocrx_word' id='word_1_230' title='bbox 2202 1382 2385 1441; x_wconf 88' lang='lat' dir='ltr'><strong>pater;</strong></span> <span class='ocrx_word' id='word_1_231' title='bbox 2419 1372 2488 1427; x_wconf 86' lang='lat' dir='ltr'><strong>ita</strong></span> <span class='ocrx_word' id='word_1_232' title='bbox 2521 1382 2724 1442; x_wconf 91' lang='lat' dir='ltr'><strong>tamen,</strong></span> <span class='ocrx_word' id='word_1_233' title='bbox 2775 1386 2831 1433; x_wconf 94' lang='lat' dir='ltr'><strong>ut</strong></span> <span class='ocrx_word' id='word_1_234' title='bbox 2878 1379 3149 1449; x_wconf 88' lang='lat' dir='ltr'><strong>quomodo</strong></span> <span class='ocrx_word' id='word_1_235' title='bbox 3190 1387 3346 1449; x_wconf 88' lang='lat' dir='ltr'><strong>pater</strong></span> <span class='ocrx_word' id='word_1_236' title='bbox 3394 1391 3450 1436; x_wconf 92' lang='lat' dir='ltr'><strong>et</strong></span> <span class='ocrx_word' id='word_1_237' title='bbox 3495 1381 3639 1437; x_wconf 86' lang='lat' dir='ltr'><strong>ﬁlius</strong></span> 
     </span>
    </p>
   </div>
   <div class='ocr_carea' id='block_1_29' title="bbox 2031 1469 3638 1543">
    <p class='ocr_par' dir='ltr' id='par_1_29' title="bbox 2031 1469 3638 1543">
     <span class='ocr_line' id='line_1_29' title="bbox 2031 1469 3638 1543; baseline 0.007 -24"><span class='ocrx_word' id='word_1_238' title='bbox 2031 1481 2195 1520; x_wconf 88' lang='lat' dir='ltr'><strong>unum</strong></span> <span class='ocrx_word' id='word_1_239' title='bbox 2219 1482 2339 1522; x_wconf 89' lang='lat' dir='ltr'><strong>cum</strong></span> <span class='ocrx_word' id='word_1_240' title='bbox 2372 1469 2501 1536; x_wconf 89' lang='lat' dir='ltr'><strong>sint,</strong></span> <span class='ocrx_word' id='word_1_241' title='bbox 2527 1471 2605 1524; x_wconf 90' lang='lat' dir='ltr'><strong>sic</strong></span> <span class='ocrx_word' id='word_1_242' title='bbox 2643 1479 2819 1527; x_wconf 88' lang='lat' dir='ltr'><strong>tamen</strong></span> <span class='ocrx_word' id='word_1_243' title='bbox 2845 1471 3005 1528; x_wconf 89' lang='lat' dir='ltr'><strong>Pater</strong></span> <span class='ocrx_word' id='word_1_244' title='bbox 3025 1473 3098 1529; x_wconf 88' lang='lat' dir='ltr'><strong>sit</strong></span> <span class='ocrx_word' id='word_1_245' title='bbox 3117 1474 3287 1529; x_wconf 85' lang='lat' dir='ltr'><strong>etiam</strong></span> <span class='ocrx_word' id='word_1_246' title='bbox 3306 1475 3463 1543; x_wconf 90' lang='lat' dir='ltr'><strong>lilius,</strong></span> <span class='ocrx_word' id='word_1_247' title='bbox 3490 1475 3638 1531; x_wconf 88' lang='lat' dir='ltr'><strong>exis-</strong></span> 
     </span>
    </p>
   </div>
   <div class='ocr_carea' id='block_1_30' title="bbox 2033 1560 3636 1638">
    <p class='ocr_par' dir='ltr' id='par_1_30' title="bbox 2033 1560 3636 1638">
     <span class='ocr_line' id='line_1_30' title="bbox 2033 1560 3636 1638; baseline 0.005 -25"><span class='ocrx_word' id='word_1_248' title='bbox 2033 1560 2197 1615; x_wconf 87' lang='lat' dir='ltr'><strong>tentia</strong></span> <span class='ocrx_word' id='word_1_249' title='bbox 2228 1562 2593 1633; x_wconf 89' lang='lat' dir='ltr'><strong>unusquisque</strong></span> <span class='ocrx_word' id='word_1_250' title='bbox 2608 1579 2725 1632; x_wconf 88' lang='lat' dir='ltr'><strong>sua,</strong></span> <span class='ocrx_word' id='word_1_251' title='bbox 2750 1563 2844 1619; x_wconf 90' lang='lat' dir='ltr'><strong>sed</strong></span> <span class='ocrx_word' id='word_1_252' title='bbox 2870 1565 3031 1620; x_wconf 88' lang='lat' dir='ltr'><strong>ambo</strong></span> <span class='ocrx_word' id='word_1_253' title='bbox 3056 1581 3157 1619; x_wconf 89' lang='lat' dir='ltr'><strong>una</strong></span> <span class='ocrx_word' id='word_1_254' title='bbox 3187 1565 3486 1638; x_wconf 89' lang='lat' dir='ltr'><strong>eademque</strong></span> <span class='ocrx_word' id='word_1_255' title='bbox 3509 1567 3636 1622; x_wconf 87' lang='lat' dir='ltr'><strong>sub-</strong></span> 
     </span>
    </p>
   </div>
   <div class='ocr_carea' id='block_1_31' title="bbox 2030 1654 3638 1729">
    <p class='ocr_par' dir='ltr' id='par_1_31' title="bbox 2030 1654 3638 1729">
     <span class='ocr_line' id='line_1_31' title="bbox 2030 1654 3638 1729; baseline 0.002 -20"><span class='ocrx_word' id='word_1_256' title='bbox 2030 1655 2224 1709; x_wconf 84' lang='lat' dir='ltr'><strong>Stantia</strong></span> <span class='ocrx_word' id='word_1_257' title='bbox 2253 1673 2265 1709; x_wconf 89' lang='lat'>:</span> <span class='ocrx_word' id='word_1_258' title='bbox 2296 1655 2373 1709; x_wconf 87' lang='lat' dir='ltr'><strong>sic</strong></span> <span class='ocrx_word' id='word_1_259' title='bbox 2398 1654 2649 1711; x_wconf 88' lang='lat' dir='ltr'><strong>Christus</strong></span> <span class='ocrx_word' id='word_1_260' title='bbox 2677 1667 2728 1712; x_wconf 88' lang='lat' dir='ltr'><strong>et</strong></span> <span class='ocrx_word' id='word_1_261' title='bbox 2758 1658 2995 1729; x_wconf 89' lang='lat' dir='ltr'><strong>Spiritus</strong></span> <span class='ocrx_word' id='word_1_262' title='bbox 3047 1669 3268 1714; x_wconf 86' lang='lat' dir='ltr'><strong>sanctus</strong></span> <span class='ocrx_word' id='word_1_263' title='bbox 3308 1674 3430 1714; x_wconf 92' lang='lat' dir='ltr'><strong>cum</strong></span> <span class='ocrx_word' id='word_1_264' title='bbox 3475 1660 3638 1716; x_wconf 84' lang='lat' dir='ltr'><strong>ambo</strong></span> 
     </span>
    </p>
   </div>
   <div class='ocr_carea' id='block_1_32' title="bbox 2029 1747 3687 1819">
    <p class='ocr_par' dir='ltr' id='par_1_32' title="bbox 2029 1747 3687 1819">
     <span class='ocr_line' id='line_1_32' title="bbox 2029 1747 3687 1819; baseline 0.003 -18"><span class='ocrx_word' id='word_1_265' title='bbox 2029 1763 2195 1803; x_wconf 91' lang='lat' dir='ltr'><strong>unum</strong></span> <span class='ocrx_word' id='word_1_266' title='bbox 2222 1749 2349 1814; x_wconf 89' lang='lat' dir='ltr'><strong>sint,</strong></span> <span class='ocrx_word' id='word_1_267' title='bbox 2384 1747 2568 1803; x_wconf 85' lang='lat' dir='ltr'><strong>existit</strong></span> <span class='ocrx_word' id='word_1_268' title='bbox 2598 1758 2774 1805; x_wconf 91' lang='lat' dir='ltr'><strong>tamen</strong></span> <span class='ocrx_word' id='word_1_269' title='bbox 2812 1748 3061 1806; x_wconf 86' lang='lat' dir='ltr'><strong>Christus</strong></span> <span class='ocrx_word' id='word_1_270' title='bbox 3102 1766 3195 1804; x_wconf 90' lang='lat' dir='ltr'><strong>sua</strong></span> <span class='ocrx_word' id='word_1_271' title='bbox 3242 1751 3549 1819; x_wconf 83' lang='lat' dir='ltr'><strong>cxistentia,</strong></span> <span class='ocrx_word' id='word_1_272' title='bbox 3580 1759 3635 1807; x_wconf 86' lang='lat' dir='ltr'><strong>et</strong></span> <span class='ocrx_word' id='word_1_273' title='bbox 3678 1782 3687 1789; x_wconf 85' lang='lat'><strong>-</strong></span> 
     </span>
    </p>
   </div>
   <div class='ocr_carea' id='block_1_33' title="bbox 326 1823 3642 1912">
    <p class='ocr_par' dir='ltr' id='par_1_33' title="bbox 326 1823 3642 1912">
     <span class='ocr_line' id='line_1_33' title="bbox 326 1823 3642 1912; baseline 0.007 -34"><span class='ocrx_word' id='word_1_274' title='bbox 326 1823 378 1879; x_wconf 93' lang='lat' dir='ltr'><strong>in</strong></span> <span class='ocrx_word' id='word_1_275' title='bbox 406 1824 691 1896; x_wconf 86' lang='lat' dir='ltr'><strong>principio,</strong></span> <span class='ocrx_word' id='word_1_276' title='bbox 716 1827 885 1901; x_wconf 80' lang='grc' dir='ltr'>λόγος,</span> <span class='ocrx_word' id='word_1_277' title='bbox 913 1829 1109 1884; x_wconf 87' lang='lat' dir='ltr'><strong>audisti</strong></span> <span class='ocrx_word' id='word_1_278' title='bbox 1137 1831 1277 1902; x_wconf 89' lang='lat' dir='ltr'><strong>quod</strong></span> <span class='ocrx_word' id='word_1_279' title='bbox 1301 1834 1441 1909; x_wconf 84' lang='grc' dir='ltr'>λόγος</span> <span class='ocrx_word' id='word_1_280' title='bbox 1465 1836 1579 1904; x_wconf 91' lang='lat' dir='ltr'><strong>ipse</strong></span> <span class='ocrx_word' id='word_1_281' title='bbox 1602 1850 1732 1890; x_wconf 90' lang='lat' dir='ltr'><strong>caro</strong></span> <span class='ocrx_word' id='word_1_282' title='bbox 1756 1836 1925 1892; x_wconf 85' lang='lat' dir='ltr'><strong>lactus</strong></span> <span class='ocrx_word' id='word_1_283' title='bbox 1956 1848 2004 1908; x_wconf 75' lang='grc' dir='ltr'><strong>Β</strong></span> <span class='ocrx_word' id='word_1_284' title='bbox 2032 1839 2267 1912; x_wconf 87' lang='lat' dir='ltr'><strong>Spiritus</strong></span> <span class='ocrx_word' id='word_1_285' title='bbox 2295 1850 2514 1897; x_wconf 90' lang='lat' dir='ltr'><strong>sanctus</strong></span> <span class='ocrx_word' id='word_1_286' title='bbox 2554 1858 2650 1898; x_wconf 89' lang='lat' dir='ltr'><strong>sua</strong></span> <span class='ocrx_word' id='word_1_287' title='bbox 2679 1861 2692 1898; x_wconf 91' lang='lat'><strong>:</strong></span> <span class='ocrx_word' id='word_1_288' title='bbox 2726 1843 2822 1900; x_wconf 86' lang='lat' dir='ltr'><strong>sed</strong></span> <span class='ocrx_word' id='word_1_289' title='bbox 2852 1845 3014 1900; x_wconf 86' lang='lat' dir='ltr'><strong>amho</strong></span> <span class='ocrx_word' id='word_1_290' title='bbox 3059 1860 3161 1899; x_wconf 90' lang='lat' dir='ltr'><strong>una</strong></span> <span class='ocrx_word' id='word_1_291' title='bbox 3201 1845 3500 1900; x_wconf 87' lang='lat' dir='ltr'><strong>substantia</strong></span> <span class='ocrx_word' id='word_1_292' title='bbox 3526 1887 3539 1909; x_wconf 93' lang='lat'><strong>,</strong></span> <span class='ocrx_word' id='word_1_293' title='bbox 3572 1861 3642 1901; x_wconf 84' lang='lat' dir='ltr'><strong>ex</strong></span> 
     </span>
    </p>
   </div>
   <div class='ocr_carea' id='block_1_34' title="bbox 325 1917 1928 1999">
    <p class='ocr_par' dir='ltr' id='par_1_34' title="bbox 325 1917 1928 1999">
     <span class='ocr_line' id='line_1_34' title="bbox 325 1917 1928 1999; baseline 0.007 -27"><span class='ocrx_word' id='word_1_294' title='bbox 325 1924 410 1972; x_wconf 88' lang='lat' dir='ltr'><strong>est</strong></span> <span class='ocrx_word' id='word_1_295' title='bbox 435 1935 449 1973; x_wconf 93' lang='lat'><strong>:</strong></span> <span class='ocrx_word' id='word_1_296' title='bbox 474 1917 599 1973; x_wconf 89' lang='lat' dir='ltr'><strong>audi</strong></span> <span class='ocrx_word' id='word_1_297' title='bbox 648 1921 790 1984; x_wconf 84' lang='lat' dir='ltr'><strong>quod</strong></span> <span class='ocrx_word' id='word_1_298' title='bbox 816 1921 927 1991; x_wconf 89' lang='lat' dir='ltr'><strong>ipse</strong></span> <span class='ocrx_word' id='word_1_299' title='bbox 956 1922 1049 1978; x_wconf 88' lang='lat' dir='ltr'><strong>Dei</strong></span> <span class='ocrx_word' id='word_1_300' title='bbox 1075 1923 1216 1979; x_wconf 85' lang='lat' dir='ltr'><strong>ﬁlius</strong></span> <span class='ocrx_word' id='word_1_301' title='bbox 1241 1925 1330 1992; x_wconf 91' lang='lat' dir='ltr'><strong>sit,</strong></span> <span class='ocrx_word' id='word_1_302' title='bbox 1358 1939 1409 1982; x_wconf 91' lang='lat' dir='ltr'><strong>et</strong></span> <span class='ocrx_word' id='word_1_303' title='bbox 1433 1926 1501 1982; x_wconf 90' lang='lat' dir='ltr'><strong>de</strong></span> <span class='ocrx_word' id='word_1_304' title='bbox 1524 1938 1673 1999; x_wconf 87' lang='lat' dir='ltr'><strong>patre</strong></span> <span class='ocrx_word' id='word_1_305' title='bbox 1694 1930 1928 1999; x_wconf 83' lang='lat' dir='ltr'><strong>genitus,</strong></span> 
     </span>
    </p>
   </div>
   <div class='ocr_carea' id='block_1_35' title="bbox 329 2011 1931 2096">
    <p class='ocr_par' dir='ltr' id='par_1_35' title="bbox 329 2011 1931 2096">
     <span class='ocr_line' id='line_1_35' title="bbox 329 2011 1931 2096; baseline 0.011 -32"><span class='ocrx_word' id='word_1_306' title='bbox 329 2011 398 2065; x_wconf 92' lang='lat' dir='ltr'><strong>sit</strong></span> <span class='ocrx_word' id='word_1_307' title='bbox 423 2012 515 2066; x_wconf 90' lang='lat' dir='ltr'><strong>illa</strong></span> <span class='ocrx_word' id='word_1_308' title='bbox 557 2028 717 2084; x_wconf 83' lang='lat' dir='ltr'><strong>quant</strong></span> <span class='ocrx_word' id='word_1_309' title='bbox 745 2014 981 2072; x_wconf 81' lang='lat' dir='ltr'><strong>diximus</strong></span> <span class='ocrx_word' id='word_1_310' title='bbox 1020 2034 1181 2090; x_wconf 86' lang='lat' dir='ltr'><strong>supra</strong></span> <span class='ocrx_word' id='word_1_311' title='bbox 1204 2022 1504 2091; x_wconf 79' lang='lat' dir='ltr'><strong>generatio.</strong></span> <span class='ocrx_word' id='word_1_312' title='bbox 1534 2023 1671 2079; x_wconf 90' lang='lat' dir='ltr'><strong>Dicit</strong></span> <span class='ocrx_word' id='word_1_313' title='bbox 1700 2040 1931 2096; x_wconf 83' lang='lat' dir='ltr'><strong>evange-</strong></span> 
     </span>
    </p>
   </div>
   <div class='ocr_carea' id='block_1_36' title="bbox 323 2102 1927 2191">
    <p class='ocr_par' dir='ltr' id='par_1_36' title="bbox 323 2102 1927 2191">
     <span class='ocr_line' id='line_1_36' title="bbox 323 2102 1927 2191; baseline 0.011 -34"><span class='ocrx_word' id='word_1_314' title='bbox 323 2102 447 2158; x_wconf 86' lang='lat' dir='ltr'><strong>lista</strong></span> <span class='ocrx_word' id='word_1_315' title='bbox 469 2102 649 2177; x_wconf 83' lang='lat' dir='ltr'><strong>(Joan.</strong></span> <span class='ocrx_word' id='word_1_316' title='bbox 673 2122 710 2172; x_wconf 91' lang='grc' dir='ltr'><strong>ι,</strong></span> <span class='ocrx_word' id='word_1_317' title='bbox 733 2108 842 2180; x_wconf 84' lang='grc'><strong>18);</strong></span> <span class='ocrx_word' id='word_1_318' title='bbox 869 2108 1035 2165; x_wconf 87' lang='lat' dir='ltr'><strong>Deum</strong></span> <span class='ocrx_word' id='word_1_319' title='bbox 1055 2128 1201 2166; x_wconf 80' lang='lat' dir='ltr'><strong>nemo</strong></span> <span class='ocrx_word' id='word_1_320' title='bbox 1216 2113 1339 2168; x_wconf 85' lang='lat' dir='ltr'><strong>vidit</strong></span> <span class='ocrx_word' id='word_1_321' title='bbox 1361 2131 1603 2185; x_wconf 85' lang='lat' dir='ltr'><strong>unquam,</strong></span> <span class='ocrx_word' id='word_1_322' title='bbox 1625 2118 1724 2173; x_wconf 87' lang='lat' dir='ltr'><strong>nisi</strong></span> <span class='ocrx_word' id='word_1_323' title='bbox 1744 2119 1927 2191; x_wconf 83' lang='lat' dir='ltr'><strong>unige-</strong></span> 
     </span>
    </p>
   </div>
   <div class='ocr_carea' id='block_1_37' title="bbox 326 2199 1924 2282">
    <p class='ocr_par' dir='ltr' id='par_1_37' title="bbox 326 2199 1924 2282">
     <span class='ocr_line' id='line_1_37' title="bbox 326 2199 1924 2282; baseline 0.011 -30"><span class='ocrx_word' id='word_1_324' title='bbox 326 2199 466 2254; x_wconf 87' lang='lat' dir='ltr'><strong>nitus</strong></span> <span class='ocrx_word' id='word_1_325' title='bbox 507 2200 648 2255; x_wconf 86' lang='lat' dir='ltr'><strong>solus</strong></span> <span class='ocrx_word' id='word_1_326' title='bbox 676 2202 846 2271; x_wconf 80' lang='lat' dir='ltr'><strong>ﬁlius,</strong></span> <span class='ocrx_word' id='word_1_327' title='bbox 880 2207 968 2276; x_wconf 87' lang='lat' dir='ltr'><strong>qui</strong></span> <span class='ocrx_word' id='word_1_328' title='bbox 990 2216 1065 2261; x_wconf 88' lang='lat' dir='ltr'><strong>est</strong></span> <span class='ocrx_word' id='word_1_329' title='bbox 1104 2207 1156 2261; x_wconf 86' lang='lat' dir='ltr'><strong>in</strong></span> <span class='ocrx_word' id='word_1_330' title='bbox 1178 2209 1293 2262; x_wconf 86' lang='lat' dir='ltr'><strong>sinu</strong></span> <span class='ocrx_word' id='word_1_331' title='bbox 1312 2211 1495 2282; x_wconf 86' lang='lat' dir='ltr'><strong>patris.</strong></span> <span class='ocrx_word' id='word_1_332' title='bbox 1527 2211 1716 2269; x_wconf 82' lang='lat' dir='ltr'><strong>Melius</strong></span> <span class='ocrx_word' id='word_1_333' title='bbox 1742 2224 1924 2270; x_wconf 85' lang='lat' dir='ltr'><strong>autem</strong></span> 
     </span>
    </p>
   </div>
   <div class='ocr_carea' id='block_1_38' title="bbox 325 2289 1924 2376">
    <p class='ocr_par' dir='ltr' id='par_1_38' title="bbox 325 2289 1924 2376">
     <span class='ocr_line' id='line_1_38' title="bbox 325 2289 1924 2376; baseline 0.009 -29"><span class='ocrx_word' id='word_1_334' title='bbox 325 2289 572 2350; x_wconf 84' lang='lat' dir='ltr'><strong>dicemus</strong></span> <span class='ocrx_word' id='word_1_335' title='bbox 610 2297 834 2365; x_wconf 79' lang='lat' dir='ltr'><strong>gremio.</strong></span> <span class='ocrx_word' id='word_1_336' title='bbox 881 2297 1054 2354; x_wconf 72' lang='grc' dir='ltr'><strong>ϐιωθί</strong></span> <span class='ocrx_word' id='word_1_337' title='bbox 1096 2301 1145 2354; x_wconf 81' lang='grc' dir='ltr'><strong>ἐν</strong></span> <span class='ocrx_word' id='word_1_338' title='bbox 1184 2302 1375 2376; x_wconf 77' lang='grc' dir='ltr'>κόλπῳ,</span> <span class='ocrx_word' id='word_1_339' title='bbox 1403 2303 1454 2359; x_wconf 93' lang='lat' dir='ltr'><strong>id</strong></span> <span class='ocrx_word' id='word_1_340' title='bbox 1490 2313 1573 2360; x_wconf 88' lang='lat' dir='ltr'><strong>est</strong></span> <span class='ocrx_word' id='word_1_341' title='bbox 1608 2305 1661 2360; x_wconf 92' lang='lat' dir='ltr'><strong>in</strong></span> <span class='ocrx_word' id='word_1_342' title='bbox 1694 2307 1924 2376; x_wconf 88' lang='lat' dir='ltr'><strong>gremio.</strong></span> 
     </span>
    </p>
   </div>
   <div class='ocr_carea' id='block_1_39' title="bbox 324 2388 1923 2476">
    <p class='ocr_par' dir='ltr' id='par_1_39' title="bbox 324 2388 1923 2476">
     <span class='ocr_line' id='line_1_39' title="bbox 324 2388 1923 2476; baseline 0.011 -31"><span class='ocrx_word' id='word_1_343' title='bbox 324 2388 430 2445; x_wconf 88' lang='lat' dir='ltr'><strong>Sed</strong></span> <span class='ocrx_word' id='word_1_344' title='bbox 458 2390 536 2445; x_wconf 89' lang='lat' dir='ltr'><strong>vel</strong></span> <span class='ocrx_word' id='word_1_345' title='bbox 562 2390 667 2447; x_wconf 90' lang='lat' dir='ltr'><strong>hoc</strong></span> <span class='ocrx_word' id='word_1_346' title='bbox 689 2394 935 2464; x_wconf 86' lang='lat' dir='ltr'><strong>verbum,</strong></span> <span class='ocrx_word' id='word_1_347' title='bbox 963 2398 1042 2452; x_wconf 89' lang='lat' dir='ltr'><strong>vel</strong></span> <span class='ocrx_word' id='word_1_348' title='bbox 1071 2398 1199 2455; x_wconf 89' lang='lat' dir='ltr'><strong>illud</strong></span> <span class='ocrx_word' id='word_1_349' title='bbox 1225 2400 1485 2472; x_wconf 85' lang='lat' dir='ltr'><strong>signiﬁcat</strong></span> <span class='ocrx_word' id='word_1_350' title='bbox 1515 2412 1571 2459; x_wconf 85' lang='lat' dir='ltr'><strong>et</strong></span> <span class='ocrx_word' id='word_1_351' title='bbox 1592 2404 1832 2476; x_wconf 82' lang='lat' dir='ltr'><strong>genitum</strong></span> <span class='ocrx_word' id='word_1_352' title='bbox 1859 2407 1923 2462; x_wconf 88' lang='lat' dir='ltr'><strong>ﬁ-</strong></span> 
     </span>
    </p>
   </div>
   <div class='ocr_carea' id='block_1_40' title="bbox 323 2481 1928 2570">
    <p class='ocr_par' dir='ltr' id='par_1_40' title="bbox 323 2481 1928 2570">
     <span class='ocr_line' id='line_1_40' title="bbox 323 2481 1928 2570; baseline 0.012 -33"><span class='ocrx_word' id='word_1_353' title='bbox 323 2481 480 2553; x_wconf 88' lang='lat' dir='ltr'><strong>lium,</strong></span> <span class='ocrx_word' id='word_1_354' title='bbox 504 2486 645 2557; x_wconf 92' lang='lat' dir='ltr'><strong>quod</strong></span> <span class='ocrx_word' id='word_1_355' title='bbox 671 2496 755 2544; x_wconf 91' lang='lat' dir='ltr'><strong>est</strong></span> <span class='ocrx_word' id='word_1_356' title='bbox 780 2488 911 2546; x_wconf 87' lang='lat' dir='ltr'><strong>loris</strong></span> <span class='ocrx_word' id='word_1_357' title='bbox 933 2507 1075 2559; x_wconf 84' lang='lat' dir='ltr'><strong>esse,</strong></span> <span class='ocrx_word' id='word_1_358' title='bbox 1112 2506 1286 2551; x_wconf 88' lang='lat' dir='ltr'><strong>tamen</strong></span> <span class='ocrx_word' id='word_1_359' title='bbox 1312 2512 1433 2552; x_wconf 91' lang='lat' dir='ltr'><strong>cum</strong></span> <span class='ocrx_word' id='word_1_360' title='bbox 1456 2508 1609 2570; x_wconf 86' lang='lat' dir='ltr'><strong>patre</strong></span> <span class='ocrx_word' id='word_1_361' title='bbox 1634 2515 1778 2569; x_wconf 89' lang='lat' dir='ltr'><strong>esse,</strong></span> <span class='ocrx_word' id='word_1_362' title='bbox 1805 2516 1928 2570; x_wconf 87' lang='lat' dir='ltr'><strong>cum</strong></span> 
     </span>
    </p>
   </div>
   <div class='ocr_carea' id='block_1_41' title="bbox 327 2566 1924 2660">
    <p class='ocr_par' dir='ltr' id='par_1_41' title="bbox 327 2566 1924 2660">
     <span class='ocr_line' id='line_1_41' title="bbox 327 2566 1924 2660; baseline 0.014 -29"><span class='ocrx_word' id='word_1_363' title='bbox 327 2577 528 2635; x_wconf 89' lang='lat' dir='ltr'><strong>dictum</strong></span> <span class='ocrx_word' id='word_1_364' title='bbox 553 2591 639 2638; x_wconf 89' lang='lat' dir='ltr'><strong>est</strong></span> <span class='ocrx_word' id='word_1_365' title='bbox 670 2602 682 2637; x_wconf 91' lang='lat'><strong>:</strong></span> <span class='ocrx_word' id='word_1_366' title='bbox 715 2584 817 2651; x_wconf 89' lang='lat' dir='ltr'><strong>Qui</strong></span> <span class='ocrx_word' id='word_1_367' title='bbox 837 2589 974 2643; x_wconf 84' lang='lat' dir='ltr'><strong>estin</strong></span> <span class='ocrx_word' id='word_1_368' title='bbox 992 2590 1107 2644; x_wconf 77' lang='lat' dir='ltr'><strong>sinu</strong></span> <span class='ocrx_word' id='word_1_369' title='bbox 1127 2566 1924 2660; x_wconf 45' lang='lat' dir='ltr'><strong>patris.Onmibuslectionibu’s</strong></span> 
     </span>
    </p>
   </div>
   <div class='ocr_carea' id='block_1_42' title="bbox 326 2668 1930 2759">
    <p class='ocr_par' dir='ltr' id='par_1_42' title="bbox 326 2668 1930 2759">
     <span class='ocr_line' id='line_1_42' title="bbox 326 2668 1930 2759; baseline 0.013 -35"><span class='ocrx_word' id='word_1_370' title='bbox 326 2668 398 2724; x_wconf 91' lang='lat' dir='ltr'><strong>ita</strong></span> <span class='ocrx_word' id='word_1_371' title='bbox 424 2672 794 2747; x_wconf 62' lang='lat' dir='ltr'><strong>essediligens</strong></span> <span class='ocrx_word' id='word_1_372' title='bbox 817 2687 872 2733; x_wconf 89' lang='lat' dir='ltr'><strong>et</strong></span> <span class='ocrx_word' id='word_1_373' title='bbox 894 2679 1066 2737; x_wconf 75' lang='lat' dir='ltr'><strong>fidelis</strong></span> <span class='ocrx_word' id='word_1_374' title='bbox 1088 2684 1347 2754; x_wconf 76' lang='lat' dir='ltr'><strong>quaesitor</strong></span> <span class='ocrx_word' id='word_1_375' title='bbox 1370 2686 1651 2759; x_wconf 81' lang='lat' dir='ltr'><strong>intelliget.</strong></span> <span class='ocrx_word' id='word_1_376' title='bbox 1667 2687 1785 2744; x_wconf 84' lang='lat' dir='ltr'><strong>Jam</strong></span> <span class='ocrx_word' id='word_1_377' title='bbox 1801 2704 1930 2745; x_wconf 89' lang='lat' dir='ltr'><strong>vero</strong></span> 
     </span>
    </p>
   </div>
   <div class='ocr_carea' id='block_1_43' title="bbox 328 2760 1920 2851">
    <p class='ocr_par' dir='ltr' id='par_1_43' title="bbox 328 2760 1920 2851">
     <span class='ocr_line' id='line_1_43' title="bbox 328 2760 1920 2851; baseline 0.013 -33"><span class='ocrx_word' id='word_1_378' title='bbox 328 2760 588 2832; x_wconf 88' lang='lat' dir='ltr'><strong>Spiritum</strong></span> <span class='ocrx_word' id='word_1_379' title='bbox 635 2778 878 2825; x_wconf 89' lang='lat' dir='ltr'><strong>sanctum</strong></span> <span class='ocrx_word' id='word_1_380' title='bbox 903 2772 1009 2827; x_wconf 88' lang='lat' dir='ltr'><strong>alio</strong></span> <span class='ocrx_word' id='word_1_381' title='bbox 1039 2773 1270 2845; x_wconf 85' lang='lat' dir='ltr'><strong>quodam</strong></span> <span class='ocrx_word' id='word_1_382' title='bbox 1296 2777 1457 2834; x_wconf 90' lang='lat' dir='ltr'><strong>modo</strong></span> <span class='ocrx_word' id='word_1_383' title='bbox 1479 2779 1654 2851; x_wconf 91' lang='lat' dir='ltr'><strong>ipsum</strong></span> <span class='ocrx_word' id='word_1_384' title='bbox 1678 2796 1798 2838; x_wconf 90' lang='lat' dir='ltr'><strong>esse</strong></span> <span class='ocrx_word' id='word_1_385' title='bbox 1823 2781 1920 2838; x_wconf 88' lang='lat' dir='ltr'><strong>Je-</strong></span> 
     </span>
    </p>
   </div>
   <div class='ocr_carea' id='block_1_44' title="bbox 326 2853 1925 2938">
    <p class='ocr_par' dir='ltr' id='par_1_44' title="bbox 326 2853 1925 2938">
     <span class='ocr_line' id='line_1_44' title="bbox 326 2853 1925 2938; baseline 0.014 -30"><span class='ocrx_word' id='word_1_386' title='bbox 326 2866 447 2910; x_wconf 88' lang='lat' dir='ltr'><strong>sum</strong></span> <span class='ocrx_word' id='word_1_387' title='bbox 470 2853 740 2915; x_wconf 86' lang='lat' dir='ltr'><strong>Christum</strong></span> <span class='ocrx_word' id='word_1_388' title='bbox 771 2863 1041 2920; x_wconf 87' lang='lat' dir='ltr'><strong>occultum</strong></span> <span class='ocrx_word' id='word_1_389' title='bbox 1059 2906 1075 2934; x_wconf 94' lang='lat'><strong>,</strong></span> <span class='ocrx_word' id='word_1_390' title='bbox 1111 2867 1448 2938; x_wconf 90' lang='lat' dir='ltr'><strong>interiorem,</strong></span> <span class='ocrx_word' id='word_1_391' title='bbox 1470 2886 1593 2928; x_wconf 87' lang='lat' dir='ltr'><strong>cum</strong></span> <span class='ocrx_word' id='word_1_392' title='bbox 1616 2873 1813 2929; x_wconf 90' lang='lat' dir='ltr'><strong>animis</strong></span> <span class='ocrx_word' id='word_1_393' title='bbox 1843 2873 1925 2930; x_wconf 88' lang='lat' dir='ltr'><strong>l‘a-</strong></span> 
     </span>
    </p>
   </div>
   <div class='ocr_carea' id='block_1_45' title="bbox 2035 1937 3639 2014">
    <p class='ocr_par' dir='ltr' id='par_1_45' title="bbox 2035 1937 3639 2014">
     <span class='ocr_line' id='line_1_45' title="bbox 2035 1937 3639 2014; baseline 0.005 -26"><span class='ocrx_word' id='word_1_394' title='bbox 2035 1950 2143 2006; x_wconf 94' lang='lat' dir='ltr'><strong>quo</strong></span> <span class='ocrx_word' id='word_1_395' title='bbox 2172 1950 2384 2001; x_wconf 90' lang='lat' dir='ltr'><strong>omnes,</strong></span> <span class='ocrx_word' id='word_1_396' title='bbox 2412 1937 2462 1992; x_wconf 92' lang='lat' dir='ltr'><strong>id</strong></span> <span class='ocrx_word' id='word_1_397' title='bbox 2492 1947 2606 2004; x_wconf 87' lang='lat' dir='ltr'><strong>est,</strong></span> <span class='ocrx_word' id='word_1_398' title='bbox 2637 1948 2744 1994; x_wconf 93' lang='lat' dir='ltr'><strong>tota</strong></span> <span class='ocrx_word' id='word_1_399' title='bbox 2774 1938 3011 1996; x_wconf 84' lang='lat' dir='ltr'><strong>Trinitas</strong></span> <span class='ocrx_word' id='word_1_400' title='bbox 3050 1956 3153 1997; x_wconf 81' lang='lat' dir='ltr'><strong>una</strong></span> <span class='ocrx_word' id='word_1_401' title='bbox 3182 1984 3197 2009; x_wconf 92' lang='lat'><strong>,</strong></span> <span class='ocrx_word' id='word_1_402' title='bbox 3244 1951 3406 2014; x_wconf 90' lang='lat' dir='ltr'><strong>atque</strong></span> <span class='ocrx_word' id='word_1_403' title='bbox 3443 1940 3639 1998; x_wconf 87' lang='lat' dir='ltr'><strong>eodem</strong></span> 
     </span>
    </p>
   </div>
   <div class='ocr_carea' id='block_1_46' title="bbox 2035 2031 3636 2109">
    <p class='ocr_par' dir='ltr' id='par_1_46' title="bbox 2035 2031 3636 2109">
     <span class='ocr_line' id='line_1_46' title="bbox 2035 2031 3636 2109; baseline 0.004 -24"><span class='ocrx_word' id='word_1_404' title='bbox 2035 2031 2197 2087; x_wconf 83' lang='lat' dir='ltr'><strong>modo</strong></span> <span class='ocrx_word' id='word_1_405' title='bbox 2230 2032 2421 2105; x_wconf 90' lang='lat' dir='ltr'><strong>juncto</strong></span> <span class='ocrx_word' id='word_1_406' title='bbox 2465 2044 2614 2103; x_wconf 86' lang='lat' dir='ltr'><strong>patre</strong></span> <span class='ocrx_word' id='word_1_407' title='bbox 2659 2050 2783 2091; x_wconf 92' lang='lat' dir='ltr'><strong>cum</strong></span> <span class='ocrx_word' id='word_1_408' title='bbox 2832 2035 2966 2105; x_wconf 88' lang='lat' dir='ltr'><strong>ﬁlio,</strong></span> <span class='ocrx_word' id='word_1_409' title='bbox 3001 2036 3220 2109; x_wconf 87' lang='lat' dir='ltr'><strong>ﬁlioque</strong></span> <span class='ocrx_word' id='word_1_410' title='bbox 3258 2050 3380 2092; x_wconf 83' lang='lat' dir='ltr'><strong>cum</strong></span> <span class='ocrx_word' id='word_1_411' title='bbox 3431 2034 3636 2104; x_wconf 88' lang='lat' dir='ltr'><strong>Spiritu</strong></span> 
     </span>
    </p>
   </div>
   <div class='ocr_carea' id='block_1_47' title="bbox 2032 2126 3641 2200">
    <p class='ocr_par' dir='ltr' id='par_1_47' title="bbox 2032 2126 3641 2200">
     <span class='ocr_line' id='line_1_47' title="bbox 2032 2126 3641 2200; baseline 0.002 -20"><span class='ocrx_word' id='word_1_412' title='bbox 2032 2136 2243 2180; x_wconf 87' lang='lat' dir='ltr'><strong>saneto.</strong></span> <span class='ocrx_word' id='word_1_413' title='bbox 2278 2126 2456 2198; x_wconf 80' lang='lat' dir='ltr'><strong>Atque</strong></span> <span class='ocrx_word' id='word_1_414' title='bbox 2486 2127 2586 2182; x_wconf 88' lang='lat' dir='ltr'><strong>ista</strong></span> <span class='ocrx_word' id='word_1_415' title='bbox 2623 2129 2833 2183; x_wconf 86' lang='lat' dir='ltr'><strong>ratione</strong></span> <span class='ocrx_word' id='word_1_416' title='bbox 2877 2138 3029 2200; x_wconf 88' lang='lat' dir='ltr'><strong>patre</strong></span> <span class='ocrx_word' id='word_1_417' title='bbox 3058 2143 3182 2184; x_wconf 91' lang='lat' dir='ltr'><strong>cum</strong></span> <span class='ocrx_word' id='word_1_418' title='bbox 3206 2128 3412 2200; x_wconf 86' lang='lat' dir='ltr'><strong>Spiritu</strong></span> <span class='ocrx_word' id='word_1_419' title='bbox 3447 2136 3641 2184; x_wconf 87' lang='lat' dir='ltr'><strong>sancto</strong></span> 
     </span>
    </p>
   </div>
   <div class='ocr_carea' id='block_1_48' title="bbox 2034 2215 3637 2293">
    <p class='ocr_par' dir='ltr' id='par_1_48' title="bbox 2034 2215 3637 2293">
     <span class='ocr_line' id='line_1_48' title="bbox 2034 2215 3637 2293; baseline 0.003 -21"><span class='ocrx_word' id='word_1_420' title='bbox 2034 2232 2131 2287; x_wconf 90' lang='lat' dir='ltr'><strong>per</strong></span> <span class='ocrx_word' id='word_1_421' title='bbox 2173 2215 2449 2273; x_wconf 78' lang='lat' dir='ltr'><strong>Christum</strong></span> <span class='ocrx_word' id='word_1_422' title='bbox 2495 2220 2721 2289; x_wconf 90' lang='lat' dir='ltr'><strong>juncto,</strong></span> <span class='ocrx_word' id='word_1_423' title='bbox 2754 2220 2981 2293; x_wconf 82' lang='lat' dir='ltr'><strong>singulis</strong></span> <span class='ocrx_word' id='word_1_424' title='bbox 3022 2221 3239 2292; x_wconf 85' lang='lat' dir='ltr'><strong>quidem</strong></span> <span class='ocrx_word' id='word_1_425' title='bbox 3275 2221 3637 2277; x_wconf 81' lang='lat' dir='ltr'><strong>existentibus</strong></span> 
     </span>
    </p>
   </div>
   <div class='ocr_carea' id='block_1_49' title="bbox 2034 2312 3632 2388">
    <p class='ocr_par' dir='ltr' id='par_1_49' title="bbox 2034 2312 3632 2388">
     <span class='ocr_line' id='line_1_49' title="bbox 2034 2312 3632 2388; baseline 0.005 -25"><span class='ocrx_word' id='word_1_426' title='bbox 2034 2327 2219 2378; x_wconf 81' lang='lat' dir='ltr'><strong>nimm,</strong></span> <span class='ocrx_word' id='word_1_427' title='bbox 2240 2313 2416 2367; x_wconf 85' lang='lat' dir='ltr'><strong>omnis</strong></span> <span class='ocrx_word' id='word_1_428' title='bbox 2430 2312 2669 2368; x_wconf 85' lang='lat' dir='ltr'><strong>Trinitas</strong></span> <span class='ocrx_word' id='word_1_429' title='bbox 2682 2316 2770 2384; x_wconf 87' lang='lat' dir='ltr'><strong>sit,</strong></span> <span class='ocrx_word' id='word_1_430' title='bbox 2792 2327 2951 2385; x_wconf 85' lang='lat' dir='ltr'><strong>atque</strong></span> <span class='ocrx_word' id='word_1_431' title='bbox 2969 2316 3166 2371; x_wconf 80' lang='lat' dir='ltr'><strong>existet</strong></span> <span class='ocrx_word' id='word_1_432' title='bbox 3189 2315 3318 2369; x_wconf 90' lang='lat' dir='ltr'><strong>illud</strong></span> <span class='ocrx_word' id='word_1_433' title='bbox 3333 2314 3632 2388; x_wconf 80' lang='grc' dir='ltr'>όμοούσιος,</span> 
     </span>
    </p>
   </div>
   <div class='ocr_carea' id='block_1_50' title="bbox 2030 2392 3637 2481">
    <p class='ocr_par' dir='ltr' id='par_1_50' title="bbox 2030 2392 3637 2481">
     <span class='ocr_line' id='line_1_50' title="bbox 2030 2392 3637 2481; baseline 0.001 -20"><span class='ocrx_word' id='word_1_434' title='bbox 2030 2420 2151 2461; x_wconf 92' lang='lat' dir='ltr'><strong>cum</strong></span> <span class='ocrx_word' id='word_1_435' title='bbox 2180 2407 2251 2463; x_wconf 89' lang='lat' dir='ltr'><strong>sit</strong></span> <span class='ocrx_word' id='word_1_436' title='bbox 2283 2407 2533 2462; x_wconf 89' lang='lat' dir='ltr'><strong>omnibus</strong></span> <span class='ocrx_word' id='word_1_437' title='bbox 2573 2423 2675 2463; x_wconf 91' lang='lat' dir='ltr'><strong>una</strong></span> <span class='ocrx_word' id='word_1_438' title='bbox 2712 2392 3012 2481; x_wconf 88' lang='lat' dir='ltr'><strong>eademque</strong></span> <span class='ocrx_word' id='word_1_439' title='bbox 3047 2408 3206 2466; x_wconf 87' lang='lat' dir='ltr'><strong>simul</strong></span> <span class='ocrx_word' id='word_1_440' title='bbox 3232 2424 3298 2463; x_wconf 85' lang='lat' dir='ltr'><strong>ex</strong></span> <span class='ocrx_word' id='word_1_441' title='bbox 3327 2408 3637 2463; x_wconf 57' lang='lat' dir='ltr'><strong>aeternitate</strong></span> 
     </span>
    </p>
   </div>
   <div class='ocr_carea' id='block_1_51' title="bbox 2033 2500 3637 2569">
    <p class='ocr_par' dir='ltr' id='par_1_51' title="bbox 2033 2500 3637 2569">
     <span class='ocr_line' id='line_1_51' title="bbox 2033 2500 3637 2569; baseline 0 -14"><span class='ocrx_word' id='word_1_442' title='bbox 2033 2500 2355 2557; x_wconf 87' lang='lat' dir='ltr'><strong>substantia.</strong></span> <span class='ocrx_word' id='word_1_443' title='bbox 2383 2500 2509 2556; x_wconf 68' lang='lat' dir='ltr'><strong>[huc</strong></span> <span class='ocrx_word' id='word_1_444' title='bbox 2536 2500 2696 2556; x_wconf 89' lang='lat' dir='ltr'><strong>nobis</strong></span> <span class='ocrx_word' id='word_1_445' title='bbox 2730 2501 2877 2557; x_wconf 74' lang='lat' dir='ltr'><strong>salus</strong></span> <span class='ocrx_word' id='word_1_446' title='bbox 2918 2512 3021 2569; x_wconf 90' lang='lat' dir='ltr'><strong>est,</strong></span> <span class='ocrx_word' id='word_1_447' title='bbox 3058 2501 3176 2557; x_wconf 78' lang='lat' dir='ltr'><strong>Inee</strong></span> <span class='ocrx_word' id='word_1_448' title='bbox 3198 2502 3447 2557; x_wconf 87' lang='lat' dir='ltr'><strong>liheratio</strong></span> <span class='ocrx_word' id='word_1_449' title='bbox 3472 2541 3486 2567; x_wconf 95' lang='lat'><strong>,</strong></span> <span class='ocrx_word' id='word_1_450' title='bbox 3521 2500 3637 2555; x_wconf 41' lang='lat' dir='ltr'><strong>huic</strong></span> 
     </span>
    </p>
   </div>
   <div class='ocr_carea' id='block_1_52' title="bbox 2036 2594 3634 2667">
    <p class='ocr_par' dir='ltr' id='par_1_52' title="bbox 2036 2594 3634 2667">
     <span class='ocr_line' id='line_1_52' title="bbox 2036 2594 3634 2667; baseline -0.001 -17"><span class='ocrx_word' id='word_1_451' title='bbox 2036 2594 2199 2650; x_wconf 83' lang='lat' dir='ltr'><strong>tctius</strong></span> <span class='ocrx_word' id='word_1_452' title='bbox 2232 2594 2467 2649; x_wconf 90' lang='lat' dir='ltr'><strong>hominis</strong></span> <span class='ocrx_word' id='word_1_453' title='bbox 2496 2594 2649 2665; x_wconf 89' lang='lat' dir='ltr'><strong>plena</strong></span> <span class='ocrx_word' id='word_1_454' title='bbox 2671 2594 2922 2664; x_wconf 86' lang='lat' dir='ltr'><strong>salvatio,</strong></span> <span class='ocrx_word' id='word_1_455' title='bbox 2947 2596 3028 2651; x_wconf 90' lang='lat' dir='ltr'><strong>sic</strong></span> <span class='ocrx_word' id='word_1_456' title='bbox 3051 2605 3259 2667; x_wconf 90' lang='lat' dir='ltr'><strong>patrem</strong></span> <span class='ocrx_word' id='word_1_457' title='bbox 3287 2595 3634 2666; x_wconf 85' lang='lat' dir='ltr'><strong>omnipoten-</strong></span> 
     </span>
    </p>
   </div>
   <div class='ocr_carea' id='block_1_53' title="bbox 2035 2687 3635 2760">
    <p class='ocr_par' dir='ltr' id='par_1_53' title="bbox 2035 2687 3635 2760">
     <span class='ocr_line' id='line_1_53' title="bbox 2035 2687 3635 2760; baseline 0.001 -17"><span class='ocrx_word' id='word_1_458' title='bbox 2035 2697 2140 2744; x_wconf 91' lang='lat' dir='ltr'><strong>tem</strong></span> <span class='ocrx_word' id='word_1_459' title='bbox 2169 2687 2336 2743; x_wconf 89' lang='lat' dir='ltr'><strong>Deum</strong></span> <span class='ocrx_word' id='word_1_460' title='bbox 2360 2687 2609 2756; x_wconf 79' lang='lat' dir='ltr'><strong>credere,</strong></span> <span class='ocrx_word' id='word_1_461' title='bbox 2636 2688 2715 2744; x_wconf 89' lang='lat' dir='ltr'><strong>sic</strong></span> <span class='ocrx_word' id='word_1_462' title='bbox 2762 2688 2948 2745; x_wconf 76' lang='lat' dir='ltr'><strong>.lesum</strong></span> <span class='ocrx_word' id='word_1_463' title='bbox 2989 2688 3267 2745; x_wconf 84' lang='lat' dir='ltr'><strong>Christum</strong></span> <span class='ocrx_word' id='word_1_464' title='bbox 3301 2687 3471 2744; x_wconf 86' lang='lat' dir='ltr'><strong>ﬁlium</strong></span> <span class='ocrx_word' id='word_1_465' title='bbox 3495 2730 3511 2760; x_wconf 88' lang='lat'><strong>,</strong></span> <span class='ocrx_word' id='word_1_466' title='bbox 3556 2687 3635 2745; x_wconf 89' lang='lat' dir='ltr'><strong>sic</strong></span> 
     </span>
    </p>
   </div>
   <div class='ocr_carea' id='block_1_54' title="bbox 2037 2780 2803 2854">
    <p class='ocr_par' dir='ltr' id='par_1_54' title="bbox 2037 2780 2803 2854">
     <span class='ocr_line' id='line_1_54' title="bbox 2037 2780 2803 2854; baseline -0.001 -16"><span class='ocrx_word' id='word_1_467' title='bbox 2037 2781 2299 2854; x_wconf 85' lang='lat' dir='ltr'><strong>Spiritum</strong></span> <span class='ocrx_word' id='word_1_468' title='bbox 2320 2793 2585 2838; x_wconf 81' lang='lat' dir='ltr'><strong>sanetum.</strong></span> <span class='ocrx_word' id='word_1_469' title='bbox 2608 2780 2803 2839; x_wconf 86' lang='lat' dir='ltr'><strong>Amen.</strong></span> 
     </span>
    </p>
   </div>
   <div class='ocr_carea' id='block_1_55' title="bbox 340 3016 3621 3047">
    <p class='ocr_par' dir='ltr' id='par_1_55' title="bbox 340 3016 3621 3047">
     <span class='ocr_line' id='line_1_55' title="bbox 340 3016 3621 3047; baseline 0.008 -25"><span class='ocrx_word' id='word_1_470' title='bbox 340 3016 3621 3047; x_wconf 40' lang='lat' dir='ltr'><strong>“mg—“ww</strong></span> 
     </span>
    </p>
   </div>
   <div class='ocr_carea' id='block_1_56' title="bbox 1029 3143 2293 3263">
    <p class='ocr_par' dir='ltr' id='par_1_56' title="bbox 1029 3143 2293 3263">
     <span class='ocr_line' id='line_1_56' title="bbox 1029 3143 2293 3263; baseline 0.002 -37"><span class='ocrx_word' id='word_1_471' title='bbox 1029 3189 1100 3263; x_wconf 61' lang='grc' dir='ltr'><em>ρ</em></span> <span class='ocrx_word' id='word_1_472' title='bbox 1176 3154 1183 3159; x_wconf 61' lang='grc' dir='ltr'><em>τ</em></span> <span class='ocrx_word' id='word_1_473' title='bbox 1664 3143 2293 3261; x_wconf 64' lang='lat' dir='ltr'><strong>YICTOBINI</strong></span> 
     </span>
    </p>
   </div>
   <div class='ocr_carea' id='block_1_57' title="bbox 1543 3265 2448 3365">
    <p class='ocr_par' dir='ltr' id='par_1_57' title="bbox 1543 3265 2448 3365">
     <span class='ocr_line' id='line_1_57' title="bbox 1543 3265 2448 3365; baseline -0.001 -5"><span class='ocrx_word' id='word_1_474' title='bbox 1543 3305 1632 3361; x_wconf 78' lang='lat' dir='ltr'><strong>ne</strong></span> <span class='ocrx_word' id='word_1_475' title='bbox 1669 3265 1983 3365; x_wconf 54' lang='lat' dir='ltr'><strong>summa</strong></span> <span class='ocrx_word' id='word_1_476' title='bbox 2016 3304 2448 3363; x_wconf 84' lang='lat' dir='ltr'><strong>RECIPIENDO.</strong></span> 
     </span>
    </p>
   </div>
   <div class='ocr_carea' id='block_1_58' title="bbox 398 3420 3633 3503">
    <p class='ocr_par' dir='ltr' id='par_1_58' title="bbox 398 3420 3633 3503">
     <span class='ocr_line' id='line_1_58' title="bbox 398 3420 3633 3503; baseline 0 -26"><span class='ocrx_word' id='word_1_477' title='bbox 398 3421 441 3477; x_wconf 88' lang='grc' dir='ltr'><strong>Ι.</strong></span> <span class='ocrx_word' id='word_1_478' title='bbox 465 3421 632 3479; x_wconf 80' lang='lat' dir='ltr'><strong>Miror</strong></span> <span class='ocrx_word' id='word_1_479' title='bbox 646 3422 821 3480; x_wconf 89' lang='lat' dir='ltr'><strong>adlmc</strong></span> <span class='ocrx_word' id='word_1_480' title='bbox 839 3425 1100 3481; x_wconf 85' lang='lat' dir='ltr'><strong>rationem</strong></span> <span class='ocrx_word' id='word_1_481' title='bbox 1118 3425 1450 3498; x_wconf 75' lang='lat' dir='ltr'><strong>intelligendi</strong></span> <span class='ocrx_word' id='word_1_482' title='bbox 1489 3427 1803 3481; x_wconf 89' lang='lat' dir='ltr'><strong>unaminter</strong></span> <span class='ocrx_word' id='word_1_483' title='bbox 1823 3441 1923 3482; x_wconf 86' lang='lat' dir='ltr'><strong>nos</strong></span> <span class='ocrx_word' id='word_1_484' title='bbox 1950 3428 1996 3491; x_wconf 85' lang='lat' dir='ltr'><strong>C</strong></span> <span class='ocrx_word' id='word_1_485' title='bbox 2029 3424 2279 3503; x_wconf 87' lang='lat' dir='ltr'><strong>stantiam</strong></span> <span class='ocrx_word' id='word_1_486' title='bbox 2302 3422 2553 3479; x_wconf 87' lang='lat' dir='ltr'><strong>dicimus.</strong></span> <span class='ocrx_word' id='word_1_487' title='bbox 2576 3421 2645 3478; x_wconf 88' lang='lat' dir='ltr'><strong>Et</strong></span> <span class='ocrx_word' id='word_1_488' title='bbox 2687 3423 2843 3479; x_wconf 78' lang='grc' dir='ltr'>οὐσία</span> <span class='ocrx_word' id='word_1_489' title='bbox 2870 3420 3043 3478; x_wconf 74' lang='lat' dir='ltr'><strong>Grmci</strong></span> <span class='ocrx_word' id='word_1_490' title='bbox 3070 3421 3226 3492; x_wconf 86' lang='lat' dir='ltr'><strong>pauci</strong></span> <span class='ocrx_word' id='word_1_491' title='bbox 3253 3429 3308 3478; x_wconf 89' lang='lat' dir='ltr'><strong>et</strong></span> <span class='ocrx_word' id='word_1_492' title='bbox 3341 3421 3471 3491; x_wconf 86' lang='lat' dir='ltr'><strong>rari,</strong></span> <span class='ocrx_word' id='word_1_493' title='bbox 3501 3422 3633 3480; x_wconf 78' lang='grc' dir='ltr'>ὑπό-</span> 
     </span>
    </p>
   </div>
   <div class='ocr_carea' id='block_1_59' title="bbox 328 3517 1925 3589">
    <p class='ocr_par' dir='ltr' id='par_1_59' title="bbox 328 3517 1925 3589">
     <span class='ocr_line' id='line_1_59' title="bbox 328 3517 1925 3589; baseline 0 -17"><span class='ocrx_word' id='word_1_494' title='bbox 328 3530 438 3572; x_wconf 89' lang='lat' dir='ltr'><strong>non</strong></span> <span class='ocrx_word' id='word_1_495' title='bbox 465 3525 613 3572; x_wconf 87' lang='lat' dir='ltr'><strong>certa</strong></span> <span class='ocrx_word' id='word_1_496' title='bbox 638 3526 821 3573; x_wconf 90' lang='lat' dir='ltr'><strong>mente</strong></span> <span class='ocrx_word' id='word_1_497' title='bbox 857 3519 1028 3574; x_wconf 89' lang='lat' dir='ltr'><strong>teneri</strong></span> <span class='ocrx_word' id='word_1_498' title='bbox 1057 3535 1071 3572; x_wconf 87' lang='lat'><strong>:</strong></span> <span class='ocrx_word' id='word_1_499' title='bbox 1098 3533 1290 3573; x_wconf 89' lang='lat' dir='ltr'><strong>omnes</strong></span> <span class='ocrx_word' id='word_1_500' title='bbox 1338 3529 1489 3575; x_wconf 90' lang='lat' dir='ltr'><strong>recte</strong></span> <span class='ocrx_word' id='word_1_501' title='bbox 1532 3517 1884 3589; x_wconf 85' lang='lat' dir='ltr'><strong>intelligimus</strong></span> <span class='ocrx_word' id='word_1_502' title='bbox 1910 3559 1925 3584; x_wconf 95' lang='lat'><strong>,</strong></span> 
     </span>
    </p>
   </div>
   <div class='ocr_carea' id='block_1_60' title="bbox 326 3611 1925 3684">
    <p class='ocr_par' dir='ltr' id='par_1_60' title="bbox 326 3611 1925 3684">
     <span class='ocr_line' id='line_1_60' title="bbox 326 3611 1925 3684; baseline -0.001 -18"><span class='ocrx_word' id='word_1_503' title='bbox 326 3625 429 3666; x_wconf 90' lang='lat' dir='ltr'><strong>nec</strong></span> <span class='ocrx_word' id='word_1_504' title='bbox 458 3620 635 3667; x_wconf 90' lang='lat' dir='ltr'><strong>tamen</strong></span> <span class='ocrx_word' id='word_1_505' title='bbox 667 3611 962 3684; x_wconf 89' lang='lat' dir='ltr'><strong>jungimur.</strong></span> <span class='ocrx_word' id='word_1_506' title='bbox 997 3613 1174 3668; x_wconf 89' lang='lat' dir='ltr'><strong>Dicam</strong></span> <span class='ocrx_word' id='word_1_507' title='bbox 1208 3628 1338 3683; x_wconf 82' lang='lat' dir='ltr'><strong>ergo</strong></span> <span class='ocrx_word' id='word_1_508' title='bbox 1366 3626 1527 3667; x_wconf 80' lang='lat' dir='ltr'><strong>otnne</strong></span> <span class='ocrx_word' id='word_1_509' title='bbox 1567 3611 1882 3683; x_wconf 87' lang='lat' dir='ltr'><strong>mysterium</strong></span> <span class='ocrx_word' id='word_1_510' title='bbox 1909 3653 1925 3679; x_wconf 95' lang='lat'><strong>,</strong></span> 
     </span>
    </p>
   </div>
   <div class='ocr_carea' id='block_1_61' title="bbox 328 3705 1928 3773">
    <p class='ocr_par' dir='ltr' id='par_1_61' title="bbox 328 3705 1928 3773">
     <span class='ocr_line' id='line_1_61' title="bbox 328 3705 1928 3773; baseline 0 -14"><span class='ocrx_word' id='word_1_511' title='bbox 328 3705 568 3760; x_wconf 91' lang='lat' dir='ltr'><strong>omnium</strong></span> <span class='ocrx_word' id='word_1_512' title='bbox 590 3706 777 3773; x_wconf 88' lang='lat' dir='ltr'><strong>verba,</strong></span> <span class='ocrx_word' id='word_1_513' title='bbox 801 3706 1118 3772; x_wconf 80' lang='lat' dir='ltr'><strong>sententias,</strong></span> <span class='ocrx_word' id='word_1_514' title='bbox 1143 3706 1466 3768; x_wconf 89' lang='lat' dir='ltr'><strong>intellectus,</strong></span> <span class='ocrx_word' id='word_1_515' title='bbox 1485 3706 1729 3761; x_wconf 85' lang='lat' dir='ltr'><strong>oratione</strong></span> <span class='ocrx_word' id='word_1_516' title='bbox 1752 3705 1928 3772; x_wconf 88' lang='lat' dir='ltr'><strong>hrevi,</strong></span> 
     </span>
    </p>
   </div>
   <div class='ocr_carea' id='block_1_62' title="bbox 328 3797 1924 3883">
    <p class='ocr_par' dir='ltr' id='par_1_62' title="bbox 328 3797 1924 3883">
     <span class='ocr_line' id='line_1_62' title="bbox 328 3797 1924 3883; baseline 0.003 -28"><span class='ocrx_word' id='word_1_517' title='bbox 328 3797 515 3855; x_wconf 82' lang='lat' dir='ltr'><strong>Arium</strong></span> <span class='ocrx_word' id='word_1_518' title='bbox 563 3809 620 3883; x_wconf 79' lang='lat' dir='ltr'><strong>ut</strong></span> <span class='ocrx_word' id='word_1_519' title='bbox 659 3799 927 3871; x_wconf 63' lang='lat' dir='ltr'><strong>pos~imus</strong></span> <span class='ocrx_word' id='word_1_520' title='bbox 962 3802 1272 3857; x_wconf 85' lang='lat' dir='ltr'><strong>excludere.</strong></span> <span class='ocrx_word' id='word_1_521' title='bbox 1311 3800 1483 3857; x_wconf 83' lang='lat' dir='ltr'><strong>Graeci</strong></span> <span class='ocrx_word' id='word_1_522' title='bbox 1515 3816 1650 3873; x_wconf 89' lang='lat' dir='ltr'><strong>quos</strong></span> <span class='ocrx_word' id='word_1_523' title='bbox 1685 3802 1924 3870; x_wconf 81' lang='grc' dir='ltr'>Ελληνας,</span> 
     </span>
    </p>
   </div>
   <div class='ocr_carea' id='block_1_63' title="bbox 329 3893 1927 3966">
    <p class='ocr_par' dir='ltr' id='par_1_63' title="bbox 329 3893 1927 3966">
     <span class='ocr_line' id='line_1_63' title="bbox 329 3893 1927 3966; baseline 0.001 -19"><span class='ocrx_word' id='word_1_524' title='bbox 329 3893 433 3948; x_wconf 84' lang='lat' dir='ltr'><strong>vel-</strong></span> <span class='ocrx_word' id='word_1_525' title='bbox 460 3894 703 3966; x_wconf 86' lang='lat' dir='ltr'><strong>Pagauos</strong></span> <span class='ocrx_word' id='word_1_526' title='bbox 752 3903 964 3962; x_wconf 85' lang='lat' dir='ltr'><strong>vocant,</strong></span> <span class='ocrx_word' id='word_1_527' title='bbox 1010 3894 1208 3951; x_wconf 92' lang='lat' dir='ltr'><strong>multos</strong></span> <span class='ocrx_word' id='word_1_528' title='bbox 1237 3895 1369 3951; x_wconf 89' lang='lat' dir='ltr'><strong>deos</strong></span> <span class='ocrx_word' id='word_1_529' title='bbox 1400 3894 1602 3950; x_wconf 90' lang='lat' dir='ltr'><strong>dicunt.</strong></span> <span class='ocrx_word' id='word_1_530' title='bbox 1629 3894 1797 3951; x_wconf 67' lang='lat' dir='ltr'><strong>Judaei</strong></span> <span class='ocrx_word' id='word_1_531' title='bbox 1840 3895 1927 3951; x_wconf 91' lang='lat' dir='ltr'><strong>vel</strong></span> 
     </span>
    </p>
   </div>
   <div class='ocr_carea' id='block_1_64' title="bbox 332 3987 1926 4061">
    <p class='ocr_par' dir='ltr' id='par_1_64' title="bbox 332 3987 1926 4061">
     <span class='ocr_line' id='line_1_64' title="bbox 332 3987 1926 4061; baseline 0.001 -18"><span class='ocrx_word' id='word_1_532' title='bbox 332 3987 542 4044; x_wconf 73' lang='lat' dir='ltr'><strong>llebrrei</strong></span> <span class='ocrx_word' id='word_1_533' title='bbox 577 4004 778 4045; x_wconf 90' lang='lat' dir='ltr'><strong>unum:</strong></span> <span class='ocrx_word' id='word_1_534' title='bbox 811 4005 946 4057; x_wconf 91' lang='lat' dir='ltr'><strong>nos,</strong></span> <span class='ocrx_word' id='word_1_535' title='bbox 983 3990 1106 4059; x_wconf 89' lang='lat' dir='ltr'><strong>quia</strong></span> <span class='ocrx_word' id='word_1_536' title='bbox 1142 3990 1411 4061; x_wconf 89' lang='lat' dir='ltr'><strong>posterior</strong></span> <span class='ocrx_word' id='word_1_537' title='bbox 1437 3993 1640 4046; x_wconf 82' lang='lat' dir='ltr'><strong>veritas</strong></span> <span class='ocrx_word' id='word_1_538' title='bbox 1670 3996 1724 4045; x_wconf 90' lang='lat' dir='ltr'><strong>et</strong></span> <span class='ocrx_word' id='word_1_539' title='bbox 1755 3988 1926 4061; x_wconf 86' lang='lat' dir='ltr'><strong>gratia</strong></span> 
     </span>
    </p>
   </div>
   <div class='ocr_carea' id='block_1_65' title="bbox 320 4083 1928 4155">
    <p class='ocr_par' dir='ltr' id='par_1_65' title="bbox 320 4083 1928 4155">
     <span class='ocr_line' id='line_1_65' title="bbox 320 4083 1928 4155; baseline 0.001 -17"><span class='ocrx_word' id='word_1_540' title='bbox 320 4090 434 4149; x_wconf 84' lang='lat' dir='ltr'><strong>‘est,</strong></span> <span class='ocrx_word' id='word_1_541' title='bbox 462 4083 749 4140; x_wconf 83' lang='lat' dir='ltr'><strong>adversum</strong></span> <span class='ocrx_word' id='word_1_542' title='bbox 772 4084 1016 4155; x_wconf 80' lang='lat' dir='ltr'><strong>Paganos</strong></span> <span class='ocrx_word' id='word_1_543' title='bbox 1046 4101 1209 4140; x_wconf 89' lang='lat' dir='ltr'><strong>unum</strong></span> <span class='ocrx_word' id='word_1_544' title='bbox 1236 4085 1403 4142; x_wconf 88' lang='lat' dir='ltr'><strong>Deum</strong></span> <span class='ocrx_word' id='word_1_545' title='bbox 1430 4085 1658 4141; x_wconf 89' lang='lat' dir='ltr'><strong>dicimus</strong></span> <span class='ocrx_word' id='word_1_546' title='bbox 1688 4102 1699 4136; x_wconf 88' lang='lat'><strong>:</strong></span> <span class='ocrx_word' id='word_1_547' title='bbox 1736 4083 1928 4140; x_wconf 65' lang='lat' dir='ltr'><strong>adter-</strong></span> 
     </span>
    </p>
   </div>
   <div class='ocr_carea' id='block_1_66' title="bbox 331 4177 1931 4251">
    <p class='ocr_par' dir='ltr' id='par_1_66' title="bbox 331 4177 1931 4251">
     <span class='ocr_line' id='line_1_66' title="bbox 331 4177 1931 4251; baseline 0 -19"><span class='ocrx_word' id='word_1_548' title='bbox 331 4191 448 4233; x_wconf 92' lang='lat' dir='ltr'><strong>sum</strong></span> <span class='ocrx_word' id='word_1_549' title='bbox 467 4177 683 4234; x_wconf 73' lang='lat' dir='ltr'><strong>Judmos</strong></span> <span class='ocrx_word' id='word_1_550' title='bbox 704 4189 907 4250; x_wconf 88' lang='lat' dir='ltr'><strong>patrem</strong></span> <span class='ocrx_word' id='word_1_551' title='bbox 936 4189 990 4235; x_wconf 90' lang='lat' dir='ltr'><strong>et</strong></span> <span class='ocrx_word' id='word_1_552' title='bbox 1015 4179 1183 4235; x_wconf 88' lang='lat' dir='ltr'><strong>lilium</strong></span> <span class='ocrx_word' id='word_1_553' title='bbox 1221 4198 1235 4234; x_wconf 88' lang='lat'><strong>:</strong></span> <span class='ocrx_word' id='word_1_554' title='bbox 1268 4180 1340 4235; x_wconf 92' lang='lat' dir='ltr'><strong>ita</strong></span> <span class='ocrx_word' id='word_1_555' title='bbox 1381 4179 1625 4236; x_wconf 88' lang='lat' dir='ltr'><strong>dicentes</strong></span> <span class='ocrx_word' id='word_1_556' title='bbox 1646 4179 1801 4246; x_wconf 90' lang='lat' dir='ltr'><strong>duos,</strong></span> <span class='ocrx_word' id='word_1_557' title='bbox 1837 4194 1931 4251; x_wconf 84' lang='lat' dir='ltr'><strong>pa-</strong></span> 
     </span>
    </p>
   </div>
   <div class='ocr_carea' id='block_1_67' title="bbox 331 4272 1928 4344">
    <p class='ocr_par' dir='ltr' id='par_1_67' title="bbox 331 4272 1928 4344">
     <span class='ocr_line' id='line_1_67' title="bbox 331 4272 1928 4344; baseline -0.001 -16"><span class='ocrx_word' id='word_1_558' title='bbox 331 4281 467 4328; x_wconf 90' lang='lat' dir='ltr'><strong>trem</strong></span> <span class='ocrx_word' id='word_1_559' title='bbox 504 4285 557 4327; x_wconf 91' lang='lat' dir='ltr'><strong>ct</strong></span> <span class='ocrx_word' id='word_1_560' title='bbox 588 4273 779 4341; x_wconf 89' lang='lat' dir='ltr'><strong>ﬁlium,</strong></span> <span class='ocrx_word' id='word_1_561' title='bbox 807 4273 900 4329; x_wconf 91' lang='lat' dir='ltr'><strong>sed</strong></span> <span class='ocrx_word' id='word_1_562' title='bbox 935 4291 1095 4329; x_wconf 91' lang='lat' dir='ltr'><strong>unum</strong></span> <span class='ocrx_word' id='word_1_563' title='bbox 1135 4283 1313 4329; x_wconf 90' lang='lat' dir='ltr'><strong>tamen</strong></span> <span class='ocrx_word' id='word_1_564' title='bbox 1343 4273 1510 4329; x_wconf 89' lang='lat' dir='ltr'><strong>Deum</strong></span> <span class='ocrx_word' id='word_1_565' title='bbox 1540 4272 1812 4344; x_wconf 77' lang='lat' dir='ltr'><strong>complexi</strong></span> <span class='ocrx_word' id='word_1_566' title='bbox 1842 4286 1928 4327; x_wconf 89' lang='lat' dir='ltr'><strong>re-</strong></span> 
     </span>
    </p>
   </div>
   <div class='ocr_carea' id='block_1_68' title="bbox 331 4362 1929 4436">
    <p class='ocr_par' dir='ltr' id='par_1_68' title="bbox 331 4362 1929 4436">
     <span class='ocr_line' id='line_1_68' title="bbox 331 4362 1929 4436; baseline -0.001 -16"><span class='ocrx_word' id='word_1_567' title='bbox 331 4364 559 4436; x_wconf 82' lang='lat' dir='ltr'><strong>ligiones</strong></span> <span class='ocrx_word' id='word_1_568' title='bbox 581 4365 788 4428; x_wconf 86' lang='lat' dir='ltr'><strong>ambas.</strong></span> <span class='ocrx_word' id='word_1_569' title='bbox 816 4365 1101 4421; x_wconf 79' lang='lat' dir='ltr'><strong>adversum</strong></span> <span class='ocrx_word' id='word_1_570' title='bbox 1118 4374 1401 4435; x_wconf 86' lang='lat' dir='ltr'><strong>utramque</strong></span> <span class='ocrx_word' id='word_1_571' title='bbox 1418 4363 1638 4420; x_wconf 86' lang='lat' dir='ltr'><strong>alterius</strong></span> <span class='ocrx_word' id='word_1_572' title='bbox 1649 4362 1929 4420; x_wconf 78' lang='lat' dir='ltr'><strong>contrario</strong></span> 
     </span>
    </p>
   </div>
   <div class='ocr_carea' id='block_1_69' title="bbox 330 4458 1927 4531">
    <p class='ocr_par' dir='ltr' id='par_1_69' title="bbox 330 4458 1927 4531">
     <span class='ocr_line' id='line_1_69' title="bbox 330 4458 1927 4531; baseline -0.002 -14"><span class='ocrx_word' id='word_1_573' title='bbox 330 4475 713 4531; x_wconf 80' lang='lat' dir='ltr'><strong>repugnamus.</strong></span> <span class='ocrx_word' id='word_1_574' title='bbox 739 4459 805 4515; x_wconf 90' lang='lat' dir='ltr'><strong>Et</strong></span> <span class='ocrx_word' id='word_1_575' title='bbox 825 4459 1026 4531; x_wconf 86' lang='lat' dir='ltr'><strong>Pagaui</strong></span> <span class='ocrx_word' id='word_1_576' title='bbox 1048 4459 1263 4531; x_wconf 84' lang='lat' dir='ltr'><strong>quidem</strong></span> <span class='ocrx_word' id='word_1_577' title='bbox 1291 4460 1426 4530; x_wconf 85' lang='lat' dir='ltr'><strong>lapsi</strong></span> <span class='ocrx_word' id='word_1_578' title='bbox 1450 4458 1699 4528; x_wconf 92' lang='lat' dir='ltr'><strong>multum,</strong></span> <span class='ocrx_word' id='word_1_579' title='bbox 1731 4468 1785 4514; x_wconf 91' lang='lat' dir='ltr'><strong>et</strong></span> <span class='ocrx_word' id='word_1_580' title='bbox 1812 4458 1927 4514; x_wconf 87' lang='lat' dir='ltr'><strong>ele-</strong></span> 
     </span>
    </p>
   </div>
   <div class='ocr_carea' id='block_1_70' title="bbox 331 4551 1929 4609">
    <p class='ocr_par' dir='ltr' id='par_1_70' title="bbox 331 4551 1929 4609">
     <span class='ocr_line' id='line_1_70' title="bbox 331 4551 1929 4609; baseline -0.001 0"><span class='ocrx_word' id='word_1_581' title='bbox 331 4561 509 4609; x_wconf 86' lang='lat' dir='ltr'><strong>menta</strong></span> <span class='ocrx_word' id='word_1_582' title='bbox 538 4562 592 4607; x_wconf 90' lang='lat' dir='ltr'><strong>et</strong></span> <span class='ocrx_word' id='word_1_583' title='bbox 620 4552 769 4609; x_wconf 88' lang='lat' dir='ltr'><strong>cibos</strong></span> <span class='ocrx_word' id='word_1_584' title='bbox 790 4566 918 4608; x_wconf 90' lang='lat' dir='ltr'><strong>suos</strong></span> <span class='ocrx_word' id='word_1_585' title='bbox 938 4551 1068 4608; x_wconf 90' lang='lat' dir='ltr'><strong>deos</strong></span> <span class='ocrx_word' id='word_1_586' title='bbox 1096 4568 1218 4609; x_wconf 82' lang='lat' dir='ltr'><strong>esse</strong></span> <span class='ocrx_word' id='word_1_587' title='bbox 1239 4552 1513 4609; x_wconf 83' lang='lat' dir='ltr'><strong>dixerunt.</strong></span> <span class='ocrx_word' id='word_1_588' title='bbox 1541 4551 1710 4608; x_wconf 65' lang='lat' dir='ltr'><strong>Judwi</strong></span> <span class='ocrx_word' id='word_1_589' title='bbox 1741 4566 1929 4608; x_wconf 90' lang='lat' dir='ltr'><strong>errore</strong></span> 
     </span>
    </p>
   </div>
   <div class='ocr_carea' id='block_1_71' title="bbox 330 4644 1923 4717">
    <p class='ocr_par' dir='ltr' id='par_1_71' title="bbox 330 4644 1923 4717">
     <span class='ocr_line' id='line_1_71' title="bbox 330 4644 1923 4717; baseline -0.001 -15"><span class='ocrx_word' id='word_1_590' title='bbox 330 4646 535 4703; x_wconf 81' lang='lat' dir='ltr'><strong>carnali</strong></span> <span class='ocrx_word' id='word_1_591' title='bbox 573 4644 844 4702; x_wconf 89' lang='lat' dir='ltr'><strong>Christum</strong></span> <span class='ocrx_word' id='word_1_592' title='bbox 887 4655 1114 4717; x_wconf 80' lang='lat' dir='ltr'><strong>negant,</strong></span> <span class='ocrx_word' id='word_1_593' title='bbox 1168 4661 1329 4717; x_wconf 87' lang='lat' dir='ltr'><strong>quem</strong></span> <span class='ocrx_word' id='word_1_594' title='bbox 1379 4645 1537 4702; x_wconf 90' lang='lat' dir='ltr'><strong>aliter</strong></span> <span class='ocrx_word' id='word_1_595' title='bbox 1582 4647 1923 4703; x_wconf 89' lang='lat' dir='ltr'><strong>contitentnr.</strong></span> 
     </span>
    </p>
   </div>
   <div class='ocr_carea' id='block_1_72' title="bbox 330 4741 1930 4817">
    <p class='ocr_par' dir='ltr' id='par_1_72' title="bbox 330 4741 1930 4817">
     <span class='ocr_line' id='line_1_72' title="bbox 330 4741 1930 4817; baseline -0.004 -14"><span class='ocrx_word' id='word_1_596' title='bbox 330 4745 582 4803; x_wconf 88' lang='lat' dir='ltr'><strong>Nostrum</strong></span> <span class='ocrx_word' id='word_1_597' title='bbox 611 4745 774 4817; x_wconf 86' lang='lat' dir='ltr'><strong>igitur</strong></span> <span class='ocrx_word' id='word_1_598' title='bbox 821 4745 1013 4817; x_wconf 80' lang='lat' dir='ltr'><strong>dogma</strong></span> <span class='ocrx_word' id='word_1_599' title='bbox 1041 4756 1122 4801; x_wconf 90' lang='lat' dir='ltr'><strong>est</strong></span> <span class='ocrx_word' id='word_1_600' title='bbox 1151 4743 1216 4799; x_wconf 90' lang='lat' dir='ltr'><strong>ad</strong></span> <span class='ocrx_word' id='word_1_601' title='bbox 1256 4742 1588 4815; x_wconf 89' lang='lat' dir='ltr'><strong>probandum</strong></span> <span class='ocrx_word' id='word_1_602' title='bbox 1612 4784 1628 4809; x_wconf 94' lang='lat'><strong>,</strong></span> <span class='ocrx_word' id='word_1_603' title='bbox 1658 4742 1801 4814; x_wconf 88' lang='lat' dir='ltr'><strong>quod</strong></span> <span class='ocrx_word' id='word_1_604' title='bbox 1833 4741 1930 4798; x_wconf 60' lang='lat' dir='ltr'><strong>doc</strong></span> 
     </span>
    </p>
   </div>
   <div class='ocr_carea' id='block_1_73' title="bbox 2037 3530 2458 3573">
    <p class='ocr_par' dir='ltr' id='par_1_73' title="bbox 2037 3530 2458 3573">
     <span class='ocr_line' id='line_1_73' title="bbox 2037 3530 2458 3573; baseline -0.01 0"><span class='ocrx_word' id='word_1_605' title='bbox 2037 3539 2225 3573; x_wconf 82' lang='grc' dir='ltr'><strong>στασιν</strong></span> <span class='ocrx_word' id='word_1_606' title='bbox 2246 3530 2458 3570; x_wconf 92' lang='lat' dir='ltr'><strong>omnes.</strong></span> 
     </span>
    </p>
   </div>
   <div class='ocr_carea' id='block_1_74' title="bbox 2107 3607 3633 3679">
    <p class='ocr_par' dir='ltr' id='par_1_74' title="bbox 2107 3607 3633 3679">
     <span class='ocr_line' id='line_1_74' title="bbox 2107 3607 3633 3679; baseline 0 -17"><span class='ocrx_word' id='word_1_607' title='bbox 2107 3608 2172 3664; x_wconf 90' lang='lat' dir='ltr'><strong>ll.</strong></span> <span class='ocrx_word' id='word_1_608' title='bbox 2211 3608 2380 3662; x_wconf 90' lang='lat' dir='ltr'><strong>Distat</strong></span> <span class='ocrx_word' id='word_1_609' title='bbox 2411 3607 2664 3677; x_wconf 88' lang='lat' dir='ltr'><strong>quidem;</strong></span> <span class='ocrx_word' id='word_1_610' title='bbox 2704 3622 2889 3662; x_wconf 87' lang='lat' dir='ltr'><strong>verum</strong></span> <span class='ocrx_word' id='word_1_611' title='bbox 2918 3623 3059 3663; x_wconf 88' lang='lat' dir='ltr'><strong>nunc</strong></span> <span class='ocrx_word' id='word_1_612' title='bbox 3088 3607 3421 3665; x_wconf 80' lang='lat' dir='ltr'><strong>omittamus.</strong></span> <span class='ocrx_word' id='word_1_613' title='bbox 3445 3607 3633 3679; x_wconf 88' lang='lat' dir='ltr'><strong>Scrip-</strong></span> 
     </span>
    </p>
   </div>
   <div class='ocr_carea' id='block_1_75' title="bbox 2035 3700 3629 3772">
    <p class='ocr_par' dir='ltr' id='par_1_75' title="bbox 2035 3700 3629 3772">
     <span class='ocr_line' id='line_1_75' title="bbox 2035 3700 3629 3772; baseline 0.001 -14"><span class='ocrx_word' id='word_1_614' title='bbox 2035 3710 2152 3758; x_wconf 84' lang='lat' dir='ltr'><strong>tura</strong></span> <span class='ocrx_word' id='word_1_615' title='bbox 2175 3701 2353 3757; x_wconf 87' lang='lat' dir='ltr'><strong>divina</strong></span> <span class='ocrx_word' id='word_1_616' title='bbox 2402 3700 2592 3758; x_wconf 78' lang='lat' dir='ltr'><strong>Graece</strong></span> <span class='ocrx_word' id='word_1_617' title='bbox 2617 3703 2910 3759; x_wconf 81' lang='grc' dir='ltr'><strong>ὑπόστασιν</strong></span> <span class='ocrx_word' id='word_1_618' title='bbox 2933 3716 3080 3772; x_wconf 74' lang='lat' dir='ltr'><strong>smpe</strong></span> <span class='ocrx_word' id='word_1_619' title='bbox 3112 3701 3270 3767; x_wconf 84' lang='lat' dir='ltr'><strong>dixit,</strong></span> <span class='ocrx_word' id='word_1_620' title='bbox 3302 3701 3467 3757; x_wconf 91' lang='lat' dir='ltr'><strong>latine</strong></span> <span class='ocrx_word' id='word_1_621' title='bbox 3496 3703 3629 3760; x_wconf 88' lang='lat' dir='ltr'><strong>sub-</strong></span> 
     </span>
    </p>
   </div>
   <div class='ocr_carea' id='block_1_76' title="bbox 2031 3793 3633 3867">
    <p class='ocr_par' dir='ltr' id='par_1_76' title="bbox 2031 3793 3633 3867">
     <span class='ocr_line' id='line_1_76' title="bbox 2031 3793 3633 3867; baseline 0.002 -18"><span class='ocrx_word' id='word_1_622' title='bbox 2031 3794 2309 3850; x_wconf 86' lang='lat' dir='ltr'><strong>stantiam.</strong></span> <span class='ocrx_word' id='word_1_623' title='bbox 2351 3794 2421 3849; x_wconf 89' lang='lat' dir='ltr'><strong>Et</strong></span> <span class='ocrx_word' id='word_1_624' title='bbox 2465 3793 2599 3849; x_wconf 82' lang='lat' dir='ltr'><strong>dixit</strong></span> <span class='ocrx_word' id='word_1_625' title='bbox 2623 3793 2693 3850; x_wconf 89' lang='lat' dir='ltr'><strong>de</strong></span> <span class='ocrx_word' id='word_1_626' title='bbox 2729 3795 2822 3850; x_wconf 89' lang='lat' dir='ltr'><strong>Dei</strong></span> <span class='ocrx_word' id='word_1_627' title='bbox 2867 3794 3165 3850; x_wconf 87' lang='lat' dir='ltr'><strong>substantia</strong></span> <span class='ocrx_word' id='word_1_628' title='bbox 3190 3794 3455 3867; x_wconf 85' lang='lat' dir='ltr'><strong>propheta</strong></span> <span class='ocrx_word' id='word_1_629' title='bbox 3478 3794 3633 3852; x_wconf 79' lang='lat' dir='ltr'><strong>lere-</strong></span> 
     </span>
    </p>
   </div>
   <div class='ocr_carea' id='block_1_77' title="bbox 2034 3886 3631 3962">
    <p class='ocr_par' dir='ltr' id='par_1_77' title="bbox 2034 3886 3631 3962">
     <span class='ocr_line' id='line_1_77' title="bbox 2034 3886 3631 3962; baseline -0.001 -18"><span class='ocrx_word' id='word_1_630' title='bbox 2034 3887 2169 3945; x_wconf 85' lang='lat' dir='ltr'><strong>tuias</strong></span> <span class='ocrx_word' id='word_1_631' title='bbox 2224 3888 2356 3962; x_wconf 81' lang='lat' dir='ltr'><strong>(Jer.</strong></span> <span class='ocrx_word' id='word_1_632' title='bbox 2392 3903 2548 3951; x_wconf 66' lang='grc' dir='ltr'><strong>χχιιι,</strong></span> <span class='ocrx_word' id='word_1_633' title='bbox 2579 3886 2672 3952; x_wconf 69' lang='grc'><strong>22,</strong></span> <span class='ocrx_word' id='word_1_634' title='bbox 2697 3904 2801 3942; x_wconf 87' lang='lat' dir='ltr'><strong>sec.</strong></span> <span class='ocrx_word' id='word_1_635' title='bbox 2837 3888 2975 3960; x_wconf 67' lang='grc' dir='ltr'><strong>ιιι)</strong></span> <span class='ocrx_word' id='word_1_636' title='bbox 3009 3905 3022 3943; x_wconf 86' lang='lat'><strong>:</strong></span> <span class='ocrx_word' id='word_1_637' title='bbox 3058 3889 3270 3956; x_wconf 83' lang='lat' dir='ltr'><strong>Quodsi</strong></span> <span class='ocrx_word' id='word_1_638' title='bbox 3292 3890 3549 3944; x_wconf 80' lang='lat' dir='ltr'><strong>stetissent</strong></span> <span class='ocrx_word' id='word_1_639' title='bbox 3576 3890 3631 3943; x_wconf 92' lang='lat' dir='ltr'><strong>hi</strong></span> 
     </span>
    </p>
   </div>
   <div class='ocr_carea' id='block_1_78' title="bbox 2031 3986 3632 4059">
    <p class='ocr_par' dir='ltr' id='par_1_78' title="bbox 2031 3986 3632 4059">
     <span class='ocr_line' id='line_1_78' title="bbox 2031 3986 3632 4059; baseline -0.001 -15"><span class='ocrx_word' id='word_1_640' title='bbox 2031 3989 2085 4044; x_wconf 86' lang='lat' dir='ltr'><strong>in</strong></span> <span class='ocrx_word' id='word_1_641' title='bbox 2129 3988 2441 4044; x_wconf 84' lang='lat' dir='ltr'><strong>substantia.</strong></span> <span class='ocrx_word' id='word_1_642' title='bbox 2464 3986 2707 4055; x_wconf 87' lang='lat' dir='ltr'><strong>Domini,</strong></span> <span class='ocrx_word' id='word_1_643' title='bbox 2743 3986 2965 4043; x_wconf 84' lang='lat' dir='ltr'><strong>Verbum</strong></span> <span class='ocrx_word' id='word_1_644' title='bbox 3006 4005 3174 4044; x_wconf 86' lang='lat' dir='ltr'><strong>meum</strong></span> <span class='ocrx_word' id='word_1_645' title='bbox 3207 3990 3466 4045; x_wconf 78' lang='lat' dir='ltr'><strong>vidissent.</strong></span> <span class='ocrx_word' id='word_1_646' title='bbox 3491 3989 3632 4059; x_wconf 85' lang='lat' dir='ltr'><strong>Quid</strong></span> 
     </span>
    </p>
   </div>
   <div class='ocr_carea' id='block_1_79' title="bbox 2032 4081 3632 4154">
    <p class='ocr_par' dir='ltr' id='par_1_79' title="bbox 2032 4081 3632 4154">
     <span class='ocr_line' id='line_1_79' title="bbox 2032 4081 3632 4154; baseline 0 -16"><span class='ocrx_word' id='word_1_647' title='bbox 2032 4093 2210 4139; x_wconf 88' lang='lat' dir='ltr'><strong>autem</strong></span> <span class='ocrx_word' id='word_1_648' title='bbox 2242 4091 2328 4137; x_wconf 91' lang='lat' dir='ltr'><strong>est</strong></span> <span class='ocrx_word' id='word_1_649' title='bbox 2368 4090 2512 4137; x_wconf 88' lang='lat' dir='ltr'><strong>stare</strong></span> <span class='ocrx_word' id='word_1_650' title='bbox 2561 4083 2613 4137; x_wconf 91' lang='lat' dir='ltr'><strong>in</strong></span> <span class='ocrx_word' id='word_1_651' title='bbox 2658 4081 3002 4137; x_wconf 87' lang='lat' dir='ltr'><strong>substantia?</strong></span> <span class='ocrx_word' id='word_1_652' title='bbox 3030 4082 3330 4154; x_wconf 88' lang='lat' dir='ltr'><strong>intelligere</strong></span> <span class='ocrx_word' id='word_1_653' title='bbox 3368 4083 3458 4138; x_wconf 89' lang='lat' dir='ltr'><strong>Dei</strong></span> <span class='ocrx_word' id='word_1_654' title='bbox 3502 4082 3632 4138; x_wconf 78' lang='lat' dir='ltr'><strong>sub—</strong></span> 
     </span>
    </p>
   </div>
   <div class='ocr_carea' id='block_1_80' title="bbox 2031 4173 3631 4245">
    <p class='ocr_par' dir='ltr' id='par_1_80' title="bbox 2031 4173 3631 4245">
     <span class='ocr_line' id='line_1_80' title="bbox 2031 4173 3631 4245; baseline -0.002 -15"><span class='ocrx_word' id='word_1_655' title='bbox 2031 4175 2309 4241; x_wconf 87' lang='lat' dir='ltr'><strong>stantiam,</strong></span> <span class='ocrx_word' id='word_1_656' title='bbox 2332 4173 2474 4245; x_wconf 90' lang='lat' dir='ltr'><strong>quod</strong></span> <span class='ocrx_word' id='word_1_657' title='bbox 2504 4189 2691 4229; x_wconf 79' lang='lat' dir='ltr'><strong>verum</strong></span> <span class='ocrx_word' id='word_1_658' title='bbox 2712 4174 2894 4230; x_wconf 88' lang='lat' dir='ltr'><strong>lumen</strong></span> <span class='ocrx_word' id='word_1_659' title='bbox 2925 4174 3019 4240; x_wconf 91' lang='lat' dir='ltr'><strong>sit,</strong></span> <span class='ocrx_word' id='word_1_660' title='bbox 3046 4174 3188 4243; x_wconf 89' lang='lat' dir='ltr'><strong>quod</strong></span> <span class='ocrx_word' id='word_1_661' title='bbox 3205 4173 3426 4245; x_wconf 78' lang='lat' dir='ltr'><strong>Spiritus</strong></span> <span class='ocrx_word' id='word_1_662' title='bbox 3446 4173 3631 4228; x_wconf 86' lang='lat' dir='ltr'><strong>inlini-</strong></span> 
     </span>
    </p>
   </div>
   <div class='ocr_carea' id='block_1_81' title="bbox 2033 4265 3632 4341">
    <p class='ocr_par' dir='ltr' id='par_1_81' title="bbox 2033 4265 3632 4341">
     <span class='ocr_line' id='line_1_81' title="bbox 2033 4265 3632 4341; baseline 0 -19"><span class='ocrx_word' id='word_1_663' title='bbox 2033 4275 2119 4322; x_wconf 86' lang='lat' dir='ltr'><strong>tus</strong></span> <span class='ocrx_word' id='word_1_664' title='bbox 2146 4271 2237 4322; x_wconf 90' lang='lat' dir='ltr'><strong>sit.</strong></span> <span class='ocrx_word' id='word_1_665' title='bbox 2271 4265 2385 4323; x_wconf 80' lang='lat' dir='ltr'><strong>Hoc</strong></span> <span class='ocrx_word' id='word_1_666' title='bbox 2417 4282 2537 4322; x_wconf 92' lang='lat' dir='ltr'><strong>cum</strong></span> <span class='ocrx_word' id='word_1_667' title='bbox 2594 4265 3010 4330; x_wconf 83' lang='lat' dir='ltr'><strong>intellexissent,</strong></span> <span class='ocrx_word' id='word_1_668' title='bbox 3063 4266 3430 4338; x_wconf 86' lang='lat' dir='ltr'><strong>intelligerent</strong></span> <span class='ocrx_word' id='word_1_669' title='bbox 3472 4267 3632 4341; x_wconf 79' lang='grc' dir='ltr'>Λόγον</span> 
     </span>
    </p>
   </div>
   <div class='ocr_carea' id='block_1_82' title="bbox 2034 4358 3634 4428">
    <p class='ocr_par' dir='ltr' id='par_1_82' title="bbox 2034 4358 3634 4428">
     <span class='ocr_line' id='line_1_82' title="bbox 2034 4358 3634 4428; baseline 0.001 -12"><span class='ocrx_word' id='word_1_670' title='bbox 2034 4360 2272 4427; x_wconf 92' lang='lat' dir='ltr'><strong>Domini,</strong></span> <span class='ocrx_word' id='word_1_671' title='bbox 2304 4360 2407 4417; x_wconf 92' lang='lat' dir='ltr'><strong>hoc</strong></span> <span class='ocrx_word' id='word_1_672' title='bbox 2449 4370 2565 4428; x_wconf 89' lang='lat' dir='ltr'><strong>est,</strong></span> <span class='ocrx_word' id='word_1_673' title='bbox 2590 4360 2825 4415; x_wconf 85' lang='lat' dir='ltr'><strong>Verbum</strong></span> <span class='ocrx_word' id='word_1_674' title='bbox 2855 4359 3064 4415; x_wconf 87' lang='lat' dir='ltr'><strong>Domini</strong></span> <span class='ocrx_word' id='word_1_675' title='bbox 3086 4358 3368 4415; x_wconf 79' lang='lat' dir='ltr'><strong>vidissent.</strong></span> <span class='ocrx_word' id='word_1_676' title='bbox 3394 4359 3463 4415; x_wconf 87' lang='lat' dir='ltr'><strong>Et</strong></span> <span class='ocrx_word' id='word_1_677' title='bbox 3483 4360 3560 4415; x_wconf 91' lang='lat' dir='ltr'><strong>sic</strong></span> <span class='ocrx_word' id='word_1_678' title='bbox 3577 4371 3634 4417; x_wconf 89' lang='lat' dir='ltr'><strong>et</strong></span> 
     </span>
    </p>
   </div>
   <div class='ocr_carea' id='block_1_83' title="bbox 2032 4449 3633 4526">
    <p class='ocr_par' dir='ltr' id='par_1_83' title="bbox 2032 4449 3633 4526">
     <span class='ocr_line' id='line_1_83' title="bbox 2032 4449 3633 4526; baseline -0.001 -17"><span class='ocrx_word' id='word_1_679' title='bbox 2032 4454 2196 4526; x_wconf 88' lang='lat' dir='ltr'><strong>paulo</strong></span> <span class='ocrx_word' id='word_1_680' title='bbox 2221 4464 2342 4526; x_wconf 90' lang='lat' dir='ltr'><strong>post</strong></span> <span class='ocrx_word' id='word_1_681' title='bbox 2389 4453 2529 4508; x_wconf 88' lang='lat' dir='ltr'><strong>idem</strong></span> <span class='ocrx_word' id='word_1_682' title='bbox 2556 4453 2820 4510; x_wconf 85' lang='lat' dir='ltr'><strong>Jeremias</strong></span> <span class='ocrx_word' id='word_1_683' title='bbox 2846 4452 3082 4522; x_wconf 91' lang='lat' dir='ltr'><strong>loquitur</strong></span> <span class='ocrx_word' id='word_1_684' title='bbox 3122 4449 3312 4522; x_wconf 86' lang='lat' dir='ltr'><strong>(lbid.,</strong></span> <span class='ocrx_word' id='word_1_685' title='bbox 3340 4450 3465 4525; x_wconf 80' lang='lat' dir='ltr'><strong>l8).</strong></span> <span class='ocrx_word' id='word_1_686' title='bbox 3491 4450 3633 4509; x_wconf 86' lang='lat' dir='ltr'><strong>Dicit</strong></span> 
     </span>
    </p>
   </div>
   <div class='ocr_carea' id='block_1_84' title="bbox 2034 4547 3632 4622">
    <p class='ocr_par' dir='ltr' id='par_1_84' title="bbox 2034 4547 3632 4622">
     <span class='ocr_line' id='line_1_84' title="bbox 2034 4547 3632 4622; baseline 0.001 -17"><span class='ocrx_word' id='word_1_687' title='bbox 2034 4550 2201 4606; x_wconf 81' lang='lat' dir='ltr'><strong>David</strong></span> <span class='ocrx_word' id='word_1_688' title='bbox 2256 4551 2275 4622; x_wconf 93' lang='lat'><strong>(</strong></span> <span class='ocrx_word' id='word_1_689' title='bbox 2303 4549 2504 4606; x_wconf 86' lang='lat' dir='ltr'><strong>Psalm.</strong></span> <span class='ocrx_word' id='word_1_690' title='bbox 2536 4552 2806 4617; x_wconf 78' lang='lat' dir='ltr'><strong>Cxxxvm,</strong></span> <span class='ocrx_word' id='word_1_691' title='bbox 2833 4547 2942 4620; x_wconf 80' lang='grc'><strong>15)</strong></span> <span class='ocrx_word' id='word_1_692' title='bbox 2978 4566 2991 4602; x_wconf 92' lang='lat'><strong>:</strong></span> <span class='ocrx_word' id='word_1_693' title='bbox 3027 4547 3095 4604; x_wconf 85' lang='lat' dir='ltr'><strong>Et</strong></span> <span class='ocrx_word' id='word_1_694' title='bbox 3117 4549 3404 4605; x_wconf 85' lang='lat' dir='ltr'><strong>substantia</strong></span> <span class='ocrx_word' id='word_1_695' title='bbox 3437 4566 3550 4606; x_wconf 82' lang='lat' dir='ltr'><strong>mea</strong></span> <span class='ocrx_word' id='word_1_696' title='bbox 3576 4550 3632 4606; x_wconf 83' lang='lat' dir='ltr'><strong>in</strong></span> 
     </span>
    </p>
   </div>
   <div class='ocr_carea' id='block_1_85' title="bbox 2033 4640 3630 4720">
    <p class='ocr_par' dir='ltr' id='par_1_85' title="bbox 2033 4640 3630 4720">
     <span class='ocr_line' id='line_1_85' title="bbox 2033 4640 3630 4720; baseline 0.001 -23"><span class='ocrx_word' id='word_1_697' title='bbox 2033 4642 2367 4716; x_wconf 79' lang='lat' dir='ltr'><strong>inferioribus</strong></span> <span class='ocrx_word' id='word_1_698' title='bbox 2394 4652 2563 4709; x_wconf 75' lang='lat' dir='ltr'><strong>teri-te,</strong></span> <span class='ocrx_word' id='word_1_699' title='bbox 2596 4650 2651 4698; x_wconf 89' lang='lat' dir='ltr'><strong>et</strong></span> <span class='ocrx_word' id='word_1_700' title='bbox 2677 4642 2743 4697; x_wconf 88' lang='lat' dir='ltr'><strong>de</strong></span> <span class='ocrx_word' id='word_1_701' title='bbox 2772 4642 2881 4697; x_wconf 92' lang='lat' dir='ltr'><strong>Deo</strong></span> <span class='ocrx_word' id='word_1_702' title='bbox 2902 4640 3056 4710; x_wconf 88' lang='lat' dir='ltr'><strong>dicit,</strong></span> <span class='ocrx_word' id='word_1_703' title='bbox 3080 4650 3137 4720; x_wconf 85' lang='lat' dir='ltr'><strong>et</strong></span> <span class='ocrx_word' id='word_1_704' title='bbox 3155 4642 3512 4698; x_wconf 88' lang='lat' dir='ltr'><strong>substantiam</strong></span> <span class='ocrx_word' id='word_1_705' title='bbox 3543 4643 3630 4698; x_wconf 90' lang='lat' dir='ltr'><strong>di-</strong></span> 
     </span>
    </p>
   </div>
   <div class='ocr_carea' id='block_1_86' title="bbox 2033 4735 3634 4808">
    <p class='ocr_par' dir='ltr' id='par_1_86' title="bbox 2033 4735 3634 4808">
     <span class='ocr_line' id='line_1_86' title="bbox 2033 4735 3634 4808; baseline 0.001 -16"><span class='ocrx_word' id='word_1_706' title='bbox 2033 4736 2127 4807; x_wconf 90' lang='lat' dir='ltr'><strong>cit,</strong></span> <span class='ocrx_word' id='word_1_707' title='bbox 2161 4735 2363 4807; x_wconf 79' lang='lat' dir='ltr'><strong>etquid</strong></span> <span class='ocrx_word' id='word_1_708' title='bbox 2386 4737 2455 4792; x_wconf 88' lang='lat' dir='ltr'><strong>sit</strong></span> <span class='ocrx_word' id='word_1_709' title='bbox 2480 4735 2583 4790; x_wconf 91' lang='lat' dir='ltr'><strong>hoc</strong></span> <span class='ocrx_word' id='word_1_710' title='bbox 2621 4735 2965 4791; x_wconf 79' lang='lat' dir='ltr'><strong>manifestum</strong></span> <span class='ocrx_word' id='word_1_711' title='bbox 3011 4743 3114 4792; x_wconf 91' lang='lat' dir='ltr'><strong>est.</strong></span> <span class='ocrx_word' id='word_1_712' title='bbox 3161 4735 3301 4792; x_wconf 89' lang='lat' dir='ltr'><strong>Dicit</strong></span> <span class='ocrx_word' id='word_1_713' title='bbox 3342 4737 3634 4808; x_wconf 80' lang='lat' dir='ltr'><strong>Apostolus</strong></span> 
     </span>
    </p>
   </div>
   <div class='ocr_carea' id='block_1_87' title="bbox 330 4827 3635 4907">
    <p class='ocr_par' dir='ltr' id='par_1_87' title="bbox 330 4827 3635 4907">
     <span class='ocr_line' id='line_1_87' title="bbox 330 4827 3635 4907; baseline -0.003 -9"><span class='ocrx_word' id='word_1_714' title='bbox 330 4844 443 4898; x_wconf 91' lang='lat' dir='ltr'><strong>cuit</strong></span> <span class='ocrx_word' id='word_1_715' title='bbox 470 4840 749 4898; x_wconf 86' lang='lat' dir='ltr'><strong>veritatem</strong></span> <span class='ocrx_word' id='word_1_716' title='bbox 776 4882 792 4907; x_wconf 90' lang='lat'><strong>,</strong></span> <span class='ocrx_word' id='word_1_717' title='bbox 821 4849 875 4894; x_wconf 89' lang='lat' dir='ltr'><strong>et</strong></span> <span class='ocrx_word' id='word_1_718' title='bbox 902 4838 1132 4896; x_wconf 74' lang='lat' dir='ltr'><strong>correxit</strong></span> <span class='ocrx_word' id='word_1_719' title='bbox 1165 4852 1432 4894; x_wconf 87' lang='lat' dir='ltr'><strong>errorem.</strong></span> <span class='ocrx_word' id='word_1_720' title='bbox 1466 4835 1521 4891; x_wconf 91' lang='lat' dir='ltr'><strong>Id</strong></span> <span class='ocrx_word' id='word_1_721' title='bbox 1553 4843 1733 4890; x_wconf 91' lang='lat' dir='ltr'><strong>autem</strong></span> <span class='ocrx_word' id='word_1_722' title='bbox 1770 4832 1930 4890; x_wconf 80' lang='lat' dir='ltr'><strong>facile</strong></span> <span class='ocrx_word' id='word_1_723' title='bbox 1952 4845 2008 4905; x_wconf 83' lang='lat' dir='ltr'><strong>D</strong></span> <span class='ocrx_word' id='word_1_724' title='bbox 2034 4830 2100 4885; x_wconf 92' lang='lat' dir='ltr'><strong>ad</strong></span> <span class='ocrx_word' id='word_1_725' title='bbox 2126 4829 2382 4886; x_wconf 66' lang='lat' dir='ltr'><strong>Hebraeos</strong></span> <span class='ocrx_word' id='word_1_726' title='bbox 2411 4827 2569 4901; x_wconf 81' lang='lat' dir='ltr'><strong>(ch.</strong></span> <span class='ocrx_word' id='word_1_727' title='bbox 2612 4845 2653 4897; x_wconf 92' lang='grc' dir='ltr'><strong>ι,</strong></span> <span class='ocrx_word' id='word_1_728' title='bbox 2682 4827 2738 4901; x_wconf 82' lang='grc'><strong>5)</strong></span> <span class='ocrx_word' id='word_1_729' title='bbox 2774 4846 2787 4884; x_wconf 89' lang='lat'><strong>:</strong></span> <span class='ocrx_word' id='word_1_730' title='bbox 2815 4828 2917 4897; x_wconf 87' lang='lat' dir='ltr'><strong>Qui</strong></span> <span class='ocrx_word' id='word_1_731' title='bbox 2946 4838 3017 4884; x_wconf 85' lang='lat' dir='ltr'><strong>est</strong></span> <span class='ocrx_word' id='word_1_732' title='bbox 3043 4830 3308 4886; x_wconf 81' lang='lat' dir='ltr'><strong>character</strong></span> <span class='ocrx_word' id='word_1_733' title='bbox 3334 4832 3635 4887; x_wconf 68' lang='lat' dir='ltr'><strong>substantia:</strong></span> 
     </span>
    </p>
   </div>
   <div class='ocr_carea' id='block_1_88' title="bbox 330 4926 1930 5005">
    <p class='ocr_par' dir='ltr' id='par_1_88' title="bbox 330 4926 1930 5005">
     <span class='ocr_line' id='line_1_88' title="bbox 330 4926 1930 5005; baseline -0.004 -15"><span class='ocrx_word' id='word_1_734' title='bbox 330 4934 548 5005; x_wconf 88' lang='lat' dir='ltr'><strong>cognitu</strong></span> <span class='ocrx_word' id='word_1_735' title='bbox 576 4932 699 4993; x_wconf 84' lang='lat' dir='ltr'><strong>erit.</strong></span> <span class='ocrx_word' id='word_1_736' title='bbox 726 4935 769 4988; x_wconf 90' lang='lat' dir='ltr'><strong>si</strong></span> <span class='ocrx_word' id='word_1_737' title='bbox 795 4940 1153 5004; x_wconf 83' lang='lat' dir='ltr'><strong>cognoscatur</strong></span> <span class='ocrx_word' id='word_1_738' title='bbox 1176 4930 1256 4985; x_wconf 87' lang='lat' dir='ltr'><strong>vis</strong></span> <span class='ocrx_word' id='word_1_739' title='bbox 1280 4929 1431 4985; x_wconf 87' lang='lat' dir='ltr'><strong>verbi</strong></span> <span class='ocrx_word' id='word_1_740' title='bbox 1459 4943 1489 4984; x_wconf 91' lang='lat' dir='ltr'><strong>a</strong></span> <span class='ocrx_word' id='word_1_741' title='bbox 1518 4926 1813 4999; x_wconf 89' lang='lat' dir='ltr'><strong>majoribus</strong></span> <span class='ocrx_word' id='word_1_742' title='bbox 1833 4941 1930 4997; x_wconf 86' lang='lat' dir='ltr'><strong>po-</strong></span> 
     </span>
    </p>
   </div>
   <div class='ocr_carea' id='block_1_89' title="bbox 331 5024 1927 5100">
    <p class='ocr_par' dir='ltr' id='par_1_89' title="bbox 331 5024 1927 5100">
     <span class='ocr_line' id='line_1_89' title="bbox 331 5024 1927 5100; baseline -0.006 -17"><span class='ocrx_word' id='word_1_743' title='bbox 331 5027 442 5094; x_wconf 84' lang='lat' dir='ltr'><strong>siti,</strong></span> <span class='ocrx_word' id='word_1_744' title='bbox 470 5027 611 5098; x_wconf 91' lang='lat' dir='ltr'><strong>quod</strong></span> <span class='ocrx_word' id='word_1_745' title='bbox 642 5024 1263 5100; x_wconf 72' lang='grc' dir='ltr'><strong>όμοούσιονιιοιιιίιιιιιιιιιι</strong></span> <span class='ocrx_word' id='word_1_746' title='bbox 1293 5030 1514 5090; x_wconf 89' lang='lat' dir='ltr'><strong>est,nec</strong></span> <span class='ocrx_word' id='word_1_747' title='bbox 1534 5036 1718 5077; x_wconf 87' lang='lat' dir='ltr'><strong>errare</strong></span> <span class='ocrx_word' id='word_1_748' title='bbox 1740 5035 1927 5092; x_wconf 87' lang='lat' dir='ltr'><strong>quem-</strong></span> 
     </span>
    </p>
   </div>
   <div class='ocr_carea' id='block_1_90' title="bbox 331 5111 1931 5190">
    <p class='ocr_par' dir='ltr' id='par_1_90' title="bbox 331 5111 1931 5190">
     <span class='ocr_line' id='line_1_90' title="bbox 331 5111 1931 5190; baseline -0.003 -20"><span class='ocrx_word' id='word_1_749' title='bbox 331 5134 491 5190; x_wconf 85' lang='lat' dir='ltr'><strong>quam</strong></span> <span class='ocrx_word' id='word_1_750' title='bbox 527 5118 674 5186; x_wconf 81' lang='lat' dir='ltr'><strong>volo,</strong></span> <span class='ocrx_word' id='word_1_751' title='bbox 707 5133 827 5172; x_wconf 89' lang='lat' dir='ltr'><strong>cum</strong></span> <span class='ocrx_word' id='word_1_752' title='bbox 860 5126 1063 5172; x_wconf 88' lang='lat' dir='ltr'><strong>tantum</strong></span> <span class='ocrx_word' id='word_1_753' title='bbox 1110 5115 1177 5172; x_wconf 92' lang='lat' dir='ltr'><strong>de</strong></span> <span class='ocrx_word' id='word_1_754' title='bbox 1226 5123 1377 5186; x_wconf 90' lang='lat' dir='ltr'><strong>patre</strong></span> <span class='ocrx_word' id='word_1_755' title='bbox 1420 5125 1474 5170; x_wconf 91' lang='lat' dir='ltr'><strong>et</strong></span> <span class='ocrx_word' id='word_1_756' title='bbox 1510 5112 1621 5168; x_wconf 88' lang='lat' dir='ltr'><strong>ﬁlio</strong></span> <span class='ocrx_word' id='word_1_757' title='bbox 1660 5111 1931 5185; x_wconf 82' lang='grc' dir='ltr'>όμοούσιον</span> 
     </span>
    </p>
   </div>
   <div class='ocr_carea' id='block_1_91' title="bbox 332 5203 1929 5283">
    <p class='ocr_par' dir='ltr' id='par_1_91' title="bbox 332 5203 1929 5283">
     <span class='ocr_line' id='line_1_91' title="bbox 332 5203 1929 5283; baseline -0.006 -14"><span class='ocrx_word' id='word_1_758' title='bbox 332 5214 525 5270; x_wconf 81' lang='lat' dir='ltr'><strong>dixero</strong></span> <span class='ocrx_word' id='word_1_759' title='bbox 553 5231 566 5269; x_wconf 90' lang='lat'><strong>:</strong></span> <span class='ocrx_word' id='word_1_760' title='bbox 596 5212 719 5283; x_wconf 89' lang='lat' dir='ltr'><strong>quia</strong></span> <span class='ocrx_word' id='word_1_761' title='bbox 748 5211 982 5282; x_wconf 89' lang='lat' dir='ltr'><strong>Spiritus</strong></span> <span class='ocrx_word' id='word_1_762' title='bbox 1026 5218 1245 5266; x_wconf 90' lang='lat' dir='ltr'><strong>sanctus</strong></span> <span class='ocrx_word' id='word_1_763' title='bbox 1273 5219 1327 5264; x_wconf 89' lang='lat' dir='ltr'><strong>et</strong></span> <span class='ocrx_word' id='word_1_764' title='bbox 1369 5222 1400 5263; x_wconf 89' lang='lat' dir='ltr'><strong>a</strong></span> <span class='ocrx_word' id='word_1_765' title='bbox 1432 5217 1583 5279; x_wconf 88' lang='lat' dir='ltr'><strong>patre</strong></span> <span class='ocrx_word' id='word_1_766' title='bbox 1610 5214 1731 5273; x_wconf 88' lang='lat' dir='ltr'><strong>est,</strong></span> <span class='ocrx_word' id='word_1_767' title='bbox 1771 5212 1827 5261; x_wconf 90' lang='lat' dir='ltr'><strong>et</strong></span> <span class='ocrx_word' id='word_1_768' title='bbox 1872 5203 1929 5260; x_wconf 88' lang='lat' dir='ltr'><strong>in</strong></span> 
     </span>
    </p>
   </div>
   <div class='ocr_carea' id='block_1_92' title="bbox 334 5296 1925 5368">
    <p class='ocr_par' dir='ltr' id='par_1_92' title="bbox 334 5296 1925 5368">
     <span class='ocr_line' id='line_1_92' title="bbox 334 5296 1925 5368; baseline -0.005 -7"><span class='ocrx_word' id='word_1_769' title='bbox 334 5305 470 5361; x_wconf 89' lang='lat' dir='ltr'><strong>lilio.</strong></span> <span class='ocrx_word' id='word_1_770' title='bbox 493 5303 622 5360; x_wconf 72' lang='lat' dir='ltr'><strong>Haec</strong></span> <span class='ocrx_word' id='word_1_771' title='bbox 649 5312 827 5359; x_wconf 89' lang='lat' dir='ltr'><strong>autem</strong></span> <span class='ocrx_word' id='word_1_772' title='bbox 858 5303 1000 5359; x_wconf 89' lang='lat' dir='ltr'><strong>ratio</strong></span> <span class='ocrx_word' id='word_1_773' title='bbox 1024 5312 1213 5358; x_wconf 88' lang='lat' dir='ltr'><strong>contra</strong></span> <span class='ocrx_word' id='word_1_774' title='bbox 1237 5301 1493 5368; x_wconf 82' lang='lat' dir='ltr'><strong>Arianos,</strong></span> <span class='ocrx_word' id='word_1_775' title='bbox 1524 5307 1580 5356; x_wconf 90' lang='lat' dir='ltr'><strong>et</strong></span> <span class='ocrx_word' id='word_1_776' title='bbox 1601 5306 1788 5354; x_wconf 90' lang='lat' dir='ltr'><strong>contra</strong></span> <span class='ocrx_word' id='word_1_777' title='bbox 1818 5296 1925 5353; x_wconf 69' lang='lat' dir='ltr'><strong>hae-</strong></span> 
     </span>
    </p>
   </div>
   <div class='ocr_carea' id='block_1_93' title="bbox 334 5390 1932 5467">
    <p class='ocr_par' dir='ltr' id='par_1_93' title="bbox 334 5390 1932 5467">
     <span class='ocr_line' id='line_1_93' title="bbox 334 5390 1932 5467; baseline -0.006 -13"><span class='ocrx_word' id='word_1_778' title='bbox 334 5397 534 5454; x_wconf 87' lang='lat' dir='ltr'><strong>reticos</strong></span> <span class='ocrx_word' id='word_1_779' title='bbox 565 5397 800 5452; x_wconf 83' lang='lat' dir='ltr'><strong>maxime</strong></span> <span class='ocrx_word' id='word_1_780' title='bbox 842 5394 1175 5467; x_wconf 65' lang='lat' dir='ltr'><strong>prtevalebit.</strong></span> <span class='ocrx_word' id='word_1_781' title='bbox 1205 5393 1344 5449; x_wconf 88' lang='lat' dir='ltr'><strong>Esse</strong></span> <span class='ocrx_word' id='word_1_782' title='bbox 1368 5393 1534 5450; x_wconf 91' lang='lat' dir='ltr'><strong>Deum</strong></span> <span class='ocrx_word' id='word_1_783' title='bbox 1562 5390 1830 5457; x_wconf 83' lang='lat' dir='ltr'><strong>fatemur;</strong></span> <span class='ocrx_word' id='word_1_784' title='bbox 1858 5391 1932 5446; x_wconf 92' lang='lat' dir='ltr'><strong>ita</strong></span> 
     </span>
    </p>
   </div>
   <div class='ocr_carea' id='block_1_94' title="bbox 335 5483 1930 5551">
    <p class='ocr_par' dir='ltr' id='par_1_94' title="bbox 335 5483 1930 5551">
     <span class='ocr_line' id='line_1_94' title="bbox 335 5483 1930 5551; baseline -0.005 -4"><span class='ocrx_word' id='word_1_785' title='bbox 335 5499 420 5547; x_wconf 86' lang='lat' dir='ltr'><strong>est</strong></span> <span class='ocrx_word' id='word_1_786' title='bbox 439 5503 561 5546; x_wconf 86' lang='lat' dir='ltr'><strong>esse</strong></span> <span class='ocrx_word' id='word_1_787' title='bbox 585 5506 599 5544; x_wconf 90' lang='lat'><strong>:</strong></span> <span class='ocrx_word' id='word_1_788' title='bbox 625 5486 899 5544; x_wconf 89' lang='lat' dir='ltr'><strong>Christum</strong></span> <span class='ocrx_word' id='word_1_789' title='bbox 926 5486 1278 5543; x_wconf 88' lang='lat' dir='ltr'><strong>lateamnrsic</strong></span> <span class='ocrx_word' id='word_1_790' title='bbox 1294 5500 1417 5542; x_wconf 89' lang='lat' dir='ltr'><strong>esse</strong></span> <span class='ocrx_word' id='word_1_791' title='bbox 1443 5502 1456 5539; x_wconf 86' lang='lat'><strong>:</strong></span> <span class='ocrx_word' id='word_1_792' title='bbox 1482 5484 1588 5541; x_wconf 90' lang='lat' dir='ltr'><strong>isto</strong></span> <span class='ocrx_word' id='word_1_793' title='bbox 1606 5484 1768 5540; x_wconf 90' lang='lat' dir='ltr'><strong>modo</strong></span> <span class='ocrx_word' id='word_1_794' title='bbox 1787 5483 1930 5551; x_wconf 91' lang='lat' dir='ltr'><strong>dico,</strong></span> 
     </span>
    </p>
   </div>
   <div class='ocr_carea' id='block_1_95' title="bbox 335 5576 1935 5651">
    <p class='ocr_par' dir='ltr' id='par_1_95' title="bbox 335 5576 1935 5651">
     <span class='ocr_line' id='line_1_95' title="bbox 335 5576 1935 5651; baseline -0.005 -11"><span class='ocrx_word' id='word_1_795' title='bbox 335 5592 422 5640; x_wconf 89' lang='lat' dir='ltr'><strong>est</strong></span> <span class='ocrx_word' id='word_1_796' title='bbox 445 5583 606 5651; x_wconf 91' lang='lat' dir='ltr'><strong>Deus,</strong></span> <span class='ocrx_word' id='word_1_797' title='bbox 630 5591 714 5638; x_wconf 91' lang='lat' dir='ltr'><strong>est</strong></span> <span class='ocrx_word' id='word_1_798' title='bbox 733 5580 1003 5637; x_wconf 90' lang='lat' dir='ltr'><strong>Christus.</strong></span> <span class='ocrx_word' id='word_1_799' title='bbox 1028 5578 1165 5649; x_wconf 89' lang='lat' dir='ltr'><strong>Quid</strong></span> <span class='ocrx_word' id='word_1_800' title='bbox 1187 5589 1268 5634; x_wconf 89' lang='lat' dir='ltr'><strong>est</strong></span> <span class='ocrx_word' id='word_1_801' title='bbox 1291 5588 1470 5634; x_wconf 88' lang='lat' dir='ltr'><strong>autem</strong></span> <span class='ocrx_word' id='word_1_802' title='bbox 1496 5576 1640 5632; x_wconf 90' lang='lat' dir='ltr'><strong>istud</strong></span> <span class='ocrx_word' id='word_1_803' title='bbox 1669 5576 1827 5633; x_wconf 87' lang='lat' dir='ltr'><strong>esse?</strong></span> <span class='ocrx_word' id='word_1_804' title='bbox 1850 5577 1935 5632; x_wconf 89' lang='lat' dir='ltr'><strong>lu-</strong></span> 
     </span>
    </p>
   </div>
   <div class='ocr_carea' id='block_1_96' title="bbox 336 5671 1937 5749">
    <p class='ocr_par' dir='ltr' id='par_1_96' title="bbox 336 5671 1937 5749">
     <span class='ocr_line' id='line_1_96' title="bbox 336 5671 1937 5749; baseline -0.005 -13"><span class='ocrx_word' id='word_1_805' title='bbox 336 5694 461 5736; x_wconf 90' lang='lat' dir='ltr'><strong>men</strong></span> <span class='ocrx_word' id='word_1_806' title='bbox 485 5693 627 5746; x_wconf 87' lang='lat' dir='ltr'><strong>esse,</strong></span> <span class='ocrx_word' id='word_1_807' title='bbox 653 5676 909 5749; x_wconf 88' lang='lat' dir='ltr'><strong>Spiritum</strong></span> <span class='ocrx_word' id='word_1_808' title='bbox 939 5691 1081 5740; x_wconf 86' lang='lat' dir='ltr'><strong>esse,</strong></span> <span class='ocrx_word' id='word_1_809' title='bbox 1111 5675 1277 5730; x_wconf 90' lang='lat' dir='ltr'><strong>Deum</strong></span> <span class='ocrx_word' id='word_1_810' title='bbox 1300 5687 1442 5738; x_wconf 90' lang='lat' dir='ltr'><strong>esse,</strong></span> <span class='ocrx_word' id='word_1_811' title='bbox 1474 5673 1630 5747; x_wconf 78' lang='grc' dir='ltr'>Λόγον</span> <span class='ocrx_word' id='word_1_812' title='bbox 1653 5687 1774 5727; x_wconf 76' lang='lat' dir='ltr'><strong>esse</strong></span> <span class='ocrx_word' id='word_1_813' title='bbox 1805 5671 1937 5728; x_wconf 87' lang='lat' dir='ltr'><strong>late-</strong></span> 
     </span>
    </p>
   </div>
   <div class='ocr_carea' id='block_1_97' title="bbox 338 5765 1932 5842">
    <p class='ocr_par' dir='ltr' id='par_1_97' title="bbox 338 5765 1932 5842">
     <span class='ocr_line' id='line_1_97' title="bbox 338 5765 1932 5842; baseline -0.004 -13"><span class='ocrx_word' id='word_1_814' title='bbox 338 5785 479 5830; x_wconf 86' lang='lat' dir='ltr'><strong>tnur.</strong></span> <span class='ocrx_word' id='word_1_815' title='bbox 517 5772 657 5842; x_wconf 84' lang='lat' dir='ltr'><strong>Ergo</strong></span> <span class='ocrx_word' id='word_1_816' title='bbox 687 5770 804 5827; x_wconf 69' lang='lat' dir='ltr'><strong>haec</strong></span> <span class='ocrx_word' id='word_1_817' title='bbox 843 5782 1003 5827; x_wconf 89' lang='lat' dir='ltr'><strong>nemo</strong></span> <span class='ocrx_word' id='word_1_818' title='bbox 1042 5777 1202 5841; x_wconf 86' lang='lat' dir='ltr'><strong>negat</strong></span> <span class='ocrx_word' id='word_1_819' title='bbox 1227 5785 1239 5822; x_wconf 90' lang='lat'><strong>:</strong></span> <span class='ocrx_word' id='word_1_820' title='bbox 1267 5766 1369 5823; x_wconf 92' lang='lat' dir='ltr'><strong>hoc</strong></span> <span class='ocrx_word' id='word_1_821' title='bbox 1392 5781 1514 5823; x_wconf 88' lang='lat' dir='ltr'><strong>esse</strong></span> <span class='ocrx_word' id='word_1_822' title='bbox 1537 5765 1712 5823; x_wconf 67' lang='lat' dir='ltr'><strong>Graeci</strong></span> <span class='ocrx_word' id='word_1_823' title='bbox 1742 5767 1932 5834; x_wconf 64' lang='grc' dir='ltr'><strong>οὐσίαν,</strong></span> 
     </span>
    </p>
   </div>
   <div class='ocr_carea' id='block_1_98' title="bbox 337 5851 1936 5935">
    <p class='ocr_par' dir='ltr' id='par_1_98' title="bbox 337 5851 1936 5935">
     <span class='ocr_line' id='line_1_98' title="bbox 337 5851 1936 5935; baseline -0.004 -16"><span class='ocrx_word' id='word_1_824' title='bbox 337 5851 422 5920; x_wconf 53' lang='grc' dir='ltr'><strong>ἔδει</strong></span> <span class='ocrx_word' id='word_1_825' title='bbox 454 5861 740 5922; x_wconf 54' lang='lat' dir='ltr'><strong>inieras-na</strong></span> <span class='ocrx_word' id='word_1_826' title='bbox 789 5861 974 5919; x_wconf 88' lang='lat' dir='ltr'><strong>dicunt</strong></span> <span class='ocrx_word' id='word_1_827' title='bbox 1012 5880 1025 5919; x_wconf 85' lang='grc' dir='ltr'><strong>ι</strong></span> <span class='ocrx_word' id='word_1_828' title='bbox 1057 5874 1155 5918; x_wconf 89' lang='lat' dir='ltr'><strong>nos</strong></span> <span class='ocrx_word' id='word_1_829' title='bbox 1204 5876 1315 5917; x_wconf 90' lang='lat' dir='ltr'><strong>uno</strong></span> <span class='ocrx_word' id='word_1_830' title='bbox 1338 5860 1556 5935; x_wconf 83' lang='lat' dir='ltr'><strong>nomine</strong></span> <span class='ocrx_word' id='word_1_831' title='bbox 1601 5857 1766 5916; x_wconf 81' lang='lat' dir='ltr'><strong>latine</strong></span> <span class='ocrx_word' id='word_1_832' title='bbox 1807 5858 1936 5917; x_wconf 80' lang='lat' dir='ltr'><strong>sub-</strong></span> 
     </span>
    </p>
   </div>
   <div class='ocr_carea' id='block_1_99' title="bbox 2033 4920 3633 4998">
    <p class='ocr_par' dir='ltr' id='par_1_99' title="bbox 2033 4920 3633 4998">
     <span class='ocr_line' id='line_1_99' title="bbox 2033 4920 3633 4998; baseline 0.001 -21"><span class='ocrx_word' id='word_1_833' title='bbox 2033 4926 2167 4998; x_wconf 88' lang='lat' dir='ltr'><strong>ejus.</strong></span> <span class='ocrx_word' id='word_1_834' title='bbox 2219 4920 2599 4976; x_wconf 88' lang='lat' dir='ltr'><strong>Characterem</strong></span> <span class='ocrx_word' id='word_1_835' title='bbox 2653 4921 2797 4976; x_wconf 91' lang='lat' dir='ltr'><strong>enim</strong></span> <span class='ocrx_word' id='word_1_836' title='bbox 2837 4922 2975 4977; x_wconf 88' lang='lat' dir='ltr'><strong>dixit</strong></span> <span class='ocrx_word' id='word_1_837' title='bbox 3015 4922 3277 4993; x_wconf 84' lang='lat' dir='ltr'><strong>Spiritum</strong></span> <span class='ocrx_word' id='word_1_838' title='bbox 3316 4922 3633 4979; x_wconf 65' lang='lat' dir='ltr'><strong>substantia:</strong></span> 
     </span>
    </p>
   </div>
   <div class='ocr_carea' id='block_1_100' title="bbox 2035 5013 3635 5092">
    <p class='ocr_par' dir='ltr' id='par_1_100' title="bbox 2035 5013 3635 5092">
     <span class='ocr_line' id='line_1_100' title="bbox 2035 5013 3635 5092; baseline -0.001 -20"><span class='ocrx_word' id='word_1_839' title='bbox 2035 5015 2151 5072; x_wconf 91' lang='lat' dir='ltr'><strong>Dei.</strong></span> <span class='ocrx_word' id='word_1_840' title='bbox 2204 5013 2345 5070; x_wconf 91' lang='lat' dir='ltr'><strong>Sunt</strong></span> <span class='ocrx_word' id='word_1_841' title='bbox 2384 5013 2488 5068; x_wconf 86' lang='lat' dir='ltr'><strong>alia</strong></span> <span class='ocrx_word' id='word_1_842' title='bbox 2536 5014 2701 5092; x_wconf 72' lang='lat' dir='ltr'><strong>multa</strong></span> <span class='ocrx_word' id='word_1_843' title='bbox 2746 5015 3015 5086; x_wconf 77' lang='lat' dir='ltr'><strong>exempla,</strong></span> <span class='ocrx_word' id='word_1_844' title='bbox 3065 5015 3161 5072; x_wconf 90' lang='lat' dir='ltr'><strong>sed</strong></span> <span class='ocrx_word' id='word_1_845' title='bbox 3213 5016 3343 5087; x_wconf 89' lang='lat' dir='ltr'><strong>quid</strong></span> <span class='ocrx_word' id='word_1_846' title='bbox 3375 5017 3635 5073; x_wconf 85' lang='lat' dir='ltr'><strong>interest?</strong></span> 
     </span>
    </p>
   </div>
   <div class='ocr_carea' id='block_1_101' title="bbox 2034 5105 3633 5177">
    <p class='ocr_par' dir='ltr' id='par_1_101' title="bbox 2034 5105 3633 5177">
     <span class='ocr_line' id='line_1_101' title="bbox 2034 5105 3633 5177; baseline 0.001 -14"><span class='ocrx_word' id='word_1_847' title='bbox 2034 5107 2233 5163; x_wconf 90' lang='lat' dir='ltr'><strong>lectum</strong></span> <span class='ocrx_word' id='word_1_848' title='bbox 2257 5115 2341 5162; x_wconf 89' lang='lat' dir='ltr'><strong>est</strong></span> <span class='ocrx_word' id='word_1_849' title='bbox 2362 5106 2502 5177; x_wconf 88' lang='lat' dir='ltr'><strong>quod</strong></span> <span class='ocrx_word' id='word_1_850' title='bbox 2531 5106 2624 5172; x_wconf 92' lang='lat' dir='ltr'><strong>sit,</strong></span> <span class='ocrx_word' id='word_1_851' title='bbox 2655 5115 2708 5161; x_wconf 88' lang='lat' dir='ltr'><strong>et</strong></span> <span class='ocrx_word' id='word_1_852' title='bbox 2737 5105 2952 5163; x_wconf 87' lang='lat' dir='ltr'><strong>dicatur</strong></span> <span class='ocrx_word' id='word_1_853' title='bbox 2975 5108 3069 5164; x_wconf 90' lang='lat' dir='ltr'><strong>Dei</strong></span> <span class='ocrx_word' id='word_1_854' title='bbox 3090 5107 3415 5165; x_wconf 85' lang='lat' dir='ltr'><strong>substantia.</strong></span> <span class='ocrx_word' id='word_1_855' title='bbox 3445 5109 3513 5165; x_wconf 87' lang='lat' dir='ltr'><strong>Et</strong></span> <span class='ocrx_word' id='word_1_856' title='bbox 3531 5124 3633 5165; x_wconf 88' lang='lat' dir='ltr'><strong>au-</strong></span> 
     </span>
    </p>
   </div>
   <div class='ocr_carea' id='block_1_102' title="bbox 2035 5199 3636 5273">
    <p class='ocr_par' dir='ltr' id='par_1_102' title="bbox 2035 5199 3636 5273">
     <span class='ocr_line' id='line_1_102' title="bbox 2035 5199 3636 5273; baseline 0.001 -15"><span class='ocrx_word' id='word_1_857' title='bbox 2035 5210 2143 5259; x_wconf 87' lang='lat' dir='ltr'><strong>tem</strong></span> <span class='ocrx_word' id='word_1_858' title='bbox 2165 5199 2463 5257; x_wconf 85' lang='lat' dir='ltr'><strong>substantia</strong></span> <span class='ocrx_word' id='word_1_859' title='bbox 2490 5200 2609 5268; x_wconf 92' lang='lat' dir='ltr'><strong>Dei,</strong></span> <span class='ocrx_word' id='word_1_860' title='bbox 2641 5199 2846 5266; x_wconf 91' lang='lat' dir='ltr'><strong>lumen,</strong></span> <span class='ocrx_word' id='word_1_861' title='bbox 2869 5200 3127 5273; x_wconf 83' lang='lat' dir='ltr'><strong>Spiritus,</strong></span> <span class='ocrx_word' id='word_1_862' title='bbox 3151 5201 3313 5258; x_wconf 86' lang='lat' dir='ltr'><strong>Deus.</strong></span> <span class='ocrx_word' id='word_1_863' title='bbox 3345 5202 3475 5258; x_wconf 89' lang='lat' dir='ltr'><strong>Item</strong></span> <span class='ocrx_word' id='word_1_864' title='bbox 3507 5202 3636 5259; x_wconf 90' lang='lat' dir='ltr'><strong>sub-</strong></span> 
     </span>
    </p>
   </div>
   <div class='ocr_carea' id='block_1_103' title="bbox 2035 5292 3640 5370">
    <p class='ocr_par' dir='ltr' id='par_1_103' title="bbox 2035 5292 3640 5370">
     <span class='ocr_line' id='line_1_103' title="bbox 2035 5292 3640 5370; baseline 0.002 -19"><span class='ocrx_word' id='word_1_865' title='bbox 2035 5294 2232 5352; x_wconf 89' lang='lat' dir='ltr'><strong>stantia</strong></span> <span class='ocrx_word' id='word_1_866' title='bbox 2258 5292 2456 5350; x_wconf 88' lang='lat' dir='ltr'><strong>Cbristi</strong></span> <span class='ocrx_word' id='word_1_867' title='bbox 2479 5303 2564 5350; x_wconf 88' lang='lat' dir='ltr'><strong>est</strong></span> <span class='ocrx_word' id='word_1_868' title='bbox 2585 5294 2753 5370; x_wconf 82' lang='grc' dir='ltr'>λόγος,</span> <span class='ocrx_word' id='word_1_869' title='bbox 2772 5293 2975 5363; x_wconf 89' lang='lat' dir='ltr'><strong>lumen,</strong></span> <span class='ocrx_word' id='word_1_870' title='bbox 2997 5292 3263 5351; x_wconf 88' lang='lat' dir='ltr'><strong>Christus.</strong></span> <span class='ocrx_word' id='word_1_871' title='bbox 3286 5295 3422 5352; x_wconf 82' lang='lat' dir='ltr'><strong>Hine</strong></span> <span class='ocrx_word' id='word_1_872' title='bbox 3449 5311 3640 5355; x_wconf 90' lang='lat' dir='ltr'><strong>omnes</strong></span> 
     </span>
    </p>
   </div>
   <div class='ocr_carea' id='block_1_104' title="bbox 2037 5386 3651 5461">
    <p class='ocr_par' dir='ltr' id='par_1_104' title="bbox 2037 5386 3651 5461">
     <span class='ocr_line' id='line_1_104' title="bbox 2037 5386 3651 5461; baseline 0.002 -18"><span class='ocrx_word' id='word_1_873' title='bbox 2037 5403 2167 5445; x_wconf 82' lang='lat' dir='ltr'><strong>vere</strong></span> <span class='ocrx_word' id='word_1_874' title='bbox 2192 5387 2424 5445; x_wconf 90' lang='lat' dir='ltr'><strong>dicimus</strong></span> <span class='ocrx_word' id='word_1_875' title='bbox 2443 5386 2720 5445; x_wconf 90' lang='lat' dir='ltr'><strong>Christum</strong></span> <span class='ocrx_word' id='word_1_876' title='bbox 2742 5403 2930 5445; x_wconf 83' lang='lat' dir='ltr'><strong>verum</strong></span> <span class='ocrx_word' id='word_1_877' title='bbox 2958 5387 3141 5444; x_wconf 89' lang='lat' dir='ltr'><strong>lumen</strong></span> <span class='ocrx_word' id='word_1_878' title='bbox 3171 5387 3238 5443; x_wconf 89' lang='lat' dir='ltr'><strong>de</strong></span> <span class='ocrx_word' id='word_1_879' title='bbox 3259 5402 3389 5445; x_wconf 83' lang='lat' dir='ltr'><strong>vero</strong></span> <span class='ocrx_word' id='word_1_880' title='bbox 3414 5388 3651 5461; x_wconf 85' lang='lat' dir='ltr'><strong>lumine,</strong></span> 
     </span>
    </p>
   </div>
   <div class='ocr_carea' id='block_1_105' title="bbox 2040 5485 3640 5559">
    <p class='ocr_par' dir='ltr' id='par_1_105' title="bbox 2040 5485 3640 5559">
     <span class='ocr_line' id='line_1_105' title="bbox 2040 5485 3640 5559; baseline 0.003 -16"><span class='ocrx_word' id='word_1_881' title='bbox 2040 5486 2209 5543; x_wconf 91' lang='lat' dir='ltr'><strong>Deum</strong></span> <span class='ocrx_word' id='word_1_882' title='bbox 2237 5485 2307 5544; x_wconf 89' lang='lat' dir='ltr'><strong>de</strong></span> <span class='ocrx_word' id='word_1_883' title='bbox 2340 5486 2490 5543; x_wconf 90' lang='lat' dir='ltr'><strong>Deo:</strong></span> <span class='ocrx_word' id='word_1_884' title='bbox 2526 5496 2676 5544; x_wconf 90' lang='lat' dir='ltr'><strong>recte</strong></span> <span class='ocrx_word' id='word_1_885' title='bbox 2705 5503 2834 5558; x_wconf 85' lang='lat' dir='ltr'><strong>ergo</strong></span> <span class='ocrx_word' id='word_1_886' title='bbox 2867 5487 3065 5543; x_wconf 89' lang='lat' dir='ltr'><strong>dicitur</strong></span> <span class='ocrx_word' id='word_1_887' title='bbox 3093 5486 3336 5559; x_wconf 81' lang='lat' dir='ltr'><strong>ejusdem</strong></span> <span class='ocrx_word' id='word_1_888' title='bbox 3367 5503 3489 5545; x_wconf 90' lang='lat' dir='ltr'><strong>esse</strong></span> <span class='ocrx_word' id='word_1_889' title='bbox 3512 5490 3640 5547; x_wconf 92' lang='lat' dir='ltr'><strong>sub-</strong></span> 
     </span>
    </p>
   </div>
   <div class='ocr_carea' id='block_1_106' title="bbox 2035 5578 3633 5654">
    <p class='ocr_par' dir='ltr' id='par_1_106' title="bbox 2035 5578 3633 5654">
     <span class='ocr_line' id='line_1_106' title="bbox 2035 5578 3633 5654; baseline 0.003 -19"><span class='ocrx_word' id='word_1_890' title='bbox 2035 5580 2279 5647; x_wconf 59' lang='lat' dir='ltr'><strong>stantias,</strong></span> <span class='ocrx_word' id='word_1_891' title='bbox 2310 5579 2412 5636; x_wconf 89' lang='lat' dir='ltr'><strong>hoc</strong></span> <span class='ocrx_word' id='word_1_892' title='bbox 2452 5589 2539 5636; x_wconf 89' lang='lat' dir='ltr'><strong>est</strong></span> <span class='ocrx_word' id='word_1_893' title='bbox 2563 5579 2850 5653; x_wconf 78' lang='grc' dir='ltr'><strong>ὁμοούσιον.</strong></span> <span class='ocrx_word' id='word_1_894' title='bbox 2874 5578 3141 5635; x_wconf 83' lang='lat' dir='ltr'><strong>Fatemini</strong></span> <span class='ocrx_word' id='word_1_895' title='bbox 3169 5594 3299 5652; x_wconf 87' lang='lat' dir='ltr'><strong>ergo</strong></span> <span class='ocrx_word' id='word_1_896' title='bbox 3343 5579 3633 5654; x_wconf 80' lang='grc' dir='ltr'><strong>όμοούσιον,</strong></span> 
     </span>
    </p>
   </div>
   <div class='ocr_carea' id='block_1_107' title="bbox 2039 5670 3632 5742">
    <p class='ocr_par' dir='ltr' id='par_1_107' title="bbox 2039 5670 3632 5742">
     <span class='ocr_line' id='line_1_107' title="bbox 2039 5670 3632 5742; baseline 0 -13"><span class='ocrx_word' id='word_1_897' title='bbox 2039 5686 2164 5729; x_wconf 90' lang='lat' dir='ltr'><strong>cum</strong></span> <span class='ocrx_word' id='word_1_898' title='bbox 2190 5672 2370 5729; x_wconf 89' lang='lat' dir='ltr'><strong>dicitis</strong></span> <span class='ocrx_word' id='word_1_899' title='bbox 2396 5672 2576 5729; x_wconf 89' lang='lat' dir='ltr'><strong>lumen</strong></span> <span class='ocrx_word' id='word_1_900' title='bbox 2606 5672 2676 5728; x_wconf 90' lang='lat' dir='ltr'><strong>de</strong></span> <span class='ocrx_word' id='word_1_901' title='bbox 2705 5673 2931 5742; x_wconf 89' lang='lat' dir='ltr'><strong>lumine,</strong></span> <span class='ocrx_word' id='word_1_902' title='bbox 2970 5672 3134 5727; x_wconf 88' lang='lat' dir='ltr'><strong>Deum</strong></span> <span class='ocrx_word' id='word_1_903' title='bbox 3165 5670 3233 5728; x_wconf 91' lang='lat' dir='ltr'><strong>de</strong></span> <span class='ocrx_word' id='word_1_904' title='bbox 3258 5672 3389 5741; x_wconf 83' lang='lat' dir='ltr'><strong>Deo,</strong></span> <span class='ocrx_word' id='word_1_905' title='bbox 3415 5687 3513 5729; x_wconf 90' lang='lat' dir='ltr'><strong>cur</strong></span> <span class='ocrx_word' id='word_1_906' title='bbox 3542 5689 3632 5729; x_wconf 85' lang='lat' dir='ltr'><strong>re-</strong></span> 
     </span>
    </p>
   </div>
   <div class='ocr_carea' id='block_1_108' title="bbox 2042 5763 3635 5840">
    <p class='ocr_par' dir='ltr' id='par_1_108' title="bbox 2042 5763 3635 5840">
     <span class='ocr_line' id='line_1_108' title="bbox 2042 5763 3635 5840; baseline 0.001 -17"><span class='ocrx_word' id='word_1_907' title='bbox 2042 5766 2332 5840; x_wconf 82' lang='lat' dir='ltr'><strong>pugnatis?</strong></span> <span class='ocrx_word' id='word_1_908' title='bbox 2354 5775 2638 5838; x_wconf 89' lang='lat' dir='ltr'><strong>propterea</strong></span> <span class='ocrx_word' id='word_1_909' title='bbox 2654 5764 2797 5838; x_wconf 90' lang='lat' dir='ltr'><strong>quod</strong></span> <span class='ocrx_word' id='word_1_910' title='bbox 2814 5775 2898 5822; x_wconf 87' lang='lat' dir='ltr'><strong>est</strong></span> <span class='ocrx_word' id='word_1_911' title='bbox 2929 5765 3213 5822; x_wconf 70' lang='lat' dir='ltr'><strong>Gnaeum?</strong></span> <span class='ocrx_word' id='word_1_912' title='bbox 3235 5763 3380 5840; x_wconf 82' lang='grc' dir='ltr'>Ὀμο,</span> <span class='ocrx_word' id='word_1_913' title='bbox 3404 5766 3510 5823; x_wconf 89' lang='lat' dir='ltr'><strong>tale</strong></span> <span class='ocrx_word' id='word_1_914' title='bbox 3530 5775 3635 5840; x_wconf 80' lang='lat' dir='ltr'><strong>est,</strong></span> 
     </span>
    </p>
   </div>
   <div class='ocr_carea' id='block_1_109' title="bbox 2039 5835 3638 5932">
    <p class='ocr_par' dir='ltr' id='par_1_109' title="bbox 2039 5835 3638 5932">
     <span class='ocr_line' id='line_1_109' title="bbox 2039 5835 3638 5932; baseline -0.001 -18"><span class='ocrx_word' id='word_1_915' title='bbox 2039 5835 2099 5915; x_wconf 70' lang='lat' dir='ltr'><strong>iit</strong></span> <span class='ocrx_word' id='word_1_916' title='bbox 2121 5835 2236 5915; x_wconf 38' lang='lat' dir='ltr'><strong>&#39;Ctti</strong></span> <span class='ocrx_word' id='word_1_917' title='bbox 2278 5835 2521 5929; x_wconf 73' lang='lat' dir='ltr'><strong>jungitur</strong></span> <span class='ocrx_word' id='word_1_918' title='bbox 2546 5835 2688 5917; x_wconf 64' lang='lat' dir='ltr'><strong>nunc</strong></span> <span class='ocrx_word' id='word_1_919' title='bbox 2713 5856 2978 5932; x_wconf 76' lang='lat' dir='ltr'><strong>signiticet</strong></span> <span class='ocrx_word' id='word_1_920' title='bbox 3000 5848 3241 5930; x_wconf 70' lang='lat' dir='ltr'><strong>ejusdem</strong></span> <span class='ocrx_word' id='word_1_921' title='bbox 3274 5835 3372 5927; x_wconf 69' lang='lat' dir='ltr'><strong>rei,</strong></span> <span class='ocrx_word' id='word_1_922' title='bbox 3400 5851 3542 5916; x_wconf 76' lang='lat' dir='ltr'><strong>nilne</strong></span> <span class='ocrx_word' id='word_1_923' title='bbox 3565 5835 3638 5917; x_wconf 64' lang='lat' dir='ltr'><strong>sia</strong></span> 
     </span>
    </p>
   </div>
  </div>
