4024 6306
450 284 589 340 H59

1734 227 1926 341 MARll
1970 277 2313 341 VlCTUlilNl
2352 283 2390 334 Λ
2403 279 2515 343 FN

3603 282 3722 341 (ιω

446 396 559 451 mul
582 409 704 450 cum
727 409 787 450 re
808 408 897 451 res
926 405 1029 461 est,
1065 401 1251 466 utputa
1274 392 1505 464 species,
1536 392 1679 463 quod
1708 392 1894 448 Crtcce
1917 390 2049 457 εἶδος
2078 402 2127 465 Α
2155 396 2266 451 sius
2297 393 2597 449 substantia
2618 393 2951 467 intelligitur.
2977 387 3106 448 Nam
3138 392 3282 449 aliud
3313 394 3550 471 CSlquod
3578 411 3605 448 a
3631 399 3725 459 Deo

449 487 964 560 diciturjunguntur
997 488 1094 542 ista
1128 487 1222 561 όμο
1252 495 1306 542 et
1334 481 1486 552 εἶδος,
1515 493 1570 542 et
1609 486 1877 558 signiﬁcat
1902 487 2049 559 ejus-

455 584 580 640 dem
611 582 851 655 speciei:
880 580 957 637 sic
996 580 1290 656 όμὼνυμον,
1334 578 1577 652 ejusdem
1622 579 1874 638 nominis.
1912 581 2051 652 Ergo

455 694 579 736 cum
618 677 862 749 jungitur
888 675 953 731 ad
1006 677 1187 732 οὐσίαν
1232 674 1345 749 ὁμο,
1390 662 1447 755 ii}
1476 673 1765 750 ὁμοούσιον,
1811 672 2053 745 ejusdem

458 740 661 837 οὐσίαξ,
689 740 749 826 id
766 777 850 826 est
872 768 1115 840 ejusdem
1145 740 1483 854 substantiiit.
1505 740 1587 823 lix
1618 767 1719 823 hoc
1748 740 2056 823 excluditur

452 868 640 933 Arius,
663 865 752 938 qui
775 864 930 934 dixit,
952 880 1015 919 ex
1042 862 1209 919 nihilo
1232 846 1523 925 Christum
1550 861 1682 919 item
1710 862 1940 918 diximus
1961 860 2056 937 ὁμο

456 962 587 1038 ὁμου
618 960 953 1032 signiﬁcare,
984 973 1107 1014 cum
1128 956 1368 1030 jungitur
1389 957 1499 1023 rei,
1526 956 1657 1012 nihil
1684 956 1867 1024 aliud,
1895 971 2053 1028 quam

458 1054 626 1111 simul
658 1068 778 1113 esse
800 1068 913 1107 rem
937 1051 1139 1118 dicere,
1161 1060 1217 1105 ut
1240 1050 1507 1123 όμοηλικὴς
1530 1050 1687 1106 simul
1727 1065 1830 1105 una
1860 1059 2018 1109 mtalc
2037 1092 2054 1119 ,

460 1159 515 1207 et
540 1150 873 1233 ὁμοτρόφονς,
920 1147 1047 1225 ὁμοῦ
1087 1149 1391 1225 τραφέντας,
1440 1145 1598 1203 simul
1630 1144 1902 1200 nutritas?
1927 1159 2059 1219 ergo

464 1244 753 1323 ὁμοούσιον,
802 1242 959 1297 simul
1006 1239 1359 1295 substantialc
1399 1237 1662 1321 dicemus,
1703 1236 1785 1292 vel
1825 1237 2059 1294 consub-

456 1338 727 1399 stantiale.
759 1337 901 1393 Ecce
944 1335 1207 1391 habemus
1233 1343 1287 1388 et
1328 1332 1494 1389 latine
1539 1331 1799 1409 nomina:
1841 1330 1983 1409 quod
2012 1330 2058 1387 si

456 1436 529 1491 ita
552 1442 658 1502 est,
708 1443 763 1490 et
809 1449 875 1489 es
909 1431 1014 1489 hoc
1050 1430 1354 1487 excluditur
1400 1408 1581 1499 Arius,
1623 1429 1713 1501 qui
1760 1428 1916 1500 dixit,
1958 1430 2060 1505 fuit

459 1527 664 1597 quando
686 1542 787 1581 non
823 1527 942 1600 fuit.
982 1525 1190 1579 Etenim
1237 1526 1281 1583 si
1331 1512 1840 1595 dicimussempcr
1884 1534 2057 1594 pater,

460 1602 681 1693 semper
709 1618 867 1689 ﬁlius,
899 1627 953 1673 et
977 1617 1020 1671 si
1047 1614 1227 1689 (Joan.
1258 1630 1296 1680 ι,
1321 1612 1376 1686 1)
1405 1614 1461 1669 in
1506 1602 1759 1696 principio
1783 1623 1890 1669 erat
1914 1614 2061 1690 λόγος

461 1722 507 1767 et
538 1713 698 1789 Λόγος
735 1710 878 1785 apud
911 1709 1097 1778 Deum,
1122 1707 1374 1780 quoniam
1407 1705 1731 1781 principium
1778 1707 1896 1762 sine
1934 1718 2057 1762 ortu

2158 497 2243 545 est
2268 506 2280 543 :
2313 503 2435 544 nam
2465 489 2647 544 omnia
2674 504 2704 545 a
2734 488 2866 557 Deo,
2893 486 3141 544 Christus
3170 496 3350 546 autem
3385 488 3452 547 de
3480 490 3589 553 Deo
3612 499 3687 545 cst
3711 509 3725 553 ;

2157 583 2273 653 ipse
2324 598 2457 639 vero
2506 582 2753 641 Christus
2799 584 2961 660 Λόγος
3011 589 3115 650 est,
3168 583 3253 640 vel
3299 583 3455 661 Λόγος
3502 580 3729 649 Christus

2156 685 2260 733 est.

2230 769 2319 828 iV.
2349 770 2627 828 Postremo
2654 772 2876 843 quaerite
2906 773 3032 844 quid
3063 770 3135 830 sit
3159 772 3318 850 Λόγος
3338 813 3353 839 ,
3383 780 3437 831 et
3464 771 3732 835 invenietis

2164 867 2331 944 Λόγος
2358 866 2426 923 de
2473 866 2643 923 nihilo
2672 882 2793 926 esse
2821 883 2925 925 non
2958 883 3136 943 posse.
3171 868 3276 931 Sed
3304 868 3380 926 illi
3409 885 3503 928 vos
3524 869 3733 942 fallunt,

2158 958 2260 1029 illi,
2281 959 2615 1033 inquam,qui
2633 976 2737 1017 non
2759 960 3125 1033 intelligentes
3140 962 3355 1023 modum
3374 962 3736 1037 generationis,

2160 1052 2350 1109 dicunt
2377 1052 2512 1127 (lsa.
2545 1070 2659 1127 Lm,
2688 1055 2766 1128 8),
2798 1053 3127 1115 Nativitatem
3154 1054 3359 1113 Domini
3382 1056 3493 1137 quis
3513 1073 3740 1115 enarrare

2164 1145 2371 1216 potest?
2417 1146 2654 1202 Primum
2683 1146 2751 1203 de
2780 1146 3087 1209 hominibus
3118 1147 3315 1211 dictum
3346 1148 3518 1209 videri
3558 1158 3739 1221 potest,

2162 1236 2325 1310 quis?
2350 1239 2458 1307 vel,
2487 1254 2668 1296 nemo.
2691 1239 2922 1315 Spiritus
2944 1248 3123 1303 autem
3147 1249 3363 1303 sanctus
3387 1250 3443 1305 et
3461 1242 3741 1315 insinuare,

2163 1339 2220 1388 et
2240 1346 2460 1389 narrare
2504 1340 2696 1409 potest.
2752 1332 2907 1391 Unde
2950 1344 3007 1395 et
3039 1350 3139 1397 nos
3179 1335 3276 1399 Dei
3303 1336 3503 1413 patris,
3532 1344 3586 1393 et
3627 1336 3743 1397 Jcsn

2162 1423 2365 1485 Christi
2425 1424 2635 1483 Domini
2682 1426 2855 1487 uestri
2905 1426 3175 1503 permissu
3210 1428 3487 1499 diximus;
3515 1438 3570 1491 et
3608 1436 3744 1495 cette

2166 1533 2274 1577 non
2305 1517 2649 1589 deeperatum
2676 1518 2777 1579 hoc
2803 1562 2818 1595 ,
2859 1520 2954 1577 sed
2976 1538 3098 1583 cum
3126 1522 3385 1587 miraculo
3420 1522 3627 1585 dictum
3654 1532 3745 1585 est.

2166 1609 2370 1666 Deinde
2395 1608 2467 1669 sit
2510 1610 2700 1666 modus
2729 1612 3093 1687 generationis
3145 1612 3382 1686 ignotus,
3413 1630 3514 1673 nos
3547 1615 3613 1677 de
3632 1616 3747 1677 sub-

2115 1760 2126 1770 ,
2169 1701 2374 1760 stantia
2416 1702 2687 1777 loquimur
2717 1720 2730 1758 :
2764 1704 2808 1760 si
2841 1713 2992 1777 pater
3017 1713 3075 1761 et
3105 1705 3278 1779 illius,
3303 1705 3599 1779 ὁμοούσιον.
3623 1707 3753 1775 Quo.

461 1814 566 1873 est,
584 1814 640 1862 et
660 1806 776 1862 sine
802 1813 1047 1876 tempore
1078 1817 1294 1874 semper
1318 1799 1418 1855 fuit
1447 1800 1588 1855 Deus
1608 1843 1622 1869 ,
1653 1815 1868 1871 semper
1890 1800 2063 1877 λόγος,
2093 1793 2143 1859 Β
2172 1792 2334 1851 modo
2354 1801 2535 1849 autem
2565 1793 2707 1851 Deus
2731 1804 2904 1875 pater,
2936 1803 2991 1852 et
3018 1796 3290 1873 quomodo
3318 1798 3483 1873 Λόγος
3513 1798 3651 1855 ﬁlius
3670 1801 3750 1873 sit,

462 1916 680 1981 semper
708 1907 884 1972 pater,
911 1913 1128 1973 semper
1148 1895 1310 1955 ﬁlius.
1344 1896 1457 1951 iloe
1479 1894 1525 1951 si
1553 1896 1626 1951 ita
1647 1903 1753 1964 est,
1782 1895 2064 1951 exclusum

465 2004 571 2065 est,
601 2002 661 2051 ut
688 1992 822 2065 dixi,
852 1992 949 2063 fuit
992 1992 1199 2071 quando
1226 2007 1328 2047 non
1370 1990 1490 2069 fuit.
1537 1988 1678 2044 Ecce
1707 1995 1791 2044 est
1833 1988 1885 2043 in
1917 1995 2067 2045 utro-

466 2101 572 2158 que
600 2085 892 2160 όμοούσιον,
915 2092 1102 2140 contra
1132 2081 1320 2139 Arium
1350 2082 1581 2153 positum
1603 2122 1618 2151 ,
1648 2079 2067 2159 universamque

466 2178 581 2235 Arii
611 2177 885 2237 hmresim.

539 2269 630 2325 lli.
662 2269 787 2328 Haec
824 2268 870 2329 si
899 2283 1026 2324 vera
1071 2275 1230 2336 sunt,
1262 2265 1491 2339 accipite
1520 2264 1787 2339 όμοούσιον
1818 2281 1833 2321 :
1869 2279 1991 2319 nam
2023 2263 2066 2320 si

469 2379 576 2419 non
610 2362 794 2428 vultis,
828 2361 1020 2419 novelli
1050 2361 1164 2417 Arii
1194 2377 1299 2417 non
1331 2360 1530 2417 latetis.
1561 2359 1666 2416 Sed
1691 2367 1753 2415 ut
1776 2375 1841 2414 ex
1873 2359 2069 2416 vestris

467 2455 678 2511 actilius
707 2455 910 2511 clarum
960 2462 1063 2522 est,
1092 2453 1272 2509 dicitis
1316 2452 1532 2527 quidem
1584 2451 1857 2511 Christum
1899 2452 2071 2507 Deum

469 2549 537 2604 de
569 2549 701 2615 Deo,
736 2548 913 2603 lumen
945 2546 1014 2603 de
1045 2546 1278 2611 lumine;
1313 2561 1498 2602 verum
1532 2546 1753 2611 factum,
1783 2552 1943 2616 atque
1967 2542 2071 2601 hoc

472 2642 633 2701 modo
663 2650 843 2701 natum
867 2657 974 2696 non
1004 2640 1070 2697 de
1099 2639 1402 2701 substantia
1433 2639 1558 2707 Dei,
1585 2654 1645 2695 se
1667 2639 1734 2694 de
1758 2637 1925 2692 nihilo
1946 2680 1960 2705 ,
1994 2635 2075 2693 id-

468 2754 575 2810 que
604 2737 672 2794 ab
698 2737 818 2791 aliis
846 2735 1037 2807 cogitis
1070 2752 1164 2804 per
1208 2742 1525 2805 argumenta
1557 2742 1734 2789 vestra
1758 2776 1772 2800 ,
1798 2741 1856 2788 ut
1887 2731 2075 2789 audire

472 2830 695 2901 possitis
722 2830 891 2901 magis
921 2845 1080 2900 quam
1095 2828 1287 2884 dicatis
1315 2828 1439 2899 ipsi,
1459 2836 1515 2884 et
1535 2843 1701 2900 quare
1727 2828 2077 2899 argumenta?

2170 1892 2388 1965 cognitu
2434 1890 2675 1951 difﬁcile.
2709 1891 2861 1953 Nunc
2899 1902 3077 1955 autem
3130 1892 3233 1950 hoc
3277 1909 3383 1955 nou
3410 1895 3621 1952 videtur
3646 1911 3755 1955 esse

2171 1982 2521 2063 quaerendum
2548 2001 2562 2041 :
2604 1986 2750 2055 prius
2776 1986 2918 2040 enim
2942 1984 3306 2049 conﬁtendum
3325 2028 3340 2056 ,
3370 1987 3519 2059 quod
3547 1987 3615 2047 de
3640 1988 3755 2045 sub-

2173 2077 2369 2133 stantia
2398 2077 2566 2151 patris
2595 2075 2737 2132 ﬁlius
2762 2120 2777 2149 ,
2808 2086 2863 2134 et
2890 2075 2970 2135 sic
2996 2077 3269 2157 quomodo
3320 2078 3499 2148 illius;
3532 2081 3621 2159 qui
3658 2096 3757 2139 mo-

2173 2171 2275 2228 dus
2305 2179 2389 2228 est
2414 2186 2541 2231 vere
2568 2168 2828 2245 difﬁcilis,
2850 2179 2905 2229 et
2932 2186 2962 2226 a
2989 2172 3146 2229 nobis
3165 2172 3291 2228 alibi
3323 2180 3607 2233 tractatus.
3633 2173 3758 2245 Ergo

2176 2281 2319 2323 nime
2363 2265 2431 2322 de
2471 2265 2763 2339 όμοούσιον,
2812 2274 2960 2323 certe
2999 2277 3059 2322 ut
3106 2266 3335 2325 satisfiat
3357 2267 3514 2327 vobis
3567 2250 3769 2342 (paceni

2176 2360 2320 2417 enim
2346 2359 2594 2416 volumus
2614 2374 2736 2416 cum
2756 2359 3054 2433 omnibus),
3082 2359 3341 2419 habemus
3371 2361 3646 2437 quomodo
3678 2377 3760 2423 ex-

2176 2455 2473 2530 primamus
2502 2452 2768 2529 όμοούσιον
2788 2494 2803 2520 ,
2836 2450 3067 2525 primum
3095 2453 3561 2511 consubstantiale
3589 2452 3670 2510 vel
3698 2453 3761 2513 si-

2178 2547 2290 2603 mul
2312 2546 2787 2605 consubstantiale.
2809 2545 3011 2603 Deinde
3035 2547 3081 2602 si
3102 2547 3331 2605 dicimus
3356 2548 3529 2609 Deum
3550 2548 3617 2605 de
3642 2548 3758 2623 Deo,

2178 2640 2362 2697 lumen
2394 2640 2462 2699 de
2499 2638 2700 2696 lumine
2728 2640 2949 2697 :iumen
2981 2647 3162 2698 autem
3197 2648 3351 2714 pater
3399 2648 3489 2698 est
3512 2684 3527 2711 ,
3561 2642 3681 2697 item
3706 2640 3759 2696 ﬁ-

2179 2734 2282 2797 lius
2321 2735 2500 2789 lumen
2536 2751 2550 2789 :
2577 2750 2699 2793 cum
2728 2733 2973 2792 dicamus
2995 2736 3119 2808 quia
3150 2734 3203 2790 in
3238 2744 3390 2819 patre
3411 2744 3501 2791 est
3527 2735 3694 2801 ﬁlius,
3717 2742 3764 2793 et

2181 2829 2235 2889 in
2266 2830 2378 2890 ﬁlio
2406 2836 2559 2903 pater
2603 2836 2707 2901 est,
2758 2828 3000 2885 dicamus
3039 2828 3201 2889 etiam
3232 2829 3321 2907 qui
3364 2839 3517 2890 recte
3552 2829 3762 2889 dicimus

479 2927 524 2983 Ο
550 2926 724 2992 Deus,
771 2942 804 2979 ο
838 2924 1078 2991 Christe,
1119 2939 1413 2980 succurre:
1443 2924 1488 2978 si
1532 2923 1600 2979 de
1658 2923 1767 2978 Deo
1812 2930 1969 2977 natus
1998 2929 2082 2977 est
2185 2924 2349 2980 Deum
2377 2921 2445 2978 de
2469 2923 2616 2984 Deo.
2665 2921 2843 2978 iumen
2882 2920 2951 2977 de
2977 2921 3215 2976 lumine:
3249 2920 3393 2992 quod
3437 2937 3625 2977 verum
3652 2921 3762 2983 erit,

479 3020 751 3085 Christus,
785 3027 877 3074 aut
901 3019 1105 3074 divisus
1142 3028 1235 3074 aut
1279 3017 1521 3073 minutus
1543 3026 1627 3074 est
1653 3018 1809 3075 Deus.
1846 3018 1970 3073 llaec
1995 3026 2077 3073 at-

474 3128 581 3183 que
627 3112 932 3183 hujusmodi
975 3111 1190 3183 indigna
1227 3126 1375 3194 stepe
1422 3110 1673 3181 profertis
1700 3111 1851 3181 quasi
1880 3126 2078 3181 corpus

2181 3025 2238 3071 et
2285 3016 2500 3087 plenum
2553 3014 2945 3089 ὁμοσύσιον.Α11
2990 3013 3290 3070 dubitatis?
3333 3015 3478 3082 Quid
3516 3014 3563 3071 si
3591 3024 3643 3069 et
3677 3015 3765 3068 hoc

2186 3111 2386 3175 lectum
2455 3110 2577 3166 est?
2649 3109 2985 3182 blasphemia
3029 3118 3113 3165 est
3162 3109 3557 3167 contradicere.
3617 3107 3765 3164 Dav.d

474 3208 708 3282 sitDeus
736 3249 749 3273 ,
778 3216 870 3262 aut
892 3221 1208 3276 corporeus,
1233 3189 1333 3260 aut
1362 3206 1483 3278 her
1510 3223 1523 3259 :
1554 3205 1673 3260 heic
1709 3205 1852 3261 enim
1880 3196 2074 3260 divisio
2102 3189 2149 3256 C
2179 3205 2203 3276 (
2231 3203 2428 3259 Psalm.
2484 3219 2626 3259 xxxv
2651 3245 2666 3270 ,
2717 3203 2829 3275 10)
2885 3219 2899 3257 :
2979 3203 3073 3258 Est
3136 3204 3279 3259 enim
3344 3203 3465 3273 [om
3520 3204 3672 3269 vim;
3713 3210 3767 3256 et

478 3301 564 3355 vel
592 3300 874 3355 diminutio
898 3308 1075 3371 potest
1094 3315 1234 3356 esse.
1258 3299 1362 3355 Sed
1391 3300 1458 3355 de
1482 3301 1584 3353 isto
1609 3299 1772 3359 multa
1793 3300 1908 3370 jam
1937 3299 2075 3366 disi.

480 3408 624 3459 mus,
654 3392 1110 3467 quemadmodum
1140 3394 1190 3453 in
1218 3392 1436 3459 divinis,
1462 3394 1513 3455 in
1547 3394 1884 3466 incorporale
1906 3394 2074 3455 maxi-

479 3500 674 3556 meque
708 3486 758 3540 in
791 3486 967 3539 anima
989 3526 1005 3554 ,
1050 3485 1101 3539 in
1134 3484 1355 3556 spiritu,
1393 3486 1445 3538 in
1480 3493 1699 3558 mente,
1740 3494 1796 3541 et
1821 3486 1987 3567 magis
2022 3488 2073 3542 in

480 3580 592 3639 Deo
639 3586 734 3641 aut
771 3585 949 3639 uictus
993 3578 1103 3649 sit,
1133 3584 1226 3639 aut
1274 3585 1455 3657 partus
1490 3577 1834 3639 omnimodis.
1861 3579 2074 3641 Etenim

478 3672 713 3747 perfecta
743 3688 916 3743 neque
937 3673 1141 3745 augeri,
1165 3686 1341 3753 neque
1370 3672 1537 3733 minui
1564 3680 1811 3748 possunt,
1842 3672 2077 3735 maxime

476 3767 617 3827 circa
647 3765 1027 3832 substantiam,
1049 3766 1301 3849 αὐτόγονοι
1330 3762 1472 3823 enim
1513 3779 1635 3821 cum
1676 3774 1877 3827 suntet
1923 3768 2075 3829 αὐτο-

476 3857 697 3934 δύναμοι,
738 3858 805 3919 de
839 3858 947 3921 Deo
967 3858 1091 3923 dico
1119 3858 1187 3922 de
1215 3856 1430 3933 spiritu,
1466 3858 1643 3932 qualia
1675 3858 1790 3931 ipsa
1813 3867 1957 3926 sunt,
1988 3868 2074 3923 ta-

478 3954 549 4009 lia
577 3954 831 4013 emittunt
873 3968 1019 4009 :nec
1062 3953 1132 4008 ibi
1174 3954 1453 4027 generatio
1494 3953 1867 4015 immutatione
1915 3970 2081 4031 gene-

412 4120 425 4129 h
477 4046 639 4112 ratio,
669 4060 848 4123 neque
868 4044 975 4103 ulla
1002 4044 1185 4121 passio
1213 4044 1310 4117 ἰΙή,
1337 4045 1424 4101 vel
1448 4045 1730 4116 phantasia
1757 4047 1935 4119 aliqua
1954 4062 2077 4123 pas-

478 4135 665 4191 sionis.
693 4136 901 4197 interea
932 4133 1017 4191 his
1046 4136 1344 4193 rationibus
1373 4138 1569 4194 vestris
1603 4137 1727 4208 quid
1764 4139 1955 4221 cogitis
1978 4155 2079 4204 nos

476 4227 635 4287 fateri
663 4228 731 4285 de
777 4228 945 4307 nihilo
990 4230 1261 4285 Christum
1300 4245 1424 4291 esse
1466 4233 1687 4288 natum?
1714 4231 1851 4295 Num
1901 4236 2079 4299 minor

474 4328 655 4378 vestra
705 4320 1040 4395 blasphemia
1088 4329 1193 4393 est,
1226 4338 1348 4378 cum
1394 4338 1489 4380 vos
1544 4327 1733 4381 eadem
1781 4325 2078 4391 sentiatis?

477 4410 587 4468 Aut
604 4428 701 4473 cur
725 4427 830 4469 non
847 4421 930 4475 est
952 4420 1139 4484 aperta
1163 4420 1340 4471 vestra
1364 4414 1652 4489 professio,
1674 4415 1722 4473 si
1744 4417 1814 4473 ita
1836 4419 2079 4484 sentitis?

476 4504 682 4563 Verum
705 4507 975 4566 contraria
1008 4522 1104 4567 vos
1145 4508 1291 4583 loqui
1320 4525 1428 4565 non
1451 4509 1644 4567 videtis
1674 4529 1688 4567 :
1722 4512 1903 4575 dicitis
1928 4516 2073 4579 enim

2180 3299 2409 3375 (Passim,
2442 3299 2596 3368 ibid.)
2625 3316 2643 3354 :
2668 3297 2735 3354 In
2762 3299 2957 3354 tantine
2977 3309 3063 3354 tuo
3089 3297 3372 3353 videbimus
3398 3298 3593 3353 lunteu.
3622 3297 3763 3353 Fate-

2179 3393 2353 3456 timini
2370 3393 2481 3464 jam
2507 3400 2563 3451 et
2584 3392 2705 3463 hoc,
2723 3400 2777 3455 et
2797 3381 3083 3477 ὁμοούσὶον.
3106 3390 3365 3453 Similiter
3392 3390 3501 3449 hoc
3517 3391 3673 3467 OIljiCi
3687 3406 3764 3460 p0-

2181 3494 2286 3547 test
2311 3488 2359 3549 ei
2387 3487 2476 3559 qui
2505 3485 2634 3541 dicit
2656 3485 2883 3541 similem
2910 3485 3266 3549 substantiam
3300 3503 3316 3542 :
3345 3485 3602 3543 eamdem
3635 3485 3763 3547 enim

2180 3596 2282 3636 nos
2311 3578 2541 3643 dicimus
2581 3588 2637 3636 et
2672 3579 2830 3635 simul
2873 3579 3274 3657 substantiam,
3321 3586 3470 3635 certe
3501 3578 3698 3641 dictum
3722 3578 3765 3637 in

2180 3672 2315 3729 Isaia
2351 3672 2369 3744 (
2397 3671 2507 3729 Isa.
2536 3669 3194 3751 ιιιιι,10);Νειηο,αηιε
3235 3681 3301 3743 te,
3346 3668 3512 3747 Deus,
3550 3680 3595 3725 et
3639 3685 3767 3724 nemo

2181 3778 2295 3840 post
2323 3777 2369 3825 te
2394 3767 2596 3832 similis,
2621 3766 2777 3823 Deus.
2805 3765 2873 3820 Et
2891 3764 3052 3821 David
3078 3763 3299 3840 (Psalm.
3324 3780 3491 3820 xxxsv
3514 3766 3625 3839 10):
3656 3763 3768 3834 Quis

2180 3858 2272 3915 tibi
2301 3862 2484 3919 similis
2506 3861 2622 3932 erit,
2648 3859 2826 3917 Deus?
2852 3860 2979 3916 Haec
3008 3859 3267 3919 adversus
3285 3859 3516 3938 eos,qui
3546 3858 3762 3915 similem

2181 3954 2534 4017 substantiam
2562 3953 2748 4010 dicunt
2776 3969 2788 4008 :
2819 3953 2915 4010 sed
2946 3960 3001 4009 et
3022 3953 3190 4009 multa
3216 3960 3505 4025 praetereo,
3529 3968 3648 4024 qua:
3669 3950 3767 4023 plc-

2181 4046 2304 4107 nius
2352 4046 2678 4121 uberiusque
2719 4053 2948 4102 tractata
2976 4052 3120 4117 sunt,
3143 4052 3333 4111 contra
3360 4060 3456 4100 eos
3488 4050 3765 4109 tractatus,

2181 4156 2320 4214 quos
2367 4140 2470 4212 ipsi
2518 4141 2803 4197 miserunt.
2834 4137 2969 4195 Nam
3002 4137 3068 4197 de
3116 4137 3222 4193 illis
3269 4151 3375 4193 non
3408 4135 3766 4208 loquendum,

2182 4239 2273 4313 qui
2303 4234 2617 4295 dissimilem
2644 4233 2832 4293 dicunt
2863 4251 2876 4289 :
2910 4248 3009 4289 nec
3045 4231 3116 4289 de
3146 4232 3274 4299 illis,
3307 4229 3398 4302 qui
3426 4245 3527 4287 eos
3569 4227 3658 4300 qui
3680 4227 3768 4281 ista

2182 4336 2416 4387 tractant
2444 4344 2563 4408 quae
2591 4326 2854 4401 dicimus,
2886 4325 3314 4398 Patripassianos
3345 4330 3555 4394 putant.
3585 4320 3768 4379 Omnes

2183 4421 2325 4481 enim
2375 4422 2461 4476 isti
2499 4427 2555 4476 et
2592 4417 2684 4476 alii
2711 4417 2950 4476 hscretici
2973 4417 3128 4474 facile
3154 4415 3370 4475 refutati
3411 4423 3542 4470 sunt
3582 4413 3768 4483 majore

2182 4522 2434 4571 tractatu.
2471 4514 2613 4579 Deus
2661 4513 2852 4571 adesto
2883 4513 3062 4585 Pater,
3094 4518 3151 4569 et
3197 4510 3340 4566 Deus
3385 4507 3615 4563 Domine
3654 4504 3768 4560 Jesu

474 4595 642 4655 Deum
660 4599 737 4691 ide
767 4599 877 4657 Deo
904 4642 918 4669 ,
948 4601 1131 4658 lumen
1168 4602 1235 4658 de
1264 4601 1488 4660 lumine.
1519 4603 1632 4661 iloc
1660 4605 1731 4663 de
1770 4606 1940 4669 nihilo
1967 4617 2067 4678 est,

2178 4613 2391 4681 Christe
2417 4655 2432 4685 ,
2477 4620 2536 4681 ut
2570 4611 2642 4676 sit
2682 4611 2734 4673 in
2768 4608 2925 4691 plebe
2970 4616 3062 4673 tua
3092 4606 3339 4681 ὁμοούσία
3368 4618 3465 4683 per
3494 4601 3761 4675 ὁμοούσιον.

473 4703 596 4751 eum
620 4690 809 4746 dicatis
838 4692 1000 4755 unde.
1030 4694 1174 4767 Ergo
1190 4694 1257 4753 de
1279 4695 1390 4753 Deo
1410 4697 1682 4768 Christus,
1714 4716 1823 4765 non
1853 4716 1984 4774 ergo
2005 4702 2072 4763 de

474 4782 665 4852 nihilo,
692 4784 761 4840 de
783 4785 982 4843 lumine
1006 4804 1112 4846 non
1140 4789 1209 4847 de
1243 4792 1445 4862 nihilo;
1475 4793 1543 4852 de
1574 4795 1685 4861 Deo
1705 4799 1872 4870 enim,
1896 4800 1966 4869 de
1987 4801 2073 4883 ip-

484 4941 2185 4983 mm

1375 5170 1439 5216 (ἦ

975 5346 1259 5409 HYMNUS
1302 5350 1580 5417 PRIMUS.

466 5438 693 5509 Adesto,
716 5441 896 5501 lumen
924 5445 1132 5516 verum,
1164 5458 1316 5518 pater
1336 5449 1677 5524 omnipotens
1703 5454 1864 5519 Deus.

468 5528 692 5598 Adesto,
719 5533 901 5595 lumen
926 5536 1166 5608 luminis,
1190 5542 1506 5614 mysterium
1533 5554 1588 5599 et
1614 5547 1786 5609 virtus
1810 5548 1925 5611 Dei.

464 5623 695 5693 Adesto,
727 5639 912 5686 sancte
937 5631 1193 5707 Spiritus,
1229 5635 1395 5708 patris
1428 5647 1479 5694 et
1507 5637 1601 5695 filii
1630 5641 1844 5712 copula.

465 5715 545 5771 Tu
570 5732 692 5775 cum
723 5720 956 5790 quiescis
978 5733 1131 5796 pater
1157 5742 1237 5794 es,
1267 5744 1389 5786 cum
1421 5732 1692 5803 procedis,
1722 5733 1885 5797 ﬁlius.

468 5806 524 5865 in
556 5823 719 5863 unum
748 5811 840 5885 qui
866 5825 1059 5877 cuncta
1100 5819 1295 5892 nectis,
1361 5830 1418 5893 tu
1456 5837 1516 5880 es
1556 5824 1787 5901 Spiritus
1825 5836 2063 5893 sanctus.

2179 4710 2373 4775 Amen.

2591 4955 3144 4982 ῃ

2188 4958 2535 4985 m

2538 4957 2583 4985 ..τ

1789 5069 2415 5183 XICTORINI

1676 5214 1783 5276 nn
1816 5194 2298 5281 'rnmtm'rn
2364 5210 2659 5277 HYMNI.

2177 5365 2354 5431 Unum
2380 5364 2613 5447 primum
2633 5402 2651 5437 ,
2679 5373 2844 5431 unum
2873 5372 2906 5417 a
2935 5371 2996 5416 se
3020 5365 3220 5439 ortum,
3259 5372 3423 5415 unum
3448 5366 3577 5414 ante
3613 5369 3761 5413 unum

3588 5447 3758 5523 [Deus.

2178 5547 2449 5611 Prmcedis
2477 5560 2639 5605 omne
2669 5553 2953 5617 quantum,
2980 5542 3143 5600 nullis
3171 5552 3333 5599 notus
3361 5541 3624 5600 terminis.

2176 5641 2317 5699 Nihil
2340 5641 2394 5697 in
2418 5649 2472 5698 te
2501 5649 2782 5715 quantum,
2813 5638 2937 5711 quia
2967 5652 3143 5709 neque.
3169 5644 3430 5710 quantum
3452 5651 3517 5693 ex
3546 5643 3597 5691 te
3623 5642 3717 5691 est.

2174 5734 2418 5809 Namque
2440 5750 2506 5795 ex
2539 5743 2597 5791 te
2618 5732 2802 5791 natum
2830 5747 2998 5789 unum
3026 5731 3195 5805 gignit
3215 5730 3411 5804 magis,
3438 5745 3599 5803 quam
3630 5733 3761 5782 tenet

3469 5822 3756 5901 [quantum
