4024 6306
308 244 444 303 ΗΜ

1590 236 1678 294 DF.
1720 236 2095 297 TRINITATE
2134 235 2373 296 HYMNI.

3474 249 3612 306 1142

302 360 440 422 Hinc
479 358 776 413 immensus
818 361 967 425 pater
1004 361 1123 409 est:
1148 366 1369 409 mensus
1406 359 1571 424 atque
1599 357 1907 410 immensus
1932 352 1983 413 Α
2011 351 2127 409 Non
2158 367 2266 425 quo
2294 354 2566 423 praecedat
2596 352 2887 426 quidquam
2914 356 3169 427 alterum,
3202 375 3375 433 neque
3410 379 3518 436 quo
3545 367 3618 422 sit

1712 443 1899 518 Ullius.
1995 483 1999 485 .

302 544 482 602 Unum
502 549 683 597 autem
714 548 768 596 et
796 547 853 594 tu
877 546 1029 609 pater
1054 550 1136 604 es,
1163 551 1440 608 unumque
1468 536 1653 607 genuit
1681 534 1840 591 illius.

300 633 457 707 Quod
492 633 663 690 multa
703 632 791 688 vel
831 639 1026 687 cuneta
1069 638 1235 699 sunt,
1282 629 1387 686 hoe
1430 645 1596 687 unum
1629 637 1715 685 est
1755 629 1901 702 quod

1500 720 1710 796 [genuit
1733 722 1896 780 illius.

297 823 520 881 Cunctis
544 821 638 895 qui
667 819 808 883 ὄντος
833 834 1019 876 semen
1041 826 1147 887 est,
1175 832 1302 875 vera
1324 819 1494 875 virtus
1516 818 1762 875 seminis.

297 918 355 977 in
384 933 513 991 quo,
543 926 707 988 alque
725 929 835 988 quo
853 914 1145 986 gignuntur
1158 922 1373 980 cuncta,
1396 912 1569 973 virtus
1588 927 1709 984 qua:
1726 910 1900 968 fundit

1782 1004 1896 1060 Dei.

1782 1004 1896 1060 Dei.

295 1106 610 1177 Rursusque
646 1104 699 1160 in
731 1118 918 1160 semen
956 1101 1186 1159 redeunt
1215 1100 1395 1173 genita
1430 1115 1657 1173 quaeque
1691 1002 1775 1156 exl
1803 1114 1898 1156 se-

1720 1196 1894 1253 'mlne.

1720 1196 1894 1253 'mlne.

294 1292 560 1364 Operatur
597 1305 729 1363 ergo
759 1298 953 1345 cuncta
984 1286 1233 1345 Christus
1270 1288 1363 1360 qui
1399 1288 1577 1345 omnis
1602 1298 1685 1344 est
1705 1195 1900 1345 lvirtus

1778 1382 1893 1438 Dei.

1778 1382 1892 1438 Dei.

291 1477 533 1549 Namque
557 1474 805 1533 Christus
828 1475 880 1531 in
910 1476 1097 1547 quiete
1116 1483 1298 1532 motus
1324 1484 1430 1545 est,
1458 1489 1703 1534 summus
1729 1381 1892 1533 [ξευε.

290 1576 467 1643 Atque
490 1571 605 1643 ipse
632 1578 813 1626 motus
842 1571 1105 1640 sapientia
1132 1580 1239 1638 est,
1268 1580 1323 1627 ει
1350 1569 1519 1626 virtus
1550 1572 1666 1627 Dei.

288 1666 451 1723 Nullo
479 1681 507 1720 a
540 1666 842 1722 substantia
873 1665 1084 1721 distans
1109 1684 1121 1719 :
1150 1667 1274 1737 quia
1295 1665 1438 1738 quod
1470 1674 1668 1734 metus,

290 1759 405 1816 Hoc
434 1760 734 1815 substantia
762 1768 865 1828 est,
888 1759 1090 1830 quique
1120 1769 1321 1826 motus,
1353 1757 1477 1830 quia
1502 1758 1556 1813 in
1587 1758 1705 1827 ipso
1729 1766 1891 1829 atque
1918 1761 1968 1823 Β
1997 1759 2175 1830 Atque
2214 1771 2337 1814 esse
2381 1759 2592 1815 cunctis
2638 1760 2744 1816 vita
2792 1772 2876 1817 est

1617 1849 1757 1924 [ipse
1780 1858 1884 1907 est.

289 1949 369 2006 Ex
389 1948 504 2005 Deo
530 1948 707 2005 dictus
735 1949 897 2020 Deus,
929 1957 1086 2007 natus
1106 1959 1284 2006 autem
1312 1967 1324 2005 :
1353 1950 1476 2022 quia
1505 1958 1683 2006 motus
1704 1956 1816 2012 est;

288 2044 475 2100 Omnis
521 2045 667 2100 enim
715 2052 895 2100 motus
944 2054 1106 2100 nutus
1157 2054 1277 2113 est,
1326 2059 1602 2116 unumque
1652 2058 1774 2100 cum
1821 2042 1892 2097 sit

1699 2137 1886 2210 [Deus

290 2232 367 2287 Ac
396 2229 492 2287 Dei
522 2238 719 2300 motus,
751 2246 892 2289 unus
919 2240 975 2289 et
1000 2231 1143 2289 idem
1174 2232 1316 2289 Deus
1344 2234 1550 2291 esistit.

289 2322 492 2379 Tamen
515 2330 692 2380 motus
715 2325 831 2396 ipse
857 2338 1001 2392 esse,
1033 2332 1092 2381 ut
1118 2323 1221 2380 sibi
1246 2327 1317 2381 sit
1348 2325 1450 2383 hec
1472 2323 1614 2398 quod
1641 2325 1756 2396 ipse
1779 2340 1894 2379 mo-

1652 2417 1763 2492 [tus
1788 2428 1891 2477 est.

289 2507 396 2563 Sed
428 2509 550 2581 quia
586 2509 679 2565 Dei
704 2518 882 2566 motus
910 2519 1016 2579 est,
1051 2511 1212 2567 habet
1233 2511 1285 2566 in
1307 2526 1368 2568 se
1398 2518 1577 2567 motus
1606 2511 1798 2567 Deum.

291 2604 606 2676 Rursusque
631 2605 751 2677 ipso
780 2605 903 2677 quia
934 2604 1031 2662 Dei
1058 2614 1237 2662 motus
1263 2613 1369 2672 est,
1405 2606 1568 2662 habet
1596 2606 1647 2661 in
1679 2621 1743 2662 se
1771 2619 1892 2661 mo-

1557 2697 1693 2772 [tum
1728 2698 1888 2754 Deus.

292 2789 349 2845 in
378 2788 490 2845 illlo
515 2789 676 2861 igitur
692 2798 849 2862 pater
872 2801 976 2859 est,
1008 2800 1060 2847 et
1089 2792 1141 2846 in
1168 2800 1319 2863 patre
1340 2800 1424 2847 est
1452 2791 1569 2863 ipse
1594 2792 1756 2847 illius.

293 2882 432 2938 Sunt
460 2897 593 2954 ergo
618 2883 817 2955 singuli
861 2893 1022 2956 atque
1061 2884 1115 2939 in
1152 2891 1327 2941 semet
1351 2899 1587 2956 semper,
1618 2898 1741 2940 eum
1783 2883 1893 2939 sint

1648 2976 1889 3051 (singuli.

295 3068 431 3126 Hinc
459 3067 671 3126 duobus
699 3085 803 3126 una
832 3071 1026 3138 virtus,
1058 3069 1187 3127 hinc
1217 3086 1320 3127 una
1347 3071 1652 3127 substantia
1670 3082 1781 3129 ‘est.

295 3162 402 3243 Sed
428 3170 578 3233 patre
604 3162 787 3229 dante,
815 3179 935 3234 quas
953 3163 1056 3219 sibi
1079 3164 1149 3219 sit
1174 3163 1316 3219 illius
1336 3164 1635 3221 substantia
1663 3174 1765 3221 est.

297 3256 433 3312 Esse
453 3258 596 3313 enim
621 3258 769 3329 prius
796 3266 898 3321 est,
922 3259 1001 3314 sie
1022 3260 1222 3329 moveri
1253 3269 1550 3329 posterum.

3083 451 3328 525 [omnino
3357 457 3609 514 alterum.

2009 538 2115 596 Sed
2141 554 2249 610 quo
2280 553 2571 609 progressu
2597 549 2775 596 actum
2805 543 2879 597 sit
2900 553 2981 599 ter
3003 545 3196 615 triplex
3225 547 3478 606 alterum.

2006 632 2200 701 Filius,
2235 642 2499 706 actusque
2523 634 2633 691 vita
2662 646 2769 703 est,
2796 653 2900 708 qua
2933 640 3240 710 procedunt
3265 654 3321 699 et
3359 656 3615 704 creantur

2002 819 2090 876 Fit
2113 820 2255 877 idem
2285 821 2479 879 doctor
2500 835 2556 879 et
2581 824 2866 896 magister,
2896 824 3037 881 idem
3068 829 3344 900 perfector

1999 912 2307 971 Seminatas
2344 916 2521 971 saeclis
2545 916 2754 972 animas
2780 918 3011 990 irrigans
3039 904 3191 976 scitis
3220 922 3460 994 Sophim.

2001 1005 2203 1078 Sophia
2237 1015 2419 1063 autem
2449 1022 2572 1064 cum
2604 1010 2673 1064 sit
2703 1008 2978 1079 Christus,
3019 1011 3160 1069 idem
3193 1014 3440 1073 Christus
3468 1018 3610 1075 illius

3392 1112 3572 1187 [docet
3586 1158 3601 1183 ,

2000 1194 2284 1251 Profectus
2307 1195 2469 1252 Patre
2496 1195 2709 1254 Patrem
2742 1207 2797 1255 et
2820 1198 3097 1258 Christum
3119 1204 3374 1276 Spiritus.

1998 1289 2138 1346 Hinc
2184 1291 2353 1361 patris
2401 1301 2597 1347 cuncta
2642 1291 2897 1350 Christus
2947 1311 2961 1349 :
3010 1297 3135 1352 hinc
3185 1299 3345 1355 habet
3404 1301 3603 1359 Christi

3084 1389 3301 1463 [cuncta
3325 1391 3599 1450 Christus.

1995 1477 2087 1533 Sic
2106 1474 2359 1533 Christus
2388 1492 2542 1533 meus
2567 1479 2710 1534 inter
2734 1490 3016 1550 parentem
3044 1493 3099 1540 et
3125 1499 3245 1541 sese
3274 1484 3505 1543 alterum

1993 1569 2255 1641 Spiritum
2301 1571 2489 1642 implet
2537 1584 2838 1642 parentem,
2886 1575 3013 1631 dum
3054 1591 3176 1634 esse
3215 1587 3439 1649 praestat
3484 1595 3601 1633 om-

3392 1670 3596 1745 [nibus.

2924 1781 2937 1815 :
2987 1772 3045 1820 et
3092 1763 3195 1821 hoc
3239 1778 3321 1821 est
3369 1768 3597 1839 quodin

2995 1852 3235 1927 [Christo
3262 1855 3464 1913 factum
3492 1870 3595 1914 est.

1989 1943 2129 2013 Quid
2164 1944 2290 2016 quia
2328 1943 2508 2017 jungit
2539 1960 2603 2001 ac
2646 1945 2823 2002 salvat
2863 1949 3067 2015 omnia,
3106 1964 3172 2006 ac
3210 1951 3371 2009 docet
3410 1968 3595 2009 vermn

3377 2045 3596 2125 [Deum.

1989 2132 2268 2190 Christum
2306 2144 2637 2204 sequentes,
2679 2134 2898 2192 Christo
2937 2148 3131 2195 renato
3168 2149 3390 2197 sanctus
3422 2141 3601 2214 jungit

3514 2252 3595 2288 US.

2522 2266 2529 2271 .
3514 2252 3542 2287 ιι

1996 2323 2139 2392 Ergo
2169 2318 2419 2377 Christus
2446 2323 2648 2390 omnia,
2674 2322 2803 2379 hinc
2823 2323 3075 2380 Christus
3102 2231 3507 2409 meum?”
3550 2250 3574 2289 S

1996 2414 2100 2470 Per
2130 2415 2303 2485 ipsum
2332 2424 2524 2471 cuneta
2555 2426 2611 2472 et
2645 2416 2699 2471 in
2739 2419 2858 2499 ipso
2885 2427 3080 2474 cuncta
3100 2460 3113 2485 ,
3144 2428 3307 2491 atque
3332 2421 3384 2476 in
3419 2421 3595 2491 ipsum

3391 2529 3514 2569 Ollili
3526 2530 3593 2570 iil.

1996 2599 2165 2670 Cujus
2192 2599 2424 2656 altitudo
2444 2608 2596 2671 pater
2622 2609 2728 2671 est,
2759 2603 2876 2673 ipse
2905 2617 3040 2660 vero
3070 2611 3235 2661 totus.
3368 2512 3389 2587 ι

1995 2692 2323 2764 Progressus
2348 2707 2449 2748 suo
2475 2693 2776 2765 longitudo,
2805 2705 2859 2752 et
2888 2695 3116 2752 altitudo
3142 2698 3309 2769 patris
3337 2705 3441 2754 est.

1996 2787 2132 2844 Hinc
2155 2786 2407 2846 Christus
2427 2805 2693 2863 apparens
2715 2792 2913 2862 saeclis,
2935 2793 3001 2848 ad
3026 2793 3350 2865 profundum
3376 2796 3593 2852 doctum

2644 2946 2655 2953 η
3098 2884 3283 2958 [idque
3312 2902 3593 2957 arcanum,

1999 2972 2066 3028 Et
2098 2973 2323 3029 intimus
2363 2975 2510 3032 intus
2536 2975 2804 3044 docendo,
2852 2976 3102 3033 Christus
3137 2979 3382 3035 occultus
3422 2981 3599 3036 factus

3325 3072 3593 3147 [spiritus.

1912 3158 1963 3221 C
1994 3162 2193 3220 Omnes
2216 3179 2344 3235 ergo
2368 3181 2533 3221 unum
2558 3165 2826 3239 spiritum,
2854 3180 3044 3231 omnes
3069 3183 3232 3221 unum
3258 3167 3463 3225 lumen.

1999 3258 2135 3314 llinc
2158 3261 2387 3330 singulis
2413 3277 2561 3327 vera,
2590 3262 2714 3327 hinc
2739 3262 2911 3329 tribus
2937 3278 3040 3317 una
3066 3262 3368 3321 substantia
3394 3273 3494 3317 est.

295 3349 413 3405 Non
442 3366 549 3421 quo
573 3358 784 3422 tempus
815 3350 892 3406 illi
927 3351 1088 3420 adsit,
1119 3353 1212 3409 sed
1243 3353 1295 3409 in
1326 3352 1525 3410 divinis
1559 3353 1697 3411 ordo
1722 3355 1893 3411 virtus
1997 3352 2285 3425 Progressa
2310 3369 2340 3409 ιι
2367 3364 2518 3431 patre
2543 3356 2671 3422 tilio,
2698 3364 2751 3410 et
2776 3370 3017 3431 regressa
3041 3372 3069 3409 a
3092 3356 3308 3443 spiritu,

1789 3458 1890 3504 est.

1789 3464 1817 3501 ρ

298 3535 433 3592 Esse
457 3552 582 3592 nam
608 3537 865 3609 praecedit
885 3546 1111 3602 mutum,
1137 3553 1197 3595 re
1219 3540 1393 3612 prius,
1419 3556 1524 3596 non
1554 3447 1818 3612 tempora.

297 3628 411 3685 Hoc
436 3645 560 3686 esse
588 3630 716 3687 dicti
744 3630 798 3685 in
832 3630 942 3687 Deo
970 3641 1273 3687 memorant
1298 3633 1677 3689 substantiam.

300 3723 399 3779 Hic
433 3734 610 3781 autem
642 3732 821 3783 motus
857 3735 1007 3782 ortus
1034 3733 1138 3791 est,
1182 3742 1304 3782 nam
1341 3726 1510 3798 gignit
1549 3735 1727 3783 motus
1765 3727 1896 3783 sub-

299 3908 733 3985 Substantizeque
770 3886 1047 3986 generatio
1082 3912 1207 3986 quid
1238 3914 1381 3971 aliud
1409 3929 1567 3987 quam
1591 3819 1897 3971 Erizam}

1771 4020 1852 4065 est

1771 4020 1852 4065 est

301 4097 443 4170 Ergo
466 4108 645 4155 motus
673 4107 727 4155 et
756 4099 923 4170 patris
949 4107 1069 4169 est,
1100 4099 1240 4156 illius
1265 4114 1396 4173 ergo
1423 4100 1615 4159 eadem
1646 4007 1902 4157 subEtanE

526 4232 533 4235 μ
1674 4195 1770 4251 itia
1792 4202 1898 4251 est.

526 4232 533 4235 .
1699 4195 1803 4251 tiat

303 4288 456 4343 liune
482 4287 627 4362 λόγον
654 4285 829 4344 Graeci
850 4297 1134 4356 vocarunt,
1163 4287 1307 4343 intus
1334 4287 1387 4343 in
1406 4296 1561 4360 patre
1588 4192 1755 4345 Det[im
1788 4302 1803 4342 :

302 4378 504 4436 Caussa
532 4381 622 4452 qui
648 4381 719 4436 sit
746 4380 811 4436 ad
842 4389 1054 4452 partum
1077 4391 1240 4453 atque
1266 4388 1417 4437 ortus
1443 4381 1704 4436 omnium.

1996 3444 2130 3511 Quia
2158 3455 2267 3501 tres
2291 3449 2532 3503 existunt
2554 3448 2775 3529 singuli,
2800 3457 2854 3504 et
2880 3460 2992 3504 trrs
3017 3449 3069 3517 in
3095 3465 3202 3515 uno
3225 3450 3440 3527 singuli.

2000 3537 2128 3594 llaec
2148 3549 2234 3594 est
2257 3539 2412 3596 beata
2437 3539 2697 3612 Trinitas,
2725 3541 2841 3610 haec
2864 3542 3018 3597 beata
3047 3544 3225 3598 unitas

2608 3698 2891 3757 IIYMNUS
2930 3699 2995 3755 ll.
3100 3714 3107 3721 '

2071 3812 2347 3881 Miserere,
2367 3812 2617 3879 Domine,
2634 3815 2915 3889 miserere,
2929 3814 3169 3895 Christe,
3188 3816 3465 3885 miserere,
3486 3818 3594 3881 Do-

2001 3908 2167 3977 mine,
2193 3910 2314 3980 quia
2336 3907 2541 3964 credidi
2569 3911 2619 3964 in
2649 3918 2721 3979 te,
2759 3911 3036 3979 miserere,
3066 3911 3314 3973 Domine,
3340 3910 3464 3989 quia
3490 3910 3595 3968 mi-

2000 4003 2298 4059 sericordia
2322 4013 2407 4058 tua
2432 4004 2659 4075 cognovi
2689 4012 2759 4059 te.

2070 4096 2351 4165 Miserere,
2379 4097 2628 4165 Domine,
2673 4097 2953 4165 miserere,
2983 4096 3202 4155 Christe
3238 4117 3251 4155 :
3281 4109 3333 4155 tu
3376 4101 3600 4174 spiritus

2003 4190 2107 4245 mei
2130 4185 2277 4267 λόγος
2303 4203 2381 4255 εε,
2409 4199 2464 4245 ιιι
2501 4190 2697 4245 animas
2721 4204 2855 4245 mete
2875 4190 3015 4267 λόγος
3041 4205 3121 4258 es,
3150 4201 3205 4247 tu
3240 4194 3419 4251 carnis
3466 4210 3600 4251 mea:

2001 4281 2144 4357 λόγος
2167 4296 2248 4337 es.

2075 4373 2355 4441 Miserere,
2402 4374 2645 4441 Domine,
2671 4374 2950 4445 miserere,
2990 4375 3244 4445 Christe:
3290 4378 3418 4434 vivit
3459 4379 3605 4447 Deus

303 4471 447 4529 Nihil
486 4488 716 4547 namque
768 4475 970 4547 absque
1009 4474 1113 4532 hoc
1147 4483 1387 4532 creatum
1434 4483 1519 4534 est
1560 4493 1573 4529 :
1616 4491 1711 4547 per
1758 4474 1903 4531 hunc
2005 4477 2060 4525 ει
2082 4484 2301 4540 semper
2321 4469 2453 4524 vivit
2479 4469 2644 4535 Deus,
2669 4478 2724 4525 et
2760 4470 2884 4541 quia
2923 4478 3049 4526 ante
3074 4471 3247 4551 ipsum
3273 4472 3408 4528 nihil
3444 4483 3547 4557 εει,
3571 4489 3605 4529 a

1316 4568 1518 4643 [creata
1539 4579 1730 4626 cuncta
1753 4579 1897 4626 sunt.
1929 4560 1982 4620 D
2007 4580 2067 4621 se
2089 4566 2218 4620 vivit
2245 4565 2405 4620 Deus.

307 4657 403 4715 ilic
425 4657 573 4737 λόγος
596 4662 642 4717 si
668 4658 920 4719 Christus
948 4671 1053 4731 est,
1075 4671 1128 4719 et
1154 4664 1198 4719 si
1225 4664 1373 4739 λόγος
1397 4665 1506 4719 vita
1536 4672 1621 4720 est
1648 4663 1862 4735 genitus
1884 4705 1901 4731 ,

307 4754 466 4828 Λόγος·
490 4768 520 4808 a
548 4764 701 4825 patre
724 4764 809 4810 est
834 4773 848 4810 :
873 4766 955 4811 est
980 4758 1125 4811 enim
1149 4755 1306 4811 vivus
1338 4757 1509 4825 Deus,
1539 4755 1595 4811 in
1620 4770 1726 4827 quo
1753 4769 1877 4811 cum

306 4845 616 4902 Substantia
644 4848 785 4904 Deus
810 4849 901 4915 sit,
934 4849 1181 4921 Deusque
1206 4849 1277 4904 sit
1307 4848 1419 4904 vita
1447 4850 1767 4908 substantia.

305 4938 533 4996 Gsnitus
558 4951 739 4997 autem
768 4941 910 4999 illius
929 4943 1037 4998 vita
1058 4951 1163 5010 εει,
1211 4959 1317 4999 una
1347 4953 1429 5000 est
1455 4945 1775 5002 substantia.

307 5034 472 5111 Αὸγος
496 5035 657 5105 Deus,
684 5036 1009 5094 indiscretus
1031 5052 1159 5109 ergo
1180 5053 1417 5110 semper,
1441 5055 1656 5112 semper
1675 5052 1726 5098 et
1745 5042 1905 5099 alter.

307 5127 481 5185 Simul
528 5131 744 5201 missus,
776 5131 1011 5189 mitteuti
1041 5147 1167 5204 par,
1206 5141 1262 5191 et
1301 5134 1423 5191 ions
1450 5142 1625 5191 tamen
1661 5151 1905 5204 manans,

1672 5227 1910 5301 [semper

311 5316 595 5384 Discurrit,
624 5332 890 5390 spargens
916 5318 1075 5386 vitas,
1108 5319 1303 5375 missus
1334 5328 1392 5375 ut
1417 5319 1615 5377 ﬂumen
1648 5321 1811 5376 lilius.

312 5413 448 5467 Hinc
471 5413 770 5469 substantia
801 5429 965 5468 unum
985 5413 1167 5480 ambo,
1200 5415 1319 5469 fons
1337 5415 1497 5479 Deus,
1524 5413 1722 5471 ﬂumen
1747 5415 1909 5472 illius.

313 5504 421 5563 Sed
449 5506 570 5576 quia
598 5506 651 5561 in
675 5506 874 5561 divinis
892 5506 1194 5561 substantia
1210 5506 1314 5560 hoc
1341 5505 1480 5561 idem
1501 5506 1647 5579 quod
1671 5509 1779 5563 vita
1810 5518 1915 5565 est.

317 5597 553 5669 Vitaque
584 5599 699 5668 ipsa
727 5607 812 5654 est
832 5598 1123 5669 sapientia,
1155 5606 1214 5652 ut
1245 5598 1501 5668 praecedit
1522 5614 1663 5655 esse.

222 5677 231 5683 ’
310 5691 414 5747 Cui
442 5691 584 5748 inest
606 5691 856 5763 princeps
879 5706 943 5747 ac
962 5689 1191 5762 simplex
1220 5692 1427 5758 vivere,
1457 5691 1535 5746 sic
1562 5692 1737 5748 adest.

312 5786 630 5862 intelligens
656 5791 984 5861 sapiensque
1000 5801 1222 5859 semper
1242 5801 1365 5844 cum
1394 5787 1651 5860 praecedit
1677 5789 1879 5849 vivere.

2077 4659 2355 4723 Miserere,
2395 4658 2643 4729 Domine,
2684 4660 2967 4723 miserere,
2993 4659 3211 4717 Christe
3238 4679 3251 4715 :
3276 4662 3409 4718 vivit
3447 4664 3603 4719 Chri-

2008 4762 2145 4818 stus,
2171 4761 2225 4807 et
2266 4752 2389 4823 quia
2417 4752 2559 4807 Deus
2600 4751 2650 4807 ei
2692 4753 3005 4822 generando
3046 4752 3216 4820 dedit,
3260 4766 3318 4810 ut
3361 4772 3390 4812 a
3434 4766 3610 4825 semet

2011 4842 2129 4914 ipso
2152 4841 2588 4909 vivatChristns,
2614 4843 2735 4914 quia
2775 4858 2803 4896 a
2842 4838 3019 4898 semet
3054 4843 3456 4917 vivit,.semper
3480 4849 3610 4904 vivit

2009 4937 2281 4995 Christus.

2086 5024 2360 5098 Miserere,
2402 5032 2648 5099 Domine,
2698 5031 2976 5094 miserere.
3022 5032 3236 5088 Christe
3284 5049 3295 5086 :
3340 5034 3482 5105 quod
3509 5035 3610 5091 sia

2015 5130 2310 5199 semetipso
2356 5127 2487 5181 vivit
2509 5135 2665 5198 pater
2710 5144 2723 5180 :
2763 5137 2819 5181 et
2842 5135 2993 5196 patre
3024 5136 3325 5197 generante
3348 5144 3375 5181 a
3402 5143 3461 5182 se
3486 5130 3615 5185 vivit

2016 5220 2206 5287 Filius,
2231 5218 2689 5275 consubstantiale
2712 5218 2848 5289 patri
2871 5227 2975 5285 εει,
2997 5217 3141 5291 quod
3172 5230 3232 5274 ιιι
3254 5234 3470 5291 semper
3487 5221 3619 5280 vivit

2019 5317 2207 5379 Filius.
2954 5386 2961 5395 .

2092 5410 2369 5476 Miserere,
2417 5408 2662 5476 Domine,
2708 5406 2989 5470 miserere,
3033 5405 3249 5463 Christe
3286 5424 3299 5462 :
3357 5408 3619 5491 animam,

2026 5503 2185 5570 Deus,
2214 5502 2406 5575 dedisti
2434 5502 2585 5571 mihi,
2609 5503 2789 5557 anima
2813 5511 2991 5557 autem
3016 5502 3193 5573 imago
3216 5500 3338 5557 vitae
3369 5516 3474 5571 est,
3494 5506 3622 5578 quia

2027 5602 2160 5656 vivit
2183 5601 2359 5655 anima
2384 5599 2434 5654 in
2459 5609 2742 5663 internum,
2765 5599 2907 5652 vivat
2931 5607 2984 5653 et
3006 5597 3187 5651 anima
3212 5612 3350 5651 mea.
3516 5580 3519 5589 ’

2099 5693 2379 5761 Miserere,
2406 5690 2655 5757 Domine,
2682 5689 2961 5754 miserere,
2986 5685 3201 5751 Christe
3228 5706 3242 5749 :
3271 5688 3316 5745 si
3341 5687 3410 5745 ad
3437 5688 3627 5759 simili-

2026 5788 2269 5847 tudinem
2296 5796 2464 5858 tuam,
2495 5786 2635 5842 Deus
2662 5794 2835 5855 pater,
2854 5795 2908 5839 et
2930 5783 2996 5839 ad
3012 5780 3297 5854 imaginem
3322 5782 3444 5840 Filii
3470 5783 3635 5841 homo
