4024 6306
379 309 520 366 1143

1641 297 1834 356 MAR"
1882 297 2224 356 VICTORINI
2265 297 2424 354 AFRI

3543 298 3681 355 NH

373 426 554 483 factus
575 441 719 497 sum,
759 425 922 482 vitam
954 433 1170 482 creatus
1203 421 1437 489 saeculis,
1474 420 1597 491 quia
1621 435 1706 474 me
1727 419 1982 490 cognovit
2005 421 2060 482 Α
2158 417 2434 488 lngenitus
2455 458 2470 481 ,
2497 418 2800 489 unigenitus
2821 459 2834 484 ,
2865 417 2915 472 id
2937 427 3017 474 cst
3042 418 3341 490 procedens
3367 417 3581 490 genitus
3608 438 3621 472 :
3659 434 3698 474 ο

377 518 571 576 Filius.

451 613 731 680 Miserere,
758 613 1006 678 Domine,
1037 612 1317 675 miserere,
1335 607 1553 664 Christe
1579 624 1593 661 :
1627 607 1800 662 amavi
1824 621 1981 662 mun-

379 705 532 774 dum,
559 707 683 777 quia
708 716 762 760 tu
789 704 1044 760 mundum
1071 704 1311 759 feceras:
1337 700 1590 757 detentus
1614 698 1815 754 tnundo
1835 713 1978 765 sum,

380 798 510 854 dum
538 798 738 853 invidet
763 796 996 852 mundus
1034 797 1140 850 tuis
1183 811 1196 849 :
1244 809 1388 850 nunc
1419 793 1508 849 odi
1543 792 1824 859 mundum,
1855 792 1979 862 quia

381 905 530 947 nunc
562 892 778 960 percepi
809 888 1090 959 Spiritum.

457 982 734 1044 Miserere,
782 980 1048 1046 Domine,
1088 979 1372 1044 miserere,
1419 977 1680 1032 Christe:
1727 991 1983 1032 succurre

377 1075 568 1146 lapsis,
586 1058 830 1139 Domine,
851 1087 1104 1130 succurre
1125 1070 1513 1142 paenitentibus
1540 1088 1553 1125 :
1579 1071 1702 1140 quia
1726 1069 1910 1125 divino
1932 1077 1987 1124 et

380 1178 571 1224 sancto
589 1167 795 1237 judicio
819 1176 912 1222 tuo
940 1166 1082 1238 quod
1108 1165 1350 1237 peccavi,
1376 1165 1691 1236 mysterium
1717 1173 1822 1220 cst.

454 1261 735 1327 Miserere,
783 1261 1029 1326 Domine,
1061 1259 1342 1326 miserere,
1374 1257 1586 1312 Christe
1634 1273 1647 1311 :
1694 1271 1984 1328 cognosco,

386 1353 637 1418 Domine,
671 1355 984 1409 mandatum
1028 1364 1200 1420 tuum,
1233 1366 1501 1424 cognosco
1543 1351 1774 1406 rcditmn
1797 1349 1848 1404 in
1873 1351 1988 1405 ani-

384 1461 473 1500 ma
517 1447 773 1518 scriptum
815 1462 955 1515 mea,
995 1462 1228 1518 propero
1267 1447 1312 1502 si
1347 1445 1506 1516 jubes
1556 1444 1766 1510 redire,
1818 1443 1987 1498 nostri

391 1537 644 1596 Salvator
675 1540 838 1595 Deus.

459 1631 740 1700 Miserere,
757 1632 1007 1699 Domine,
1029 1633 1309 1698 miserere,
1334 1631 1548 1688 Christe
1573 1650 1584 1684 :
1613 1631 1704 1686 diu
1728 1645 1989 1702 repugno,

383 1724 476 1780 diu
506 1725 702 1781 resisto
723 1726 944 1782 inimico
972 1741 1116 1793 meo,
1147 1726 1240 1780 sed
1284 1725 1462 1780 adhuc
1488 1723 1616 1780 mihi
1655 1739 1783 1779 caro
1805 1734 1910 1790 eet,
1940 1723 1991 1778 in

2085 510 2241 567 beata
2266 510 2524 566 Trinitas.

2155 605 2484 671 Generator,
2513 605 2724 674 genitus
2743 646 2759 673 ,
2797 621 3126 676 regenerans
3151 623 3165 660 :
3190 621 3224 661 o
3247 605 3402 662 beata
3432 604 3703 661 Trinitas.

2155 696 2357 752 Verum
2403 697 2583 752 lumen
2608 739 2622 762 ,
2651 713 2838 751 verum
2865 697 3045 752 lumen
3072 714 3136 754 ex
3161 698 3362 755 lumine
3381 739 3395 763 ,
3423 713 3550 753 vera
3574 697 3710 752 illu-

2086 794 2346 864 minatio:
2373 810 2405 848 o
2427 795 2582 850 beata
2609 794 2862 849 Trinitas.

2159 888 2364 954 Status,
2389 887 3008 958 progressio,regressus
3043 906 3055 940 :
3085 905 3114 940 ο
3147 887 3302 943 beata
3325 886 3583 942 Trinitas.

2157 980 2445 1036 Invisibilis
2470 979 2847 1045 invisibiliter,
2881 979 3107 1034 visibilis
3137 978 3506 1045 invisibili1er.
3553 979 3712 1034 invi-

2087 1073 2257 1130 sibilis
2280 1072 2561 1128 visibiliter
2588 1091 2600 1126 :
2627 1087 2660 1127 ο
2696 1072 2848 1128 beata
2880 1072 3137 1128 Trinitas.

2161 1168 2348 1224 Omnis
2371 1168 2630 1239 potentia,
2653 1166 2831 1223 omnis
2854 1167 3017 1235 actio,
3053 1167 3232 1222 omnis
3253 1166 3489 1239 agnitio:
3513 1179 3549 1222 ο
3573 1165 3717 1221 bea-

2094 1272 2146 1318 ta
2167 1261 2427 1318 Trinitas.

2162 1353 2516 1427 lmpassibilis
2538 1353 2960 1424 impassibiliter,
2981 1353 3254 1424 passibilis
3275 1351 3714 1424 impassibiliter,

2095 1449 2457 1520 impassabilis
2483 1447 2845 1518 passibiliter:
2874 1462 2906 1502 o
2927 1447 3082 1502 beata
3107 1445 3362 1502 Trinitas.

2169 1543 2388 1608 Semen,
2414 1542 2595 1607 arbor,
2624 1539 2828 1596 fructus
2857 1557 2870 1594 :
2898 1555 2930 1593 ο
2961 1539 3113 1596 beata
3138 1539 3394 1594 Trinitas.

2169 1635 2252 1691 Ab
2274 1651 2382 1691 uno
2404 1635 2582 1690 omnia
2606 1674 2622 1702 ,
2648 1648 2743 1701 per
2766 1648 2928 1688 unum
2955 1631 3136 1688 omnia
3158 1674 3173 1698 ,
3201 1631 3253 1688 in
3278 1646 3386 1686 uno
3411 1630 3596 1687 omnia
3624 1648 3642 1687 :
3681 1645 3721 1685 ο

2099 1729 2254 1786 beata
2278 1729 2535 1785 Trinitas.

385 1835 492 1887 qua
521 1821 693 1875 victus
717 1820 986 1889 diabolus,
1021 1819 1116 1876 tibi
1152 1819 1793 1890 triumplmmmagnum,
1830 1817 1986 1874 nobis
2015 1827 2064 1886 Β
2166 1824 2315 1881 Unus
2336 1823 2566 1895 simplex
2589 1839 2746 1890 unus,
2772 1839 2935 1878 unum
2960 1832 3014 1878 et
3037 1822 3212 1878 solum
3236 1837 3422 1886 unum,
3449 1831 3501 1875 et
3526 1820 3720 1876 solum

389 1912 516 1968 ﬁdei
541 1929 754 1968 murum
787 1914 958 1970 dedit.

467 2008 746 2073 Miserere,
785 2007 1028 2074 Domine,
1077 2009 1356 2075 miserere,
1396 2006 1647 2062 Christe:
1680 2004 1822 2060 Velle
1869 2005 1994 2059 mihi

397 2101 604 2174 adjacct
638 2099 815 2173 (Rom.
842 2117 935 2170 vit,
964 2101 1052 2174 18)
1073 2142 1088 2168 ,
1121 2101 1378 2157 mttudum
1405 2109 1458 2156 et
1497 2109 1671 2155 terras
1701 2100 1945 2170 linquere
1977 2117 1990 2128 θ

393 2193 492 2249 sed
531 2195 798 2250 imbecilla
828 2195 1008 2265 pluma
1037 2203 1140 2262 est,
1165 2194 1306 2250 velle
1327 2194 1444 2250 sine
1473 2192 1716 2250 subsidio
1757 2202 1848 2247 tuo
1881 2209 1892 2244 :
1926 2191 1992 2246 da

395 2287 521 2343 ﬁdei
545 2303 768 2358 pennas,
803 2298 857 2342 ut
886 2287 1061 2344 volem
1090 2303 1304 2343 sursum
1337 2287 1467 2342 Deo.

466 2380 744 2449 Miserere,
770 2383 1015 2449 Domine,
1057 2381 1338 2446 miserere,
1365 2379 1582 2436 Christe
1613 2399 1627 2436 :
1661 2379 1771 2450 jam
1811 2387 1997 2448 portas

396 2487 582 2543 quaero
603 2474 845 2544 spiritus,
875 2490 1010 2545 quas
1038 2474 1221 2545 pandit
1253 2473 1488 2544 Spiritus
1524 2471 1890 2528 testimonium
1929 2469 1998 2526 de

397 2564 616 2622 Christo
653 2566 861 2633 dicens,
887 2577 941 2624 et
963 2568 1090 2640 quid
1121 2569 1191 2624 sit
1215 2567 1448 2624 muudus
1479 2566 1700 2622 docens.

472 2661 755 2727 Miserere,
779 2662 1027 2728 Domine,
1073 2663 1356 2729 miserere,
1409 2662 1664 2718 Christe:
1699 2661 1857 2717 Pater
1908 2661 1998 2732 qui

403 2754 618 2825 genitus
657 2769 894 2826 semper,
937 2757 1028 2826 qui
1066 2765 1430 2826 reprazsentas
1476 2756 1668 2822 Deum,
1708 2754 1775 2808 da
1821 2753 2002 2809 claves

400 2849 545 2915 cmli,
588 2855 750 2919 atque
791 2849 842 2903 in
879 2864 966 2904 me
1010 2850 1166 2904 vince
1201 2850 1499 2916 diabolum,
1537 2848 1589 2903 in
1617 2847 1744 2904 sede
1780 2847 1913 2904 lucis
1944 2857 2005 2902 ut

403 2941 702 3012 quiescam,
735 2943 909 3015 gratia
939 2943 1175 3001 salvatus
1206 2952 1316 3000 tua.

1017 3079 1296 3138 HYMNUS
1332 3081 1419 3137 Ill.

2096 1927 2149 1974 et
2172 1932 2386 1986 semper
2411 1931 2570 1971 unus.
2598 1917 2749 1972 Alter
2773 1932 2940 1982 unus,
2965 1932 3032 1972 ex
3068 1931 3176 1971 uno
3208 1929 3348 1969 unus
3376 1914 3516 1970 idem
3543 1929 3718 1977 unus,

2097 2020 2154 2066 et
2175 2010 2354 2065 omnia
2383 2026 2525 2066 unus
2548 2012 2729 2066 unitor
2762 2010 3034 2078 onmium,
3061 2013 3234 2065 virtus
3259 2009 3441 2076 unius,
3470 2023 3724 2080 operans

2099 2123 2288 2174 unum,
2314 2118 2368 2162 ut
2395 2106 2524 2162 ﬁant
2547 2108 2729 2163 omnia
2755 2125 2768 2162 :
2793 2121 2826 2161 ο
2848 2107 3003 2162 hcata
3029 2106 3285 2162 Trinitas.

2170 2201 2249 2257 Ex
2291 2212 2495 2258 aeterno
2534 2201 2770 2272 ingenite
2793 2241 2809 2268 ,
2844 2215 2912 2255 ex
2941 2210 3144 2255 aeterno
3173 2199 3353 2271 genite
3377 2240 3393 2268 ,
3428 2206 3486 2253 ut
3524 2198 3723 2254 omnia

2100 2301 2302 2347 :etcrna
2327 2291 2437 2346 sint
2458 2289 2636 2362 genite
2663 2307 2675 2342 :
2700 2305 2732 2343 o
2758 2288 2912 2343 beata
2939 2287 3196 2343 Trinitas.

2173 2382 2253 2438 Tu
2289 2383 2460 2439 creari
2488 2382 2721 2453 imperas
2745 2423 2762 2450 ,
2803 2390 2858 2437 tu
2881 2395 3056 2446 creas,
3086 2391 3139 2434 tu
3182 2391 3360 2437 creata
3393 2393 3646 2436 recreas:
3687 2395 3725 2435 ο

2101 2476 2255 2534 beata
2281 2475 2536 2532 Trinitas.
3139 2479 3150 2489 ‘

2173 2569 2254 2625 Tu
2275 2570 2433 2626 Pater
2455 2569 2661 2626 cunctis
2682 2569 2976 2625 substantia
3001 2583 3088 2636 es,
3115 2578 3170 2624 tu
3195 2567 3314 2624 Filii
3339 2567 3444 2623 vita
3460 2609 3477 2634 ,
3504 2575 3560 2622 tu
3589 2567 3724 2639 Spi-

2103 2665 2240 2722 ritus
2267 2664 2490 2721 salvatio
2515 2683 2527 2718 :
2555 2681 2586 2719 ο
2607 2666 2759 2720 beata
2784 2664 3038 2720 Trinitas.

2176 2757 2488 2814 Substantia
2536 2757 2650 2828 ipsa
2673 2758 2778 2812 vita
2812 2766 2933 2822 est,
2968 2757 3074 2810 vita
3099 2755 3210 2826 ipsa
3239 2755 3472 2825 quiest,
3509 2763 3723 2809 aeterna

2107 2849 2334 2906 salvatio
2355 2857 2437 2905 est
2462 2867 2474 2903 :
2503 2849 2662 2905 Pater
2688 2865 2840 2922 ergo,
2871 2858 2920 2904 et
2950 2848 3139 2916 Filius,
3168 2858 3222 2904 et
3244 2847 3478 2920 Spiritus
3497 2856 3725 2903 sanctus

2107 2953 2191 3001 est
2215 2960 2229 3003 :
2253 2960 2285 2998 ο
2305 2943 2461 3000 beata
2492 2943 2750 2998 Trinitas.

2178 3037 2260 3092 Tu
2283 3053 2403 3094 esse
2423 3037 2632 3093 cunctis
2670 3045 2896 3108 prmstas
2915 3078 2930 3103 ,
2959 3045 3012 3092 tu
3040 3036 3159 3092 Filii
3185 3035 3446 3104 formam,
3469 3044 3524 3090 tu
3544 3033 3728 3106 Spiri-

2110 3139 2196 3186 tus
2215 3130 2656 3186 reformationem
2685 3149 2698 3186 :
2722 3145 2755 3185 o
2776 3131 2931 3186 beata
2952 3129 3205 3186 Trinitas.

474 3198 617 3254 Deus
643 3197 932 3259 Dominus.
955 3207 1173 3253 sanctus
1197 3197 1427 3268 Spiritus
1457 3215 1469 3251 :
1497 3213 1528 3250 o
1561 3197 1718 3252 beata
1741 3195 1998 3252 Trinitas.
2031 3230 2078 3294 ρ
2180 3226 2259 3282 Tu
2283 3226 2420 3282 Deus
2444 3225 2637 3282 mnum
2665 3233 2722 3283 et
2745 3225 2948 3282 denum
2975 3226 3132 3282 Pater
3164 3240 3261 3281 es;
3286 3241 3318 3280 ο
3351 3224 3507 3282 hama
3537 3225 3726 3281 Trini-

477 3293 660 3359 Pater,
685 3291 874 3358 Filius,
899 3293 1209 3348 Paracletus
1235 3310 1248 3346 :
1272 3308 1304 3346 ο
1327 3293 1478 3348 beata
1501 3291 1761 3347 Trinitas.

477 3385 792 3451 Przestator,
817 3385 1076 3452 minister,
1102 3386 1306 3441 divisor
1331 3405 1343 3441 :
1368 3400 1402 3440 ο
1423 3386 1576 3440 beata
1599 3381 1854 3438 Trinitas.

484 3479 715 3550 Spiritus
736 3479 1134 3549 Operationmn,
1160 3479 1392 3549 Spiritus
1417 3479 1860 3545 ministeriorum,
1883 3478 2008 3552 Spi-

407 3575 544 3631 ritus
567 3574 859 3645 gratiarum
889 3592 900 3626 :
929 3590 961 3628 ο
987 3573 1140 3629 beata
1165 3573 1423 3630 Trinitas.

480 3667 658 3724 Unum
686 3667 1029 3738 principium,
1056 3681 1110 3723 et
1133 3670 1360 3724 alterum
1385 3685 1506 3724 cum
1529 3669 1699 3726 altero
1721 3677 1775 3726 et
1799 3686 2014 3742 semper

406 3761 640 3818 alterum
665 3776 784 3816 cum
809 3761 979 3815 altero
1011 3778 1024 3814 :
1050 3777 1081 3813 ο
1111 3761 1266 3816 beata
1289 3761 1544 3818 Trinitas.

482 3855 560 3912 De
581 3871 682 3925 qua
713 3856 872 3911 Pater
892 3856 1188 3910 substantia
1214 3899 1228 3922 ,
1254 3867 1307 3912 et
1331 3859 1443 3928 ipse
1472 3858 1770 3915 substantia
1806 3858 1972 3914 Filius
1995 3901 2008 3925 ,

408 3948 747 4022 Spiritusque
774 3949 1072 4005 subSIantia
1096 3992 1109 4014 ,
1147 3950 1240 4006 sed
1264 3950 1344 4025 (l)
1370 3963 1448 4008 ter
1473 3953 1586 4024 ipsa
1622 3953 1918 4009 subsmntia
1945 3971 1958 4008 :
1983 3967 2016 4008 ο

409 4045 564 4102 beata
588 4043 846 4104 Trinitas.

481 4137 643 4193 Pater
675 4136 940 4208 perfectus
968 4180 980 4203 ,
1024 4139 1294 4208 perlectus
1333 4139 1492 4196 Patre
1525 4141 1764 4211 perfecto
1806 4142 2012 4208 Filius;

410 4232 652 4304 perfecto
687 4233 824 4289 Filio
846 4242 1062 4289 sanctus
1087 4233 1353 4303 perlectus
1374 4235 1605 4306 Spiritus
1630 4253 1642 4289 :
1669 4253 1698 4291 ο
1720 4236 1876 4292 beata
1900 4237 2020 4293 Tri-

413 4332 578 4384 nitas.
1221 4333 1227 4337 '

483 4424 650 4492 Fons,
675 4423 894 4488 ﬁumen,
917 4423 1160 4494 irrigatio
1185 4441 1198 4477 :
1224 4439 1256 4477 o
1283 4423 1437 4478 beata
1461 4424 1717 4480 Trinitas.

483 4518 542 4572 In
587 4518 755 4574 tribus
787 4528 869 4574 ter
907 4517 1120 4590 gemina
1147 4559 1162 4586 ,
1196 4516 1291 4573 sed
1319 4533 1423 4573 una
1455 4518 1596 4573 actio
1621 4536 1633 4570 :
1662 4532 1696 4573 ο
1719 4517 1875 4574 beata
1897 4518 2018 4575 Tri-

413 4615 574 4672 nitas.
802 4612 806 4615 “

482 4709 800 4776 Existentia,
821 4709 950 4774 vita,
975 4708 1210 4780 cognitio
1241 4725 1254 4762 :
1282 4723 1312 4761 o
1334 4707 1488 4763 beata
1510 4706 1769 4762 Trinitas.

484 4804 712 4872 Caritas,
751 4803 942 4874 gratia,
966 4801 1380 4858 commtn'ricatio
1404 4819 1416 4854 :
1440 4817 1472 4856 0
1495 4801 1649 4856 beata
1673 4799 1929 4856 Trinitas.

484 4897 694 4953 Caritas
732 4895 871 4950 Deus
909 4903 1017 4960 est,
1058 4896 1224 4965 gratia
1253 4937 1267 4960 ,
1291 4892 1537 4950 Christus
1560 4937 1575 4964 ,
1611 4893 2024 4950 communicatio

413 4999 632 5050 sanctus
663 4989 896 5056 Spiritus
927 5005 938 5040 :
967 5002 1000 5042 ο
1029 4986 1179 5041 beata
1207 4986 1462 5043 Trinitas.

488 5083 545 5139 Si
573 5083 807 5138 charitas
853 5089 954 5147 est,
993 5080 1162 5150 gratia
1187 5088 1304 5144 cst;
1335 5080 1381 5135 si
1413 5080 1705 5136 charitates
1727 5091 1780 5136 et
1811 5080 1980 5150 gratia
2003 5122 2018 5147 ,

414 5171 835 5232 communicatio
866 5180 948 5225 est
981 5189 993 5224 :
1028 5185 1214 5225 omnes
1235 5185 1366 5242 ergo
1405 5171 1458 5226 in
1483 5172 1738 5244 singulis,
1785 5181 1841 5228 ct
1859 5188 2022 5227 unum

410 5271 470 5328 in
496 5269 662 5326 tribus
691 5285 702 5321 :
727 5281 760 5322 0
779 5267 933 5322 beata
962 5263 1220 5321 Trinitas.

491 5362 626 5416 lliuc
669 5377 735 5415 ex
779 5360 889 5414 Deo
928 5357 1216 5427 Apostolus
1259 5357 1454 5413 Paulus
1489 5355 1564 5428 (ll
1587 5355 1706 5412 Cor.
1736 5374 1853 5423 xm,
1888 5357 2020 5431 15):

415 5455 597 5511 Gratia
638 5453 844 5507 Domini
884 5453 1046 5507 nostri
1088 5449 1213 5506 Jesu
1245 5450 1454 5517 Christi,
1487 5461 1532 5505 et
1561 5451 1784 5504 Charitas
1828 5451 1942 5516 Dei,
1977 5459 2023 5506 et

413 5547 808 5605 communicatio
821 5546 984 5600 sancti
1003 5544 1229 5615 Spiritus
1245 5545 1515 5600 vobiscum.
1534 5542 1578 5599 0
1593 5543 1745 5599 beata
1759 5543 2017 5600 Trinitas.

486 5703 566 5776 (1)
605 5703 776 5776 Caute
802 5701 952 5776 lege,
983 5711 1075 5768 ter,
1107 5701 1160 5757 id
1188 5711 1273 5758 est
1299 5703 1349 5758 in
1382 5702 1552 5758 tribus
1579 5719 1593 5756 :
1627 5701 1866 5776 alioquin
1898 5717 2021 5776 cer:-

410 5773 524 5831 tum
557 5786 639 5830 est
665 5773 1020 5830 substantiam
1043 5789 1136 5830 seu
1169 5784 1416 5830 naturam
1451 5791 1555 5830 non
1585 5773 1856 5830 numerari
1877 5816 1890 5840 ,
1923 5773 2019 5830 sed

411 5853 533 5906 csSe
559 5861 741 5904 unam.
770 5844 1235 5922 Simplicissimam
1266 5847 1550 5921 plusquam
1578 5862 1738 5906 unam
1767 5860 2015 5906 numero.-

2116 3328 2218 3375 tas.

2185 3411 2265 3468 Tu
2287 3427 2320 3468 ο
2341 3411 2473 3479 Fili,
2495 3414 2618 3484 quia
2644 3414 2748 3468 vita
2769 3428 2829 3468 es
2852 3456 2867 3482 ,
2912 3412 3152 3468 inﬁnitus
3186 3429 3285 3480 es;
3321 3413 3458 3485 quia
3491 3414 3729 3470 mortuis

2116 3509 2281 3563 vitam
2315 3523 2540 3564 revocas
2566 3550 2580 3572 ,
2622 3507 2876 3563 deﬁnitus
2900 3523 2991 3574 es;
3017 3519 3069 3564 tu
3109 3523 3324 3580 qquue
3353 3518 3409 3564 et
3444 3509 3642 3565 inﬁniti
3672 3518 3734 3565 et

2113 3601 2321 3659 detiniti
2350 3603 2508 3658 Pater
2526 3617 2584 3657 es
2609 3619 2624 3655 :
2653 3618 2684 3654 ο
2708 3602 2863 3658 beata
2889 3602 3150 3658 Trinitas.

2188 3693 2267 3748 Tu
2298 3694 2462 3750 etiam
2488 3693 2718 3765 Spiritus
2751 3703 2965 3762 sant-te,
2991 3697 3113 3766 quia
3151 3694 3376 3751 salvatio
3405 3711 3464 3752 es
3486 3739 3500 3762 ,
3535 3696 3736 3752 deﬁni-

2121 3797 2206 3844 tus
2227 3804 2286 3843 es
2309 3831 2324 3854 ,
2349 3797 2405 3844 et
2424 3789 2544 3859 quia
2568 3787 2811 3842 deﬁnitio
2845 3790 2985 3858 quod
3012 3787 3274 3843 inﬁnitum
3305 3799 3388 3846 est
3410 3791 3610 3845 retines
3634 3833 3649 3856 ,
3677 3800 3735 3846 et

2119 3881 2314 3938 inﬁniti
2343 3890 2398 3937 et
2418 3880 2622 3936 deﬁniti
2649 3891 2799 3950 pater
2819 3895 2878 3935 es
2905 3898 2917 3933 :
2947 3900 2978 3932 υ
3002 3880 3158 3936 beata
3181 3881 3435 3937 Trinitas.

2190 3976 2249 4032 Si
2269 3989 2398 4046 ergo
2427 3983 2506 4029 ter
2546 3972 2702 4028 Pater
2727 3973 2922 4037 unitas,
2948 3972 3124 4028 omnis
3153 3982 3331 4027 autem
3353 3989 3383 4026 a
3410 3983 3482 4040 te,
3509 3990 3540 4027 o
3565 3973 3730 4038 Deus,

2119 4071 2438 4141 paternitas,
2456 4084 2618 4124 unum
2641 4079 2695 4124 et
2718 4069 2878 4138 Deus,
2899 4069 3140 4125 etomnis
3164 4069 3487 4140 paternitas:
3519 4085 3551 4123 ο
3573 4070 3735 4125 beata

2121 4164 2381 4220 Trinitas.

2191 4255 2272 4311 Tn
2294 4257 2460 4330 λόγον,
2499 4254 2656 4323 Deus,
2682 4254 2877 4310 creasti
2905 4252 3005 4326 (l),
3032 4254 3158 4310 hinc
3189 4254 3328 4310 Deus
3351 4254 3522 4310 factus
3553 4254 3734 4321 Pater,

2121 4358 2176 4405 et
2195 4349 2316 4420 quia
2342 4365 2370 4403 a
2398 4361 2449 4405 te
2477 4359 2691 4404 creatus
2720 4356 2806 4404 est.
2839 4349 2988 4421 λόγος
3017 4391 3030 4412 ,
3064 4357 3119 4402 et
3140 4349 3252 4418 ipse
3274 4349 3397 4420 quia
3440 4348 3492 4403 in
3538 4349 3633 4403 illo
3654 4365 3738 4416 es,

2126 4444 2299 4499 lactus
2337 4452 2422 4500 est
2458 4444 2602 4517 λόγος
2647 4443 2808 4498 Deus.
2835 4441 2962 4497 llaec
2999 4441 3107 4496 duo
3131 4458 3292 4496 unum
3325 4451 3512 4498 sancto
3536 4443 3739 4498 unxisti

2125 4536 2326 4608 Spiritu
2359 4535 2630 4606 :simplcx
2661 4549 2792 4606 ergo
2831 4543 2886 4590 et
2929 4549 3093 4589 unum
3124 4549 3182 4590 es
3217 4534 3414 4590 factum
3447 4538 3499 4589 in
3540 4534 3736 4590 tribus.

2044 4634 2098 4694 D
2125 4631 2377 4702 Spiritus,
2408 4631 2573 4702 λόγος,
2605 4630 2746 4684 Deus
2771 4646 2784 4682 :
2809 4643 2842 4682 o
2865 4626 3019 4682 beata
3038 4626 3298 4683 Trinitas.

2200 4725 2438 4781 Primum
2481 4721 2564 4791 ὃν,
2596 4721 2891 4778 secundum
2922 4715 2994 4789 ὃν,
3038 4721 3254 4777 tertium
3298 4716 3386 4787 ὃν,
3417 4729 3474 4777 ct
3511 4720 3743 4792 simplex

2129 4823 2226 4878 tria
2255 4839 2266 4875 :
2295 4835 2328 4875 ο
2350 4819 2504 4876 beata
2531 4818 2788 4874 Trinitas.

2201 4926 2266 4970 ον
2301 4927 2465 4968 omne
2496 4911 2792 4967 substantia
2824 4918 2937 4977 est,
2961 4907 3014 4964 ὃν
3041 4907 3265 4964 formata
3294 4907 3597 4963 substantia
3618 4915 3742 4962 est:

2129 5007 2357 5062 formata
2382 5005 2677 5060 substantia
2713 5013 2806 5058 aut
2844 5002 2946 5058 sibi
2981 5011 3183 5058 tantum
3208 5044 3224 5070 ,
3265 5010 3360 5057 aut
3386 5001 3574 5057 alteris
3596 5043 3614 5071 ,
3655 5010 3746 5056 aut

2130 5101 2230 5156 sibi
2255 5107 2345 5154 aut
2365 5099 2549 5154 alteris
2570 5107 2696 5152 nota
2719 5106 2803 5152 est
2825 5115 2837 5151 :
2867 5113 2901 5152 o
2932 5095 3084 5152 beata
3107 5095 3362 5151 Trinitas.

2203 5191 2512 5248 Substantia
2545 5189 2686 5246 Deus
2712 5198 2813 5264 est,
2851 5188 3025 5245 forma
3064 5188 3234 5245 Filius
3255 5232 3270 5256 ,
3297 5188 3444 5246 notio
3467 5185 3705 5260 Spiritus
3733 5206 3744 5240 τ

2129 5301 2162 5343 o
2193 5286 2345 5342 beata
2369 5284 2622 5340 Trinitas.

2204 5392 2270 5436 ον
2304 5379 2534 5450 primum
2559 5418 2573 5444 ,
2602 5373 2654 5434 ὃν
2677 5392 2861 5433 verum
2893 5377 3034 5432 Deus
3051 5391 3110 5432 es
3135 5392 3152 5434 :
3183 5390 3314 5447 ergo
3343 5376 3521 5432 omnis
3546 5386 3604 5432 et
3636 5385 3746 5432 tota

2122 5472 2441 5535 substantia,
2478 5471 2617 5526 Deus
2637 5485 2697 5526 es
2723 5488 2734 5523 :
2760 5487 2792 5523 ο
2816 5471 2969 5525 beata
3000 5469 3256 5524 Trinitas.

2196 5578 2263 5622 ον
2297 5565 2594 5621 secundum
2631 5564 2807 5619 omnis
2836 5562 3005 5618 forma
3029 5563 3277 5618 Christus
3307 5571 3389 5616 est
3416 5581 3430 5617 :
3463 5563 3748 5618 universa-

2123 5659 2190 5718 lis
2233 5647 2411 5717 autem
2451 5659 2782 5726 substantia,
2806 5673 2928 5714 cum
2953 5657 3277 5713 universalis
3310 5667 3394 5714 est
3419 5701 3432 5724 ,
3458 5658 3632 5714 forma
3663 5672 3746 5716 est

2196 5776 2274 5903 (IJ
2317 5775 2485 5830 Caute
2515 5775 2632 5845 lege
2657 5790 2669 5828 :
2701 5787 2822 5827 nam
2850 5772 2988 5828 solet
3012 5771 3327 5827 Victorinus
3349 5774 3556 5830 creandi
3584 5785 3639 5833 et
3657 5775 3743 5847 [ο-

2196 5866 2230 5903 n
2272 5848 2288 5903 i
2311 5846 2476 5903 verbo
2499 5862 2596 5903 pro
2624 5844 2923 5903 generandi
2949 5851 3005 5903 et
3031 5843 3373 5903 producendi
3405 5845 3502 5902 uti.

2123 5843 2288 5909 αἰθὴᾱὶ
2311 5846 2476 5906 verbo
2499 5843 2596 5918 pro
2624 5844 2923 5918 generandi
2949 5851 3005 5903 et
3030 5843 3373 5918 producendi
3405 5845 3502 5902 uti.
