4024 6306
266 297 406 357 1145

1185 303 1250 360 ΙΝ
1292 303 1677 362 l'ZPISTOLAM
1719 299 1924 360 PAULI
1961 299 2055 355 AD
2093 299 2412 360 GALATAS
2450 301 2650 360 LIBER
2689 305 2728 361 l.

3453 302 3592 360 1M6

259 421 559 478 substantia
585 439 598 477 :
626 422 786 494 igitur
823 438 944 479 cum
993 421 1161 480 forma
1204 434 1328 492 est,
1354 437 1407 480 et
1447 425 1590 480 Deus
1635 422 1882 480 Christus
1907 421 1962 482 Α
1986 419 2286 476 substantia
2308 463 2324 489 ,
2355 421 2451 478 sed
2481 423 2697 479 salvans
2728 439 3190 496 regeneransque,
3226 439 3330 480 non
3369 439 3592 482 manens

259 527 344 576 est
369 536 380 572 :
402 507 439 574 ἱ)
463 518 618 574 beata
644 518 902 576 Trinitas.

328 621 395 666 ον
436 612 656 667 tertium
697 622 914 668 sanctus
943 623 1024 670 est
1045 613 1313 685 Spiritus,
1337 627 1555 672 sanctus
1594 616 1826 688 Spiritus
1852 657 1866 681 ,

257 704 422 760 totius
443 706 773 762 exsisteutim
799 707 1193 787 demonstratio
1214 720 1314 766 est.
1349 711 1747 767 Demonstratio
1775 727 1868 766 au-

255 810 363 859 tem
388 815 679 870 numquam
724 800 824 856 nisi
854 812 980 858 nota
1003 803 1337 860 demonstrat
1364 823 1376 859 :
1406 821 1564 862 llOSSc
1592 816 1772 862 autem
1815 808 1870 862 in

253 891 459 950 divinis
508 893 610 950 hoc
634 903 719 951 est
759 897 904 969 quod
945 898 1144 956 habere
1173 909 1275 956 cst.
1309 900 1699 972 Cognosceulia
1724 903 1868 959 enim

254 985 370 1056 ipsa
393 986 690 1058 eademque
717 989 1015 1045 substantia
1058 1001 1161 1047 est.
1187 993 1360 1050 Habet
1379 1009 1510 1065 ergo
1545 995 1741 1062 Deum,
1776 996 1869 1052 ha-

252 1076 347 1136 bet
383 1075 658 1135 Christum
702 1097 862 1152 quem
893 1082 1232 1141 deinousuat
1269 1084 1503 1158 Spiritus
1542 1096 1762 1144 sanctus
1797 1103 1870 1145 :0

258 1171 418 1229 beata
448 1173 706 1232 Trinitas.

323 1265 646 1336 lmmensus,
691 1267 950 1336 inﬁnitus,
994 1270 1274 1328 invisibilis
1318 1273 1460 1330 Deus
1501 1289 1582 1342 es,
1624 1275 1719 1331 sed
1750 1276 1868 1334 aliis

250 1356 568 1428 immensus,
594 1360 851 1430 inﬁnitus,
883 1364 1003 1420 aliis
1037 1373 1090 1420 et
1122 1365 1404 1421 invisibilis
1431 1385 1442 1421 :
1469 1367 1564 1423 tibi
1607 1383 1827 1424 mensus
1848 1395 1862 1420 ν

251 1451 348 1507 tibi
373 1455 578 1519 linitus,
611 1456 706 1509 tibi
741 1456 970 1512 visibilis
998 1476 1012 1514 :
1043 1458 1178 1514 lliuc
1204 1474 1332 1530 ergo
1359 1467 1413 1513 et
1435 1458 1604 1514 forma
1639 1460 1729 1515 tibi
1758 1471 1860 1526 cst,

247 1555 382 1614 ergo
423 1553 478 1599 ct
523 1546 687 1621 Λόγος
722 1563 734 1600 :
771 1545 914 1602 idem
956 1563 1054 1615 es,
1102 1551 1224 1620 quia
1252 1552 1413 1626 Λόγος
1458 1554 1625 1607 forma
1665 1563 1748 1608 est
1773 1575 1786 1609 :
1813 1565 1867 1609 et

246 1637 372 1708 quia
397 1637 566 1694 t‘orma
593 1640 685 1696 tibi
715 1641 900 1696 notitia
925 1658 984 1699 es
1006 1686 1022 1712 ,
1050 1647 1234 1700 notitia
1253 1657 1430 1702 autem
1452 1647 1688 1717 Spiritus
1712 1663 1866 1704 sanc-

248 1737 338 1787 tus
360 1741 442 1788 est
469 1749 482 1786 :
507 1732 558 1788 id
584 1748 717 1804 ergo
745 1743 800 1790 et
826 1735 986 1804 Deus,
1022 1748 1074 1794 et
1099 1739 1276 1814 Λόγος,
1305 1750 1360 1796 et
1385 1739 1616 1813 Spiritus
1645 1753 1864 1800 sanctus

249 1841 308 1884 es
335 1843 348 1880 :
381 1841 414 1882 o
442 1827 602 1884 beata
632 1828 890 1886 Trinitas.

321 1919 425 1986 Tu,
479 1920 578 1976 Fili
618 1924 869 1994 visibilis,
899 1941 958 1980 es
988 1928 1132 1982 enim
1177 1929 1497 1987 universalis
1527 1942 1580 1988 ct
1620 1934 1856 1988 omnium

247 2009 418 2066 forma
445 2029 458 2067 :
491 2011 624 2069 Cum
656 2017 798 2071 enim
831 2018 1066 2074 viriticas
1096 2033 1312 2088 cuncta,
1338 2024 1396 2078 lit
1419 2023 1587 2079 forma
1619 2025 1686 2081 de
1717 2027 1855 2081 vita:

247 2103 446 2162 Forma
488 2119 668 2165 autem
709 2127 927 2184 semper
962 2115 1012 2169 in
1045 2117 1372 2186 substantia,
1406 2129 1460 2175 ct
1488 2119 1656 2177 forma
1682 2124 1858 2177 omnis

247 2199 439 2255 notitia
478 2211 562 2256 est
603 2219 777 2275 :ergo
823 2204 879 2260 in
925 2206 1223 2264 substantia
1269 2209 1408 2266 Deus
1450 2227 1548 2279 es,
1591 2214 1642 2266 in
1687 2213 1857 2269 forma

247 2294 414 2367 Λόγος
439 2335 452 2361 ,
485 2294 537 2349 in
569 2297 758 2353 notitia
789 2297 1024 2369 Spiritus
1049 2311 1268 2357 sanctus
1295 2321 1307 2357 :
1358 2321 1388 2356 ο
1415 2303 1568 2360 beata
1599 2304 1853 2362 Trinitas.

321 2385 401 2442 Tu
433 2403 644 2461 quoque
667 2389 902 2462 Spiritus
925 2407 1142 2450 sanctus
1170 2397 1318 2452 notio
1341 2414 1400 2453 es
1430 2417 1442 2452 :
1478 2401 1653 2456 oumis
1675 2412 1854 2457 autem

247 2480 398 2535 notio
422 2478 610 2537 forma:
639 2485 1031 2542 etsubstantize
1058 2489 1206 2544 notio
1236 2500 1317 2544 cst
1343 2508 1355 2544 :
1377 2488 1670 2561 Cognoscis
1699 2494 1858 2564 igitur

247 2571 440 2640 Deum,
473 2584 525 2630 et
549 2575 716 2633 habes
739 2578 832 2635 Dei
858 2581 1104 2635 formam.
1139 2581 1276 2639 Hinc
1305 2596 1357 2637 et
1389 2585 1528 2640 Deus
1550 2627 1564 2651 ,
1587 2595 1640 2642 et
1661 2585 1853 2653 Filius,

246 2674 302 2722 et
323 2665 559 2737 Spiritus
585 2678 802 2727 sanctus
831 2688 890 2727 es
916 2691 930 2727 :
959 2688 990 2727 ο
1013 2673 1167 2729 beata
1200 2674 1454 2731 Trinitas.

322 2761 453 2818 Esse
495 2765 634 2822 Deus
673 2782 764 2834 es,
813 2768 1073 2838 Spiritum
1113 2784 1233 2825 esse
1263 2769 1510 2828 Christus
1534 2813 1550 2841 ,
1596 2788 1856 2844 apparere

245 2857 390 2930 quod
420 2858 489 2913 sit
515 2860 752 2930 Spiritus
776 2863 1088 2920 Paracletus
1120 2883 1134 2920 :
1168 2881 1200 2920 o
1225 2867 1378 2921 beata
1409 2867 1662 2923 Trinitas.

319 2949 456 3007 Hinc
494 2953 767 3010 Christum
797 2958 942 3012 misit
969 2957 1160 3027 Pater,
1201 2957 1446 3017 Christus
1473 2962 1810 3020 Paracletum
1835 3008 1850 3034 ,

244 3039 496 3100 Christus
534 3055 590 3099 ut
632 3047 913 3107 Paracleto
936 3093 950 3118 ,
994 3047 1212 3108 Christo
1251 3064 1308 3108 ut
1337 3065 1624 3125 appareret
1660 3055 1853 3113 Pater:

243 3151 279 3194 o
307 3137 459 3195 beata
491 3139 746 3197 Trinitas.

1972 528 2308 586 generansve
2336 516 2633 572 substantia
2667 532 2727 573 es
2759 535 2771 571 :
2807 534 2838 572 ο
2869 517 3027 574 beata
3051 517 3309 574 Trinitas.

2046 605 2162 661 Una
2190 606 2352 678 igitur
2378 608 2518 664 Deus
2537 651 2550 676 ,
2575 609 2720 684 λόγος
2763 609 3104 682 Spiritusque
3141 610 3440 666 substantia
3468 619 3587 677 est,

1974 714 2197 755 manens
2229 701 2282 755 in
2317 702 2507 770 tribus,
2546 703 2892 774 existensque
2923 713 3004 758 ter
3024 704 3077 759 in
3111 703 3362 760 omnibus
3395 703 3582 761 tribus.

1974 791 2087 848 lloc
2117 806 2296 848 autem
2326 804 2377 849 et
2406 792 2576 848 l'oruia
2605 803 2659 850 et
2697 797 3076 865 cognoscentia
3099 802 3210 861 est,
3239 794 3315 850 sic
3348 795 3586 867 triplica-

1973 893 2058 943 tur
2080 887 2256 944 omnis
2277 888 2505 958 simplex
2535 889 2880 960 singularitas
2905 908 2916 942 :
2946 905 2979 944 o
3007 890 3162 946 beata
3189 871 3443 946 Trinitas.

2051 979 2154 1048 Tu,
2183 981 2323 1036 Deus
2352 982 2644 1053 incognite,
2677 991 2732 1037 tu
2761 983 3322 1052 incomprehensibilis
3350 984 3489 1039 Deus
3506 999 3588 1052 cs,

1971 1072 2066 1129 Sed
2098 1075 2352 1147 incogniti
2379 1076 3120 1148 atqueincomprehensibilis
3154 1077 3293 1133 Deus
3315 1093 3394 1144 es,
3425 1079 3576 1148 quasi

1973 1167 2216 1236 quedam
2266 1167 2440 1224 forma
2485 1171 2603 1225 sine
2649 1169 2818 1225 forma
2863 1180 2964 1225 est.
3003 1170 3138 1226 llinc
3166 1187 3261 1242 pro
3298 1167 3351 1226 ὃν
3378 1189 3497 1226 cum
3533 1170 3584 1228 ὃν

1970 1261 2168 1317 diceris
2201 1265 2366 1334 magis
2397 1262 2637 1318 defectus
2677 1279 2738 1318 ac
2770 1265 3003 1334 requies.
3037 1264 3170 1319 Hinc
3194 1266 3456 1320 cessantis
3487 1280 3582 1321 co-

1970 1357 2302 1428 guosceutia:
2335 1357 2502 1412 forma
2534 1366 2618 1412 est
2656 1359 2948 1413 noscentis:
2980 1376 2992 1411 :
3029 1373 3062 1412 ο
3093 1358 3246 1413 beata
3270 1357 3530 1414 Trinitas.

2042 1447 2124 1502 Tu
2153 1449 2297 1522 λόγος
2327 1447 2500 1505 forma
2530 1465 2651 1504 cum
2678 1451 2772 1516 sis,
2796 1448 2966 1505 forma
2991 1451 3156 1522 patris
3178 1466 3236 1506 es
3262 1469 3274 1504 :
3303 1451 3426 1507 hinc
3453 1466 3584 1522 ergo

1970 1549 2024 1597 et
2066 1542 2243 1613 imago
2277 1544 2441 1612 patris
2475 1559 2554 1598 es.
2601 1543 2668 1598 Et
2705 1559 2826 1599 cum
2859 1542 3028 1599 forma
3055 1545 3219 1614 patris
3249 1561 3339 1611 es,
3373 1555 3454 1600 est
3488 1544 3580 1601 tibi

1968 1630 2140 1690 forma
2189 1647 2243 1692 et
2271 1636 2384 1708 ipsa
2434 1639 2770 1704 substantia,
2820 1649 2874 1694 et
2911 1639 3035 1710 quia
3079 1641 3248 1696 l'orma
3295 1640 3484 1696 cadent
3527 1649 3582 1698 et

1967 1729 2262 1785 substantia
2309 1738 2393 1785 est
2425 1749 2436 1784 :
2473 1732 2593 1786 hinc
2625 1731 2675 1786 in
2711 1740 2761 1786 te
2808 1731 2965 1786 Pater
3003 1741 3114 1797 est,
3145 1741 3199 1787 et
3223 1741 3278 1787 tu
3305 1733 3356 1787 in
3399 1733 3578 1790 Patre.

1893 1825 1938 1884 B
1965 1823 2096 1880 Item
2125 1827 2248 1896 quia
2279 1827 2453 1882 l'ortna
2481 1843 2538 1883 es
2561 1870 2574 1893 ,
2608 1827 2754 1883 notio
2785 1827 2854 1883 ibi
2885 1839 3003 1894 est,
3036 1844 3164 1900 ergo
3198 1838 3253 1884 et
3280 1829 3578 1885 substantia

1965 1922 2057 1978 tibi
2099 1933 2221 1977 tota
2243 1964 2256 1989 ,
2290 1938 2355 1977 ex
2385 1921 2485 1978 hoc
2517 1933 2677 1979 notus
2717 1935 2768 1977 et
2799 1923 2957 1979 Pater
2986 1933 3086 1979 est.
3129 1923 3340 1995 Quippe
3363 1940 3484 1980 cum
3524 1924 3578 1980 in

1961 2016 2082 2070 sinu
2107 2017 2224 2085 ejus
2250 2016 2324 2070 sis
2344 2017 2412 2073 ab
2433 2032 2498 2072 co
2519 2019 2753 2088 genitus,
2779 2033 2965 2072 verum
2989 2033 3118 2091 ergo
3141 2028 3190 2072 et
3213 2026 3267 2074 tu
3290 2015 3342 2072 ὃν
3369 2033 3576 2092 verum,

1961 2111 2014 2164 ἐκ
2037 2117 2128 2166 τοῦ
2157 2107 2297 2173 ὄντος
2327 2113 2385 2168 τὸ
2415 2109 2501 2166 ὂνε
2532 2109 2704 2168 Omne
2732 2120 2912 2167 autem
2938 2109 2991 2168 δν
3019 2126 3235 2183 seraper
3266 2111 3320 2167 in
3358 2111 3532 2168 tribus
3563 2117 3575 2154 ε

1970 2220 2003 2259 o
2035 2204 2193 2260 beata
2225 2204 2481 2260 Trinitas.

2034 2297 2136 2363 Tu,
2171 2298 2405 2369 Spiritus
2428 2307 2638 2366 sancte,
2667 2299 2940 2355 connexio
2971 2313 3031 2355 es
3061 2316 3073 2353 :
3107 2299 3374 2355 connexio
3395 2305 3574 2354 autem

1962 2399 2077 2456 est,
2111 2385 2368 2463 quidquid
2398 2393 2670 2447 connectit
2698 2392 2828 2457 duo,
2863 2392 2933 2447 ita
2958 2401 3014 2446 ut
3033 2403 3326 2447 counectas
3351 2392 3530 2446 omnia
3557 2433 3572 2458 ,

1965 2487 2144 2556 primo
2191 2487 2470 2542 connectis
2510 2485 2656 2552 duo,
2685 2501 2850 2558 esque
2901 2487 3013 2557 ipsa
3059 2490 3217 2541 tertia
3271 2485 3578 2556 complexio

1958 2577 2230 2646 duorum,
2275 2588 2436 2649 atque
2481 2579 2594 2650 ipsa
2651 2580 2955 2650 complexio
3003 2580 3135 2635 nihil
3181 2579 3390 2635 distans
3429 2594 3573 2634 uno.

1960 2688 2122 2728 unum
2149 2687 2269 2728 cum
2295 2673 2426 2728 facis
2454 2674 2561 2729 duo
2594 2693 2605 2730 :
2636 2694 2668 2729 υ
2702 2674 2856 2730 beata
2883 2675 3142 2731 Trinitas.

2028 2767 2164 2823 Tres
2193 2784 2323 2838 ergo
2355 2785 2519 2824 unum
2543 2810 2559 2836 ,
2589 2779 2644 2826 et
2667 2785 2794 2840 ergo
2823 2779 2926 2836 ter,
2957 2783 3088 2840 ergo
3117 2777 3200 2825 ter
3231 2779 3339 2824 tres
3362 2782 3528 2824 unum
3556 2785 3568 2823 :

1955 2878 1991 2920 ο
2024 2864 2178 2920 beata
2210 2864 2463 2920 Trinitas.

2028 2956 2165 3012 Hinc
2193 2957 2352 3013 Pater
2391 2972 2638 3013 summus
2667 2957 2829 3012 mittit
2857 2957 3032 3030 λόγον,
3065 2955 3264 3011 missus
3301 2962 3448 3010 creat
3473 2997 3487 3022 ,
3522 2963 3576 3010 et

1957 3049 2224 3104 ministrat
2246 3049 2427 3105 omnia
2447 3091 2462 3115 ,
2491 3059 2713 3120 portans
2740 3049 2791 3104 in
2815 3050 3041 3104 salutem
3070 3048 3223 3103 nobis
3247 3063 3465 3103 carnem
3496 3047 3574 3102 si-

1961 3142 2072 3196 mul
2107 3151 2160 3197 et
2187 3151 2426 3198 sanctam
2449 3157 2664 3198 crucem
2687 3183 2700 3206 ,
2730 3155 2980 3196 remeans
3011 3141 3184 3195 victor
3213 3138 3278 3194 ad
3312 3139 3528 3194 Patrem
3555 3180 3571 3204 ,

319 3230 537 3287 Secreta
579 3241 742 3304 atque
773 3234 826 3290 in
853 3237 1066 3291 occulto
1108 3239 1403 3295 substantia
1436 3241 1574 3298 Deus
1615 3251 1735 3299 est:
1765 3259 1854 3298 se-
1882 3214 1927 3278 Ο
1960 3237 2237 3293 salvandis
2268 3237 2422 3292 nobis
2452 3251 2573 3291 esse
2595 3236 2738 3290 misit
2763 3235 2991 3290 alterum
3022 3252 3034 3288 :
3064 3249 3096 3289 o
3137 3232 3289 3288 beata
3317 3231 3570 3287 Trinitas.

243 3333 398 3382 creto
432 3326 673 3396 atquein
713 3328 926 3384 occulto
949 3330 1116 3385 forma
1159 3333 1296 3388 Deus
1336 3349 1395 3388 es
1421 3353 1434 3389 :
1459 3347 1664 3391 secreta
1694 3349 1856 3407 atque

245 3417 298 3472 in
343 3419 556 3474 occulto
599 3421 749 3476 notio
790 3422 930 3477 Deus
977 3433 1060 3478 est
1091 3442 1104 3479 :
1139 3425 1273 3480 llinc
1301 3426 1378 3499 (1)
1415 3444 1512 3499 pro
1549 3425 1602 3485 ὂν
1630 3429 1852 3486 istorum

242 3517 343 3567 τῶν
367 3506 523 3566 ὄντων
551 3512 688 3567 Deus
716 3529 774 3567 es
803 3531 816 3566 :
850 3529 883 3568 ο
911 3514 1061 3569 beata
1095 3515 1353 3572 Trinitas.

319 3605 537 3661 Publica
581 3607 693 3678 jam
737 3623 1111 3680 appareuSque
1159 3611 1456 3667 substantia
1499 3614 1642 3689 λόγος
1676 3631 1772 3670 es:
1801 3625 1856 3672 et

243 3698 368 3770 quia
407 3699 618 3770 publica
663 3711 716 3756 et
745 3716 1017 3773 apparens
1041 3745 1056 3770 ,
1090 3703 1256 3759 forma
1301 3715 1478 3760 autem
1520 3710 1643 3778 quia
1683 3709 1856 3764 Patris

245 3791 419 3846 forma
447 3808 506 3846 es
531 3833 547 3858 ,
581 3792 705 3848 hinc
745 3793 839 3848 tibi
879 3797 1173 3851 substantia
1206 3813 1287 3852 es.
1323 3797 1464 3868 Ergo
1503 3799 1558 3854 in
1603 3811 1655 3856 te
1703 3810 1857 3872 pater

246 3895 351 3953 est,
381 3887 504 3956 quia
532 3895 682 3957 pater
712 3888 1009 3944 substantia
1041 3901 1140 3945 est.
1176 3891 1375 3948 Eadem
1403 3904 1580 3948 autem
1607 3897 1858 3949 substan-

249 3981 344 4048 tia,
368 3995 543 4051 ncque
569 3981 712 4035 enim
740 3983 843 4036 alia
874 3984 977 4037 ulla
1007 3985 1329 4038 substantia.
1362 3986 1416 4042 Si
1443 4003 1572 4057 ergo
1593 3988 1738 4062 λὸλος
1758 4003 1857 4058 ap-

247 4089 446 4146 parens
469 4075 642 4131 i'orma
671 4087 775 4142 est,
803 4077 972 4131 forma
1000 4078 1404 4151 substantiaque
1433 4082 1566 4152 ipsa;
1591 4097 1858 4152 apparens

247 4177 426 4223 autem
461 4167 628 4222 {.irina
663 4183 1036 4242 apparensque
1063 4173 1360 4228 substantia
1390 4175 1535 4229 notio
1571 4183 1652 4231 est
1676 4192 1688 4228 :
1714 4175 1857 4231 idem

248 4269 307 4315 tu
348 4260 495 4336 λόγος
519 4299 534 4326 ,
579 4269 631 4316 et
669 4260 808 4319 Deus
834 4303 848 4328 ,
897 4273 950 4318 et
989 4264 1225 4335 Spiritus
1264 4277 1480 4322 sanctus
1515 4283 1572 4324 es
1601 4285 1614 4322 :
1641 4286 1674 4326 ο
1705 4269 1857 4325 beata

249 4355 512 4414 Trinitas.

322 4449 509 4505 Omnis
541 4450 689 4505 notio
715 4454 1098 4522 cognoscentia
1131 4464 1208 4510 est
1232 4496 1248 4522 ,
1273 4456 1449 4511 omnis
1475 4459 1857 4529 cognoscentia

250 4545 548 4602 substantia
595 4555 716 4612 est,
759 4548 1247 4619 cognoscentiaque
1292 4550 1403 4620 ipsa
1434 4548 1607 4606 ferina
1650 4562 1732 4607 est
1758 4570 1770 4606 :
1800 4567 1859 4608 es

2032 3330 2262 3400 Semper
2292 3344 2412 3385 cum
2446 3328 2558 3384 Deo
2595 3328 2844 3383 Christus
2874 3337 2958 3384 est
2983 3327 3134 3397 juxta
3172 3323 3527 3381 substantiam
3557 3339 3572 3380 :

1959 3422 2172 3478 Etenim
2202 3423 2308 3478 vita
2339 3437 2556 3494 semper
2585 3433 2686 3478 est.
2728 3423 2795 3476 At
2826 3422 3080 3492 quoniam
3113 3414 3222 3474 vita
3248 3461 3262 3486 ,
3294 3418 3435 3473 actio
3472 3433 3572 3472 au-

1943 3524 2069 3572 tem
2104 3525 2160 3570 ut
2197 3525 2318 3585 agat
2359 3515 2587 3586 incipit,
2623 3515 2724 3570 hoc
2753 3523 2835 3569 est
2874 3513 3121 3569 Christus
3153 3524 3310 3566 natus
3349 3521 3429 3566 est
3459 3529 3471 3565 :
3507 3526 3570 3566 ex

1959 3618 2164 3664 interno
2194 3618 2373 3664 autem
2401 3610 2540 3664 Deus
2565 3621 2618 3664 et
2640 3608 2891 3664 Christus
2916 3609 3061 3678 agit:
3093 3625 3156 3662 ex
3188 3618 3391 3660 :etcrno
3415 3607 3575 3677 igitur

1962 3701 2104 3756 Deus
2129 3700 2378 3755 Christus
2411 3711 2568 3755 natus
2598 3712 2677 3755 est
2711 3719 2722 3754 :
2769 3721 2800 3754 υ
2824 3701 2976 3756 beata
3010 3699 3264 3756 Trinitas.

2029 3794 2088 3848 lu
2131 3794 2298 3849 caelus
2338 3793 2427 3864 qui
2475 3793 2720 3849 ascendit
2759 3793 3006 3848 Christus
3043 3804 3162 3848 est:
3196 3793 3263 3847 de
3293 3791 3446 3846 cmlis
3485 3798 3573 3861 qui

1960 3883 2238 3940 descendit
2282 3884 2423 3939 idem
2456 3893 2556 3938 est.
2593 3884 2708 3938 Non
2739 3900 2868 3954 ergo
2895 3885 2962 3938 ab
2995 3883 3244 3951 homine,
3275 3882 3370 3938 sed
3408 3897 3576 3954 usque

1959 3977 2026 4031 ad
2057 3976 2330 4032 hominem
2361 3976 2607 4031 Christus
2637 3985 2722 4032 est
2747 3995 2758 4029 :
2787 3992 2818 4032 ο
2850 3977 3000 4032 beata
3033 3976 3289 4032 Trinitas.

2035 4070 2132 4124 llic
2169 4079 2252 4124 est
2290 4070 2431 4125 Deus
2461 4079 2676 4137 noster,
2711 4070 2798 4126 hic
2829 4081 2911 4125 est
2944 4071 3082 4127 Deus
3115 4086 3290 4140 unus,
3319 4069 3408 4125 hic
3441 4084 3578 4124 unus

1963 4170 2018 4218 et
2048 4164 2200 4218 solus
2232 4163 2372 4217 Deus
2403 4182 2415 4219 :
2444 4177 2476 4217 0
2507 4164 2660 4218 beati
2689 4163 2950 4219 Trinitas.

2037 4253 2191 4309 llunc
2217 4271 2440 4310 oramus
2477 4257 2656 4312 cuncti
2680 4299 2694 4322 ,
2727 4267 2779 4312 et
2809 4271 3026 4311 oramus
3048 4271 3209 4311 unum
3233 4298 3246 4324 ,
3277 4272 3440 4310 unum
3473 4256 3576 4312 Pa-

1967 4355 2102 4402 trem
2134 4357 2187 4404 et
2220 4347 2418 4404 Filiutn
2441 4391 2456 4418 ,
2489 4361 2842 4422 sanctumque
2868 4350 3128 4422 Spiritum
3157 4368 3170 4406 :
3205 4367 3237 4406 o
3268 4350 3424 4407 beata
3462 4350 3579 4407 Tri-

1964 4441 2127 4496 nitas.

2041 4535 2114 4590 Da
2148 4536 2384 4606 peccatis
2413 4537 2622 4592 veniam
2645 4579 2660 4605 ,
2691 4548 2884 4609 prmsta
2917 4549 3174 4596 mternam
3198 4539 3400 4608 vitam,
3436 4537 3577 4595 dona

251 4653 382 4710 ergo
411 4639 641 4708 Spiritus
677 4651 894 4696 sanctus
934 4641 1204 4712 publicata
1245 4640 1416 4699 forma
1439 4685 1454 4712 ,
1486 4659 1859 4718 apparensque
1886 4621 1940 4681 Β
1966 4645 2152 4702 ΡΜ)οηῖ
2185 4640 2235 4686 οι
2262 4631 2487 4702 gloriam
2520 4649 2532 4685 ³
2567 4648 2598 4686 ο
2630 4633 2784 4689 δείδια
2825 4632 3082 4688 Τι’ίηίιπε·

327 4799 405 4870 (1)
445 4798 608 4854 Forte
635 4802 792 4878 προόν
821 4799 940 4856 heic
967 4811 1020 4858 et
1050 4802 1210 4858 infra.

2037 4725 2228 4781 Libera
2261 4741 2361 4781 nos
2386 4766 2402 4794 ,
2443 4735 2498 4782 et
2533 4726 2681 4782 salva
2721 4742 2847 4793 nos,
2895 4726 3132 4799 justiﬁca
3186 4742 3325 4784 nos:
3359 4743 3392 4784 ο
3421 4727 3577 4784 beata

1968 4819 2230 4876 Trinitas.

249 4931 3548 4978 ———______.___.______________________________

718 5091 768 5135 ω
1569 5045 2192 5159 _V_ICTOBINI

1020 5177 1089 5234 IN
1151 5179 1542 5239 EPISTOLAM
1594 5163 1817 5241 'PAULI
1875 5185 1967 5242 AD
2022 5185 2349 5243 GALATAS
2411 5185 2592 5242 LIBRI
2653 5187 2806 5243 nuo.

802 5290 1009 5347 LIBER
1046 5293 1324 5352 PRIMUS.

334 5386 574 5458 Epistula
623 5387 688 5442 ad
719 5385 937 5443 Galatas
979 5388 1141 5444 missa
1171 5389 1367 5445 dicitur
1404 5390 1470 5445 ah
1507 5391 1768 5464 Apostolo
1799 5393 1866 5448 ab

267 5481 487 5553 Epheso
525 5481 740 5536 civitate
773 5499 786 5534 :
815 5490 869 5536 ct
897 5481 1096 5536 idcirco
1120 5483 1334 5553 quidam
1363 5483 1508 5538 illam
1539 5487 1869 5556 praemittunt

260 5573 568 5646 epistolam,
603 5573 739 5628 hanc
768 5573 1018 5629 ordinant
1047 5589 1486 5647 consequentem.
1525 5577 1744 5635 Summa
1772 5595 1867 5635 au-

261 5678 370 5725 tem
404 5669 564 5739 hujus
591 5669 834 5740 epistola!
864 5669 977 5725 lia'c
1004 5680 1085 5725 est
1112 5690 1123 5724 :
1149 5687 1332 5727 errare
1378 5671 1596 5728 Galatas
1625 5674 1769 5744 quod
1799 5676 1866 5731 ad

267 5763 604 5831 evangelium
637 5764 783 5830 fidei,
812 5765 952 5836 quod
980 5775 1061 5820 est
1100 5766 1151 5820 in
1192 5764 1410 5822 Christo
1438 5767 1727 5841 adjungant
1775 5772 1865 5841 ju-

263 5841 565 5930 duisllltim,
593 5852 860 5931 carporali
881 5849 1154 5918 intellectu
1178 5859 1527 5920 obser‘rantcé
1558 5862 1860 5936 sabbatum,

1973 5310 2028 5357 et
2055 5301 2544 5368 circumcisionem,
2594 5306 2720 5360 item
2764 5313 2960 5362 extera
3009 5321 3175 5377 opera
3209 5323 3329 5379 qua:
3365 5322 3430 5364 ex
3461 5307 3578 5381 lege

1973 5405 2350 5468 perceperant.
2399 5396 2490 5451 llis
2537 5397 2698 5454 rebus
2743 5408 2918 5453 motus
2960 5397 3156 5454 Paulus
3202 5399 3391 5456 scribit
3439 5400 3578 5458 hanc

1975 5487 2285 5557 epistolam,
2319 5504 2414 5545 eos
2456 5490 2646 5546 volens
2672 5492 2942 5563 corrigere
2981 5501 3034 5546 et
3063 5507 3092 5546 a
3113 5491 3384 5563 juilaisnin
3414 5509 3572 5548 revo-

1972 5596 2117 5646 care,
2167 5592 2224 5638 ut
2269 5582 2426 5639 ﬁdem
2473 5593 2675 5640 tantum
2728 5586 2780 5640 iu
2823 5585 3099 5641 Christum
3155 5595 3395 5654 servent,
3442 5598 3495 5643 et
3542 5603 3572 5644 a

1971 5672 2190 5730 Christo
2217 5690 2368 5747 Spem
2401 5676 2842 5733 habeantsalutis
2872 5688 2924 5732 et
2957 5678 3374 5746 promissionum
3406 5680 3524 5751 ejus
3555 5697 3568 5734 :

1969 5769 2176 5825 scilicet
2219 5771 2363 5840 quod
2409 5786 2474 5825 ex
2509 5773 2761 5841 operibus
2811 5770 2944 5842 legis
2995 5787 3153 5828 neruo
3199 5773 3456 5830 salvetur.
3506 5770 3575 5831 Ut

1970 5861 2166 5922 refutet
2207 5878 2337 5934 ergo
2383 5861 2483 5922 ista
2527 5879 2647 5935 qui»
2699 5861 3032 5938 adiungunt,
3078 5866 3399 5927 conﬁrmaro
3455 5868 3568 5927 vult
