4024 6306
482 250 619 313 ΗΠ

1734 245 1927 302 MAR"
1983 242 2323 311 VICTORINI
2369 247 2406 299 Α
2420 244 2530 300 ιη’ῐιι

3646 248 3787 304 Ηί8

478 366 814 440 evangelium
846 381 1025 422 smmi.
1054 364 1320 422 Utantem
1347 363 2080 435 dctauctoritatcmcvange-
2104 366 2155 433 Α
2182 361 2401 429 Paulus,
2438 361 2599 418 siculi
2647 361 2912 434 probavit,
2954 377 2982 417 a
3022 362 3173 419 nullo
3210 364 3479 435 apostolo,
3529 365 3621 435 qui
3659 381 3789 417 curn

478 460 553 516 lio
582 475 699 528 suo,
729 460 950 517 adhibet
980 458 1259 535 principia,
1295 459 1512 524 dicens,
1542 473 1601 514 se
1629 473 1751 515 esse
1777 458 2080 530 apestolum

480 567 587 609 non
614 553 682 609 ab
703 552 1008 610 hominibus
1038 567 1211 625 neque
1236 568 1329 621 per
1356 549 1650 606 hominem.
1676 550 1770 606 liis
1804 551 2082 606 divisioni-

480 644 604 714 bus,
638 644 781 718 quod
810 643 1144 717 evangelium
1176 643 1505 699 revelatione
1527 645 1826 714 susceperit
1847 642 2081 716 judacus,

480 747 538 795 et
568 739 766 794 acriter
803 737 1044 809 judaaus;
1076 736 1216 808 quod
1252 744 1372 808 post
1428 736 1714 792 triennium
1767 735 2078 815 Hierosoly-

479 846 623 886 mam
646 831 711 887 ad
735 830 951 886 Petrum
978 830 1213 896 venerit;
1243 829 1383 900 quod
1408 829 1710 900 quindecim
1740 830 1927 886 diebus
1958 844 2082 886 cum

483 939 549 981 eo
572 923 761 993 fuerit;
795 921 937 996 quod
971 921 1400 996 Hierosolymam
1419 933 1540 994 post
1567 922 1971 994 quattuordecim
1994 937 2086 978 an-

481 1033 581 1074 nos
602 1017 821 1073 redierit
850 1035 863 1071 :
892 1016 1087 1089 quibus
1118 1016 1373 1072 omnibus
1419 1014 1520 1070 hoc
1548 1015 1803 1081 ostendit,
1853 1016 1985 1071 nihil
2023 1031 2083 1073 se

480 1111 549 1166 ab
570 1110 654 1166 his
682 1109 936 1175 didicisse
957 1109 1042 1165 vel
1070 1119 1292 1181 propter
1309 1109 1556 1179 exiguam
1601 1107 1961 1181 pra‘sentiam,
1996 1108 2081 1165 vei

488 1214 711 1278 propter
742 1204 954 1277 longam
977 1203 1297 1259 absentiam.
1322 1203 1647 1257 Conﬁrmata
1668 1202 1827 1273 igitur
1846 1201 2083 1257 auctori-

482 1308 589 1354 tate
625 1298 768 1369 quod
818 1312 849 1352 a
899 1297 1007 1354 Deo
1036 1297 1334 1369 susceperit
1362 1296 1696 1369 evangelium
1731 1296 1809 1370 (i)
1859 1296 2084 1352 Domino

481 1400 669 1447 nostro
704 1389 832 1447 Jesu
861 1390 1103 1457 Christo,
1135 1390 1412 1462 suhjungit
1439 1389 1553 1461 ipsa
1581 1399 1872 1462 praecepta,
1919 1390 1970 1446 id
2002 1398 2084 1446 cst

485 1501 592 1541 non
618 1499 741 1541 esse
772 1483 1107 1556 jungendum
1146 1482 1481 1554 corporalem
1522 1482 1853 1538 intellectum
1881 1482 2084 1553 judais—

481 1580 550 1635 mi
581 1588 671 1636 :ct
712 1579 763 1634 id
793 1594 851 1635 se
878 1579 1148 1635 dicitoiim
1173 1578 1474 1633 ostendisse
1500 1587 1553 1634 et
1580 1578 1775 1649 egisse,
1807 1593 1930 1633 eum
1958 1593 2081 1650 age.

478 1684 564 1731 ret
592 1674 753 1730 etiam
783 1684 969 1729 contra
1004 1673 1242 1728 Petrum.
1281 1670 1481 1727 Deinde
1514 1671 1826 1744 exsequitur
1854 1670 1955 1727 hoc
2000 1673 2083 1744 ip-

2184 455 2402 512 Christo
2432 456 2552 524 fuit,
2576 456 2778 527 aliquid
2812 456 3017 513 didicit.
3046 456 3178 513 item
3206 474 3295 524 ne,
3344 472 3463 514 cum
3496 472 3593 528 per
3624 458 3794 511 Chri-

2185 560 2325 606 stum
2350 551 2619 619 didicerit,
2649 566 2848 622 negare
2871 550 3134 619 videatur,
3165 560 3220 607 ut
3248 550 3462 623 quidam
3498 551 3794 607 haereticus

2184 645 2556 717 blasphemus,
2578 646 2722 719 quod
2762 645 2925 703 fuerit
2964 646 3126 703 homo
3157 646 3441 714 Christus;
3488 646 3791 718 adjiciens,

2183 755 2287 794 non
2316 757 2407 811 per
2441 741 2719 806 hominem,
2743 739 2873 811 quid
2911 739 3043 796 illud
3088 741 3158 798 sit
3203 739 3497 812 subiungit,
3525 740 3791 803 dicendo,

2183 835 2273 888 sed
2288 849 2377 905 per
2400 831 2583 889 Iesum
2612 830 2876 888 Christum
2902 843 2949 888 et
2984 832 3147 888 Deum
3181 831 3410 888 Patrem.
3439 830 3573 888 Cum
3623 848 3799 903 nega-

2183 926 2261 982 vit
2281 926 2464 998 utique
2488 942 2579 999 per
2608 926 2883 993 hominem,
2911 935 2964 981 et
2989 925 3268 997 subjunxit
3289 942 3379 997 per
3399 924 3687 990 Christum,
3712 926 3799 980 in-

2185 1021 2352 1093 telligi
2399 1021 2525 1078 licet
2571 1038 2661 1095 per
2689 1019 2859 1076 Deum
2888 1018 3169 1077 Christum.
3215 1020 3321 1078 Sed
3369 1021 3624 1092 quoniam
3664 1020 3801 1074 sub-

2179 1113 2356 1186 junin
2386 1131 2477 1185 per
2501 1113 2668 1169 Deum
2700 1113 2929 1180 Patrem,
2960 1113 3160 1170 idcirco
3189 1114 3405 1185 quidam
3438 1115 3525 1168 vix
3554 1129 3582 1168 a
3614 1114 3792 1168 Paulo

2184 1208 2521 1264 nominatum
2556 1209 2722 1263 Deum
2750 1206 3251 1264 dicuntChristum.
3274 1208 3475 1265 Verum
3508 1209 3563 1263 in
3605 1209 3805 1264 multis

2184 1300 2322 1356 iocis
2347 1301 2886 1371 prohavimusDeum
2910 1300 3111 1356 dictum
3143 1300 3302 1355 etiam
3330 1315 3362 1356 a
3394 1299 3582 1356 Paulo.
3612 1299 3806 1356 Etiam

2183 1394 2273 1452 hic
2302 1411 2516 1469 quoque
2546 1395 2777 1468 intelligi
2822 1395 2945 1451 licet
2974 1414 2987 1451 :
3021 1397 3223 1452 etenim
3267 1394 3313 1450 si
3347 1397 3547 1451 dictum
3578 1402 3664 1449 est
3696 1410 3807 1449 non

2183 1506 2274 1561 per
2320 1490 2595 1555 hominem,
2630 1498 2685 1546 et
2728 1489 3075 1561 subjunctum
3126 1490 3214 1545 sed
3242 1508 3333 1562 per
3376 1488 3659 1554 Christum,
3715 1490 3808 1544 iu-

2184 1584 2534 1656 teliigendum
2581 1593 2666 1641 est
2694 1585 2836 1656 quod
2862 1595 2914 1641 et
2940 1585 3190 1641 Christus
3223 1586 3362 1640 Deus
3387 1592 3489 1640 est.
3521 1584 3808 1653 Quoniam

2187 1687 2365 1735 tamen
2396 1680 2537 1735 Deus
2560 1696 2679 1751 quae
2705 1680 2854 1747 facit,
2885 1696 2980 1752 per
2999 1678 3271 1735 Christum
3297 1679 3440 1745 facit,
3466 1679 3622 1735 sicuti
3657 1679 3811 1734 tuui-

410 1838 413 1839 ,
480 1781 623 1834 sum.
660 1780 914 1822 asserens
937 1781 1099 1822 unum
1125 1779 1248 1822 esse
1285 1763 1619 1836 evangelium
1659 1762 1801 1835 quod
1843 1763 1957 1836 ipse
1982 1762 2081 1818 do-
2109 1769 2156 1833 B
2188 1775 2256 1829 tis
2285 1774 2644 1840 ostendimus,
2679 1774 2881 1830 idcirco
2909 1773 3111 1829 dictum
3135 1792 3227 1847 per
3249 1772 3529 1841 Christum,
3554 1782 3602 1828 et
3626 1772 3813 1827 οεωη

479 1862 613 1928 cuit,
646 1868 700 1917 et
730 1861 886 1933 longe
912 1874 1097 1915 errare
1125 1874 1220 1915 eos
1246 1858 1337 1929 qui
1380 1855 1630 1928 judaismi
1660 1866 1928 1929 praecepta
1954 1855 2080 1927 jun-

481 1963 612 2026 gunt
657 1965 711 2010 et
754 1952 1212 2009 observationem.
1258 1950 1384 2006 Harc
1422 1950 1584 2021 igitur
1626 1948 2077 2021 quemadmodum

483 2056 695 2116 tractet,
734 2065 833 2103 suo
862 2048 982 2103 loco
1010 2047 1313 2103 dividemus
1346 2063 1358 2099 :
1394 2044 1604 2101 interim
1642 2045 1708 2100 ad
1754 2044 2079 2118 principium

483 2140 726 2214 cpistola:
765 2151 1119 2197 revertamur.

554 2235 709 2292 CAP.
735 2234 1023 2291 l.—Vsns.
1051 2235 1181 2290 1.-
1197 2232 1396 2289 Paulus
1419 2233 1684 2304 apostolus
1702 2248 1805 2288 non
1826 2232 1888 2287 ab
1914 2232 2081 2288 homi-

484 2327 649 2397 nibus,
658 2344 814 2400 neque
825 2344 916 2401 per
926 2318 1295 2395 hominem,sed
1308 2324 1570 2405 perlesum
1586 2325 1843 2382 Christum
1857 2337 1903 2383 ct
1918 2325 2083 2382 Deum

482 2433 698 2499 patrem,
740 2426 825 2496 qui
855 2424 1118 2479 suscitavit
1155 2422 1302 2478 illum
1341 2441 1373 2478 a
1410 2425 1644 2488 mortuis,
1678 2432 1723 2478 et
1757 2424 1847 2494 qui
1885 2437 2083 2477 mecum

483 2527 600 2573 sunt
631 2534 804 2572 omnes
831 2519 1018 2589 fratres
1046 2515 1269 2571 ecclesias
1295 2513 1535 2570 Galatia.
1556 2515 1700 2570 Ordo
1729 2515 1784 2570 iu
1821 2515 2084 2586 principio

485 2611 768 2666 sententias
811 2610 896 2665 hic
932 2618 1016 2666 est
1048 2627 1061 2664 :
1092 2607 1292 2664 Paulus
1336 2608 1620 2682 apostolus,
1676 2618 1723 2663 et
1762 2610 1848 2680 qui
1890 2625 2083 2663 mecum

483 2712 597 2758 sunt
627 2720 798 2757 omnes
829 2705 1037 2776 fratres,
1061 2702 1287 2756 ecclesia:
1307 2700 1547 2759 Galatia.
1587 2701 1652 2756 Et
1683 2700 1769 2757 hic
1795 2716 1857 2757 se
1905 2700 2086 2758 laudat

483 2798 785 2869 apostolus,
814 2812 916 2851 non
937 2794 999 2849 ab
1038 2795 1326 2850 hominibus
1366 2795 1590 2849 missum
1610 2810 1772 2866 neque
1801 2810 1893 2866 per
1921 2794 2085 2849 Isauri-

484 2909 621 2959 nem,
647 2892 737 2947 sed
765 2908 855 2965 per
885 2890 1169 2945 Dominum
1200 2887 1461 2953 Christum
1491 2898 1535 2943 et
1564 2887 1728 2943 Deum
1758 2887 1969 2944 Patrem
1998 2890 2086 2962 qui

484 2984 745 3040 suscitavit
764 2983 914 3038 illum
932 2999 964 3036 a
983 2982 1232 3048 mortuis;
1249 2981 1540 3039 ostendens
1560 2983 1703 3053 quis,
1719 2998 1839 3038 cum
1866 2981 2081 3054 quibus,

485 3088 539 3135 et
566 3078 762 3151 quibus
778 3077 979 3133 scribat
1010 3085 1101 3133 :et
1130 3091 1253 3132 cum
1290 3077 1462 3133 soleat
1494 3076 1561 3133 de
1599 3092 1659 3133 se
1682 3085 1886 3133 tantum
1918 3079 2083 3150 proli-

2186 1867 2397 1924 Patrem
2441 1871 2525 1941 qui
2550 1870 2781 1924 excitavit
2811 1869 2957 1924 illum
2991 1886 3024 1923 a
3062 1869 3296 1923 mortuis.
3326 1868 3522 1939 Utique
3551 1883 3619 1924 nc
3651 1867 3813 1924 dice-

2182 1969 2348 2029 retur,
2382 1976 2489 2032 quo
2524 1961 2685 2016 modo
2709 1977 2806 2033 per
2832 1959 3105 2016 Christum
3135 1959 3370 2016 didicisti
3397 1962 3486 2031 qui
3512 1960 3812 2016 Christum

2185 2075 2289 2115 non
2333 2068 2552 2114 secutus
2595 2073 2677 2125 cs,
2715 2069 2769 2113 et
2820 2056 3070 2113 Christus
3117 2066 3362 2112 mortuus
3395 2057 3520 2112 est?
3565 2055 3812 2124 addidit,

2182 2154 2328 2229 quod
2378 2155 2786 2211 resuseilaverit
2824 2154 2964 2209 Deus
3004 2153 3279 2211 Christum
3307 2167 3334 2205 a
3364 2152 3615 2206 mortuis.
3659 2151 3815 2222 Ergo

2182 2249 2435 2306 Christus
2465 2265 2551 2304 me
2579 2248 2786 2317 docuit,
2818 2250 2908 2325 qui
2951 2247 3304 2304 resuscitatus
3333 2256 3414 2301 est
3454 2260 3483 2299 a
3524 2246 3809 2311 mortuis;

2183 2343 2537 2400 resuscitatus
2575 2351 2753 2397 autem
2787 2341 2879 2397 Dei
2906 2339 3086 2396 Patris
3126 2340 3347 2396 virtute.
3388 2338 3539 2408 Quod
3572 2339 3647 2393 sit
3700 2338 3815 2394 hoc

2186 2434 2503 2508 mysterium
2544 2433 2848 2490 resuscitati
2881 2432 2999 2489 Filii
3030 2448 3058 2488 a
3087 2433 3315 2487 mortuis
3355 2446 3498 2503 saepe
3539 2432 3815 2499 exposui-

2186 2544 2340 2598 mus;
2365 2542 2532 2599 smpe,
2581 2542 2703 2583 cum
2734 2526 2951 2582 occasio
2979 2526 3105 2594 erit,
3149 2527 3413 2581 dicemus.
3447 2524 3509 2580 Et
3537 2525 3629 2595 qui
3689 2541 3819 2580 me-

2185 2638 2304 2678 cum
2336 2633 2461 2676 sunt
2505 2636 2694 2676 omnes
2744 2622 2958 2688 fratres,
3000 2620 3247 2676 ordinem
3282 2619 3394 2692 jam
3424 2633 3582 2688 supra
3635 2617 3817 2688 hujus

2185 2732 2378 2773 sensus
2417 2716 2654 2773 ostendit
2689 2716 2888 2772 Paulus
2926 2718 3202 2789 apostolus
3233 2724 3280 2770 et
3314 2716 3401 2785 qui
3439 2731 3632 2770 mecum
3682 2722 3817 2768 sunt

2185 2827 2361 2867 omnes
2383 2811 2590 2881 fratres.
2620 2809 2756 2880 Quid
2780 2809 3164 2882 subiungitur?
3193 2810 3419 2865 ecclesia:
3445 2808 3690 2864 Galatae.

2259 2904 2426 2962 Vnus.
2460 2905 2515 2975 5,
2548 2904 2606 2972 4,
2634 2904 2686 2961 5.
2710 2936 2783 2946 -
2809 2906 3029 2962 Servata
3056 2904 3444 2961 consuetudine
3487 2920 3591 2975 qua
3639 2904 3817 2960 addi-

2188 3013 2307 3053 mus
2334 3006 2425 3053 ant
2444 2997 2670 3053 salutem
2696 3008 2787 3053 aut
2816 2996 3013 3068 aliquid
3040 2997 3166 3064 tale,
3202 2995 3381 3051 Gratia
3403 2995 3538 3050 vobis
3564 3005 3610 3049 et
3636 3015 3758 3069 pax
3782 3015 3820 3055 α

2199 3091 2306 3146 Deo
2336 3090 2522 3155 Patre,
2556 3102 2602 3145 et
2636 3090 2855 3145 Domino
2878 3100 3051 3145 nostro
3080 3089 3206 3144 Iesu
3234 3088 3438 3147 Christo
3457 3132 3470 3155 ,
3500 3091 3590 3161 qui
3618 3106 3676 3142 se
3719 3091 3819 3143 de-

488 3175 586 3229 teri
611 3174 804 3229 Paulus
833 3171 1109 3244 apostolus
1142 3171 1419 3243 Romanis,
1441 3171 1769 3239 Coriuthiis;
1796 3182 1855 3228 ut
1891 3190 2085 3230 onera-

2192 3185 2263 3238 dit
2284 3184 2361 3258 (i)
2391 3201 2483 3256 pro
2522 3185 2740 3256 peccatis
2770 3184 2955 3238 nostris
2985 3192 3038 3237 ut
3069 3182 3302 3237 liberaret
3341 3198 3433 3236 nos
3465 3181 3526 3234 de
3556 3182 3817 3250 prtcseuti

487 3276 570 3323 ret
595 3267 834 3338 Galatas,
864 3280 915 3325 et
947 3270 999 3324 in
1030 3281 1219 3325 errore
1245 3270 1392 3342 gravi
1425 3278 1657 3335 notaret,
1682 3266 1959 3339 conjunxit
1995 3281 2083 3323 se-

487 3378 609 3419 cum
633 3365 795 3420 etiam
810 3381 1017 3423 .omnes
1049 3366 1242 3422 lratres
1268 3366 1360 3441 qui
1390 3380 1511 3420 cum
1552 3380 1619 3421 eo
1657 3371 1833 3431 erant,
1857 3363 2000 3434 quod
2030 3369 2086 3418 et

490 3461 588 3537 ipsi
636 3461 743 3516 illis
778 3463 1039 3530 scribant,
1070 3462 1271 3518 faciens
1293 3462 1372 3519 eis
1401 3459 1659 3534 pudorem
1700 3459 1844 3534 quod
1888 3470 2080 3515 contra

488 3566 677 3609 omnes
699 3554 956 3609 sentiunt.
987 3552 1101 3610 Non
1129 3555 1192 3608 ab
1215 3555 1501 3610 hominibus
1516 3568 1676 3619 neque
1696 3568 1787 3626 per
1803 3552 2082 3619 hominem,

488 3662 595 3718 quo
620 3648 876 3718 majorem
895 3649 1001 3704 vim
1026 3648 1184 3705 iaciat
1203 3656 1591 3722 praceptorum
1611 3661 1829 3703 suorum
1852 3656 1905 3703 et
1925 3662 2087 3701 cvan-

487 3741 610 3815 gelii
632 3743 772 3815 quod
794 3744 1093 3800 annuntiat.
1121 3744 1329 3817 Quippe
1358 3752 1699 3803 correcturus
1720 3743 1938 3799 Galatas
1958 3741 2088 3807 dicit

490 3852 549 3891 se
572 3852 677 3893 non
701 3840 1005 3908 apostolum
1028 3853 1150 3895 esse
1181 3846 1273 3893 aut
1292 3839 1354 3893 ab
1383 3836 1673 3894 hominibus
1693 3846 1785 3892 aut
1803 3853 1894 3912 per
1918 3836 2087 3891 homi-

490 3946 625 3997 nem,
667 3930 760 3985 sed
800 3946 920 3987 esse
953 3949 1043 4002 per
1071 3930 1249 3987 Iesum
1279 3930 1536 3986 Christum
1562 3939 1610 3986 et
1650 3929 1813 3984 Deum
1854 3926 2084 3987 Patrem.

493 4022 633 4094 Ergo
670 4022 1000 4080 credendum
1043 4024 1195 4092 mihi,
1228 4035 1279 4081 et
1320 4023 1563 4080 habenda
1604 4021 1738 4083 ﬁdes
1770 4030 1863 4079 :ct
1900 4036 2086 4078 verum

492 4118 838 4191 Evangelium
861 4128 944 4176 est
963 4119 1103 4191 quod
1127 4118 1373 4193 profero;
1396 4120 1593 4197 quippe
1615 4135 1705 4197 per
1723 4118 1902 4175 Je‘sum
1938 4115 2093 4173 Chri-

494 4220 629 4273 stum
659 4221 703 4266 et
734 4212 899 4267 Deum
938 4212 1169 4269 Patrem.
1213 4213 1491 4289 Apostolus
1513 4228 1665 4285 ergo,
1689 4211 1877 4286 inquit,
1903 4228 2005 4267 non
2026 4211 2089 4267 ab

492 4306 777 4363 hominibus
807 4323 980 4374 neque
1002 4322 1097 4380 per
1119 4308 1395 4376 homines;
1427 4309 1682 4381 quoniam
1713 4324 1821 4365 non
1849 4323 1943 4381 per
1962 4322 2094 4381 apo-

492 4400 690 4469 stolos,
728 4401 794 4457 de
823 4402 1019 4473 quibus
1057 4401 1186 4459 dicit
1220 4403 1343 4475 quia
1364 4411 1420 4459 et
1441 4417 1641 4474 paucos
1680 4402 1797 4460 dies
1816 4418 1937 4459 cum
1962 4404 2091 4475 ipsis

498 4498 612 4565 fuit,
633 4506 685 4553 et
706 4499 826 4573 quia
850 4498 1099 4559 dexteras
1119 4498 1218 4555 sibi
1241 4498 1507 4554 dederunt
1531 4514 1545 4554 :
1569 4498 1701 4563 nihil
1723 4512 1852 4570 ergo
1873 4499 1939 4555 ab
1961 4499 2062 4583 ipsi

2184 3281 2372 3336 steculo
2394 3280 2529 3335 malo
2548 3279 2629 3352 (’2)
2655 3279 2934 3334 secundum
2958 3277 3263 3333 voluntatem
3290 3275 3388 3332 Dei
3406 3287 3453 3332 et
3477 3275 3653 3331 Patris
3677 3294 3817 3332 nos-

2186 3372 2274 3441 tri,
2306 3376 2391 3428 cui
2417 3385 2487 3430 est
2510 3375 2676 3447 gloria
2701 3376 2752 3428 in
2775 3372 2965 3428 stccula
2986 3372 3310 3427 sa'culorum.
3341 3371 3605 3427 Mensores
3631 3372 3815 3429 simus

2186 3468 2312 3540 quid
2343 3469 2395 3523 in
2420 3468 2657 3539 Epistula
2686 3476 2809 3538 agat
2855 3465 2955 3521 hac
3000 3464 3320 3536 Apostolus;
3351 3463 3607 3537 quoniam
3647 3463 3818 3521 Gala-

2189 3572 2270 3618 tas
2319 3560 2687 3632 reprehendit,
2724 3570 2774 3614 et
2803 3561 3075 3631 corrigere
3124 3558 3294 3639 cupit,
3341 3567 3399 3613 ut
3426 3559 3478 3613 in
3517 3557 3814 3615 Christum

2190 3654 2351 3710 iidem
2400 3653 2651 3718 habeant,
2682 3664 2734 3709 et
2778 3653 2846 3709 ab
2892 3653 3010 3724 ipso
3039 3651 3156 3707 solo
3201 3667 3353 3722 spem
3396 3651 3615 3715 salutis,
3647 3667 3814 3722 spent

2188 3748 2501 3804 mternitatis
2536 3755 2843 3819 expectent,
2894 3744 3267 3802 remissionem
3322 3753 3709 3816 peccatorum;
3759 3752 3818 3801 et

2188 3842 2412 3899 omnino
2440 3857 2507 3898 ne
2538 3841 2639 3896 sibi
2678 3840 2901 3896 credant
2934 3840 3191 3907 prodesse
3230 3838 3312 3895 vel
3357 3854 3519 3909 opera
3551 3837 3692 3909 legis
3728 3840 3816 3894 vei

2189 3941 2415 3997 sabbata
2437 3939 2520 3995 vel
2550 3931 3041 3994 circumcisionem.
3070 3935 3213 4007 Ergo
3241 3935 3291 3991 in
3320 3934 3588 4006 principio
3617 3949 3815 4005 pacem

2188 4034 2296 4089 illis
2327 4042 2578 4106 precatur
2606 4039 2660 4087 et
2683 4031 2909 4101 gratiam
2941 4047 2968 4083 a
2994 4030 3101 4085 Deo
3131 4047 3145 4086 :
3172 4037 3225 4085 et
3253 4027 3450 4084 deinde
3495 4029 3754 4098 adjunxit
3783 4044 3815 4084 a

2191 4128 2430 4197 Christo,
2460 4128 2582 4200 quia
2613 4129 2667 4184 in
2698 4128 2916 4184 Christo
2941 4135 3064 4182 sunt
3099 4126 3278 4180 omnia
3307 4133 3492 4180 nostra
3522 4123 3670 4178 bona
3711 4141 3725 4178 :
3759 4132 3818 4180 ct

2194 4221 2383 4294 probat
2409 4221 2460 4277 in
2490 4220 2709 4277 Christo
2726 4235 2845 4277 esse
2870 4218 3069 4284 omnia,
3096 4227 3149 4274 et
3173 4232 3267 4288 per
3287 4216 3563 4272 Christum
3598 4216 3809 4285 omnia,

2194 4329 2312 4369 eum
2343 4312 2472 4369 dicit
2500 4314 2588 4385 qui
2615 4329 2669 4368 se
2696 4313 2833 4368 dedit
2854 4327 2947 4385 pro
2970 4309 3191 4382 peccatis
3229 4308 3437 4373 nostris,
3468 4318 3526 4361 ut
3568 4307 3816 4364 liberaret

2196 4423 2287 4463 nos
2319 4407 2381 4461 de
2418 4408 2657 4478 prtcscnti
2696 4406 2884 4461 saeculo
2917 4405 3073 4460 malo.
3117 4403 3264 4474 Ergo
3309 4402 3473 4471 ipsius
3515 4400 3813 4469 beneﬁcio,

2197 4492 2362 4572 ipsius
2386 4501 2577 4572 gratia,
2611 4513 2638 4553 a
2671 4498 2784 4561 Deo
2807 4498 3026 4569 quidem
3049 4496 3229 4562 Patre,
3254 4493 3348 4549 sed
3376 4494 3636 4564 passione
3669 4494 3816 4565 ejus,

498 4592 701 4649 didicit.
726 4568 926 4665 ⁷Νειμιε
958 4611 1047 4666 per
1086 4593 1336 4649 hominem
1375 4592 1461 4649 vel
1503 4607 1599 4665 per
1638 4568 1953 4666 prophetam
1981 4568 2091 4649 ’aii-
2118 4568 2176 4637 D
2201 4568 2301 4652 nos
2323 4568 2667 4668 depraesenti
2694 4568 2893 4649 saeculo
2915 4593 3148 4662 maligno
3170 4589 3495 4655 liberamur;
3529 4596 3582 4644 et
3616 4588 3817 4643 libera-

497 4701 679 4767 qnem,
701 4694 761 4742 ut
779 4688 1027 4761 ambigue
1049 4686 1157 4767 (‘2);
1183 4703 1357 4762 neque
1378 4703 1474 4761 per
1492 4684 1767 4745 Christum
1791 4689 2091 4759 hominem,

497 4780 592 4836 sed
637 4796 731 4852 per
764 4782 1033 4837 Christum
1074 4785 1163 4855 qui
1195 4788 1247 4839 in
1289 4782 1507 4840 homine
1533 4803 1546 4840 :
1570 4783 1816 4840 Christus
1853 4785 1998 4842 enim
2039 4795 2095 4847 et

498 4876 639 4932 Deus
665 4885 720 4932 et
748 4877 928 4932 homo.
954 4876 1072 4933 Non
1101 4879 1164 4933 ab
1193 4879 1486 4935 hominibus
1513 4896 1673 4952 neque
1698 4896 1788 4950 per
1814 4879 2089 4937 hominem.

498 4967 632 5026 Cum
655 4969 783 5026 dicit
809 4969 872 5024 ab
894 4970 1203 5040 hominibus,
1231 4972 1534 5045 signiﬁcare
1556 4973 1767 5030 videtur
1793 4973 2093 5043 Matthiam,

500 5066 592 5136 qui
622 5066 690 5121 ab
722 5064 1031 5120 hominibus
1050 5064 1238 5121 didicit
1266 5085 1279 5121 :
1313 5068 1398 5122 hic
1422 5068 1567 5124 enim
1586 5072 1899 5139 suppositus
1929 5076 2013 5135 est
2039 5056 2096 5133 in

501 5158 677 5214 locum
732 5157 1056 5230 proditoris;
1099 5173 1229 5231 ergo
1260 5160 1330 5225 ab
1359 5160 1665 5223 hominibus
1693 5161 1899 5221 didicit.
1942 5160 2098 5239 Quod

500 5259 679 5307 autem
709 5251 843 5307 dixit
881 5267 1055 5325 neque
1081 5268 1170 5325 per
1202 5253 1477 5321 hominem,
1517 5253 1765 5327 intelligit
1800 5253 1942 5331 quod
1990 5269 2096 5312 non

503 5347 703 5403 missus
741 5355 834 5401 aut
879 5346 1070 5403 doctus
1106 5355 1190 5402 est
1240 5346 1309 5401 ab
1350 5345 1596 5416 homine,
1640 5348 1735 5404 sed
1776 5364 1871 5429 per
1914 5349 2097 5407 Jesum

503 5439 797 5508 Christum,
827 5440 1036 5497 scilicet
1058 5439 1247 5496 Deum.
1291 5438 1434 5512 Ergo
1464 5440 1517 5496 in
1546 5455 1613 5496 eo
1641 5439 1783 5519 quod
1821 5441 1956 5500 dixit
1999 5459 2102 5499 non

504 5532 577 5611 ab.
608 5533 917 5603 hominibus,
966 5533 1241 5606 apostolos
1272 5533 1476 5600 innuit;
1523 5534 1775 5611 quoniam
1826 5536 2102 5609 apostolus

581 5669 662 5744 (i)
710 5671 782 5728 Ita
830 5672 1044 5728 codices
1070 5671 1189 5744 sine
1213 5671 1403 5744 copula
1431 5680 1479 5727 et
1501 5687 1520 5737 ;
1544 5671 2105 5744 quamquam_Pauius

508 5742 561 5807 in
591 5741 763 5817 itextu
811 5744 941 5817 dicit
969 5760 1058 5814 per
1084 5742 1264 5817 Iesum
1286 5741 1626 5817 ’Christum’et
1660 5741 1819 5800 Deum
1869 5742 2103 5803 Patrem.

584 5813 663 5887 (2)
695 5814 772 5873 ita
802 5829 859 5869 se
886 5813 1088 5877 habent
1110 5813 1346 5901 codices.
1516 5818 1519 5823 '

2202 4708 2323 4748 mur
2359 4708 2454 4763 per
2477 4689 2775 4757 Christum,
2815 4687 2909 4743 sed
2940 4687 3137 4742 virtute
3177 4686 3293 4753 Dei,
3338 4682 3434 4739 Dei
3471 4683 3687 4738 scilicet
3728 4682 3814 4737 cui

2199 4797 2283 4843 est
2326 4786 2495 4856 gloria
2540 4800 2634 4856 per
2671 4797 2888 4841 omnem
2936 4781 3312 4845 mtcrnitatem.
3354 4777 3410 4837 Si
3461 4775 3628 4848 igitur
3677 4776 3816 4851 Deus

2201 4889 2459 4946 aeternus,
2488 4887 2543 4934 et
2570 4878 2737 4951 gloria
2766 4877 2883 4949 ejus
2909 4876 2961 4931 in
2990 4883 3275 4930 mternum.
3308 4870 3374 4926 Et
3395 4886 3462 4926 ex
3493 4870 3586 4925 Dei
3622 4871 3813 4925 Vullm-

2205 4982 2311 5031 tate
2338 4959 2585 5029 Christus
2607 4972 2866 5045 mysterio
2885 4968 3118 5031 iunctus,
3142 4982 3240 5038 pro
3268 4962 3499 5037 peccatis
3529 4963 3738 5019 nostris
3758 4979 3815 5019 se

2202 5069 2374 5137 dedit.
2402 5077 2460 5130 ut
2486 5083 2583 5124 nos
2604 5066 2857 5123 liberaret
2885 5076 3097 5130 omnes,
3130 5060 3372 5116 liheratio
3393 5073 3460 5114 ex
3490 5057 3584 5112 Dei
3618 5060 3813 5113 vatim.

2208 5173 2316 5222 tate
2347 5178 2443 5239 per
2468 5160 2743 5221 Christum
2771 5167 2876 5225 est.
2913 5155 3067 5231 Quod
3098 5155 3142 5210 si
3173 5168 3269 5226 per
3293 5153 3568 5209 Christum
3595 5161 3706 5219 est,
3736 5151 3816 5208 ui-

2207 5268 2287 5314 tra
2319 5256 2454 5312 nihil
2496 5253 2870 5327 qurerendum,
2899 5259 2954 5311 ct
2975 5263 3109 5311 vana
3153 5255 3281 5313 sunt
3310 5245 3422 5313 illa,
3453 5261 3579 5317 qua:
3609 5245 3814 5303 Calais:

2205 5351 2523 5425 adjungunt,
2555 5348 2608 5405 id
2633 5355 2717 5403 est
2743 5344 3067 5420 judaismus,
3098 5357 3263 5421 Opera
3306 5339 3460 5412 legis,
3505 5349 3563 5396 et
3602 5339 3815 5405 sabbati

2204 5445 2534 5511 observatio,
2566 5452 2619 5499 et
2640 5439 3002 5500 circumcisio.

2277 5538 2445 5596 Vens.
2469 5536 2524 5594 6.
2572 5565 2645 5577 ——
2679 5533 2845 5589 Miror
2870 5531 3008 5607 quod
3032 5530 3105 5585 sic
3146 5537 3252 5587 tam
3287 5530 3387 5584 cito
3441 5525 3815 5601 transferimim’

2311 5741 2365 5812 i)
2397 5738 2553 5812 Xuig.
2587 5738 2769 5812 habet,
2791 5738 2884 5812 qui
2907 5735 3048 5791 dedit
3075 5733 3420 5812 semetipsum.

2311 5742 2365 5812 i)
2401 5742 2553 5808 Vulg.
2587 5742 2769 5804 habet,
2791 5742 2881 5809 qui
2907 5742 3048 5791 dedit
3075 5742 3420 5806 semetipsum.

2283 5742 2368 5899 ξιξ)
2394 5810 2577 5883 Vulg.,
2607 5811 2821 5882 eriperet
2849 5809 2912 5864 de
2938 5823 3091 5875 pra's.
3125 5806 3313 5867 sannio
3336 5820 3575 5878 nequam.
