4024 6306
238 271 375 331 1119

1094 267 1159 323 ΙΝ
1202 265 1586 323 EPISTULA!“
1624 263 1828 323 PAULI
1869 261 1964 318 AD
2003 261 2324 320 GALATAS
2363 264 2565 320 LIBER
2610 267 2647 320 l.

3394 268 3538 330 11350

234 387 297 440 ab
318 402 376 440 eo
401 384 488 456 qui
511 400 598 439 vos
628 383 886 438 vomviliu
910 384 1127 454 gratiam
1153 382 1228 453 (1)
1251 383 1302 436 in
1321 380 1464 435 aliud
1488 379 1829 450 evangelium.
1860 371 1914 433 Α
1938 372 2202 443 dideritis,
2235 388 2289 432 et
2331 376 2384 433 in
2420 376 2637 433 Christo
2674 379 2854 434 omnia
2892 380 3181 458 Speranda,
3228 381 3409 436 volunt
3446 396 3539 436 vos

237 480 370 536 Cum
414 478 753 550 evangelium
810 485 1016 532 eertum
1052 476 1139 531 'sit
1182 475 1327 549 quod
1384 468 1666 530 annuntiat
1704 488 1834 544 apo-

236 573 409 630 stolus
438 572 658 637 Paulus,
694 571 745 626 id
781 581 863 625 est
887 568 1163 624 Christum
1192 567 1288 623 Dei
1323 567 1541 634 Filium,
1573 566 1830 621 virtutem

232 666 327 723 Dei
361 667 412 721 iu
445 665 675 720 salutem
707 662 785 737 (2)
816 661 1068 717 omnibus
1098 659 1446 718 credentibus
1477 659 1591 723 sive
1626 657 1832 716 Grmeis

233 759 350 816 sive
388 757 624 820 Judxeis;
677 755 916 827 nihilque
960 764 1251 825 prmtcrea;
1291 754 1384 810 sed
1423 768 1638 809 omnem
1679 767 1831 823 spem

233 853 444 920 salutis,
483 860 537 907 et
581 850 768 923 gratiae
812 850 903 904 Dei
962 850 1104 905 circa
1148 862 1246 902 nos
1286 849 1341 902 in
1384 846 1488 902 tlde
1529 861 1651 902 esse
1690 845 1832 902 circa

230 948 530 1014 Christum,
563 955 621 1001 ut
647 961 768 1001 eum
801 943 1086 1001 credamus
1115 943 1209 999 Dei
1235 942 1400 999 lilium
1432 957 1571 1008 esse,
1611 956 1708 1012 pro
1738 955 1834 995 no-

231 1043 317 1099 bis
360 1055 579 1113 passum
613 1053 756 1103 esse,
804 1037 1189 1103 resurrexisse,
1234 1035 1428 1092 exinde
1474 1050 1573 1090 nos
1620 1048 1834 1105 qucque

233 1148 539 1206 resurgere,
582 1147 706 1188 cum
760 1131 1083 1187 remissione
1131 1139 1505 1201 peccatorum;
1562 1128 1704 1203 quod
1751 1136 1833 1183 est

233 1244 422 1285 verum
465 1225 828 1297 evangelium,
870 1222 1013 1296 quod
1063 1224 1346 1279 annuntiat
1386 1222 1617 1290 Paulus;
1662 1223 1832 1294 siquis

234 1320 377 1378 aliud
401 1319 664 1392 adiungit,
695 1317 835 1374 idest
851 1317 1178 1388 judalsmum
1207 1328 1261 1373 et
1287 1316 1755 1373 circumcisionem
1778 1326 1833 1372 et

234 1415 446 1474 sabbati
471 1415 903 1471 observationem
934 1421 989 1469 et
1028 1424 1244 1480 caetera,
1283 1422 1469 1485 peccat
1503 1411 1826 1484 huiusmodi,

232 1517 394 1581 atque
419 1507 627 1564 alienus
666 1521 695 1561 a
729 1506 958 1561 veritate
983 1513 1086 1561 est.
1126 1503 1258 1560 Cum
1302 1504 1462 1577 igitur
1495 1504 1698 1561 Galzttre
1736 1504 1834 1561 ad-

227 1599 564 1675 jungendum
616 1599 923 1672 putaverint
980 1597 1309 1668 juduismum
1372 1598 1438 1654 ad
1490 1599 1828 1671 evangelium

232 1693 512 1767 Apostoii;
554 1692 698 1759 ideo,
728 1693 823 1759 ait,
850 1691 1008 1745 miror
1027 1691 1161 1762 quod
1191 1691 1262 1745 sic
1297 1701 1403 1746 tam
1431 1692 1531 1746 cito
1566 1694 1832 1765 transieri-

1935 469 2259 526 conturhare
2287 470 2411 531 dum
2440 472 2581 527 aliud
2614 458 2860 530 suadent.

1991 560 2152 617 Vens.
2171 561 2413 619 8.—Sed
2426 573 2470 618 et
2486 566 2530 619 si
2542 583 2632 620 nos
2646 567 2723 621 vel
2732 568 2944 643 angelus
2957 567 3022 622 de
3031 568 3155 622 atrio
3172 568 3306 622 vobis
3323 585 3540 649 erauge-

1935 651 2159 707 lizaverit
2174 655 2190 725 (
2206 655 2221 708 i
2236 656 2252 725 )
2265 665 2449 727 praeter
2462 674 2613 728 quam
2630 660 2767 728 quod
2780 660 3235 733 evougelizarimus
3249 661 3538 730 t'obis,r.-m:-
3564 683 3569 691 τ

1934 746 2103 802 thema
2126 748 2211 802 sit.
2229 748 2417 805 Acrius
2434 766 2498 807 ac
2515 752 2886 809 vehementius
2907 764 3150 810 coactum
3167 770 3381 817 sensum
3403 771 3535 811 con-

1929 841 2125 914 junxit,
2143 858 2259 898 erra
2270 860 2325 899 re
2337 860 2546 910 omnes,
2562 847 2604 900 si
2621 855 2817 917 praeter
2840 848 3173 920 eVangelium
3195 849 3390 909 Christi
3410 851 3534 922 quid

1935 934 2402 1004 annuntiaverint;
2422 938 2593 1011 siquid
2618 953 2716 995 nos
2734 940 2855 1011 ipsi,
2872 940 3063 1012 quibus
3080 942 3191 1011 jam
3211 941 3534 1013 credidistis,

1924 1027 2019 1083 vel
2042 1029 2272 1100 amplius
2293 1032 2534 1102 angelus,
2552 1034 2679 1089 licet
2700 1034 2923 1105 angelus
2943 1034 3008 1090 de
3030 1035 3188 1103 ctelo,
3205 1036 3361 1093 aliter
3374 1052 3536 1092 evan-

1933 1120 2245 1192 gelizaverit
2283 1124 2456 1190 vobis,
2495 1125 2653 1181 aliter
2694 1126 2921 1194 scilicet,
2970 1137 3167 1197 prteter
3203 1129 3533 1203 evangelium

1934 1209 2158 1281 Christi,
2182 1215 2323 1286 quod
2349 1217 2562 1288 quidem
2592 1232 2691 1273 nos
2713 1220 3223 1290 evangelizavimus,
3250 1221 3534 1276 anathema

1935 1306 2036 1371 sit;
2071 1306 2173 1362 hoc
2202 1308 2342 1362 enim
2370 1308 2506 1365 dixit
2531 1322 2716 1383 prater
2741 1328 2893 1385 quam
2921 1313 3058 1385 quod
3082 1310 3535 1387 ettaugelizauimus

1931 1399 2095 1454 vobis.
2123 1400 2190 1456 Et
2211 1402 2342 1458 mihi
2364 1419 2514 1476 ergo,
2538 1406 2582 1461 si
2605 1406 2765 1461 aliter
2787 1407 3242 1477 evangelizavero,
3269 1420 3320 1464 et
3343 1411 3536 1479 angelo

1934 1494 2024 1565 qui
2068 1494 2137 1550 de
2164 1496 2306 1552 coelo
2336 1497 2424 1566 sit,
2469 1499 2535 1566 si,
2569 1498 2761 1570 inquit,
2802 1500 2960 1555 aliter
2990 1501 3348 1558 euuntlaverit
3375 1517 3532 1574 quam

1933 1603 2033 1643 nos
2073 1590 2241 1646 semel
2273 1593 2671 1648 enuntiavimus
2696 1593 2867 1662 vobis,
2896 1594 2964 1649 sit
3003 1595 3320 1661 anathema;
3353 1597 3403 1652 id
3429 1606 3531 1663 est,

1934 1683 2075 1753 quod
2106 1698 2265 1753 supra
2298 1687 2667 1755 exposuimus,
2698 1687 3044 1757 repudietur:
3090 1701 3144 1743 et
3178 1690 3248 1744 sit
3287 1690 3377 1746 ille
3415 1691 3533 1748 sine

231 1789 379 1843 mini.
410 1787 649 1843 Primum
677 1785 821 1841 enim
852 1795 1132 1856 peccatum
1150 1792 1233 1839 est
1258 1785 1366 1839 cito
1394 1785 1703 1851 transferri;
1726 1801 1832 1843 non
1860 1771 1910 1833 Β
1940 1778 2178 1847 praemio,
2218 1781 2382 1836 imuzo
2412 1782 2581 1857 magis
2608 1797 2728 1837 cum
2762 1796 2916 1851 pteua
2950 1782 3215 1839 malefacti
3247 1784 3349 1839 sui.

233 1881 376 1937 enim
407 1880 564 1935 habet
587 1878 852 1935 rationem
881 1891 1001 1932 cum
1030 1878 1140 1932 cito
1166 1876 1363 1949 aliquid
1396 1877 1717 1934 transfertur
1742 1897 1753 1933 :
1779 1892 1834 1936 et

232 1974 430 2031 deinde
454 1973 596 2045 quod
626 1973 968 2038 transfertur,
995 1969 1249 2049 quoniam
1275 1971 1344 2026 ab
1369 1970 1549 2043 aliquo
1574 1971 1835 2028 transier-

232 2080 341 2125 tur.
366 2067 661 2125 Videamus
683 2085 813 2136 ergo
836 2087 864 2126 τι
890 2087 996 2143 quo
1016 2072 1079 2127 ab
1106 2089 1185 2140 eo,
1202 2070 1396 2144 inquit,
1423 2071 1509 2142 qui
1528 2086 1613 2125 vos
1640 2068 1834 2124 voravit

232 2163 286 2217 in
319 2163 561 2237 gratiam.
597 2163 808 2221 Etenim
851 2164 1100 2221 Christus
1140 2165 1228 2237 qui
1265 2179 1361 2234 pro
1390 2165 1546 2218 nobis
1584 2161 1834 2217 omnibus

231 2271 425 2335 passus
453 2266 558 2329 est,
584 2257 638 2313 in
661 2259 887 2331 gratiam
912 2273 1011 2315 nos
1032 2258 1261 2325 vocavit,
1291 2257 1337 2314 sl
1365 2258 1417 2312 in
1447 2257 1618 2327 ipsum
1643 2256 1833 2311 creda-

234 2366 388 2417 mus;
431 2367 537 2406 nou
576 2353 722 2407 enim
750 2366 1001 2421 magnum
1042 2360 1125 2406 est
1148 2351 1374 2422 gratiam
1405 2351 1521 2420 ejus
1550 2348 1830 2416 consequi,

234 2445 282 2500 si
314 2444 474 2499 modo
504 2460 625 2500 eum
659 2459 947 2516 sequamur
986 2443 1272 2501 credentes
1306 2442 1561 2515 mysterio
1588 2454 1688 2496 suo
1729 2441 1830 2497 ista

233 2537 581 2609 prmstitisse;
617 2545 673 2592 et
704 2536 756 2593 id
788 2539 975 2609 gratis,
1006 2547 1061 2594 et
1089 2537 1206 2592 sine
1239 2534 1445 2601 labore,
1482 2544 1536 2590 et
1570 2534 1687 2589 sine
1718 2549 1832 2589 ma-

234 2631 355 2702 gnis
382 2631 653 2702 cperibus.
698 2631 813 2688 lloc
852 2647 972 2688 cum
1004 2632 1075 2687 sit
1109 2630 1265 2687 nobis
1307 2629 1374 2685 ab
1405 2645 1469 2686 eo
1511 2628 1827 2705 praestitum,

234 2722 343 2778 cito
371 2722 441 2777 ah
466 2737 533 2777 eo
560 2721 861 2792 transferri,
891 2739 1141 2797 magnum
1170 2732 1253 2779 est
1288 2721 1519 2777 mirandi
1548 2736 1833 2788 argumen-

235 2810 371 2878 tum,
400 2822 457 2869 ut
484 2813 765 2870 transferri
791 2815 1079 2871 maluerint
1105 2815 1157 2869 in
1185 2814 1329 2871 aliud
1356 2813 1716 2884 evangelium,
1744 2825 1833 2867 so-

232 2913 440 2968 ciantcs
463 2910 716 2983 judaismi
747 2911 1105 2982 disciplinam.
1138 2910 1313 2967 Unum
1350 2917 1530 2964 autem
1562 2916 1647 2963 est
1667 2921 1833 2963 evan-

230 3004 455 3076 gelium,
479 3004 761 3075 solumque
777 3018 964 3077 unum,
983 3001 1255 3058 Christum
1278 3001 1501 3057 credere
1519 2999 1612 3056 Dei
1636 2998 1831 3055 Filium

231 3113 373 3163 esse,
398 3097 672 3155 Christum
704 3114 824 3154 cum
848 3099 1099 3173 passione
1122 3111 1217 3152 sua
1243 3104 1299 3152 et
1327 3095 1560 3152 adventu
1588 3095 1638 3150 in
1665 3109 1843 3153 carne

2011 1869 2174 1925 Vsus.
2233 1869 2287 1925 9.
2344 1902 2416 1913 —-—
2473 1874 2652 1928 Sicuti
2700 1875 3056 1953 prtcdimimus.
3110 1876 3292 1931 Potest
3357 1876 3530 1932 videri

1937 1961 2057 2031 quia
2083 1969 2134 2017 et
2156 1961 2213 2017 in
2240 1964 2607 2034 superioribus
2627 1965 2730 2021 tale
2755 1966 2954 2038 aliquid
2977 1966 3302 2036 prauiixcrit,
3326 1978 3381 2024 ut
3406 1984 3533 2024 ana—

1937 2053 2115 2110 thema
2145 2056 2214 2110 sit
2253 2057 2358 2113 illis
2394 2059 2486 2131 qui
2516 2059 2673 2116 aliter
2702 2060 2994 2131 prredicant
3020 2062 3362 2133 Evangelium
3395 2082 3407 2118 :
3437 2064 3531 2119 sed

1935 2148 2061 2204 ideo
2089 2149 2223 2207 dixit
2251 2153 2402 2209 sicuti
2428 2154 2786 2227 prmdiximus,
2819 2166 2875 2210 ιιι
2915 2156 3169 2228 adjicere!
3198 2168 3243 2213 et
3272 2174 3409 2213 nunc
3438 2162 3533 2214 ite-

1932 2256 2049 2296 rum
2078 2243 2194 2298 dico
2218 2254 2275 2298 ut
2297 2245 2364 2300 de
2386 2244 2488 2301 hoc
2512 2246 2627 2318 ipso
2653 2247 2794 2321 quod
2818 2264 2990 2320 nuper
3008 2248 3143 2304 dixit
3169 2249 3532 2322 intelligatur:

1934 2336 2088 2391 sicuti
2122 2338 2474 2410 prazdiximus,
2523 2351 2575 2394 et
2614 2356 2755 2396 ttllttc
2797 2342 2989 2396 lterum
3033 2342 3317 2397 admoneo.
3360 2344 3535 2412 Quid?

1935 2428 2088 2498 illud,
2120 2430 2263 2501 quod
2293 2446 2450 2502 supra
2484 2432 2684 2486 dictum
2715 2440 2819 2498 est,
2855 2435 2898 2487 sl
2925 2434 3045 2504 quis
3072 2433 3224 2489 vobis
3267 2435 3537 2505 evangeli-

1935 2526 2157 2592 zavcrit,
2190 2535 2390 2596 praeter
2410 2542 2567 2598 quam
2600 2526 2739 2598 quod
2768 2528 3071 2600 accepistis,
3110 2528 3393 2583 anathema
3426 2529 3532 2584 sit:

1935 2618 2074 2675 idest
2100 2620 2216 2675 sive
2245 2635 2346 2691 ego
2373 2619 2528 2675 aliter
2556 2620 2858 2691 prmdixero
2888 2628 2942 2675 et
2971 2621 3327 2676 enuntiavero
3352 2620 3533 2676 Evan-

1933 2710 2153 2782 gelium,
2201 2713 2317 2767 sive
2344 2712 2584 2783 angelus.
2623 2713 2737 2768 sive
2776 2713 3003 2784 quilibet
3044 2712 3206 2780 alius,
3251 2716 3535 2769 anathema

1934 2802 2023 2856 sit.
2058 2802 2253 2873 Adjicit
2294 2812 2472 2857 autem
2507 2805 2781 2860 fortiorem
2826 2804 3085 2861 rationem
3124 2804 3247 2876 quia
3290 2820 3395 2859 non
3433 2805 3537 2861 hoc

1934 2896 2075 2965 quod
2117 2896 2245 2965 agit,
2291 2895 2413 2951 ideo
2454 2898 2583 2969 agit,
2628 2904 2687 2952 ut
2726 2896 3034 2951 hominibus
3068 2898 3311 2963 suadeat,
3352 2897 3445 2952 sed
3479 2906 3538 2954 ut

1933 2989 2253 3062 mysterium
2300 2991 2590 3060 compleat,
2635 2989 2775 3061 ttuod
2831 2990 2882 3046 ei
2932 2989 3240 3045 mandatum
3288 2999 3390 3045 est.
3445 2990 3537 3047 Sic

1933 3083 2075 3139 enim
2098 3082 2360 3154 adjungit,

230 3201 287 3249 et
315 3193 710 3249 resurrectione
746 3207 808 3248 ac
841 3172 1094 3264 passione
1113 3192 1342 3247 solvisse
1366 3191 1544 3247 omnia
1577 3187 1819 3261 peccata,

2003 3173 2169 3229 Vens.
2234 3174 2319 3229 10.
2366 3206 2439 3215 -
2487 3174 2645 3229 Modo
2697 3175 2832 3229 enim
2884 3175 3174 3229 hominibus
3227 3175 3419 3230 suadeo
3470 3191 3537 3231 an

231 3285 430 3340 vicisse
456 3294 706 3349 mortem,
731 3285 1130 3356 corruptionem
1154 3298 1368 3338 omnem
1392 3283 1828 3338 exterminasse:

240 3379 342 3435 hoc
371 3387 454 3433 est
488 3379 659 3433 solum
701 3379 1057 3449 evangelium.
1093 3376 1217 3433 Ideo
1257 3375 1520 3447 adiungit,

304 3471 468 3528 Vsus.
488 3472 553 3527 7:
582 3501 653 3516 ———
684 3470 836 3539 Quod
863 3486 961 3525 non
989 3479 1063 3524 est
1093 3469 1238 3524 aliud
1271 3484 1290 3523 :
1317 3468 1490 3555 solum
1521 3467 1663 3522 enim
1695 3465 1826 3525 illud

230 3577 333 3633 est,
362 3566 503 3639 quod
520 3581 681 3638 supra
696 3565 957 3621 diximus:
989 3563 1287 3619 aliudenim
1303 3578 1408 3617 non
1426 3571 1525 3627 est,
1558 3576 1733 3632 neque
1762 3576 1829 3616 ex

230 3662 486 3735 operibus
511 3661 705 3717 mereri
733 3660 983 3727 salutem,
1020 3672 1195 3729 neque
1233 3671 1297 3711 ex
1329 3654 1536 3711 sabbati
1565 3654 1830 3709 observa-

226 3757 396 3824 tione,
419 3769 594 3827 neque
621 3770 689 3810 ex
715 3752 1127 3809 circumcisione
1158 3747 1493 3821 evangelium
1524 3754 1628 3812 est,
1658 3745 1708 3801 id
1723 3755 1828 3814 est,

228 3853 375 3910 salus
404 3861 609 3909 nostra.

303 3945 423 4001 Nisi
447 3946 491 4000 si
515 3944 676 4016 aliqui
711 3950 828 3997 sunt
848 3941 933 4011 qui
964 3956 1050 3995 vos
1076 3938 1400 4005 conturbant,
1432 3945 1481 3992 et
1509 3935 1685 3991 uolunt
1710 3949 1834 3988 eom-

225 4048 419 4095 vertere
461 4037 779 4109 euangelium
840 4033 1049 4089 Christi.
1097 4030 1237 4087 Dicit
1292 4043 1424 4101 ergo
1465 4026 1828 4101 quorumdam

227 4149 390 4205 opera
420 4132 535 4189 ﬁeri
568 4147 674 4186 non
700 4144 767 4186 ex
790 4129 1042 4195 veritate,
1071 4136 1128 4183 ut
1146 4118 1269 4181 cum
1288 4124 1587 4179 voluntvos
1608 4130 1832 4179 contur-

227 4228 378 4291 bare,
407 4234 461 4283 et
487 4224 637 4296 quasi
665 4224 842 4278 minus
872 4220 1017 4277 docti
1046 4220 1185 4286 sitis,
1212 4232 1311 4274 vos
1339 4216 1556 4274 docere.
1589 4216 1833 4272 Conver-

226 4327 349 4376 tunt
370 4316 705 4388 evangelium
727 4313 955 4379 Christi,
983 4327 1105 4368 eum
1133 4309 1471 4382 evangelium
1494 4322 1602 4363 non
1630 4309 1701 4363 sit
1727 4306 1832 4363 nisi

225 4411 451 4471 Christi.
485 4409 618 4465 illud
658 4421 790 4463 vero
819 4404 964 4478 quod
995 4420 1061 4460 ex
1101 4403 1358 4475 operibus
1396 4410 1480 4457 est
1507 4410 1601 4456 aut
1630 4414 1696 4455 ex
1733 4400 1833 4455 cir-

225 4503 580 4567 cumcisione,
616 4498 821 4555 Christi
867 4512 973 4553 non
1004 4505 1089 4552 est
1117 4515 1133 4552 ς
1165 4495 1367 4551 etenim
1409 4493 1509 4548 ista
1540 4491 1832 4548 carnaliter

1934 3267 2085 3325 Deo?
2127 3284 2232 3324 non
2274 3271 2439 3336 enim,
2470 3270 2662 3341 inquit,
2692 3271 2793 3325 hoc
2815 3269 2957 3341 quod
2981 3285 3102 3341 ago,
3132 3285 3232 3340 ago
3255 3281 3537 3342 propterea

1931 3373 1993 3420 ut
2038 3363 2344 3419 hominibus
2388 3363 2666 3429 suadeam,
2718 3363 2813 3419 sed
2864 3363 3068 3419 suadeo
3107 3358 3232 3419 ante
3260 3362 3538 3419 dominum

1934 3457 2139 3522 Deum,
2185 3457 2272 3511 cui
2319 3455 2479 3511 velim
2529 3455 2778 3523 placere,
2827 3464 2884 3515 ut
2937 3456 2986 3510 id
3043 3456 3185 3528 quod
3225 3457 3537 3512 mandatum

1931 3558 2015 3606 est
2037 3562 2325 3619 exsequar.
2351 3546 2574 3609 Graecus
2599 3550 2758 3604 aliter
2790 3548 2971 3616 habet,
2997 3551 3156 3604 modo
3183 3550 3325 3605 enim
3349 3552 3539 3628 ἀνθρὼ-

1932 3664 2066 3704 πονς
2083 3643 2243 3699 πσᾶθω
2270 3640 2302 3701 il
2320 3643 2409 3698 τὸν
2433 3643 2541 3698 θεὸν
2567 3641 2680 3715 (2)?
2712 3641 2822 3699 lloc
2850 3651 2934 3697 cst
2962 3660 3069 3698 non
3100 3644 3411 3715 evangelizo
3437 3644 3538 3699 ho-

1933 3738 2127 3799 mines,
2154 3749 2328 3806 ueque
2347 3749 2469 3804 qua:
2497 3735 2773 3789 hominum
2800 3746 2944 3802 sunt,
2974 3736 3067 3791 sed
3095 3738 3283 3791 Deum.
3312 3736 3536 3792 Persua-

1932 3829 2065 3885 dere
2104 3828 2248 3885 euim
2279 3844 2385 3884 nou
2432 3829 2677 3884 homines
2711 3829 2854 3895 volo,
2893 3829 2987 3885 sed
3031 3830 3198 3886 Deum
3237 3829 3535 3885 Christum.

1935 3921 2078 3993 Ergo
2113 3929 2169 3978 et
2210 3922 2289 3977 sic
2324 3921 2499 3979 habeo
2542 3905 2917 3977 necessitatem
2955 3930 3011 3978 et
3056 3933 3257 3981 metum
3288 3938 3415 3978 vera
3448 3924 3535 3979 di-

1932 4015 2119 4084 cendi,
2159 4023 2216 4070 et
2242 4031 2351 4077 nou
2391 4015 2494 4070 alia
2522 4025 2576 4070 et
2600 4014 2703 4070 alia
2730 4015 2964 4070 dicendi.
2996 4016 3094 4070 Aut
3123 4015 3202 4090 (ὅ)
3230 4032 3405 4089 quam
3446 4019 3538 4073 Ito-

1926 4109 2152 4163 minibus
2182 4108 2431 4180 placere?
2459 4107 2573 4165 Non
2596 4109 2739 4163 enim
2768 4125 2829 4165 ea
2858 4124 2959 4180 ego
2983 4125 3104 4180 quas
3134 4126 3231 4180 pro
3259 4111 3535 4165 hominum

1931 4202 2317 4259 commoditate
2353 4203 2482 4269 sint,
2514 4211 2574 4259 ut
2598 4202 2906 4258 hominibus
2929 4204 3189 4274 placeam,
3214 4203 3307 4259 sed
3338 4212 3395 4257 ιιι
3416 4203 3535 4274 pla-

1930 4311 2082 4353 ceam
2109 4296 2221 4354 Deo
2250 4298 2303 4353 in
2336 4313 2404 4354 eo
2432 4298 2576 4370 quod
2605 4298 2921 4369 obsequium
2946 4310 3166 4369 praesto,
3202 4309 3255 4355 et
3287 4298 3537 4355 mandata

1931 4392 2201 4463 compleo.
2235 4391 2449 4449 Fortius
2489 4401 2670 4451 autem
2709 4392 2952 4464 adiungit
2984 4392 3115 4448 illud
3146 4393 3288 4463 quod
3320 4391 3451 4447 dicit
3491 4392 3539 4446 si

1935 4484 2105 4547 adhuc
2138 4484 2431 4539 hominibus
2458 4484 2732 4556 placerem,
2770 4484 2961 4540 Christi
2998 4500 3174 4541 servus
3213 4500 3315 4539 non
3351 4500 3535 4539 essent.

226 4599 504 4658 intellecta
526 4596 730 4653 Christi
754 4608 861 4649 non
891 4603 1017 4649 sunt
1039 4607 1054 4657 ;
1078 4590 1123 4645 si
1140 4599 1323 4645 autem
1342 4586 1660 4655 spiritaliter
1674 4584 1826 4640 intel-
1853 4574 1908 4635 D
1935 4575 2148 4631 Etenim
2174 4577 2389 4646 placere
2415 4575 2743 4642 hominibus,
2767 4575 2927 4632 sicuti
2954 4575 3138 4656 multis
3160 4576 3322 4631 rebus
3348 4583 3534 4631 osten-

226 4694 468 4766 liguntur
496 4688 574 4765 ('5)
601 4696 660 4745 ut
681 4685 1020 4745 circumcisio
1047 4682 1118 4739 sit
1133 4680 1335 4748 cordis,
1353 4688 1409 4735 et
1427 4678 1608 4735 omnia
1628 4692 1747 4749 qua:
1774 4676 1831 4732 in

226 4801 394 4845 carne
444 4792 599 4852 sunt,
646 4779 963 4854 spiritaliter
1004 4776 1407 4847 intelligantur,
1450 4773 1569 4829 haec
1607 4773 1829 4844 inquam

225 4879 431 4937 Christi
462 4875 814 4948 Evangelium
843 4879 989 4929 sunt.
1017 4870 1191 4926 Porro
1217 4878 1397 4923 autem
1428 4865 1519 4937 qui
1545 4864 1614 4920 ad
1641 4878 1828 4935 Opera,

225 4982 284 5031 et
312 4973 377 5028 ad
408 4984 618 5043 eaquae
640 4976 768 5025 sunt
787 4965 1026 5024 carnalia
1047 4961 1405 5027 descendunt,
1424 4956 1630 5014 Christi
1652 4956 1832 5013 Evan-

225 5068 428 5140 geiium
458 5080 565 5121 non
594 5063 819 5120 habent.
855 5061 998 5131 Ergo
1024 5057 1117 5130 qui
1137 5070 1238 5113 vos
1266 5055 1565 5111 observem
1587 5050 1677 5107 vel
1705 5055 1832 5108 sab—

226 5161 414 5219 batum
446 5158 531 5215 vel
563 5155 877 5214 neomenias
900 5153 983 5211 vel
1012 5149 1478 5209 circumcisionem
1510 5144 1597 5203 vel
1631 5153 1830 5201 caetera

224 5268 349 5326 qum
370 5250 624 5323 operibus
647 5248 797 5314 fiunt,
822 5245 1010 5302 volunt
1032 5253 1087 5299 et
1107 5242 1318 5314 iubent,
1339 5239 1425 5295 isti
1447 5237 1648 5295 Christi
1665 5249 1832 5293 evan.

224 5346 428 5418 gelium
466 5358 575 5398 non
619 5338 861 5397 habent:
902 5337 1047 5393 unde
1084 5334 1274 5391 volunt
1313 5348 1410 5389 vos
1453 5339 1770 5388 convertere
1796 5345 1828 5386 a

224 5438 425 5497 Christi
447 5434 761 5507 Evangelia.
788 5432 957 5489 Porro
973 5438 1152 5486 autem
1177 5444 1302 5486 cum
1332 5427 1386 5485 in
1406 5426 1681 5487 Christum
1705 5439 1825 5483 cre-

300 5597 380 5672 (i)
400 5596 558 5672 Hune.
576 5608 791 5672 versum
816 5591 969 5672 vulg.
988 5590 1067 5647 sic
1094 5589 1350 5672 exhibet:
1374 5587 1539 5672 Miror
1558 5586 1715 5672 quod.

222 5659 612 5741 traitsferemini
631 5666 702 5741 ab
725 5682 784 5741 eo
804 5664 891 5736 qui
907 5659 993 5741 vos
1014 5679 1120 5718 voc.
1145 5663 1200 5717 iu
1216 5663 1438 5733 gratiam
1459 5659 1673 5717 Christi.

321 5735 479 5812 νέηαι
509 5738 670 5812 codd.
698 5736 822 5812 sine
848 5735 1032 5793 verbo.

321 5745 376 5812 τὶ)
405 5745 479 5795 Ita
509 5745 670 5794 codd.
703 5745 822 5793 sine
848 5745 1032 5793 verbo.

163 5881 175 5889 ,
295 5745 376 5893 i3)
391 5811 543 5885 Vulg.
565 5811 671 5868 Sed
688 5809 804 5866 licet
817 5823 908 5866 nos
927 5817 1014 5863 aut
1040 5806 1251 5879 angelus
1264 5805 1328 5860 de
1345 5805 1472 5861 creto
1485 5803 1812 5879 evangeliea.

1934 4668 2100 4734 ditur,
2137 4684 2243 4723 non
2273 4676 2358 4724 est
2379 4669 2608 4737 gratiam
2637 4668 2731 4724 Dei
2760 4668 2977 4725 mereri.
3005 4652 3212 4739 Siquis
3250 4684 3316 4724 ex
3356 4669 3538 4740 operi-

1934 4763 2035 4820 bus
2063 4773 2216 4835 putat
2256 4765 2518 4837 agendam
2554 4766 2739 4832 vitam,
2781 4765 3089 4823 hominibus
3120 4766 3315 4837 placet,
3360 4768 3565 4825 adhuc:

1933 4857 2156 4927 gratiam
2188 4873 2294 4914 non
2336 4868 2592 4917 meretur.
2654 4859 2806 4928 Quod
2849 4861 2893 4917 si
2939 4862 3228 4917 hominibus
3255 4862 3529 4935 placerem.

1935 4950 2080 5023 Ergo
2109 4952 2155 5007 si
2187 4952 2408 5019 vellem,
2456 4953 2659 5025 inquit,
2701 4953 3011 5011 hominibus
3066 4956 3305 5026 placere,
3346 4955 3536 5012 Clu-isti

1938 5063 2113 5103 servus
2133 5062 2234 5102 non
2260 5063 2441 5114 axem,
2496 5047 2548 5103 id
2576 5057 2659 5104 est
2684 5062 2791 5104 non
2823 5063 2852 5103 a
2881 5048 3098 5105 Christo
3115 5049 3428 5120 redemptus
3456 5063 3537 5105 es-

1938 5157 2074 5200 sem.
2102 5142 2215 5198 Hoc
2235 5150 2316 5197 est
2337 5143 2481 5198 enim
2502 5157 2717 5198 servum
2749 5158 2870 5199 esse
2889 5142 3111 5209 Christi,
3137 5152 3195 5198 ut
3222 5142 3533 5214 redemptus

1937 5252 2034 5307 per
2062 5236 2180 5308 ejus
2205 5236 2530 5307 passionem,
2561 5253 2589 5293 a
2612 5238 2817 5295 mundo
2843 5250 3004 5310 atque
3029 5254 3056 5292 a
3089 5238 3322 5294 dominis
3348 5237 3532 5295 mundi

1937 5338 1991 5386 et
2017 5331 2198 5386 carnis
2229 5330 2510 5400 liberatus,
2534 5331 2646 5407 jam
2674 5333 2944 5390 Christum
2971 5331 3249 5395 dominum
3280 5332 3525 5399 habeam,

1932 5432 1992 5485 et
2015 5424 2135 5497 eius
2156 5440 2347 5493 servus
2367 5428 2489 5487 sim.
2515 5426 2702 5501 itaque
2718 5428 2807 5500 qui
2831 5429 3139 5489 hominibus
3162 5426 3378 5500 placere
3395 5427 3530 5496 vult,

2002 5592 2085 5661 (1)
2122 5591 2306 5663 Vulg"
2337 5594 2493 5652 sicut.
3441 5656 3452 5667 θ

2002 5664 2082 5739 (2)
2121 5665 2366 5739 Graecum
2397 5676 2598 5721 textum
2631 5668 2710 5739 (ut
2731 5672 2879 5739 certe
2902 5673 2984 5721 est
3010 5663 3061 5718 in
3080 5659 3335 5733 codice)a
3362 5658 3531 5716 latino

1926 5735 2149 5794 differre
2177 5737 2305 5791 mihi
2337 5752 2444 5792 non
2477 5738 2767 5810 persuadet
2801 5736 3127 5805 Victorinus.

2000 5809 2080 5889 (5)
2124 5808 2300 5883 Vulg,
2327 5825 2415 5873 au.
2606 5866 2609 5867 ν
