4024 6306
516 334 651 393 1151

1782 335 1977 395 MAR]!
2020 334 2366 394 VICTORINI
2405 337 2569 395 AFRI

3682 343 3830 401 1152

511 467 544 511 a
566 453 785 511 Christo
807 453 1121 527 redemptus
1144 468 1249 511 non
1266 462 1371 522 est,
1390 463 1445 512 et
1465 453 1632 510 servit
1650 453 1832 511 mundi
1856 454 2113 523 dominis,
2144 461 2193 521 Α
2221 461 2399 511 autem
2430 456 2724 513 revelavit?
2749 456 2909 516 Jesus
2933 450 3207 516 Christus.
3241 459 3356 517 Non
3386 460 3531 519 enim
3560 461 3632 518 ita
3677 465 3827 521 acci-

512 561 637 604 cum
666 547 981 604 hominibus
1017 546 1235 621 placet:
1261 561 1450 603 servus
1473 555 1653 602 autem
1689 544 1889 601 Christi
1934 549 1993 601 lit
2028 545 2118 616 qui

513 650 599 697 est
620 640 932 713 redemptus
954 657 982 695 a
1007 641 1270 696 servitute
1292 640 1345 695 in
1368 638 1672 696 libertatem
1701 657 1714 693 :
1741 639 1845 695 hoc
1868 646 1950 694 est
1973 637 2116 695 enim

515 748 735 792 servum
769 734 973 792 Christi
1015 749 1159 801 esse,
1202 734 1427 790 liberum
1461 748 1582 790 esse
1624 748 1657 789 a
1697 733 1921 790 servitio
1957 749 2117 788 mun-

515 828 661 885 dano
692 847 707 885 :
752 828 800 885 is
826 844 1015 885 servus
1036 828 1235 884 Christi
1266 837 1370 897 cst,
1402 828 1491 900 qui
1522 827 1851 898 redemptus,
1886 837 1945 884 ut
1968 827 2113 883 dixi-

515 937 660 991 mus,
692 922 864 979 nescit
892 921 1037 977 illam
1066 921 1411 988 servitutem;
1438 937 1556 990 qute
1582 920 1734 992 plena
1765 920 1986 976 libertas
2012 929 2116 976 est.

589 1019 755 1075 Vens.
776 1018 839 1075 il
859 1058 873 1072 .
901 1015 1171 1072 —Notum
1192 1016 1324 1072 enim
1346 1017 1481 1089 facio
1497 1015 1633 1072 vobis
1655 1015 1732 1087 (1)
1756 1014 2117 1084 Evangelium,

516 1115 653 1187 quod
680 1113 1078 1185 euangelizatum
1103 1129 1134 1167 a
1151 1129 1252 1180 me,
1274 1113 1393 1184 quia
1423 1127 1525 1166 non
1547 1120 1620 1166 est
1649 1109 1926 1165 secundum
1950 1108 2118 1162 homi-

518 1227 654 1268 nem.
680 1210 833 1277 Sive,
866 1218 924 1265 ut
947 1225 1111 1280 supra
1135 1208 1298 1275 dixit,
1330 1207 1472 1280 quod
1501 1222 1604 1262 non
1630 1205 1693 1260 ab
1720 1205 2008 1260 hominibus
2030 1218 2119 1258 ne-

516 1320 616 1377 que
632 1319 722 1375 per
743 1303 998 1357 hominem
1020 1301 1299 1372 apostolus
1325 1302 1417 1368 sit,
1449 1310 1504 1357 et
1528 1315 1669 1356 nunc
1713 1298 1815 1354 hoc
1841 1297 1976 1353 dixit
1995 1297 2119 1369 quia

518 1411 621 1452 non
636 1394 915 1451 secundum
945 1394 1223 1450 hominem.
1250 1394 1458 1449 Etenim
1478 1391 1754 1464 apostolus
1786 1390 1994 1446 nuntiat
2020 1430 2035 1455 ,
2068 1388 2121 1444 id

518 1498 603 1546 est
620 1490 974 1561 evangelizat,
993 1488 1133 1560 quod
1150 1498 1235 1545 est
1267 1488 1356 1545 Dei
1374 1487 1566 1544 Filium
1583 1486 1837 1559 praedicat
1851 1485 2120 1543 Christum

531 1582 871 1639 Salvatorem
895 1582 1135 1637 omnium
1158 1622 1173 1647 ,
1202 1595 1298 1651 per
1324 1595 1485 1651 quem
1512 1579 1692 1634 omnia
1714 1578 1849 1634 facta
1872 1588 1999 1633 sunt
2025 1594 2038 1631 :
2067 1585 2123 1632 et
2158 1620 2171 1633 .

520 1673 625 1732 hoc
654 1690 752 1747 ego
776 1690 883 1731 non
915 1673 1210 1731 secundum
1234 1674 1506 1731 hominem
1534 1673 1655 1730 dico
1675 1715 1691 1742 ,
1722 1674 1772 1730 id
1795 1684 1880 1728 est
1918 1688 2023 1729 non
2052 1672 2122 1728 ab

521 1765 739 1824 homine
765 1779 1066 1838 acceptum.
1106 1765 1232 1823 Sive
1258 1767 1382 1838 quia
1428 1767 1544 1837 ipse
1596 1766 1687 1821 ille
1729 1765 1982 1821 Salvator
2014 1780 2119 1820 non

2226 560 2357 616 pere
2381 546 2582 604 debent
2609 549 2718 619 illi,
2750 552 2840 623 qui
2868 552 2980 624 jam
3008 552 3284 609 Christum
3321 566 3643 625 sequuntur,
3674 566 3733 611 ut
3760 557 3833 613 ab

2223 636 2445 696 homine
2464 640 2765 714 intelligant
2795 656 3072 717 acceptum
3101 689 3116 713 ,
3145 663 3267 702 cum
3297 646 3498 703 dictum
3531 659 3714 716 esset,
3743 664 3836 705 re-

2225 731 2416 787 velavit
2442 733 2599 791 Jesus
2624 736 2873 795 Christus
2898 781 2913 806 ,
2941 747 3003 795 et‘
3025 739 3230 796 Galatae
3269 741 3378 811 jam
3411 752 3746 813 acceperunt
3773 751 3832 799 et

2225 823 2392 882 Deum
2422 836 2475 883 et
2502 828 2594 885 Dei
2623 829 2813 885 lilium.
2865 832 3086 905 lleliqua
3116 852 3235 903 qua:
3261 835 3556 908 adjnngunt
3579 878 3593 902 ,
3626 837 3699 893 ab
3724 838 3831 892 ho-

2223 924 2369 977 mine
2398 932 2523 978 sunt
2543 964 2559 991 ,
2591 925 2674 981 vel
2704 926 2773 982 ab
2802 926 2887 982 his
2912 927 3004 999 qui
3034 929 3142 985 illis
3167 940 3455 987 suaserunt
3475 973 3490 997 ,
3536 931 3626 987 vel
3653 931 3724 986 ab
3754 933 3841 1002 ip-

2222 1029 2283 1069 St)
2311 1015 2494 1089 Moyse
2513 1060 2527 1085 ,
2551 1020 2638 1089 qui
2665 1020 2837 1092 legem
2870 1022 3038 1078 dedit.
3065 1023 3185 1095 [pse
3213 1025 3429 1096 quidem
3458 1041 3488 1081 a
3523 1025 3639 1081 Deo
3660 1042 3839 1082 acce-

2225 1111 2295 1181 pit
2320 1154 2334 1179 ,
2367 1128 2550 1169 verum
2582 1114 2654 1170 illi
2686 1130 2871 1185 parum
2900 1117 3267 1188 intelligentes
3288 1162 3303 1185 ,
3330 1121 3508 1175 omnia
3532 1122 3840 1178 carnaliter

2222 1206 2479 1262 sentiunt.
2514 1207 2586 1262 lta
2621 1217 2826 1265 tantum
2858 1221 2938 1266 est
2968 1212 3130 1268 mali!
3177 1213 3387 1269 Etenim
3431 1215 3648 1287 Moyses
3673 1229 3839 1271 acoe-

2226 1301 2295 1369 pit
2328 1300 2497 1371 legem
2530 1302 2666 1357 hanc
2691 1345 2706 1370 ,
2744 1314 2799 1359 et
2826 1304 3093 1360 credidit:
3126 1313 3181 1360 at
3209 1321 3335 1360 vero
3365 1306 3650 1376 apostolus
3674 1322 3841 1363 reve-

2223 1391 2387 1446 latum
2420 1393 2525 1449 sibi
2552 1409 2672 1450 esse
2693 1394 2827 1451 dixit
2853 1438 2868 1463 ,
2910 1406 2965 1453 et
2995 1397 3097 1455 hoc
3117 1399 3357 1469 exponit.

2301 1484 2579 1543 Vens.15.
2623 1517 2694 1527 —
2740 1489 2964 1545 Audistis
3001 1491 3137 1545 enim
3183 1490 3615 1546 conversationem
3663 1507 3845 1547 meum

2225 1579 2504 1651 aliquando
2535 1582 2588 1634 in
2604 1581 2873 1652 judaismo
2900 1596 2914 1649 ;
2941 1584 3063 1655 quia
3094 1583 3174 1656 (l)
3205 1601 3365 1655 supra
3394 1585 3602 1639 modum
3657 1602 3846 1653 perse-

2224 1675 2417 1744 quebar
2448 1674 2737 1731 Ecclesium
2762 1675 2859 1731 Dei
2905 1687 2951 1732 et
2980 1679 3337 1751 expugnabam
3368 1676 3448 1752 (9.)
3469 1721 3484 1747 ,
3523 1689 3569 1733 et
3589 1679 3847 1750 proﬁcia-

2225 1766 2339 1821 bam
2366 1769 2420 1822 in
2438 1770 2708 1843 judaismo
2727 1786 2885 1843 supra
2909 1772 3096 1827 multos
3136 1782 3421 1827 cowtaneos
3466 1789 3604 1827 meos
3657 1773 3716 1826 in
3747 1789 3846 1845 ge.

521 1857 686 1916 homo
710 1868 827 1927 est,
857 1861 927 1915 ita
955 1868 1015 1915 ut
1037 1859 1254 1932 quidam
1296 1857 1627 1931 putaut(2);
1673 1873 1848 1930 neque
1886 1857 2013 1930 quia
2068 1858 2120 1912 in

2232 1881 2348 1920 nere
2373 1881 2485 1919 meo
2515 1864 2864 1921 abundantius
2903 1867 3097 1922 zelator
3123 1867 3206 1940 (5)
3237 1869 3456 1923 existens
3487 1877 3844 1937 paternarum

530 1955 806 2013 hominem
829 1957 1027 2013 missus
1053 2000 1067 2024 ,
1099 1958 1301 2014 ideirco
1325 1957 1490 2013 homo
1515 1975 1530 2025 ;
1562 1957 1657 2013 sed
1690 1957 1831 2012 Deus
1860 1956 2121 2029 mysterio

482 2056 485 2059 ’
524 2065 746 2108 carnem
770 2066 991 2108 sumens
1016 2053 1082 2108 ad
1109 2067 1328 2109 carnem
1353 2052 1695 2118 vincendum,
1744 2052 1885 2107 sicut
1936 2050 2121 2106 multis

521 2144 725 2203 dictum
767 2156 929 2219 atque
966 2155 1251 2204 tractatum
1276 2190 1292 2216 ,
1351 2147 1513 2222 homo
1542 2146 1716 2203 factus
1742 2157 1821 2202 est
1852 2144 1954 2221 (3).
1999 2144 2115 2200 Non

523 2256 685 2313 ergo,
716 2242 908 2311 inquit,
938 2240 1235 2297 secundum
1268 2240 1540 2296 hominem
1564 2240 1924 2312 evangelizavi
1944 2238 2116 2293 vobis.

524 2334 724 2391 Notum
749 2352 871 2409 ergo
894 2336 1029 2407 facio
1059 2338 1246 2409 fratres
1274 2335 1363 2406 qui
1392 2335 1587 2392 erratis
1606 2376 1621 2403 ,
1652 2344 1708 2392 et
1745 2333 1813 2389 ad
1843 2332 2119 2388 hominem

520 2427 827 2485 deferimini
849 2440 903 2485 et
928 2429 1291 2502 deportamini
1322 2428 1614 2484 carnaliter
1658 2426 1977 2493 sentiendo,
2020 2425 2120 2481 oh-

519 2523 789 2581 servando
813 2523 1059 2593 sabbata,
1087 2524 1554 2580 circumcisionem
1574 2564 1590 2592 ,
1619 2532 1676 2580 et
1702 2533 1920 2589 caetera;
1953 2520 2121 2576 Evan-

523 2619 720 2691 gelium
752 2633 931 2674 meum
968 2634 1075 2674 non
1106 2618 1405 2674 secundum
1435 2617 1708 2675 hominem
1739 2627 1822 2674 est
1845 2658 1861 2685 ,
1884 2616 1938 2672 id
1959 2625 2044 2672 est
2068 2624 2126 2669 ut

523 2714 593 2770 de
637 2712 856 2770 homine
885 2721 1100 2785 agatur,
1144 2711 1197 2767 id
1221 2723 1303 2770 est
1341 2712 1409 2768 de
1451 2727 1649 2780 carne,
1686 2710 1783 2768 sed
1824 2709 2121 2766 secundum

520 2808 773 2865 virtutem
805 2806 1018 2864 anima).
1049 2805 1222 2864 Omne
1243 2808 1385 2863 enim
1420 2807 1737 2879 mysterium
1781 2804 1903 2861 ideo
1941 2813 2120 2860 actum

520 2910 604 2956 est
623 2942 639 2969 ,
703 2909 760 2956 ut
783 2916 889 2956 non
909 2916 975 2976 eo
1006 2900 1167 2957 modo
1188 2902 1509 2969 sentiamus,
1531 2900 1802 2972 quomodo
1827 2897 2121 2955 secundum

522 2993 799 3051 hominem
834 2995 1076 3052 sentiunt
1122 2995 1376 3066 quidam,
1424 2997 1605 3052 omnia
1643 2996 1937 3053 carnaliter
1977 2997 2123 3053 acci-

521 3088 722 3160 piendo
750 3107 763 3144 :
795 3088 890 3146 sed
916 3090 1031 3161 ipse
1059 3089 1338 3161 subjunxit
1365 3091 1493 3164 quid
1543 3090 1769 3163 intelligi
1796 3091 1962 3159 velit,
2001 3091 2125 3164 quia

522 3197 626 3237 non
658 3183 941 3238 secundum
968 3183 1246 3239 hominem.

2230 1955 2308 2031 (4)
2356 1958 2712 2013 traditionum.
2773 1958 2992 2015 Summa
3040 1958 3201 2029 hujus
3248 1958 3395 2016 dese
3423 1958 3686 2015 narrandi
3718 1958 3845 2015 haec

2224 2062 2344 2122 est,
2379 2056 2454 2110 uti
2482 2054 2677 2111 doceat
2700 2070 2807 2111 non
2847 2070 2906 2111 se
2927 2055 2993 2111 ab
3016 2054 3324 2111 hominibus
3362 2070 3535 2127 neque
3582 2071 3690 2127 per
3740 2054 3845 2110 ho-

2227 2149 2427 2205 minem
2474 2148 2759 2216 didicisse,
2810 2148 2904 2205 sed
2951 2165 2980 2204 a
3016 2150 3124 2205 Deo
3173 2149 3539 2222 atquealesu
3561 2149 3838 2205 Christo:

2225 2258 2345 2313 quae
2372 2242 2589 2314 quidem
2639 2257 2727 2298 res
2778 2241 2842 2297 ad
2897 2242 3025 2298 illud
3065 2243 3281 2315 proiicit
3305 2285 3320 2311 ,
3352 2253 3409 2299 ut
3439 2244 3596 2299 aliter
3617 2242 3841 2300 Galaue

2227 2353 2333 2393 non
2365 2339 2633 2406 sentiant,
2676 2353 2851 2410 neque
2877 2337 3276 2410 adjuugcndum
3298 2339 3495 2411 aliquid
3524 2349 3730 2410 putent
3759 2338 3830 2394 ad

2226 2431 2278 2486 id
2299 2432 2634 2502 evangelimn
2663 2430 2804 2502 quod
2828 2432 2908 2487 cis
2928 2431 3263 2487 annuntiavit
3294 2430 3523 2497 Paulus;
3558 2432 3613 2486 in
3663 2429 3839 2486 Citri-

2225 2534 2369 2581 stum
2400 2524 2556 2581 ﬁdem
2588 2526 3019 2598 suscipiendam,
3054 2535 3110 2581 et
3156 2525 3481 2582 credendum
3517 2526 3671 2598 quod
3718 2527 3841 2596 ipse

2227 2622 2454 2678 salutem
2483 2621 2614 2688 dat,
2649 2633 2700 2677 et
2739 2621 2876 2678 alius
2905 2621 3118 2677 nullus:
3144 2636 3322 2694 neque
3339 2637 3403 2676 ex
3433 2620 3699 2692 operibus
3742 2636 3840 2675 sa-

2227 2718 2393 2773 lutem
2417 2716 2533 2773 dari
2561 2730 2736 2788 neque
2764 2732 2830 2772 ex
2853 2715 3268 2773 circumcisione
3298 2714 3385 2770 vel
3403 2714 3610 2770 sabbati
3630 2715 3840 2772 obser«

2227 2811 2443 2867 vatione
2500 2809 2605 2865 hoc
2659 2824 2781 2866 esse
2824 2809 3207 2881 evangelium,
3254 2824 3431 2881 neque
3459 2807 3603 2863 aliud
3648 2808 3839 2880 accipi

2230 2914 2491 2977 prmterea
2534 2904 2765 2968 debere.
2821 2905 2966 2975 quod
3012 2903 3216 2960 Galate:
3253 2912 3597 2975 acceperunt.
3628 2900 3759 2957 Hoc
3782 2910 3842 2956 ut

2228 2999 2387 3056 facile
2412 2998 2602 3071 probet
2624 3040 2640 3065 ,
2668 2995 2908 3069 adjungit
2929 3037 2946 3064 ,
2991 2996 3068 3051 uti
3093 2995 3238 3064 dixi,
3260 2995 3331 3053 de
3348 3010 3409 3053 se
3432 2995 3839 3059 narrationem,

2226 3093 2357 3167 quid
2402 3093 2584 3159 luerit,
2639 3089 3099 3164 quemadmodum
3138 3103 3434 3146 conversus
3485 3089 3594 3155 sit;
3635 3097 3837 3160 postea

2229 3204 2389 3260 quam
2420 3200 2766 3244 conversusa
2785 3184 3055 3257 judaismo
3081 3184 3135 3240 in
3173 3181 3448 3239 Christum
3492 3182 3662 3254 coepit
3712 3196 3841 3238 cre-

593 3274 761 3332 Veas.
806 3275 892 3331 12.
937 3306 1011 3319 -—-
1055 3275 1236 3348 Neque
1278 3278 1414 3334 enim
1452 3293 1545 3353 ego
1587 3280 1651 3333 ab
1705 3279 1909 3335 homine
1948 3278 2126 3350 excepi
2152 3268 2198 3333 C
2230 3280 2397 3347 dere,
2437 3298 2557 3353 qua:
2585 3280 2786 3352 egerit:
2834 3289 2889 3334 et
2914 3277 3059 3350 quod
3100 3277 3282 3333 omnia
3315 3276 3431 3332 hme
3470 3290 3581 3330 non
3618 3274 3695 3329 ab
3739 3274 3839 3331 ho—

522 3367 692 3437 illnd,
748 3384 910 3440 neque
948 3370 1129 3425 doetus
1171 3387 1282 3425 sum
1340 3372 1457 3439 (4),
1508 3371 1598 3425 sed
1625 3388 1715 3443 per
1767 3372 2126 3428 reuelationem

524 3459 651 3517 Iesu
698 3460 909 3519 Christi.
960 3463 1076 3520 Non
1122 3479 1255 3540 ergo
1295 3466 1590 3521 secundum
1637 3467 1909 3523 hominem
1957 3482 2123 3523 evan-

524 3554 779 3627 gelieavi,
824 3555 948 3628 quia
978 3573 1084 3615 non
1119 3558 1188 3615 ab
1219 3558 1435 3617 homine
1474 3560 1681 3632 accepi.
1715 3560 1856 3631 Ergo
1901 3561 1945 3616 si
1980 3559 2121 3616 aliud

524 3657 609 3705 est
648 3649 893 3721 accipere
944 3651 1014 3707 ab
1056 3651 1305 3719 homine,
1355 3652 1497 3710 aliud
1546 3653 1650 3710 erit
1701 3652 1995 3711 secundum
2030 3654 2128 3710 ho-

525 3745 767 3801 minem:
800 3755 852 3802 et
883 3748 1010 3803 item
1061 3748 1105 3802 si
1135 3748 1279 3804 aliud
1310 3755 1395 3804 est
1444 3764 1549 3804 non
1595 3748 1666 3806 ab
1708 3748 1925 3804 homine
1970 3764 2128 3804 accc-

528 3839 579 3908 pi
605 3879 620 3904 ,
649 3837 794 3893 aliud
823 3839 926 3894 erit
957 3854 1063 3895 non
1087 3839 1384 3896 secundum
1431 3840 1706 3897 hominem
1733 3859 1746 3897 :
1778 3840 1922 3898 unde
1968 3841 2129 3897 intel-

524 3928 617 4002 ligi
646 3931 770 3989 licet
789 3936 1083 3988 secundum
1116 3933 1410 3999 hominem,
1443 3944 1500 3989 ut
1527 3934 1881 4005 corporaliter
1898 3936 2122 4000 sentias;

526 4024 726 4096 quippe
751 4041 873 4083 cum
903 4026 1004 4083 hoc
1029 4029 1260 4100 accipiat
1306 4040 1683 4100 argumentum
1713 4070 1729 4096 ,
1777 4029 1900 4101 quia
1930 4043 2036 4084 non
2058 4028 2129 4084 ab

527 4118 749 4175 homine
777 4121 980 4192 accepi.
1012 4120 1067 4178 Si
1108 4122 1252 4178 enim
1277 4123 1404 4177 mihi
1437 4123 1600 4179 homo
1626 4122 1727 4179 ista
1780 4121 2124 4187 tradidisset,

526 4214 825 4271 secundum
857 4215 1126 4272 hominem
1154 4217 1457 4286 acciperem
1477 4258 1491 4283 ,
1544 4227 1601 4272 ut
1622 4218 1804 4274 omnia
1828 4215 2125 4273 secundum

527 4321 748 4364 carnem
782 4306 1135 4379 intelligerent
1162 4325 1177 4364 :
1208 4324 1353 4365 mmc
1396 4324 1526 4365 vero
1575 4310 1719 4380 quod
1768 4310 2079 4383 evangelizo
2110 4350 2124 4375 ,

527 4418 634 4459 non
662 4400 962 4458 secundum
989 4401 1265 4458 hominem
1292 4403 1666 4475 accipiendum
1692 4412 1810 4473 est;
1839 4405 1892 4461 id
1909 4414 1994 4461 est
2019 4420 2126 4461 non

526 4495 821 4552 carnaliter
841 4494 937 4553 sed
959 4495 1278 4566 spiritaliter
1306 4513 1319 4550 :
1351 4498 1551 4567 quippe
1581 4511 1704 4552 cum
1730 4497 1836 4554 hoc
1861 4499 1932 4554 sit
1961 4513 2122 4570 argu-

530 4597 770 4644 mentum
799 4630 814 4656 ,
846 4588 988 4659 quod
1020 4605 1126 4645 non
1153 4590 1339 4661 accepi
1366 4590 1469 4663 (5).
1497 4590 1555 4647 Si
1588 4590 1730 4646 enim
1761 4605 1791 4646 a
1823 4590 2017 4662 spiritu
2036 4606 2127 4645 ac-

2228 3376 2463 3432 minibus
2493 3374 2783 3439 didicerit;
2821 3372 2865 3428 si
2892 3371 3108 3443 quidem
3140 3384 3314 3441 neque
3337 3369 3559 3425 Petrum
3584 3365 3698 3423 vidi
3732 3367 3839 3423 nisi

2221 3467 2343 3540 jam
2365 3478 2585 3539 paratus
2606 3474 2662 3522 et
2697 3465 2921 3532 doctus,
2958 3479 3136 3535 neque
3169 3462 3401 3535 aliquem
3427 3461 3837 3532 apostolorum.

2227 3560 2359 3617 Nam
2382 3560 2576 3632 primo,
2608 3557 2807 3629 'inquit,
2850 3557 3061 3629 judieus
3118 3556 3233 3622 lui;
3292 3569 3424 3626 ergo
3480 3554 3837 3609 contrarius:

2229 3669 2405 3725 neque
2431 3654 2500 3709 ab
2551 3652 2681 3723 ipsis
2731 3650 2916 3719 didici,
2960 3651 3157 3721 quippe
3200 3663 3322 3705 cum
3351 3657 3541 3704 contra
3588 3661 3688 3702 eos
3722 3649 3837 3713 sit,

2228 3749 2370 3821 quod
2420 3749 2472 3804 in
2514 3747 2793 3818 evangelio
2826 3745 2893 3801 de
2940 3743 3159 3801 Christo
3194 3744 3410 3799 dicitur.
3455 3742 3602 3814 Ergo
3626 3741 3710 3797 fui
3750 3744 3839 3814 ju-

2229 3842 2378 3897 dzcus
2409 3840 2575 3896 multa
2622 3839 2825 3895 faciens
2864 3846 3052 3895 contra
3092 3836 3433 3901 Ecclesiain;
3481 3833 3618 3890 nihil
3645 3850 3839 3907 ergo:

2224 3933 2631 4018 judaeisdidiei.
2667 3933 2861 3989 Postea
2892 3947 3053 4004 quam
3103 3939 3286 3987 autem
3325 3944 3628 3986 conversus
3675 3947 3837 3997 sum,

2230 4037 2287 4086 et
2313 4044 2411 4099 per
2431 4027 2654 4098 gratiam
2692 4041 2846 4081 suam
2897 4025 3040 4080 Deus
3080 4022 3325 4079 revelare
3362 4022 3557 4077 Filium
3602 4038 3767 4079 suum
3788 4023 3840 4080 iu

2228 4139 2319 4181 me
2356 4123 2553 4194 coepit;
2586 4121 2725 4192 ρωρί
2751 4161 2768 4187 ,
2800 4120 3012 4192 inquit,
3043 4118 3415 4189 evangelizare
3445 4118 3836 4191 intergentes.

2304 4217 2505 4274 Deinde
2526 4232 2584 4271 se
2611 4215 2846 4272 ostendit
2871 4231 2977 4269 non
3003 4213 3104 4269 sibi
3128 4213 3440 4286 pepercisse
3480 4228 3583 4270 nec
3609 4216 3831 4271 venisse

2230 4325 2290 4366 se
2319 4310 2742 4383 Hierosolymam
2772 4351 2788 4377 ,
2813 4324 2878 4364 ne
2902 4309 3038 4364 forte
3063 4308 3134 4363 ibi
3165 4307 3416 4363 didicerit
3445 4306 3517 4363 ab
3545 4308 3837 4379 apostolis.

2229 4401 2336 4460 Sed
2368 4403 2548 4457 recessi
2581 4445 2597 4471 ,
2642 4402 2848 4473 inquit,
2875 4403 2927 4456 in
2957 4401 3242 4468 Arabiam;
3269 4400 3388 4455 inde
3415 4399 3736 4456 Damascum
3755 4420 3840 4456 re-

2231 4497 2305 4552 dii
2352 4495 2472 4570 (5);
2525 4496 2708 4552 deinde
2754 4506 2869 4569 post
2919 4507 3020 4551 tres
3056 4511 3219 4550 annos
3245 4493 3669 4566 Hierosolymam
3707 4497 3839 4552 aeni.

2231 4590 2376 4647 Ecce
2400 4590 2509 4661 jam
2538 4589 2870 4661 evangelizat
2898 4630 2913 4657 ,
2947 4599 3002 4644 et
3030 4586 3303 4644 Christum
3331 4587 3512 4643 docet.
3565 4587 3693 4644 Non
3714 4605 3843 4661 ergo

532 4680 653 4751 cepi
678 4722 693 4743 .
728 4692 782 4737 et
802 4698 831 4736 a
858 4682 1049 4753 Spiritu
1077 4682 1272 4739 doctus
1292 4698 1444 4749 sum,
1483 4682 1802 4754 Spiritaliter
1837 4682 2010 4738 debeo
2038 4683 2123 4737 in-
2155 4669 2205 4729 D
2230 4684 2299 4741 ah
2321 4683 2756 4740 hominibushmc
2784 4682 2969 4738 didicit
3006 4700 3017 4735 :
3044 4690 3167 4753 post
3199 4681 3489 4737 triennium
3515 4683 3667 4739 enim
3700 4685 3844 4739 venit

532 4772 814 4843 telligere:
846 4785 896 4831 et
928 4774 1030 4831 hoc
1059 4776 1163 4831 erit
1186 4791 1291 4831 non
1314 4775 1613 4832 secundum
1636 4772 1930 4831 hominem.
1967 4774 2127 4829 Deni-

530 4880 635 4938 que
664 4862 790 4936 quid
818 4867 1131 4939 subjungit?
1160 4867 1267 4924 Sed
1294 4869 1572 4924 revelatum
1597 4878 1671 4924 est
1697 4867 1824 4922 mihi
1852 4909 1868 4933 ,
1923 4866 2119 4937 inquit,

531 4976 564 5014 a
589 4957 791 5037 Christo
810 4957 957 5015 Jesu.
987 4960 1113 5016 Plus
1132 4971 1312 5018 autem
1336 4961 1458 5018 ﬁdei
1481 4960 1638 5017 habet
1664 4959 1808 5032 quod
1835 4959 2127 5016 revelatum

533 5051 706 5120 dixit,
733 5067 893 5123 quam
921 5052 967 5107 si
994 5053 1269 5109 doceatur.
1305 5054 1515 5110 Etenim
1549 5054 1797 5112 homines
1829 5052 2045 5117 docent,
2077 5058 2134 5105 et

533 5147 687 5220 quasi
715 5145 1014 5202 rationibus
1040 5155 1294 5203 asserunt
1317 5147 1516 5219 aliquid
1543 5164 1558 5213 ;
1616 5147 1877 5204 revelatio
1907 5153 2087 5201 autem
2114 5184 2129 5209 ,

535 5243 772 5315 ipsarum
798 5257 980 5299 rerum
1009 5240 1148 5297 visio
1173 5250 1287 5307 est;
1319 5242 1463 5313 quod
1496 5242 1681 5314 utique
1709 5241 1829 5314 plus
1858 5250 1960 5297 est.
2001 5239 2135 5308 Quis

640 5382 690 5452 1)
728 5380 913 5452 Vulg.,
952 5378 1103 5435 Vobis
1141 5379 1297 5452 jacio,
1324 5383 1526 5451 fratres.

634 5451 691 5525 2)
731 5451 1077 5510 Seilicet”non
1102 5452 1263 5508 homo
1296 5451 1666 5508 tantummodo
1687 5462 1791 5521 est,
1823 5462 1883 5508 ut
1909 5454 2128 5525 quidam

537 5524 777 5582 lueretici
833 5525 1162 5580 existimant.

612 5598 690 5672 (5)
734 5596 905 5653 Verba
930 5596 1081 5652 homo
1120 5597 1291 5672 [uetus
1310 5603 1385 5651 est
1412 5592 1594 5650 addita
1620 5594 1839 5651 fuerunt
1886 5596 1940 5652 in
1987 5612 2129 5653 mar-

536 5668 658 5741 gine
682 5685 696 5735 ;
737 5678 924 5741 postea
947 5684 1077 5741 vero
1106 5668 1301 5723 deleta.

614 5739 696 5813 (4)
741 5738 920 5813 Yulg.,
952 5738 1127 5811 Neque
1153 5741 1289 5795 enim
1324 5756 1419 5811 ego
1448 5738 1511 5794 ab
1541 5738 1748 5796 homine
1776 5739 1951 5812 accepi
1977 5740 2130 5810 illud,

539 5826 700 5881 neque
728 5812 906 5881 didici.

730 5856 1110 5952 gupplettdum
1146 5882 1363 5941 videtur
1387 5882 1447 5937 ob
1478 5856 1700 5940 homine.

2228 4778 2682 4850 Hierosolymam.
2715 4775 2918 4832 Deinde
2962 4791 3092 4847 ergo
3128 4774 3260 4831 vidit
3289 4774 3509 4831 Petrum
3542 4818 3557 4842 ,
3601 4788 3660 4832 et
3690 4780 3843 4847 quiu-

2230 4875 2404 4931 decim
2435 4874 2625 4929 diebus
2662 4888 2785 4929 eum
2809 4887 2874 4928 eo
2891 4870 3011 4926 fuit.
3045 4869 3273 4940 Quando
3299 4885 3428 4941 ergo
3470 4869 3720 4927 didicita
3746 4871 3845 4927 Pe-

2232 4974 2318 5023 tro
2345 4975 2438 5023 ant
2468 4965 2678 5022 discere
2714 4962 2923 5036 potuit?
2950 4962 3152 5019 Deinde
3183 4964 3473 5027 neminem,
3501 4964 3706 5035 inquit,
3736 4965 3841 5020 vidi

2236 5059 2605 5131 apostolorum
2652 5056 2755 5113 nisi
2785 5056 3044 5113 Jacobum
3090 5054 3310 5111 fratrem
3360 5056 3599 5113 Domini.
3632 5058 3693 5114 In
3739 5073 3844 5129 quo

2239 5153 2367 5209 illud
2422 5154 2606 5224 utique
2654 5150 2889 5207 ostendit
2921 5193 2935 5215 ,
2984 5165 3014 5204 a
3041 5150 3191 5205 nullo
3233 5165 3293 5207 se
3310 5148 3608 5218 didicisse,
3641 5168 3766 5207 cum
3789 5162 3843 5208 et

2236 5261 2361 5305 cum
2389 5246 2552 5305 Petro
2588 5245 2770 5318 paucis
2797 5244 2988 5302 diebus
3010 5243 3212 5302 fuerit:
3258 5253 3313 5300 et
3340 5242 3606 5300 Jacobum
3655 5246 3843 5303 videns

2344 5451 2395 5526 l)
2424 5451 2616 5526 _\_lulg.,
2647 5450 2923 5517 Quoniam.

2330 5521 2387 5593 Ξ)
2423 5523 2580 5594 Vulg.
2593 5564 2606 5589 ,
2633 5535 2681 5579 et
2700 5521 3050 5594 expugnabo)»
3069 5521 3232 5577 illam.

2314 5596 2396 5669 (5)
2435 5596 2572 5651 Cod.
2610 5596 2812 5669 Lidum
2843 5597 3019 5661 lator;
3045 5596 3101 5650 Ξ.
3140 5611 3253 5651 cum
3279 5597 3413 5652 lator
3437 5639 3453 5665 ,
3494 5596 3597 5654 scd
3638 5598 3844 5657 deletur

2239 5666 2438 5726 ibidem
2466 5683 2616 5732 eum;
2649 5668 2701 5723 5.
2735 5666 2888 5722 lator.

2311 5739 2390 5811 (4)
2432 5738 2588 5811 Υιιιε.
2618 5739 2768 5811 addit
2785 5755 3031 5794 mearum.

2252 5869 2266 5885 ρ
2317 5810 2584 5889 (5).“Vulg.
2646 5810 2752 5887 δια
2790 5810 2916 5868 alibi
2944 5812 2996 5869 in
3026 5812 3270 5872 Arabiam
3312 5827 3360 5874 et
3393 5818 3583 5873 iterum
3620 5830 3845 5874 reversus

2242 5881 2353 5938 eum
2380 5881 2709 5937 Damascum.
