4024 6306
204 323 340 380 11ῧῖ

1037 317 1106 378 ΙΝ
1144 315 1541 378 EPISTOLAM
1579 312 1788 374 PAULI
1826 313 1920 372 AD
1958 311 2284 371 GALATAS
2315 311 2517 369 LIBER
2556 312 2599 368 Ι.

3362 314 3508 374 1154

202 437 420 493 fratrem
446 434 694 503 Domini,
752 434 922 508 magis
951 435 1292 491 confirmavit
1319 449 1350 489 a
1376 433 1579 490 Jacobo
1603 447 1662 487 se
1691 445 1798 486 non
1827 432 1879 494 Α
1906 427 2161 498 diximus)
2185 428 2254 485 de
2281 442 2376 483 sua
2406 441 2634 498 persona
2657 425 2961 483 redeamus.
2988 426 3219 484 Audistis
3244 470 3258 497 ,
3288 427 3461 500 inquit
3487 470 3505 497 ,

201 528 442 600 potuisse
466 527 677 583 discere
711 542 727 594 ;
775 526 822 582 si
868 526 1084 599 quidem
1133 526 1280 582 eain
1324 524 1602 595 evangelio
1644 522 1805 579 habet

203 618 448 686 Paulus;
490 627 676 675 contra
718 617 955 673 .laeobus
1001 630 1106 672 non
1139 616 1255 673 hace
1280 658 1295 683 ,
1349 626 1406 670 ut
1437 622 1557 686 post
1583 613 1806 668 docebi-

202 725 353 768 mus.~
376 710 580 766 Dein‘de
610 710 717 766 isse
738 725 798 766 se
821 709 887 766 ad
920 720 1099 781 partes
1121 708 1293 782 Syriae
1319 708 1441 764 dicit
1472 715 1527 763 et
1554 706 1756 764 Cilicize
1788 723 1803 774 ;

205 803 457 859 omnibus
505 813 683 859 tamen
722 802 837 874 jam
890 816 951 858 se
991 800 1234 858 ecclesiis
1269 811 1325 857 et
1365 799 1565 856 Judzeis
1622 809 1805 854 notum

201 894 371 952 fuisse
397 937 411 962 ,
449 894 591 967 quod
616 910 735 949 cum
766 893 984 950 Judazus
1012 893 1204 950 fuisset
1234 936 1250 962 ,
1278 893 1441 949 etiam
1468 892 1806 965 evangelium

206 999 525 1062 sequeretur
545 998 598 1044 et
627 989 1044 1060 evangelizaret.

278 1082 408 1138 Post
433 1082 547 1138 haec
576 1076 761 1137 narrat
786 1123 799 1142 .
828 1090 952 1153 post
974 1081 1381 1156 qnatuordeeim
1404 1095 1576 1137 annos
1598 1081 1811 1138 venisse

208 1191 269 1233 se
294 1175 739 1248 Hierosolymam.
762 1175 918 1233 Unde
939 1192 1069 1246 ergo
1093 1175 1283 1231 didicit
1305 1175 1419 1232 haec
1441 1192 1558 1246 qua:
1580 1188 1813 1245 evange-

213 1264 511 1326 lizat'l'non
540 1270 608 1326 ab
628 1268 937 1326 hominibus
960 1286 1130 1341 neque
1160 1285 1255 1341 per
1270 1269 1564 1337 hominem,
1592 1268 1685 1324 sed
1716 1282 1812 1339 per

210 1365 616 1422 revelationcm.
654 1364 924 1435 Exposui,
948 1365 1154 1435 inquit,
1178 1365 1285 1419 illis
1312 1365 1546 1419 omnibus
1578 1361 1816 1435 Evange-

213 1458 381 1524 liunt,
430 1459 568 1530 quod
612 1458 836 1531 prcedico
867 1458 996 1513 inter
1046 1467 1217 1529 gentes
1260 1457 1359 1529 (l).
1408 1454 1610 1513 Deinde
1649 1456 1810 1512 etiam

210 1551 469 1624 apostolis
496 1567 593 1624 ego
617 1552 786 1623 magis
816 1552 1035 1607 narravi
1060 1552 1411 1623 Evangelinm
1439 1593 1453 1617 ,
1489 1566 1595 1606 non
1624 1549 1699 1605 illi
1728 1564 1814 1605 me

214 1644 639 1702 doeuerunt.Ubi
654 1653 707 1701 et
724 1654 982 1716 quantum
1001 1660 1095 1715 per
1110 1644 1590 1700 dissimulationem
1606 1643 1809 1709 fecerit,

209 1737 415 1806 docet,
441 1750 503 1794 ut
527 1738 876 1810 Evangelium
908 1737 1179 1793 obtineret
1208 1754 1221 1790 :
1247 1738 1290 1793 si
1314 1736 1530 1812 qpidem
1562 1735 1813 1807 judaismi

1911 522 2351 577 conversationem
2400 536 2564 575 meam
2590 521 2873 593 aliquando
2920 522 2973 576 in
2988 521 3274 593 judaismo.
3304 522 3382 578 Ne
3412 539 3510 579 no-

1909 630 2031 671 vam
2056 631 2166 672 rem
2200 615 2268 671 de
2294 630 2353 671 se
2384 630 2606 672 narrare
2648 615 2895 671 videatur
2923 659 2940 685 ,
2984 615 3211 673 audistis
3232 617 3404 690 inquit
3434 617 3514 673 vi-

1913 717 2019 765 tam
2046 724 2219 764 meam
2257 729 2269 765 :
2302 709 2403 765 hoc
2432 709 2576 765 enim
2606 708 2750 765 dixit
2787 710 3254 767 conversationem
3293 730 3306 767 :
3334 718 3511 767 actum

1912 809 2061 865 scitis
2091 808 2303 865 vivendi
2332 851 2346 876 ,
2378 824 2538 880 quem
2567 816 2746 864 actum
2771 808 3032 867 habebam
3070 808 3358 881 aliquando
3389 824 3512 865 cum

1915 902 1970 956 in
1992 902 2263 974 jndaismo
2291 917 2437 958 eram
2473 943 2489 970 ,
2515 911 2567 957 et
2610 900 3058 972 quemadmodum
3085 901 3309 973 agebam
3334 942 3349 967 ,
3390 902 3514 973 quia

1914 1012 2076 1067 supra
2107 995 2324 1051 modum
2369 995 2735 1067 persequebar
2780 982 3076 1051 Ecclesiam
3130 994 3248 1050 Dei.
3280 993 3399 1050 Non
3428 1008 3517 1050 so-

1914 1088 2023 1144 lum
2053 1131 2069 1156 ,
2103 1087 2277 1160 inquit
2303 1129 2318 1155 ,
2348 1087 2556 1159 judmus
2583 1102 2733 1142 erant
2762 1127 2779 1153 ,
2802 1097 2854 1143 et
2875 1086 3049 1158 legem
3073 1085 3339 1157 sequebar
3363 1127 3379 1152 ,
3420 1084 3516 1143 sed

1915 1189 2101 1237 contra
2124 1179 2491 1252 persequebar
2532 1179 2815 1236 ecclesiam
2849 1189 2902 1235 et
2942 1180 3341 1251 impugnabam.
3375 1179 3519 1253 Ergo

1915 1272 2007 1344 qui
2036 1273 2162 1328 talis
2183 1287 2330 1329 eram
2357 1280 2419 1328 ut
2449 1286 2803 1344 persequerer
2824 1271 3142 1337 Ecclesium,
3169 1288 3275 1329 non
3300 1288 3517 1345 possum

1917 1364 2081 1420 hodie
2100 1365 2188 1436 qui
2217 1379 2511 1420 conversus
2542 1380 2663 1421 sum
2689 1380 2717 1418 a
2738 1364 3006 1436 judaismo
3029 1367 3308 1422 ecclesiam
3330 1382 3517 1437 perse-

1917 1458 2007 1529 qni
2038 1499 2051 1525 ,
2080 1473 2237 1530 quam
2259 1458 2621 1529 persequebar
2650 1474 2664 1525 ;
2696 1472 2800 1513 non
2826 1474 3064 1529 possum,
3101 1457 3340 1531 inquam,
3395 1475 3520 1531 pro-

1916 1550 2051 1607 bare
2079 1560 2136 1610 ut
2177 1551 2575 1623 etjudaismnm
2628 1565 2858 1622 sequar,
2906 1559 2961 1606 ct
3008 1551 3302 1608 Ecclesium
3336 1567 3519 1624 persc-

1919 1659 2055 1715 quar
2088 1662 2101 1698 :
2155 1645 2423 1714 simulque
2451 1689 2466 1712 ,
2523 1651 2579 1700 et
2606 1644 2747 1715 quod
2782 1659 2944 1715 supra
2978 1643 3127 1713 dixi,
3174 1646 3224 1700 in
3252 1645 3520 1717 judaismo

1920 1738 2053 1793 nihil
2088 1737 2329 1793 intellexi
2381 1753 2554 1808 neque
2583 1738 2766 1809 accepi
2796 1738 2938 1809 quod
2979 1738 3045 1794 ad
3075 1738 3364 1795 Ecclesium
3396 1754 3522 1811 per-

214 1833 527 1905 particulam
551 1833 820 1904 acceperit
841 1849 905 1888 cx
929 1832 1254 1888 necessitate
1280 1873 1296 1898 ,
1328 1838 1385 1886 ut
1411 1831 1610 1886 veritas
1636 1831 1811 1884 Evan-
1844 1845 1890 1906 Β
1920 1830 2147 1887 tinebat.
2179 1830 2293 1885 Non
2317 1846 2446 1901 ergo
2473 1830 2541 1885 ab
2571 1829 2880 1887 hominibus
2909 1830 3098 1887 doetus
3124 1846 3240 1887 sum
3268 1850 3281 1886 :
3320 1849 3523 1906 expug-

212 1929 335 2000 gelii
367 1938 709 2000 permaneret
737 1970 751 1993 ,
778 1926 920 1999 quod
943 1925 1063 1982 loco
1092 1940 1192 1981 suo
1221 1925 1348 1997 quid
1379 1925 1448 1979 sit
1475 1923 1810 1979 docebimus.

214 2024 345 2080 Inde
389 2024 736 2095 Evangelium
762 2038 924 2077 unum
958 2064 972 2087 ,
1002 2028 1057 2077 et
1088 2019 1307 2075 Petrum
1341 2028 1395 2076 et
1421 2034 1480 2075 se
1508 2017 1706 2073 habere
1729 2016 1813 2072 tli-

210 2115 287 2172 cit
317 2132 333 2182 ;
364 2115 456 2172 sed
488 2115 702 2171 Petrum
735 2124 790 2170 ut
816 2114 1150 2185 evangelizet
1174 2111 1377 2169 ludatis
1408 2153 1423 2179 ,
1469 2125 1527 2168 se
1551 2119 1607 2165 ut
1636 2113 1814 2182 gentl-

213 2208 352 2274 bus;
374 2218 429 2263 et
444 2208 547 2263 hoc
559 2208 658 2262 sibi
681 2223 776 2277 per
790 2205 1178 2263 revelationem
1199 2205 1382 2260 datum
1405 2221 1419 2270 ;
1440 2213 1490 2259 et
1511 2204 1627 2259 hare
1639 2203 1816 2259 ofﬁcia

214 2301 389 2359 divisa
419 2316 541 2358 esse
568 2317 597 2355 a
638 2302 749 2356 Deo
775 2310 831 2357 et
881 2300 1103 2356 domino
1143 2308 1329 2354 nostro
1365 2296 1493 2354 Jesu
1552 2295 1767 2352 Christo
1799 2315 1814 2352 :

212 2393 335 2466 ipse
360 2389 503 2451 enim
536 2396 587 2450 in
619 2387 881 2451 ambobus
911 2404 1167 2464 operatus
1198 2400 1283 2447 est
1312 2409 1327 2448 :
1355 2390 1498 2463 quod
1529 2390 1819 2446 confirma-

215 2488 750 2545 veruntsentcntiam
774 2503 926 2543 suam
953 2486 1197 2543 eamdem
1220 2501 1340 2542 esse
1363 2485 1556 2541 Petrus
1578 2492 1632 2541 et
1655 2483 1818 2540 Joan-

208 2597 320 2658 nes
346 2598 467 2639 cum
490 2582 735 2652 apostolo
762 2581 929 2637 Paulo
954 2590 1008 2636 et
1033 2596 1154 2637 cum
1183 2579 1426 2635 Barnaba
1453 2596 1467 2647 ;
1502 2588 1557 2633 et
1582 2594 1815 2634 consen-

218 2684 409 2732 serunt
450 2683 510 2731 ut
546 2675 632 2730 isti
661 2674 911 2746 gentibus
965 2673 1398 2745 evangelizareut
1428 2713 1444 2740 ,
1487 2670 1563 2725 illi
1594 2668 1816 2726 Iudaeis.

218 2769 511 2827 Maximum
567 2776 745 2824 autem
770 2766 899 2824 illud
932 2776 986 2823 et
1028 2766 1235 2820 fiduciae
1265 2779 1377 2820 sua:
1418 2773 1473 2819 et
1501 2763 1741 2819 scientia:
1767 2770 1822 2818 et

220 2861 572 2919 revelationis
608 2871 662 2916 et
689 2859 971 2931 Evangelii
1024 2842 1108 2913 sui
1147 2855 1388 2928 adjungit
1410 2866 1464 2912 et
1506 2864 1773 2911 memorat
1803 2897 1818 2922 ,

220 2952 366 3024 quod
412 2953 618 3023 integre
646 2952 861 3008 Petrum
898 2950 1028 3006 dicit
1054 2951 1230 3021 egisse
1250 2958 1535 3020 antequam
1563 2963 1593 3003 a
1620 2948 1822 3004 Jacubo

221 3046 440 3116 quidam
461 3048 780 3102 “venerunt:
832 3043 1030 3100 deinde
1066 3052 1252 3115 postea
1303 3058 1461 3114 quam
1508 3049 1819 3110 venerunt,

220 3146 461 3195 mutatus
490 3151 611 3194 est:
658 3137 843 3194 ethoc
873 3138 1045 3209 ipsum
1073 3136 1213 3207 quod
1253 3134 1664 3206 reprehenderit
1690 3137 1823 3190 Pan-

1922 1923 2114 1977 nabam
2142 1938 2270 1993 ergo
2299 1921 2585 1979 ecclesiam
2606 1940 2619 1976 :
2639 1939 2826 1994 parum
2860 1932 2939 1979 est
2961 1924 3366 1996 expugnabam:
3394 1925 3522 1996 quid

1919 2016 2151 2087 adjecit?
2172 2028 2225 2073 et
2249 2017 2592 2089 proﬁciebam
2614 2017 2667 2072 in
2686 2018 2954 2089 judaismo
2975 2034 3134 2089 supra
3161 2021 3359 2077 multos
3384 2036 3524 2077 cete-

1922 2120 2108 2166 taneos
2130 2126 2283 2167 meos
2305 2111 2358 2166 in
2382 2126 2583 2182 genere
2604 2127 2726 2167 meo
2751 2112 3111 2168 abundantius
3144 2129 3156 2168 :
3185 2121 3383 2169 etcum
3426 2112 3523 2169 ha-

1921 2205 2105 2261 berem
2138 2206 2374 2278 collegas
2424 2247 2440 2275 ,
2490 2222 2642 2276 aeque
2673 2221 2861 2262 omnes
2889 2207 3161 2263 vincerem
3186 2207 3480 2278 cupiditate
3503 2250 3520 2279 ,

1925 2308 1983 2356 et
2005 2300 2341 2372 professione
2364 2300 2417 2355 in
2453 2299 2723 2370 jndaismo
2752 2318 2767 2355 :
2821 2310 2875 2357 et
2897 2294 3259 2357 abundantius
3284 2317 3522 2373 agerem,

1922 2393 1974 2450 id
2022 2404 2106 2450 est
2145 2395 2334 2450 fortior
2382 2408 2445 2449 ac
2488 2393 2861 2450 vehementior
2890 2394 2955 2449 ad
2996 2394 3329 2467 judaismum
3378 2410 3527 2451 assc-

1922 2486 2149 2541 rendum
2175 2501 2351 2543 essem
2376 2506 2387 2540 :
2411 2488 2693 2543 aemulator
2714 2489 2951 2544 existens
2979 2498 3322 2560 paternarum
3355 2487 3526 2545 tradi-

1926 2577 2130 2633 tionum
2163 2589 2219 2633 nt
2250 2579 2441 2635 eodem
2473 2579 2636 2634 modo
2687 2578 3004 2636 traditiones
3029 2590 3279 2650 paternas
3304 2621 3319 2648 ,
3366 2578 3421 2634 id
3444 2586 3528 2635 est

1924 2667 2185 2725 lectiones
2206 2670 2460 2742 judaismi
2509 2679 2562 2726 et
2589 2671 2720 2744 legis
2745 2712 2759 2735 ,
2786 2687 3111 2743 exponerem
3138 2682 3193 2728 et
3235 2672 3524 2729 traderem.

1925 2759 2201 2830 AEmulus,
2231 2762 2283 2818 id
2314 2772 2418 2831 est,
2437 2761 2699 2830 imitator,
2723 2772 2778 2819 et
2799 2763 2949 2834 quasi
2977 2764 3379 2820 concertatione
3400 2778 3530 2836 qua-

1925 2853 2046 2908 dam
2083 2870 2097 2921 ;
2148 2854 2240 2924 qui
2270 2861 2325 2909 et
2347 2854 2490 2910 idem
2548 2869 2670 2911 esse
2697 2856 2890 2913 vellem
2918 2856 3108 2928 quales
3136 2854 3352 2913 fuerunt
3382 2897 3399 2925 ,
3445 2855 3530 2914 vel

1927 2960 2116 3019 patres
2139 2948 2243 3005 mei
2277 2948 2359 3004 vel
2385 2950 2517 3019 ipsa:
2548 2948 2887 3006 traditiones.

2002 3041 2165 3098 Vsus.
2216 3041 2301 3097 15.
2358 3070 2425 3084 ν·-
2456 3042 2582 3097 llzee
2610 3042 2769 3113 igitur
2812 3058 2933 3099 cum
2985 3042 3143 3100 fuerit
3196 3043 3345 3112 vita,
3390 3043 3533 3101 unde

1927 3136 2208 3191 conversio
2247 3136 2430 3190 tanta?
2453 3135 2758 3209 Subjungit,
2794 3136 2901 3193 Sed
2946 3154 3062 3192 cum
3112 3138 3306 3211 placuit
3335 3138 3406 3207 ei,
3446 3138 3533 3208 qui

220 3224 312 3280 lus
335 3266 350 3293 ,
369 3234 566 3280 etcum
611 3224 881 3281 revicerit.
935 3224 1165 3279 Mutatus
1206 3231 1387 3278 autem
1431 3223 1606 3277 fuerat
1634 3228 1692 3276 ut
1715 3236 1821 3277 non
1852 3249 1898 3314 ρ
1929 3247 2008 3286 me
2045 3235 2322 3304 segregavit
2363 3248 2426 3287 ea:
2453 3241 2595 3288 utero
2622 3235 2801 3289 matris
2828 3251 2970 3303 ntere,
3019 3243 3066 3289 et
3088 3237 3281 3291 vocavit
3305 3252 3396 3307 per
3416 3253 3538 3309 gra-

223 3316 414 3373 ederet
436 3332 558 3374 cum
585 3315 834 3388 gentibus
863 3360 877 3383 ,
910 3323 967 3373 et
993 3316 1193 3372 iudicis
1214 3316 1350 3371 cibis
1391 3324 1653 3371 uteretur.
1713 3314 1827 3372 Hoc

224 3429 257 3468 a
290 3429 349 3470 se
378 3414 507 3469 dicit
535 3411 926 3483 reprehensum
958 3411 1156 3482 quippe
1183 3426 1304 3466 cum
1332 3421 1623 3482 antequam
1648 3410 1831 3465 venis-

224 3514 354 3563 sent
377 3520 407 3560 a
436 3504 636 3561 Jacobo
663 3547 677 3571 ,
709 3520 829 3560 cum
851 3506 1103 3576 gentibus
1133 3503 1382 3560 vivebat:
1415 3515 1599 3573 postea
1634 3503 1831 3558 timens

225 3601 396 3657 Veluti
425 3601 608 3658 Jacobi
659 3601 861 3671 legatos
887 3641 902 3667 ,
951 3615 1070 3654 cum
1121 3598 1323 3654 Judaeis
1362 3597 1593 3663 vixerit;
1629 3596 1829 3652 etenim

224 3695 465 3753 Iacobus
501 3695 741 3750 admixto
770 3693 1046 3749 .ludaismo
1085 3690 1359 3747 Christum
1391 3690 1792 3761 evangelizabat
1815 3730 1828 3756 ,

227 3789 377 3862 quod
403 3797 561 3861 negat
586 3788 638 3844 id
683 3788 1009 3844 faciendum.
1041 3786 1098 3843 Si
1128 3802 1259 3857 ergo
1286 3785 1396 3856 jam
1423 3786 1527 3840 hoc
1571 3793 1626 3839 et
1649 3798 1834 3855 repre-

227 3883 463 3942 llensum
491 3891 572 3938 est
601 3922 616 3949 ,
647 3892 703 3939 et
732 3882 785 3937 in
821 3882 979 3937 Petro
1020 3895 1141 3936 cum
1173 3880 1247 3935 ita
1287 3886 1474 3951 ageret
1527 3878 1831 3934 convictum

228 3987 393 4046 atque
418 3983 725 4046 superatum
759 3974 840 4047 (εὶ)
889 3983 942 4031 et
978 3972 1353 4030 confirmatum
1386 3987 1401 4038 ;
1460 3972 1647 4043 utique
1667 3971 1834 4027 etiam

227 4068 324 4129 isti
344 4069 548 4127 Galatte
580 4111 596 4138 ,
655 4086 777 4126 cum
809 4069 913 4125 hoc
956 4069 1135 4125 facere
1172 4067 1437 4139 cceperiut
1467 4108 1483 4136 ,
1529 4067 1836 4137 corrigendi

231 4175 289 4220 et
313 4163 680 4219 commutandi
707 4172 870 4218 sunt:
928 4163 1140 4219 scilicet
1161 4171 1221 4217 ut
1267 4162 1318 4215 bi
1352 4177 1449 4232 per
1479 4160 1638 4216 fidem
1671 4161 1723 4215 in
1746 4159 1838 4216 Je-

230 4273 353 4315 sum
393 4255 668 4313 Christum
698 4256 985 4313 credentes
1000 4255 1368 4328 justiﬁeentur
1397 4271 1463 4311 ex
1494 4255 1600 4312 [ide
1632 4269 1738 4310 non
1770 4269 1835 4309 ex

232 4350 489 4423 operibus
512 4352 665 4422 legis.

312 4445 425 4501 iluc
445 4460 615 4517 usque
641 4445 778 4501 ratio
817 4445 887 4502 de
914 4459 975 4502 se
1000 4463 1012 4500 :
1043 4443 1242 4502 deinde
1268 4443 1568 4501 admonitio
1591 4452 1646 4501 et
1676 4458 1838 4500 enar-
1880 4464 1887 4477 ν

232 4538 376 4598 ratio
416 4548 499 4595 est
522 4538 655 4596 satis
683 4539 830 4595 utilis
862 4548 920 4595 et
968 4539 1254 4596 commoda
1298 4538 1376 4594 ad
1412 4538 1465 4595 id
1505 4538 1650 4610 quod
1681 4553 1840 4610 agere

1933 3325 2057 3378 tiam
2078 3341 2225 3379 suam
2254 3334 2307 3379 ut
2354 3324 2599 3381 reuelaret
2624 3326 2788 3395 ﬁlium
2819 3344 2967 3382 suum
3009 3329 3062 3383 in
3087 3345 3167 3383 me
3190 3369 3204 3395 ,
3243 3338 3297 3383 ut
3324 3344 3538 3401 euange-

1932 3415 2140 3471 lizarent
2168 3415 2317 3471 illum
2344 3418 2398 3471 in
2428 3419 2680 3490 gentibus.
2731 3418 2875 3475 Ordo
2902 3427 2986 3476 est
3009 3461 3023 3486 ,
3065 3420 3156 3475 sed
3198 3436 3317 3475 cum
3344 3420 3540 3490 placuit

1931 3506 2043 3562 Deo
2068 3508 2292 3563 revelare
2328 3510 2495 3578 [ilium
2541 3527 2688 3565 suum
2718 3511 2770 3565 in
2796 3528 2894 3566 me.
2921 3511 3060 3581 Quid
3089 3520 3175 3569 est
3198 3522 3379 3568 autem
3428 3514 3542 3584 pla-

1932 3602 2044 3656 cuit
2076 3602 2184 3657 Deo
2225 3605 2466 3659 revelare
2522 3603 2689 3659 lilium
2719 3618 2874 3664 suum
2902 3605 2955 3660 in
2986 3621 3072 3661 me
3098 3605 3121 3660 ?
3174 3606 3225 3661 id
3247 3615 3333 3661 est
3358 3616 3415 3660 ut
3441 3621 3541 3678 ego

1932 3707 2314 3764 cognoscerent
2342 3694 2615 3750 Christum
2648 3714 2661 3750 :
2695 3698 2843 3767 prius
2868 3697 3011 3752 enim
3042 3706 3202 3753 estut
3228 3706 3537 3768 cognoscat,

1935 3786 2134 3843 deinde
2160 3795 2219 3842 ut
2244 3788 2594 3859 evangelizct.
2619 3788 2713 3845 Sic
2727 3790 2816 3860 qui
2843 3806 2943 3857 me,
2976 3790 3170 3860 inquit,
3204 3790 3457 3861 separavit
3478 3790 3543 3846 de

1935 3891 2081 3937 utero
2104 3882 2279 3937 matris
2300 3897 2425 3938 mea:
2450 3925 2464 3950 ,
2494 3882 2548 3939 id
2573 3892 2658 3939 est
2677 3883 2822 3938 nasci
2848 3898 2935 3939 me
2966 3882 3114 3939 fecit.
3154 3881 3286 3938 Item
3318 3892 3364 3938 et
3388 3898 3541 3937 voca-

1935 3976 2004 4031 vit
2034 3993 2114 4032 me
2144 3993 2235 4048 per
2263 3976 2483 4048 gratiam
2520 3992 2700 4037 suam;
2745 3974 2797 4031 id
2819 3985 2901 4030 est
2932 3985 2990 4030 ut
3016 3975 3083 4031 ad
3130 3976 3357 4048 gratiam
3388 3990 3541 4031 suam

1938 4071 2180 4127 venirem
2214 4071 2488 4142 Deumque
2543 4084 2927 4142 cognoscerem
2961 4111 2977 4138 ,
3036 4070 3326 4127 evocavit:
3382 4083 3543 4126 nemo

1939 4164 2083 4221 enim
2115 4162 2396 4233 cognoscit
2453 4162 2618 4218 Deum
2677 4161 2781 4219 nisi
2809 4162 2900 4235 qui
2931 4172 3151 4219 vocatus
3182 4172 3286 4219 est.
3319 4162 3546 4219 Vncavit

1939 4275 2067 4331 ergo
2097 4275 2184 4316 me
2217 4301 2231 4328 ,
2286 4269 2341 4317 et
2370 4260 2572 4331 placuit
2600 4258 2650 4316 ei
2681 4267 2740 4314 ut
2792 4259 3062 4316 revelaret
3091 4259 3258 4315 filium
3291 4273 3446 4314 suum
3481 4259 3532 4312 in

1942 4369 2066 4420 me;
2102 4363 2159 4408 ut
2179 4367 2281 4425 ego
2313 4394 2329 4420 ,
2361 4352 2535 4424 inquit
2567 4394 2581 4422 ,
2613 4366 2997 4424 cognoscerem
3030 4394 3045 4420 ,
3077 4360 3133 4407 et
3160 4358 3240 4408 sic
3267 4350 3461 4408 deinde
3488 4357 3546 4405 ut

1942 4461 2064 4517 eum
2121 4446 2546 4518 evangelizarem
2594 4445 2733 4501 inter
2762 4456 2968 4517 gentes.
3030 4443 3142 4501 Hoc
3172 4454 3355 4516 postea
3384 4458 3543 4514 quam

1944 4539 2190 4613 placuit,
2247 4539 2374 4610 quid
2402 4548 2645 4595 secutum
2688 4538 2824 4595 est?
2868 4538 3110 4593 continua
3163 4553 3266 4592 non
3315 4534 3544 4609 acquievi

234 4632 422 4703 cupit,
449 4640 507 4686 ut
534 4632 753 4688 Galatas
772 4633 1037 4704 corrigat,
1063 4647 1131 4688 ne
1159 4639 1450 4703 sequentes
1469 4631 1796 4701 judaismum
1821 4672 1836 4698 ,
1866 4644 1921 4705 1)
1943 4636 2085 4689 carni
2114 4645 2161 4690 et
2187 4635 2447 4707 sanguini.
2482 4634 2624 4705 Ergo
2653 4632 2948 4689 revelatum
2981 4675 2997 4702 ,
3032 4632 3202 4705 inquit
3230 4675 3244 4700 ,
3303 4633 3430 4688 mihi
3462 4643 3548 4690 est

234 4724 588 4796 Evangelium
628 4740 735 4782 non
775 4734 1067 4797 sequantur
1097 4742 1112 4790 ;
1162 4725 1306 4797 quod
1335 4742 1498 4780 unum
1523 4732 1607 4781 est
1634 4767 1649 4789 ,
1700 4735 1750 4780 et
1782 4725 1836 4779 in

236 4817 513 4874 Christum
536 4834 720 4875 veram
751 4818 909 4876 fidem
942 4819 1139 4876 habere
1160 4862 1176 4886 ,
1235 4828 1289 4875 et
1313 4818 1382 4873 ab
1429 4834 1494 4875 eo
1511 4817 1793 4889 justificari
1818 4861 1833 4887 ,

237 4927 350 4970 non
379 4929 443 4970 es
466 4913 719 4986 operibus
747 4915 901 4986 legis.
936 4914 1066 4973 Post
1089 4914 1205 4970 haec
1233 4914 1325 4969 dat
1343 4914 1446 4969 alia
1472 4924 1785 4986 argumenta
1819 4956 1834 4982 ,

238 5010 367 5080 quia
388 5024 452 5065 ex
476 5008 689 5065 Christo
731 5009 1047 5080 justifieatio
1089 5010 1147 5065 iit
1173 5025 1277 5065 non
1306 5025 1370 5065 ex
1412 5009 1533 5081 lege
1577 5025 1750 5081 neque
1772 5025 1837 5064 ex

241 5103 500 5174 Operibus
529 5112 622 5170 ;et
649 5113 730 5159 est
757 5103 856 5159 ista
880 5103 1056 5159 omnis
1085 5103 1249 5159 lectio
1274 5145 1287 5168 ,
1320 5118 1480 5175 quam
1512 5116 1673 5175 supra
1706 5102 1838 5169 dixi,

243 5210 419 5265 usque
447 5195 514 5250 ad
544 5194 695 5250 illum
719 5196 893 5251 locum
922 5239 936 5261 ,
965 5196 1054 5267 qui
1082 5196 1271 5267 incipit
1292 5196 1361 5251 ita
1396 5238 1410 5264 ,
1439 5195 1486 5250 si
1505 5204 1676 5250 autent
1702 5210 1841 5264 qua:-

239 5298 411 5344 rentes
444 5289 729 5361 justiﬁcari
770 5290 824 5344 in
852 5289 1090 5357 Christo,
1122 5290 1438 5345 inveniemur
1459 5298 1505 5344 et
1536 5288 1637 5359 ipsi
1663 5304 1840 5359 pecca—

240 5396 381 5443 tores
405 5403 424 5454 ;
468 5404 587 5459 ergo
613 5388 845 5443 Christus
868 5390 1061 5461 peccati
1088 5389 1317 5445 minister
1335 5390 1458 5445 est?
1489 5409 1510 5442 ι
1537 5398 1592 5445 et
1610 5389 1833 5460 reliqua.

240 5478 355 5535 Sed
397 5493 538 5535 nunc
579 5478 646 5535 ad
676 5480 1037 5536 narrationem
1090 5480 1231 5554 (quae
1263 5494 1431 5554 quare
1471 5489 1719 5553 suscepta
1773 5480 1843 5537 sit

320 5725 421 5803 (i)_
449 5725 608 5801 Vulg.
633 5726 837 5787 Contuli
867 5748 981 5787 cum
1029 5732 1135 5788 illis
1190 5730 1524 5803 Evangelium
1549 5729 1687 5802 quod
1706 5744 1843 5802 prta.

243 5799 458 5874 dimi‘in
485 5799 737 5874 gentibus.

322 5871 501 5947 (ενα
524 5875 695 5932 codex
724 5876 1028 5949 antiquior;
1066 5875 1251 5934 atduo
1297 5874 1486 5948 reliqui
1526 5883 1839 5948 separatum.

1945 4728 2090 4800 quod
2118 4728 2449 4800 evangelizo.
2476 4728 2546 4784 Et
2575 4726 2796 4784 omnino
2826 4726 3067 4783 laboravi
3111 4725 3421 4783 carnaliter.
3450 4725 3548 4783 liic

1943 4822 2087 4879 enim
2114 4821 2265 4878 labor
2286 4836 2393 4877 non
2411 4829 2513 4877 est.
2547 4819 2679 4877 Nam
2704 4820 2751 4877 si
2781 4819 2960 4876 divina
2992 4819 3221 4887 nuntiat,
3259 4828 3315 4875 et
3343 4834 3405 4875 ea
3427 4833 3548 4890 qua:

1943 4915 2169 4987 gratiam
2200 4915 2294 4971 Dei
2324 4914 2525 4971 habent
2553 4919 2735 4971 animo
2764 4913 2914 4970 labor
2954 4930 3062 4971 non
3082 4926 3165 4971 est
3194 4955 3211 4982 ,
3268 4912 3365 4970 sed
3395 4912 3550 4968 labor

1944 5011 2123 5068 carnis
2150 5018 2206 5067 et
2229 5010 2506 5082 sanguinis
2538 5052 2553 5079 ,
2584 5009 2637 5065 id
2666 5020 2749 5067 est
2779 5010 3086 5068 discurrere
3120 5051 3134 5076 ,
3161 5007 3303 5066 ferre
3332 5006 3544 5064 itineris

1942 5104 2182 5162 laborem
2209 5145 2225 5172 ,
2281 5103 2585 5175 provincias
2612 5111 2666 5159 et
2692 5114 2881 5176 gentes
2932 5119 3219 5176 peragrare
3261 5101 3362 5177 (l).
3422 5098 3549 5156 Non

1941 5210 2109 5256 autem
2134 5199 2362 5270 acquievi
2389 5240 2405 5265 ,
2438 5197 2653 5266 inquit,
2678 5199 2825 5254 carni
2851 5208 2900 5254 et
2936 5198 3200 5271 sanguini.
3238 5194 3379 5252 Caro
3405 5194 3551 5252 enim

1942 5302 1998 5349 et
2034 5292 2253 5364 sanguis
2280 5291 2441 5348 homo
2481 5291 2721 5348 exterior
2767 5300 2912 5348 totus
2940 5299 3042 5348 est.
3071 5289 3251 5362 Neque
3290 5290 3402 5344 veni
3434 5287 3553 5343 Hie-

1939 5385 2249 5457 rosolymam
2298 5386 2364 5439 ad
2394 5400 2726 5456 praecessores
2780 5401 2915 5441 meos
2969 5383 3227 5456 apostolos
3278 5380 3378 5455 (2).
3415 5381 3551 5438 Ilinc

1948 5480 2094 5538 enim
2123 5479 2289 5537 videri
2322 5480 2497 5552 potuit
2521 5480 2590 5536 ab
2619 5480 2929 5536 hominibus
2958 5479 3039 5536 vel
3071 5494 3167 5550 per
3198 5477 3445 5533 homines
3470 5475 3553 5532 αἱ.

1950 5572 2149 5630 dicisse
2175 5572 2221 5630 si
2246 5572 2675 5647 Hierosolymam
2704 5582 2951 5645 pergeret
2983 5614 2999 5639 ,
3026 5579 3225 5628 etcum
3259 5568 3553 5641 majoribus

2025 5797 2107 5870 (1)
2137 5795 2291 5870 Υιιιε.
2325 5794 2577 5870 Continuo
2607 5808 2708 5850 non
2735 5794 2981 5865 acquievi,
3014 5801 3120 5849 etc.

2024 5868 2103 5944 (2)
2133 5868 2286 5941 Vulg.
2308 5869 2375 5923 ad
2404 5877 2745 5924 antecessores
2771 5881 2931 5936 meos,
2958 5874 3064 5923 etc.
