4024 6306
500 293 640 352 “59

1753 288 1946 345 MAR“
1987 281 2330 343 νιατυιιικι
2356 284 2517 342 Αιειιι

3659 289 3778 346 “60

497 417 552 462 ut
578 409 629 462 iu
667 405 935 477 aliquibus
986 403 1322 462 cederemus.
1352 401 1614 470 Quoniam
1661 413 1839 457 tamen
1870 403 1922 457 in
1951 401 2115 470 pluri-
2142 397 2194 458 A
2221 401 2368 468 quasi
2396 416 2460 455 ex
2490 399 2573 457 his
2603 401 2694 473 qui
2724 400 2974 459 videntur
3000 416 3121 458 esse
3145 400 3368 474 aliquid,
3399 401 3484 458 vel
3511 401 3579 457 ab
3602 401 3680 455 his
3705 404 3779 471 qui

499 499 601 554 mis
628 497 904 554 codicibus
946 507 1001 553 et
1046 496 1224 552 latinis
1268 505 1323 551 et
1360 495 1658 566 grecis“)
1687 495 1786 550 ista
1836 493 2101 549 sententia

499 602 604 660 est,
631 592 700 647 ad
727 594 905 647 horam
931 592 1169 647 cessimus
1199 589 1522 659 subjectioni,
1557 587 1606 644 id
1632 599 1713 644 est
1738 587 1958 642 ferimus
1984 602 2104 656 ane

501 684 608 740 illis
635 683 876 740 facienda
902 683 1238 748 videbantur,
1269 681 1364 737 sed
1387 697 1493 737 non
1526 689 1582 734 ιιι
1605 696 1820 751 semper
1845 694 2105 750 sequere-

504 794 663 843 mur;
697 777 878 832 multis
908 777 1083 832 modis
1124 776 1384 847 probatur
1427 775 1712 847 legendum
1754 775 1824 829 ita
1867 788 2008 838 esse,
2039 773 2107 826 ad

505 869 683 923 horam
706 869 948 924 cessimus
972 868 1308 941 subjectioni;
1339 867 1569 938 primum
1600 866 1722 937 quia
1756 881 1881 921 vere
1911 864 2104 931 cessit;

504 977 627 1019 nam
673 974 729 1018 et
763 961 1105 1017 Timotheum
1143 959 1481 1016 circumcidit
1522 966 1741 1030 propter
1772 956 2010 1022 Judmos,
2052 965 2111 1012 ut

505 1057 581 1110 ait
610 1056 662 1110 in
699 1054 923 1111 Actibus
951 1053 1314 1124 apostolorum
1340 1052 1510 1126 (Cap.
1542 1069 1650 1120 xvi,
1669 1053 1756 1122 5).
1789 1051 1932 1120 Ergo
1959 1066 2111 1107 men-

509 1150 594 1206 tiri
618 1166 722 1205 non
756 1149 942 1207 debuit
976 1151 1270 1222 apostolus.
1301 1149 1506 1204 Deinde
1536 1163 1636 1204 nec
1665 1146 1733 1202 ad
1764 1148 1950 1202 horam
1990 1146 2110 1216 quis

507 1245 732 1313 diceret,
784 1245 828 1300 si
869 1261 1067 1316 negare
1108 1260 1245 1316 opus
1290 1244 1461 1300 fuerat
1510 1244 1731 1298 omnino
1775 1241 1996 1297 factum.
2043 1239 2114 1296 Et

507 1349 654 1394 certe
679 1340 722 1392 si
748 1338 908 1395 Petro
931 1339 1145 1406 restitit,
1177 1337 1302 1409 quid
1331 1345 1414 1394 est
1445 1337 1532 1392 hic
1557 1350 1656 1392 nec
1685 1334 1752 1390 ad
1782 1334 1968 1389 horam
1999 1347 2116 1388 ces-

508 1432 716 1490 simus?
746 1431 875 1487 ltem
907 1432 951 1486 si
981 1447 1144 1503 supra
1166 1431 1369 1487 dictum
1396 1445 1566 1501 neque
1600 1428 1765 1494 Titus,
1792 1428 1878 1499 qui
1919 1442 2114 1482 mecum

509 1537 619 1582 erat
657 1543 873 1598 grarcus,
906 1527 1201 1597 compulsus
1246 1536 1319 1580 est
1368 1525 1697 1590 circumcidi;
1740 1539 1845 1578 non
1884 1537 2014 1593 ergo
2061 1523 2114 1576 iu

509 1623 760 1680 omnibus
788 1639 886 1681 nec
907 1640 1122 1694 semper
1149 1634 1242 1678 aut
1271 1623 1494 1678 multum
1519 1639 1534 1688 ;
1579 1631 1855 1693 postremo
1895 1626 2117 1690 propter

513 1715 761 1773 inductos
819 1697 1052 1785 fratres,
1105 1717 1195 1788 qui
1253 1725 1407 1772 erant
1454 1717 1743 1771 miscentes
1785 1713 2114 1784 judaismum

2207 494 2276 547 ab
2301 495 2432 565 ipsis
2456 507 2822 568 provenerunt
2859 497 3323 569 pseudo-apostoli
3355 498 3459 569 (l),
3496 507 3667 553 tamen
3695 497 3782 552 ali-

2207 589 2334 660 quid
2353 599 2553 656 essent,
2578 591 2627 646 id
2650 601 2734 648 est
2761 601 3116 660 mutarentur,
3141 601 3493 664 sequerentur
3513 593 3622 664 jam
3643 609 3784 648 evan.

2209 682 2428 751 gelium.
2481 683 2818 754 Quicumque
2859 686 3021 756 igitur
3070 701 3211 741 nunc
3259 685 3508 741 videntur
3549 701 3667 740 esse
3701 685 3786 741 ali-

2209 774 2360 845 quid,
2395 784 2450 830 et
2477 776 2546 830 ab
2572 775 2656 830 his
2683 777 2786 831 orti
2816 787 2962 842 sunt,
2995 786 3052 833 ut
3086 787 3210 833 ante
3245 778 3381 833 tales
3415 777 3634 841 fuerint,
3666 793 3787 833 nunc

2211 881 2340 921 vero
2372 868 2562 937 integri
2592 867 2721 940 (hoc
2749 878 2833 924 est
2863 869 3004 925 enim
3031 885 3154 926 esse
3181 869 3404 943 aliquid)
3435 887 3448 924 :
3479 871 3666 941 quales
3683 880 3790 926 ante

2215 960 2432 1027 fuerint,
2464 961 2514 1016 id
2545 972 2628 1016 est
2653 961 2963 1033 aliquando,
2998 963 3131 1018 nihil
3172 963 3344 1034 inquit
3385 977 3500 1018 mea
3545 964 3786 1016 interest:

2213 1054 2413 1110 sufficit
2439 1055 2584 1111 enim
2618 1055 2748 1111 mihi
2779 1057 2952 1129 qualis
2983 1058 3074 1122 sit,
3111 1073 3286 1127 neque
3325 1072 3456 1112 euro
3487 1057 3660 1125 qualis
3684 1065 3792 1112 ante

2215 1148 2397 1206 fuerit.
2431 1149 2497 1204 Et
2525 1147 2767 1220 adjungit
2791 1165 3008 1205 causam
3037 1149 3175 1204 Deus
3205 1153 3338 1204 enim
3371 1151 3593 1204 hominis
3631 1151 3793 1220 {aciem

2217 1263 2320 1300 non
2346 1247 2552 1318 accipit,
2585 1245 2681 1301 sed
2715 1257 2973 1314 mentem,
3008 1247 3103 1302 sed
3131 1245 3289 1302 fidem
3326 1266 3338 1300 :
3373 1257 3549 1300 utrum
3583 1260 3792 1317 graecus,

2217 1349 2394 1394 utrum
2424 1337 2657 1408 judmus,
2704 1351 2880 1396 utrmn
2913 1339 3116 1410 aliquid
3147 1340 3336 1408 fuerit,
3378 1355 3484 1394 non
3530 1338 3633 1395 hoc
3678 1340 3796 1394 Deus

2216 1432 2432 1503 accipit,
2463 1431 2557 1487 sed
2589 1432 2718 1504 quid
2748 1433 2839 1498 sit;
2872 1445 2926 1487 ct
2953 1448 3020 1487 an
3055 1432 3216 1488 fidem
3241 1435 3544 1502 susceperit
3573 1441 3628 1487 et
3652 1447 3796 1486 evan-

2217 1527 2416 1598 gelium
2449 1545 2460 1580 :
2496 1542 2604 1582 non
2650 1528 2793 1582 enim
2839 1529 2890 1582 in
2920 1527 3252 1599 ‘prmjudicio
3301 1527 3543 1583 veritatis
3581 1536 3800 1598 acceptat

2222 1622 2360 1678 Deus
2389 1637 2676 1693 personam
2709 1640 2720 1676 :
2754 1639 2925 1693 neque
2957 1639 3057 1694 ego
3087 1623 3203 1679 illos
3225 1624 3429 1694 accepi,
3455 1623 3547 1693 qui
3572 1624 3799 1678 dicebau-

2221 1725 2308 1770 tur
2335 1715 2601 1771 columnm
2631 1732 2774 1772 esse.
2811 1716 2922 1771 Hoc
2951 1726 3033 1772 est
3062 1734 3189 1788 ergo
3219 1719 3364 1788 quod
3395 1719 3469 1771 ait
3497 1736 3510 1770 :
3537 1718 3663 1770 mihi
3689 1719 3801 1770 enim

512 1810 930 1866 christianismo.
958 1809 1025 1864 Et
1047 1810 1170 1865 hinc
1192 1819 1411 1880 propter
1435 1808 1651 1865 Iudaeos
1685 1807 1978 1863 declaravit
1999 1821 2114 1861 cer-
2143 1797 2193 1859 B
2221 1811 2306 1882 qui
2323 1811 2522 1882 aliquid
2549 1811 2905 1865 existimantur
2932 1827 3039 1865 esse
3072 1809 3174 1881 (2),
3196 1811 3329 1864 nihil
3349 1809 3695 1877 contulerunt,
3719 1810 3802 1864 hoc

513 1912 568 1960 te
615 1919 830 1973 semper
871 1903 1156 1958 consilium
1207 1918 1382 1972 suum,
1439 1912 1498 1957 ut
1541 1900 1827 1972 aliquando
1873 1899 2112 1966 cederet,

512 1997 674 2053 etiam
700 1996 781 2052 his
804 1996 965 2053 rebus
987 2012 1107 2067 quae
1139 2012 1280 2051 vera:
1303 2005 1450 2052 sunt.
1480 1995 1614 2050 Nam
1655 1995 1778 2050 hinc
1807 1995 1898 2051 ille
1924 2007 2117 2050 sensus

513 2102 618 2158 est,
650 2090 740 2161 qui
782 2089 991 2160 judasus
1020 2098 1081 2145 ut
1123 2088 1340 2146 Iudaeos
1386 2088 1784 2153 lucrifacerem,
1828 2095 1882 2142 et
1919 2095 2117 2141 caetera

515 2183 842 2256 hujusmodi.
873 2183 1016 2256 Ergo
1039 2200 1180 2240 nunc
1205 2193 1423 2254 propter
1449 2182 1799 2239 subinductos
1831 2181 1994 2238 falsos
2016 2181 2118 2236 fra-

517 2290 626 2337 tres
654 2281 944 2352 (quoniam
972 2280 1126 2334 multi
1158 2278 1614 2350 pseudoapostoli,
1641 2292 1776 2349 quos
1801 2275 1964 2332 falsos
2008 2274 2120 2332 fra-

519 2382 628 2430 tres
654 2372 820 2446 dicit)
845 2373 1063 2445 quidam
1089 2381 1371 2443 coeperunt.
1409 2372 1628 2439 addere,
1661 2371 1972 2426 subintrare
2000 2385 2124 2441 per-

518 2467 859 2524 suasionibus
892 2468 1036 2534 suis,
1065 2478 1224 2539 atque
1252 2467 1555 2523 auscultare
1586 2465 1888 2521 libertatem
1931 2466 2126 2521 verbo-

519 2576 638 2618 rum
671 2561 1124 2633 apostolicorum;
1161 2562 1213 2617 id
1238 2571 1321 2617 est
1350 2561 1552 2617 intrare
1580 2561 1867 2633 cupiebant
1890 2576 2007 2616 nos.
2041 2563 2123 2616 An

519 2656 634 2710 veri
686 2655 914 2726 apostoli
965 2665 1142 2712 tamen
1177 2655 1424 2711 Christi?
1463 2670 1530 2711 an
1575 2656 1854 2711 tentabant
1904 2655 2126 2712 liberta-

523 2757 632 2804 tem
664 2757 904 2803 nostram
934 2763 1092 2818 quam
1143 2747 1404 2804 habemus
1448 2748 1500 2802 in
1531 2746 1782 2803 Christo?
1817 2747 1953 2802 Cum
1998 2762 2128 2818 ergo

521 2843 735 2899 illorum
769 2841 1052 2899 consilium
1089 2841 1416 2908 videremus,
1460 2852 1518 2898 ιιι
1567 2859 1668 2899 nos
1711 2842 2031 2899 inducerent
2074 2842 2127 2898 in

522 2940 858 3003 servitutem,
891 2938 956 2994 ad
991 2938 1178 2994 horam
1222 2939 1438 3011 quidem
1480 2940 1744 2996 cessimus
1783 2939 2126 3010 subjectioni,

521 3029 575 3087 id
598 3041 682 3088 est
707 3032 772 3086 ad
800 3032 962 3088 breve
991 3043 1204 3104 tempus
1235 3041 1292 3088 ut
1319 3032 1496 3104 aliqua
1525 3032 1846 3090 faceremus.
1880 3032 1995 3088 Non
2029 3034 2132 3089 hoc

522 3125 874 3196 cuicumque,
909 3124 1002 3180 sed
1034 3123 1275 3195 perfecto
1302 3135 1358 3182 et
1403 3125 1454 3180 in
1498 3124 1602 3180 fide
1626 3125 1978 3180 corroborata
2009 3141 2129 3196 per-

525 3219 750 3274 missum
779 3217 1078 3289 intelligere
1107 3217 1389 3286 debemus,
1415 3228 1474 3273 ut
1501 3223 1719 3290 propter
1735 3219 2004 3274 Christum
2032 3219 2132 3274 ali-

525 3327 630 3383 qua
654 3311 810 3366 faciat
829 3327 949 3382 qua:
969 3321 1119 3368 extra
1144 3312 1380 3382 regulam
1403 3322 1557 3377 sunt;
1583 3311 1877 3368 dummodo
1903 3329 1986 3378 ea,
2012 3330 2132 3385 qua:

528 3403 675 3471 facit,
708 3404 916 3475 prosint
956 3406 1083 3476 legi,
1117 3405 1167 3459 id
1197 3414 1279 3461 est
1308 3416 1365 3460 ut
1395 3407 1588 3460 anima:
1631 3406 1944 3462 liberentur.
1992 3407 2057 3461 Et
2080 3407 2131 3462 id

529 3497 712 3553 multis
737 3497 790 3551 in
815 3497 946 3553 locis
978 3497 1285 3569 probatum,
1310 3509 1362 3552 et
1392 3515 1421 3552 a
1449 3497 1615 3553 Paulo
1642 3507 1846 3570 gestum
1877 3499 2132 3556 ostende-

529 3604 672 3658 mus,
699 3591 771 3645 uti
795 3590 950 3646 cedat
979 3605 1086 3646 non
1110 3607 1252 3647 veras
1284 3591 1518 3662 regular;
1549 3591 1744 3648 exinde
1765 3592 2020 3663 corrigat,
2054 3601 2135 3649 at-

529 3697 636 3754 que
659 3681 879 3738 inducat
901 3682 967 3737 ad
999 3697 1180 3738 veram
1222 3683 1458 3755 regulam
1491 3683 1708 3740 multos.
1755 3683 1890 3740 Hinc
1917 3693 1972 3741 et
2003 3683 2134 3739 illud

531 3778 774 3850 estquod
803 3778 1050 3834 concedit
1077 3787 1132 3833 et
1158 3777 1422 3835 secundas
1453 3780 1688 3850 nuptias,
1723 3790 1779 3835 et
1817 3779 1960 3851 quod
1991 3780 2136 3850 ip~as

532 3874 750 3944 nuptias
776 3873 878 3947 (2),
909 3881 966 3930 et
988 3871 1131 3944 quod
1176 3874 1338 3928 etiam
1378 3871 1529 3928 cibos
1557 3882 1612 3928 et
1640 3889 1829 3928 omnes
1857 3873 2007 3929 cibos
2041 3891 2053 3928 :
2082 3882 2138 3928 et

533 3965 865 4039 idolothytos
887 3966 1035 4022 cibos
1059 3981 1382 4037 quamquam
1407 3965 1711 4038 prohibeat,
1735 3967 1926 4022 fiducia
1957 3975 2135 4023 tamen

532 4068 590 4116 et
608 4069 778 4122 certae
816 4059 937 4114 fidei
969 4060 1236 4115 concedit.
1265 4060 1398 4116 Cum
1431 4061 1572 4116 enim
1607 4060 1854 4116 Christus
1877 4061 1929 4115 in
1956 4061 2137 4116 animo

534 4153 626 4219 sit,
664 4162 719 4208 et
747 4152 993 4208 Christus
1025 4154 1292 4208 nutriatur
1318 4168 1414 4224 per
1442 4152 1599 4210 fidem
1638 4155 1690 4208 in
1739 4153 1915 4220 nobis,
1943 4153 2138 4210 cedere

534 4244 604 4302 ad
632 4254 844 4318 tempus
881 4245 1079 4317 regulae
1107 4263 1214 4301 non
1247 4262 1388 4302 verte
1441 4247 1736 4317 periculum
1777 4263 1882 4302 non
1927 4257 2043 4312 est;
2092 4246 2138 4301 si

535 4341 700 4398 modo
740 4351 916 4397 tamen
951 4341 1052 4396 hoc
1097 4340 1220 4396 ideo
1251 4339 1531 4406 faciamus,
1559 4350 1618 4420 ut
1644 4356 1738 4396 eos
1766 4340 2035 4396 adducere
2057 4340 2137 4410 fad

537 4451 718 4490 veram
747 4435 984 4506 regulam
1026 4435 1138 4504 ipsa
1164 4435 1335 4504 prima
1365 4434 1624 4490 societate
1655 4435 1946 4505 possimus.
1980 4435 2140 4490 Deni-

539 4544 643 4601 que
667 4530 748 4585 sic
791 4529 1066 4599 subjuugit
1099 4529 1340 4584 cessimus
1367 4529 1687 4600 subjectioui,
1721 4529 1810 4582 sed
1837 4529 1906 4582 ad
1934 4528 2134 4596 harant,

541 4633 597 4679 ut
627 4625 809 4678 veritas
835 4623 1082 4696 evangelii
1108 4633 1399 4697 permaneat
1426 4623 1565 4694 apud
1587 4639 1704 4691 vos;
1737 4638 1832 4678 vos
1865 4623 1956 4692 qui
1987 4638 2015 4676 a
2045 4638 2141 4679 uo-

542 4715 626 4772 bis
651 4715 914 4772 instrueti.
945 4718 990 4773 0
1009 4717 1229 4785 Galatae,
1256 4732 1363 4772 non
1391 4718 1675 4782 cessimus,
1697 4726 1754 4771 ut
1780 4724 1834 4772 et
1861 4731 1958 4772 vos
1986 4716 2146 4772 facia—

543 4810 635 4880 tis,
658 4810 754 4867 sed
781 4820 836 4866 ut
863 4812 968 4868 illis
996 4814 1284 4870 satisfieret
1323 4821 1483 4884 atque
1515 4812 1904 4869 inducerentur
1943 4814 2009 4869 ad
2053 4830 2146 4870 ve-

544 4917 659 4960 rum
684 4903 945 4974 regulam,
976 4914 1031 4960 et
1051 4904 1191 4976 apud
1219 4920 1314 4961 vos
1337 4906 1534 4961 veritas
1550 4905 1811 4978 evangelii
1843 4917 1900 4962 ut
1931 4921 2145 4978 perma-

546 5005 725 5053 neret.

544 5107 553 5138 λ
618 5089 785 5146 Vsus.
842 5088 897 5146 6.
929 5119 1002 5130 —
1029 5090 1104 5144 Ab
1135 5090 1213 5145 his
1241 5101 1407 5146 autem
1435 5093 1522 5164 qui
1549 5091 1784 5147 videntur
1816 5108 1923 5148 esse
1950 5092 2150 5163 aliquid

550 5183 750 5257 (quales
774 5182 1054 5256 aliquando
1081 5185 1296 5256 fuerint,
1327 5186 1458 5240 nihil
1485 5202 1598 5241 mea
1621 5187 1851 5252 interest,
1894 5185 2030 5242 Deus
2059 5187 2151 5241 ho-

539 5276 704 5336 minis
753 5280 938 5352 faciem
975 5277 1052 5351 (5)
1093 5295 1194 5333 non
1233 5278 1461 5350 accipit).
1506 5279 1580 5334 Ita
1630 5280 1887 5350 positum,
1937 5281 2001 5335 ab
2050 5280 2149 5346 his,

626 5498 708 5573 (ι)
750 5492 1130 5573 llujuscemodi
1150 5491 1474 5573 varietatem
1501 5489 1847 5573 egrOPOatribns
1868 5491 2147 5573 collectam

555 5561 776 5628 exhibet
795 5561 1128 5625 Wetstenius
1150 5568 1202 5620 in
1233 5563 1456 5620 scholiis
1475 5561 1677 5617 criticis
1693 5561 1758 5616 ad
1780 5562 1921 5618 hunc
1949 5563 2149 5618 locum.

556 5641 793 5698 Consule
817 5641 980 5697 etiam
1019 5637 1400 5695 Sabatierium.

635 5733 795 5805 (2)1n
819 5747 911 5787 ora
936 5730 1138 5787 codicis
1159 5727 1477 5800 antiquioris
1499 5725 1786 5784 adnotatur
1808 5735 1953 5782 caute
1975 5727 2102 5799 lege.

639 5826 718 5899 (3)
742 5823 924 5896 Vulg.,
953 5825 1091 5880 Deus
1113 5841 1382 5897 personam
1405 5824 1644 5891 hominis,
1671 5828 1801 5903 etc.)

2161 4579 2224 4644 D

2218 1915 2302 1960 est
2331 1904 2465 1959 nihil
2500 1920 2586 1960 me
2613 1905 2953 1970 docuerunt,
2984 1905 3116 1959 nihil
3145 1903 3502 1970 addiderunt,
3537 1905 3632 1960 sed
3660 1920 3802 1958 evan-

2219 2000 2416 2072 gelium
2445 2016 2623 2056 meum
2655 1999 3039 2070 probaverunt.
3077 1999 3220 2070 Ergo
3240 2041 3256 2066 ,
3287 2009 3341 2056 et
3371 1999 3528 2054 vobis
3567 1998 3694 2053 nihil
3722 1999 3802 2053 de-

2221 2093 2330 2148 buit
2376 2091 2504 2148 addi
2547 2092 2614 2148 ad
2660 2093 3040 2163 evangelium,"
3065 2091 3206 2164 quod
3261 2091 3416 2146 vobis
3459 2092 3803 2162 pronuntiavi.

2295 2185 2463 2244 Vens.
2489 2189 2544 2256 7,
2578 2190 2634 2254 8,
2657 2187 2786 2242 9.-
2809 2187 2916 2241 Sed
2946 2187 3107 2257 magis
3135 2196 3316 2240 contra
3339 2183 3416 2258 (5)
3442 2203 3562 2239 cum
3592 2186 3806 2239 vidissent

2223 2285 2468 2356 quoniam
2507 2283 2762 2338 creditum
2799 2291 2870 2336 est
2896 2282 3023 2335 mihi
3051 2278 3367 2350 evangelium
3398 2280 3666 2350 pra'putii,
3699 2281 3806 2332 sicut

2225 2375 2384 2433 Petro
2410 2373 2811 2430 circumcisionis
2829 2389 2848 2438 ;
2869 2375 2954 2444 qui
2981 2382 3218 2444 operatus
3240 2380 3312 2426 est
3342 2369 3504 2426 Petro
3541 2373 3595 2424 in
3624 2383 3808 2440 aposto-

2226 2472 2387 2527 latum
2417 2468 2821 2524 circumcisionis
2848 2477 3090 2539 aperatus
3117 2477 3192 2521 est
3223 2466 3348 2519 mihi
3380 2465 3456 2537 (4)
3482 2465 3542 2518 in
3567 2467 3808 2536 gentibus:

2227 2573 2274 2620 et
2295 2564 2498 2636 cognita
2525 2563 2693 2635 gratia
2719 2577 2833 2632 qua:
2853 2561 2976 2614 data
3005 2560 3228 2616 est'mihi
3262 2559 3341 2631 (5)
3369 2557 3565 2614 Petrus
3594 2568 3642 2613 et
3672 2557 3811 2612 Joan-

2229 2677 2316 2715 nes
2350 2658 2449 2730 (fi),
2483 2658 2569 2729 qui
2601 2656 2898 2712 videbantur
2937 2654 3190 2709 columna:
3223 2669 3354 2720 esse,
3382 2652 3645 2708 dexteras
3668 2650 3810 2707 dedc-

2229 2760 2375 2808 runt.
2400 2750 2586 2806 Ordo:
2615 2748 2744 2804 mihi
2787 2749 2860 2804 illi
2909 2747 3162 2819 prmeipui
3215 2747 3312 2801 viri
3353 2746 3553 2801 Petrus
3587 2756 3642 2801 et
3677 2744 3813 2799 Joan-

2231 2861 2329 2902 nes
2354 2856 2410 2902 et
2436 2845 2692 2910 Jacohus,
2722 2846 2809 2915 qui
2833 2845 3089 2898 columna:
3113 2859 3220 2898 esse
3245 2842 3577 2907 videbantur,
3608 2842 3812 2896 dexteras

2232 2939 2514 2998 dederunt;
2535 2936 2588 2992 id
2615 2947 2696 2992 est
2725 2950 3049 2991 consensum
3077 2933 3512 3000 commodarunt,
3543 2949 3662 2989 cum
3690 2931 3813 2986 vidc-

2234 3043 2354 3090 rent
2385 3031 2516 3086 mihi
2551 3031 2815 3086 creditum
2843 3044 2964 3085 esse
2993 3028 3333 3098 evangelium
3367 3027 3645 3098 praeputii,
3675 3026 3721 3080 id
3747 3032 3814 3080 est

2237 3143 2330 3197 per
2357 3135 2545 3198 gentes
2571 3124 2761 3180 eodem
2800 3122 2960 3179 modo
2985 3122 3284 3190 creditum,
3316 3131 3372 3177 ut
3411 3121 3578 3178 Petro
3609 3135 3812 3190 evange-

2237 3221 2364 3276 lium
2389 3221 2649 3276 ereditum
2677 3227 2761 3274 est
2784 3211 3210 3274 circumcisionis
3234 3227 3291 3272 ut
3317 3217 3714 3288 evangelizaret
3740 3230 3815 3285 per

2232 3313 2470 3371 Judzeos.
2530 3313 2709 3382 Quare
2764 3321 2942 3367 autem
3000 3311 3263 3367 creditum
3313 3311 3445 3366 mihi
3506 3311 3650 3366 sicut
3697 3309 3813 3372 illis,

2235 3409 2579 3480 subjuuctum
2610 3408 2806 3477 estqui
2835 3408 2967 3461 enim
2990 3416 3229 3478 aperatus
3257 3417 3330 3460 est
3359 3404 3521 3460 Petro
3549 3407 3604 3460 in
3638 3414 3817 3474 aposto-

2235 3503 2398 3557 lutum
2422 3500 2846 3564 circumcisionis,
2878 3509 3116 3566 operatus
3147 3509 3221 3552 est
3249 3509 3297 3568 et
3326 3499 3455 3552 mihi
3485 3499 3539 3552 in
3566 3498 3815 3570 gentibus:

2235 3593 2290 3650 id
2318 3605 2399 3650 est
2421 3611 2556 3650 unus
2586 3595 2726 3650 Deus
2747 3603 2906 3664 atque
2930 3593 3070 3648 idem
3101 3591 3241 3648 Deus
3264 3593 3377 3663 ipse
3403 3602 3660 3662 operatus
3683 3597 3818 3645 estut

2236 3688 2430 3745 Petrus
2458 3689 2860 3760 evangelizaret
2887 3687 3113 3755 .luda'is,
3144 3697 3197 3742 et
3230 3686 3358 3741 mihi
3388 3695 3448 3740 ut
3478 3701 3585 3755 ego
3613 3698 3816 3754 evange-

2238 3784 2458 3840 lizarem
2489 3782 2738 3854 gentibus
2772 3799 2784 3834 :
2816 3797 2919 3852 qua
2954 3783 3126 3851 gratia
3165 3780 3412 3849 cognita,
3447 3794 3573 3850 qua:
3611 3778 3725 3833 data
3751 3785 3818 3831 est

2239 3877 2393 3941 mihi,
2426 3875 2569 3948 quod
2600 3884 2655 3931 et
2682 3890 2783 3947 ego
2830 3874 2944 3944 pari
2989 3873 3149 3930 modo
3195 3889 3292 3945 per
3331 3883 3526 3944 gentes
3568 3870 3818 3943 apostolus

2241 3971 2411 4026 factus
2437 3987 2554 4025 sum
2597 3970 2691 4025 Dei
2733 3968 2936 4039 gratia;
2965 3977 3183 4023 coactus
3228 3967 3419 4022 Petrus
3449 3976 3506 4022 et
3531 3965 3756 4021 Iacobus
3776 3969 3819 4017 et

2239 4064 2496 4131 JOaunes,
2523 4065 2614 4135 qui
2639 4061 2957 4118 videbantur
2977 4063 3241 4118 columnae
3257 4076 3402 4124 esse,
3427 4059 3481 4115 id
3509 4060 3700 4130 estqui
3721 4070 3819 4111 sus-

2242 4160 2522 4214 tentabant
2551 4157 2869 4222 Ecclesiam,
2903 4165 2960 4211 ut
2997 4155 3263 4212 columna.
3285 4163 3595 4209 sustentant
3614 4150 3818 4208 culmina

2243 4261 2297 4308 et
2323 4261 2554 4317 caetera;
2587 4250 2694 4316 isti,
2721 4249 2968 4324 inquam,
2997 4249 3130 4303 tales
3158 4247 3246 4303 vel
3274 4248 3408 4301 lauti
3434 4245 3691 4302 dexteras
3712 4239 3819 4296 mihi

2242 4346 2528 4412 dederunt,
2561 4345 2612 4400 id
2643 4354 2728 4400 est
2755 4344 3145 4414 copulaverunt
3173 4342 3465 4397 amicitiam
3495 4352 3550 4398 ct
3581 4352 3754 4411 pacem
3778 4343 3822 4389 et

2245 4440 2579 4508 firmitatem,
2617 4447 2673 4496 et
2712 4453 2873 4492 unum
2903 4435 3240 4507 evangelium
3278 4449 3336 4489 se
3369 4433 3575 4488 habere
3613 4444 3821 4502 prouun-
3856 4453 3859 4455 -

2245 4533 2534 4588 tiaverunt.
2591 4530 2698 4586 Vos
2753 4545 2908 4601 ergo,
2959 4529 3197 4596 Galatae,
3251 4526 3524 4596 peccatis;
3575 4534 3631 4581 et
3677 4535 3822 4593 neque

2247 4642 2425 4682 meum
2471 4623 2756 4696 sequimini
2802 4625 3166 4693 evangelium,
3208 4635 3384 4691 neque
3427 4619 3598 4686 Petri,
3641 4614 3819 4673 Jacobi.

2246 4720 2488 4787 Joannis,
2522 4718 2615 4790 qui
2640 4718 2908 4774 columna:
2939 4727 3068 4772 sunt
3098 4715 3377 4780 Ecclesiw,
3407 4715 3536 4769 dum
3566 4711 3820 4768 additisea

2246 4831 2366 4887 qua:
2407 4830 2435 4867 a
2465 4812 2615 4868 nullo
2655 4812 2972 4883 approbata.
3003 4809 3119 4865 Hoc
3145 4809 3290 4865 enim
3327 4807 3436 4878 agit
3474 4807 3529 4862 iu
3576 4806 3673 4861 hac
3701 4800 3821 4858 omni

2248 4909 2582 4973 narratione,
2632 4921 2859 4977 peccare
2906 4903 3148 4971 Galatas,
3189 4900 3441 4958 addendo
3479 4900 3549 4955 ad
3595 4893 3821 4968 fidemin

2249 5003 2548 5070 Christum,
2581 5001 3015 5059 observationem
3044 4999 3179 5070 legis
3212 4997 3443 5070 judaicas
3467 5006 3519 5052 ct
3563 4991 3755 5051 sabbati
3782 4996 3823 5042 et

2252 5101 2697 5159 circumcisionis.

2329 5239 2406 5313 (ι)
2432 5237 2602 5294 Codd.
2630 5235 3109 5313 pseudoapostolis;
3148 5232 3242 5289 sed
3281 5241 3461 5313 tamen
3504 5237 3766 5303 postrema
3804 5237 3822 5276 s

2256 5306 2471 5372 videtur
2495 5316 2762 5378 expuucta
2790 5310 2844 5363 in
2863 5306 3181 5378 antiquiore
3196 5306 3405 5361 codice.

2354 5385 2410 5452 2)
2439 5374 2618 5452 Vulgi,
2643 5382 2766 5436 mihi
2789 5381 2920 5434 enim
2942 5374 3029 5450 qui
3053 5377 3346 5452 videbantur
3367 5393 3472 5431 esse
3492 5374 3704 5452 aliquid.

2354 5386 2410 5452 2)
2439 5386 2618 5452 Vulg.,
2643 5386 2766 5436 mihi
2789 5386 2920 5434 enim
2942 5386 3029 5450 qui
3053 5386 3346 5433 videbantur
3367 5393 3472 5431 esse
3492 5386 3694 5446 aliquid.

2332 5386 2413 5530 (ὅ)
2438 5453 2618 5530 Ϊιιβεη
2649 5452 2754 5508 Sed
2778 5463 2982 5506 econtra
3003 5450 3388 5530 cumeidissent
3409 5448 3570 5517 quod,
3594 5457 3694 5502 etc.

2332 5521 2412 5600 (4)
2437 5521 2618 5600 Vulg},
2645 5534 2886 5596 operatus
2909 5534 2981 5577 est
3007 5521 3202 5600 et_mihi
3225 5522 3364 5600 inter
3379 5530 3572 5592 gentes.

2357 5594 2411 5670 5)
2439 5594 2621 5669 Vulg.,
2647 5594 2693 5670 et
2716 5613 2832 5650 cum
2854 5594 3471 5670 cognouissentgratiapi,
3497 5601 3605 5670 etc.

2357 5607 2411 5670 5)
2443 5607 2621 5669 Vulg.,
2647 5609 2693 5652 et
2716 5613 2832 5650 cum
2854 5607 3209 5667 cognovissent
3232 5607 3471 5664 gratiam,
3497 5607 3605 5647 etc.

2331 5607 2409 5747 (6)
2433 5669 2730 5747 Addcudus
2773 5666 3144 5747 esthacobus.
3171 5665 3347 5747 .Vulg.
3382 5665 3472 5719 Sic
3501 5663 3671 5747 habet
3703 5657 3820 5747 hunc

2259 5735 2438 5802 locum
2465 5763 2478 5797 :
2524 5741 2758 5798 Jacobus
2779 5748 2834 5795 et
2856 5739 3066 5808 Cephas
3089 5747 3141 5793 et
3163 5737 3400 5793 Joannes
3424 5735 3514 5806 qui
3539 5735 3820 5790 videbantur

2262 5818 2524 5874 columnas
2547 5829 2689 5881 esse,
2713 5811 2933 5869 dextras
2957 5810 3226 5873 dederunt
3247 5808 3400 5864 mihi.
