4024 6306
258 242 382 297 1161

1116 240 1183 297 ΙΝ
1223 237 1612 299 EPISTOLAM
1653 237 1858 298 PAULI
1888 239 1980 296 AD
2020 241 2342 300 GALATAS
2381 244 2585 300 LIBER
2631 244 2672 299 l.

3409 248 3552 307 “62

322 352 385 407 Et
411 351 664 407 Barnatue
700 350 973 407 societatis.
1018 351 1134 408 Non
1178 351 1308 408 mihi
1341 362 1547 409 tantum
1587 354 1838 410 dexteras
1866 355 1916 416 A
1945 369 2119 410 essem
2146 397 2162 424 ,
2213 357 2353 426 quod
2415 358 2552 414 bene
2597 357 2834 414 officium
2891 367 3005 427 est,
3065 361 3431 418 necessarium
3470 373 3552 418 ta-

247 445 511 502 dederunt
540 447 838 514 societatis,
873 446 965 502 sed
998 446 1162 502 etiam
1190 432 1450 502 Barnaba:
1469 489 1484 514 ,
1514 449 1603 519 qui
1632 463 1843 503 mecum

248 541 346 596 fuit
371 538 727 598 socius.'P|us
755 553 936 598 autem
965 539 1185 612 adjecit,
1214 558 1282 597 ne
1303 542 1580 598 videretur
1602 543 1703 598 sibi
1731 553 1849 598 tau-

248 643 359 690 tum
385 634 672 690 creditum.
698 633 902 691 Verum
947 645 1128 690 autem
1172 636 1457 705 probatum
1500 645 1584 691 est
1611 650 1846 707 evange-

245 726 370 783 lium
408 726 577 794 Pauli,
611 727 657 783 si
701 728 982 798 probatum
1010 737 1096 784 est
1121 738 1174 783 et
1218 727 1500 795 Barnabas,
1535 728 1624 799 qui
1660 743 1846 784 comes

245 819 344 876 fuit
371 821 557 886 Pauli;
589 821 674 876 cui
708 820 831 876 data
862 830 946 877 est
989 821 1222 878 societas
1259 837 1354 892 per
1382 821 1634 877 dexteras
1664 823 1732 877 ab
1760 821 1846 878 his

244 915 331 986 qui
379 915 431 970 in
471 914 863 988 Hierosolymis
900 909 1259 986 apostolatum
1287 917 1569 987 gerebant,
1599 929 1654 972 et
1682 932 1846 972 evan-

243 1008 435 1079 gelium
469 1009 787 1064 nuntiabant
812 1008 1038 1066 .ludaeis.
1073 1007 1250 1066 Unum
1280 1023 1469 1065 verum
1505 993 1694 1078 probat
1725 1024 1846 1066 esse

245 1102 578 1172 evangelium
610 1102 748 1173 apud
796 1118 1006 1170 omnes,
1053 1111 1108 1158 et
1149 1102 1366 1158 Galatas
1409 1117 1614 1157 errare.
1654 1101 1722 1156 Ut
1755 1119 1847 1157 nos

243 1199 294 1252 in
323 1199 556 1270 gentibus
583 1199 685 1272 (1),
727 1199 825 1270 ipsi
867 1208 1037 1253 autem
1071 1198 1126 1252 in
1169 1197 1554 1252 circumcisione
1593 1196 1850 1269 prtedica-

243 1303 372 1348 rent.
403 1291 482 1348 Ad
514 1293 615 1348 hoc
643 1293 896 1348 dexteras
927 1292 1217 1359 dederunt,
1247 1301 1571 1346 consensum
1601 1305 1846 1345 commo-

244 1386 432 1442 dantes
478 1388 529 1441 in
578 1387 917 1458 evangelium
959 1394 1014 1442 et
1061 1384 1192 1440 mihi
1235 1394 1290 1441 et
1335 1385 1616 1449 Barnabae,
1662 1396 1717 1439 ut
1749 1399 1848 1440 nos

244 1480 661 1553 prmdicaremns
681 1479 734 1535 in
761 1479 1033 1552 gentibus,
1059 1478 1161 1550 ipsi
1188 1487 1366 1534 autem
1389 1477 1616 1544 Judzeis,
1643 1478 1745 1535 hoc
1766 1489 1850 1534 est

241 1575 296 1631 in
317 1574 748 1640 circumcisione,
771 1574 1104 1643 evangelium
1149 1572 1521 1643 praedicarent.

316 1671 478 1728 Vens.
505 1671 670 1726 10.-
689 1668 1060 1724 Tantummodo
1078 1678 1130 1722 ut
1148 1683 1429 1739 pauperum
1453 1683 1701 1721 memores
1719 1683 1849 1721 esse-

1959 464 2120 516 men;
2187 451 2329 530 quod
2379 452 2548 522 ipsum
2609 451 2994 522 implevimus,
3049 439 3103 509 et
3155 453 3415 511 sollicitus
3475 456 3551 511 fui

1949 541 2054 596 hoc
2087 542 2258 612 ipsum
2291 552 2348 598 ut
2401 543 2668 609 facerem;
2715 561 2899 600 verum
2943 545 3128 614 etiam,
3181 547 3371 616 inquit,
3425 563 3552 618 pec-

1949 646 2126 690 catum
2157 636 2298 691 Petri
2327 652 2433 692 non
2468 638 2639 703 tacui;
2666 639 2716 692 in
2740 654 2845 707 quo
2864 638 3166 694 libertatem
3191 655 3344 694 suam
3368 650 3552 696 osten-

1949 732 2045 799 dit,
2091 741 2144 786 et
2191 731 2439 788 fiduciam
2485 732 2554 788 de
2596 731 2877 804 evangelio
2920 747 3038 801 suo,
3071 733 3115 787 si
3145 734 3360 804 quidem
3405 735 3552 804 quod

1950 827 2107 882 aliter
2147 824 2308 881 fiebat
2345 842 2372 880 a
2397 827 2578 894 Petro,
2621 827 2990 898 reprehendit.
3024 827 3342 899 Rursusque
3381 829 3550 884 etiam

1948 918 2083 973 illud
2126 919 2265 990 quod
2301 920 2486 990 utique
2515 919 2706 975 Petrus
2750 921 3114 990 reprehensus
3145 921 3316 992 magis
3363 937 3548 977 erum-

1952 1021 2100 1082 peret
2123 1012 2545 1082 reprehendere,
2587 1014 2630 1081 si
2667 1013 2794 1084 quid
2818 1015 2869 1068 in
2905 1029 2988 1069 me
3017 1014 3126 1068 vitii
3152 1024 3325 1081 esset;
3355 1031 3552 1086 meque

1951 1103 1994 1159 si
2025 1120 2129 1159 non
2159 1093 2305 1160 reete
2323 1120 2541 1175 agerem
2579 1107 2632 1161 in
2655 1107 2959 1178 evangelio,
2999 1106 3288 1177 proderet;
3313 1117 3368 1164 et
3390 1109 3553 1164 lmsus

1949 1213 2058 1254 non
2106 1209 2372 1269 parceret.
2413 1198 2545 1254 Cum
2581 1201 2632 1254 in
2674 1199 3036 1266 Antiochiam,
3082 1201 3274 1272 inquit,
3317 1201 3554 1257 venisset

1950 1289 2163 1360 Petrus,
2188 1308 2293 1348 non
2336 1309 2430 1364 per
2460 1295 2746 1349 ecclesiam
2779 1295 2988 1350 locutus
3031 1311 3148 1350 sum
3181 1306 3232 1351 et
3261 1296 3403 1365 apud
3435 1296 3550 1366 ple-

1952 1385 2095 1454 hem,
2114 1387 2208 1442 sed
2232 1388 2283 1442 in
2307 1387 2496 1444 faciem
2518 1389 2596 1443 illi
2626 1388 2819 1454 restiti,
2844 1388 2895 1444 id
2914 1398 2996 1444 est
3017 1401 3199 1460 aperte
3221 1390 3549 1446 contradixi.

1952 1477 2018 1533 Et
2050 1479 2189 1535 unde
2209 1480 2402 1536 ﬁducia
2436 1480 2569 1537 fuit?
2597 1498 2702 1536 non
2734 1483 2846 1552 ipse
2882 1499 3004 1538 eum
3038 1485 3409 1555 reprehendit,
3457 1485 3554 1541 sed

1953 1574 2344 1643 reprehensum
2367 1576 2435 1632 ab
2463 1561 2711 1633 omnibus
2737 1579 2910 1648 arguit
2934 1588 2988 1634 et
3020 1589 3256 1645 accusat,
3296 1582 3553 1652 quoniam

1951 1666 2314 1738 reprehensus
2341 1679 2477 1725 erat.
2509 1669 2654 1740 Ergo
2683 1682 2736 1726 et
2757 1671 2845 1726 ille
2861 1673 3044 1742 pepuli
3059 1673 3264 1743 judicio
3285 1675 3551 1745 peccavit,

240 1781 354 1821 mas
376 1765 472 1839 (2).
504 1764 578 1822 Ita
623 1765 670 1822 si
701 1765 824 1836 quid
851 1762 1228 1834 corrigendum
1255 1771 1418 1826 esset,
1449 1762 1780 1832 corrigerent
1799 1769 1852 1815 et
1879 1752 1928 1813 B
1956 1771 2009 1816 et
2029 1773 2310 1817 accusatus
2331 1772 2441 1830 est;
2466 1773 2518 1819 et
2541 1763 2770 1834 populus
2790 1765 2833 1819 si
2852 1764 2976 1836 quid
3001 1766 3050 1820 in
3072 1782 3159 1822 me
3172 1768 3551 1838 peccatiesset,

239 1871 527 1919 mouerent
550 1880 563 1915 :
587 1864 630 1917 si
650 1861 862 1932 quidem
885 1858 1024 1930 quod
1052 1857 1356 1914 addendum
1383 1857 1738 1928 putavissent,
1757 1854 1853 1910 ad-

239 1953 671 2027 jecissem.Qnid
703 1964 879 2009 tamen
908 1945 1037 2007 illud
1065 1961 1117 2005 ut
1143 1966 1425 2023 pauperum
1452 1964 1698 2004 memores
1722 1963 1852 2003 esse-

247 2051 479 2106 mus?ln
510 2049 654 2106 omni
679 2049 903 2121 epistola
933 2063 1029 2103 sua
1060 2047 1256 2102 Paulus
1278 2048 1350 2101 ita
1380 2046 1510 2116 agit.
1533 2042 1666 2099 Cum
1693 2043 1852 2112 igitur

243 2145 346 2201 ista
367 2152 659 2202 tractarent
676 2143 875 2199 Paulus
896 2151 947 2197 et
961 2141 1235 2198 Barnabas
1254 2156 1375 2196 cum
1391 2138 1600 2195 Joanne
1615 2147 1669 2194 et
1689 2137 1852 2193 Petro

208 2255 214 2260 δ
239 2246 299 2293 et
321 2237 542 2304 Jacobo,
572 2236 868 2293 admissum
891 2235 1228 2307 evangelium
1253 2242 1337 2290 est
1357 2232 1552 2290 eodem
1579 2231 1762 2298 modo,
1790 2241 1851 2286 ut.

241 2332 408 2388 tradit
434 2331 654 2398 Paulos,
692 2341 745 2387 et
785 2329 1167 2386 confirmatum
1209 2338 1314 2384 est.
1351 2326 1427 2382 De
1469 2326 1574 2382 hac
1609 2333 1850 2380 tantum-

240 2424 404 2480 modo
427 2424 788 2495 disputatione
806 2438 914 2478 non
936 2420 1148 2478 admitti
1174 2435 1338 2492 opera
1362 2419 1429 2475 ad
1459 2418 1714 2485 salutem,
1741 2432 1849 2472 non

239 2517 475 2575 libenter
515 2517 803 2574 audierunt
836 2535 850 2574 :
885 2524 1212 2572 monuerunt
1258 2525 1438 2570 tamen
1479 2523 1540 2568 ut
1565 2501 1850 2568 memores

239 2619 447 2668 tantum
474 2627 768 2683 pauperum
801 2625 1047 2668 essemus
1075 2608 1180 2683 (3).
1206 2609 1282 2664 Ita
1311 2617 1366 2664 et
1403 2607 1580 2678 ipsum
1607 2620 1846 2662 consen-

241 2707 406 2773 tiunt,
433 2698 538 2760 non
570 2705 641 2760 ibi
670 2719 791 2761 esse
819 2719 970 2774 spem
1001 2703 1212 2770 salutis,
1243 2702 1287 2757 si
1333 2701 1385 2755 in
1414 2714 1682 2771 pauperes
1720 2712 1851 2768 ope-

245 2817 306 2858 ra
335 2803 414 2875 (tl)
458 2801 758 2858 efficiamus
795 2801 907 2872 (5),
947 2804 1041 2857 sed
1077 2797 1451 2854 tantummodo
1489 2796 1618 2867 quid
1649 2794 1851 2851 admo-

242 2905 377 2952 nent
401 2905 457 2951 Ill.
483 2911 753 2950 memores
778 2909 1025 2951 essemus
1055 2907 1383 2964 pauperum;
1412 2905 1520 2945 llOﬂ
1550 2889 1624 2944 υιί
1647 2901 1849 2944 COllSll-

243 3005 458 3046 mamus
487 3005 706 3046 onmem
739 2990 1008 3046 actionem
1037 2999 1302 3053 nostram,
1335 2985 1430 3042 sed
1460 2999 1568 3041 non
1600 2983 1850 3039 habenti-

241 3085 348 3141 bus
370 3084 422 3140 id
443 3083 584 3154 quod
605 3098 898 3156 possumus
921 3081 1124 3138 habere
1145 3081 1578 3137 commodemus.
1597 3077 1850 3132 Memores

1954 1858 2071 1930 pari
2112 1858 2270 1913 modo
2327 1858 2769 1930 reprehenderet,
2819 1861 2959 1914 sicut
2996 1860 3143 1916 illum
3184 1862 3551 1932 reprehendit.

2031 1949 2193 2005 Vens.
2265 1949 2351 2005 12.
2407 1981 2478 1992 -—
2529 1950 2688 2006 Prius
2754 1954 2888 2006 enim
2938 1970 3092 2022 quam
3150 1955 3381 2008 venirent
3440 1957 3555 2026 qui-

1953 2043 2072 2097 dam
2104 2044 2164 2098 ab
2195 2044 2415 2112 Jacobo,
2455 2063 2570 2100 cum
2606 2047 2832 2118 gentibus
2860 2047 3035 2102 edebat
3067 2064 3085 2102 :
3115 2065 3228 2102 cum
3273 2059 3443 2103 autem
3473 2064 3558 2103 ue-

1954 2137 2166 2203 nissent,
2214 2139 2543 2194 subtrahebat
2570 2157 2623 2194 se
2645 2138 2725 2213 (l)
2758 2141 2936 2195 timens
2969 2158 3056 2196 eos
3085 2142 3174 2213 qui
3200 2151 3344 2196 erant
3373 2157 3436 2196 ea:
3465 2141 3560 2197 cir-

1954 2234 2280 2288 cumcisione.
2317 2233 2382 2288 Et
2417 2243 2779 2288 consenserunt
2805 2251 2919 2289 cum
2947 2233 3039 2288 illo
3078 2244 3125 2287 et
3161 2235 3331 2290 ueteri
3358 2233 3556 2301 Judazi,

1954 2331 2027 2384 ita
2073 2338 2128 2384 ut
2190 2328 2459 2384 Barnabas
2513 2330 2820 2384 consentiret
2877 2329 3195 2384 simulationi
3239 2345 3412 2384 eorum
3453 2327 3554 2400 (2).

1953 2421 2157 2492 Aperte
2181 2423 2355 2493 ipsum
2383 2432 2660 2493 peccatum
2693 2421 2945 2492 explicat,
2978 2421 3103 2492 quid
3131 2421 3367 2478 fecisset.
3401 2421 3560 2490 Quod

1955 2517 2170 2588 quidem
2215 2527 2492 2587 peccatum
2542 2531 2602 2571 se
2648 2514 3064 2586 reprehendisse
3101 2514 3234 2569 dicit
3272 2515 3326 2568 in
3371 2514 3556 2580 Petro,

1952 2610 2188 2668 fortasse
2232 2625 2375 2665 nunc
2405 2610 2655 2664 tacuisset
2695 2608 3022 2664 :sulfecerat
3065 2606 3210 2662 enim
3249 2615 3558 2662 correctum

1954 2719 2077 2760 esse
2119 2702 2340 2759 Petrum
2371 2701 2796 2773 reprehensione
2833 2700 3039 2770 p0puli,
3083 2705 3139 2754 et
3175 2707 3359 2769 aperta
3401 2699 3561 2769 hujus

1955 2797 2302 2854 accusatione
2337 2814 2350 2850 ε
2384 2795 2478 2852 sed
2521 2796 2776 2867 quoniam
2813 2794 3054 2866 prodest,
3086 2803 3143 2850 et
3169 2799 3235 2849 ad
3270 2795 3560 2865 epistolam

1955 2895 2191 2950 maxime
2213 2890 2604 2955 necessarium,
2629 2889 2832 2945 idcirco
2860 2899 3132 2945 narratur.
3159 2889 3261 2945 Ubi
3289 2889 3397 2944 duo
3418 2890 3559 2960 agit;

1954 2987 2190 3058 primum
2234 2986 2491 3056 quoniam
2543 2984 2880 3053 evangelium
2926 2998 3084 3038 suum
3142 2983 3410 3051 privatum
3453 2997 3562 3037 non

1955 3089 2101 3135 esset
2147 3078 2562 3150 reprehensum,
2596 3085 2651 3132 et
2694 3075 2810 3148 ipse
2835 3091 2956 3130 cum
3007 3074 3435 3146 reprehenderet
3459 3075 3563 3130 Pe-

242 3187 444 3233 tantum
467 3189 520 3232 ut
548 3179 707 3234 simus
737 3194 1039 3248 pauperum.
1072 3175 1188 3232 Non
1217 3176 1271 3232 in
1312 3175 1417 3232 hoc
1442 3189 1626 3231 curam
1655 3182 1710 3229 et
1739 3173 1849 3229 sol-
1878 3147 1924 3212 (ἶ
1956 3179 2098 3227 trum
2155 3171 2290 3226 nihil
2340 3186 2370 3225 a
2420 3171 2584 3226 Petro
2628 3147 3069 3240 reprehensionis
3117 3167 3384 3235 audierit;
3434 3178 3565 3226 tunc

241 3269 581 3327 licitudinem
649 3286 952 3342 ponamus,
1009 3279 1285 3341 totamque
1347 3269 1601 3324 virtutem
1661 3268 1853 3323 salutis

243 3373 449 3420 nostra;
480 3363 799 3421 retinendze.
832 3363 907 3419 lta
947 3378 1084 3434 pene
1124 3369 1406 3419 correctus
1444 3362 1499 3416 in
1543 3360 1650 3418 hoc
1688 3369 1856 3416 estet

241 3459 578 3526 admonitus,
605 3471 783 3516 tamen
813 3475 919 3515 non
944 3457 1142 3514 fatetur
1167 3474 1181 3512 :
1213 3466 1269 3513 ut
1293 3471 1564 3512 memores
1585 3469 1852 3523 essemus,

243 3553 444 3623 inquit,
473 3569 581 3610 non
609 3565 668 3610 ut
699 3554 802 3610 hoc
829 3567 1141 3624 ageremus,
1175 3550 1272 3608 sed
1296 3559 1353 3605 ut
1388 3551 1440 3605 in
1471 3549 1729 3605 memoria
1760 3547 1856 3602 ha-

242 3641 533 3712 beremus;
563 3645 706 3716 quod
742 3655 826 3702 est
869 3645 1048 3700 minus
1076 3660 1235 3715 quam
1277 3644 1332 3698 in
1365 3643 1467 3698 hoc
1498 3657 1722 3713 operam
1751 3656 1854 3712 po-

242 3752 400 3804 nere,
433 3748 489 3796 et
527 3739 630 3795 hoc
673 3740 847 3796 solum
888 3739 1182 3809 complere.
1230 3737 1381 3806 Quod
1409 3737 1562 3790 etiam
1599 3735 1856 3790 sollicitus

242 3832 328 3903 fui
354 3833 506 3889 etiam
543 3835 637 3890 hoc
679 3835 848 3904 ipsum
876 3837 1064 3906 facere.
1099 3833 1222 3888 Plus
1263 3830 1463 3901 adjecit
1493 3841 1550 3884 ut
1584 3829 1746 3884 etiam
1787 3827 1857 3884 de

243 3927 354 3983 hoc
396 3937 596 3998 praeter
621 3927 995 3999 Evangelium,
1028 3925 1173 3997 quod
1216 3923 1562 3995 prredicabat,
1604 3921 1859 3976 habuerit

243 4021 692 4092 sollicitudinem,
739 4031 798 4078 ut
847 4023 990 4079 circa
1037 4034 1301 4093 pauperes
1348 4033 1558 4073 memor
1600 4025 1770 4082 esset,
1802 4023 1859 4071 et

245 4115 630 4188 quodcumque
657 4127 839 4188 posset
862 4123 1163 4187 praestaret.
1187 4112 1414 4170 Etiamsi
1439 4126 1628 4168 revera
1650 4125 1857 4183 pauper

251 4209 436 4265 nullus
465 4219 568 4277 est,
596 4211 642 4265 si
680 4211 842 4266 modo
873 4211 1031 4266 fidem
1069 4225 1315 4275 servans,
1346 4215 1402 4264 et
1441 4207 1494 4262 in
1527 4207 1695 4262 Deum
1738 4219 1858 4261 cre-

247 4303 388 4361 dens
415 4304 630 4360 divitias
673 4314 926 4376 expectat
965 4304 1286 4360 salvationis
1330 4316 1467 4357 suae.
1510 4299 1645 4355 Nam
1679 4299 1858 4354 victus

247 4415 518 4472 priesens,
543 4409 597 4455 et
623 4415 820 4472 parvus
844 4411 926 4455 est
949 4409 1005 4456 et
1027 4398 1338 4474 (sufficiens,
1373 4406 1426 4452 et
1460 4396 1553 4466 qui
1591 4411 1699 4450 non
1738 4409 1853 4448 ma—

243 4509 490 4566 gnopere
513 4502 725 4550 constet
748 4495 832 4550 vel
859 4493 1134 4564 praestanti
1161 4493 1244 4548 vel
1266 4490 1574 4561 accipienti.
1846 4476 1853 4482 ’

1957 3269 2156 3327 deinde
2185 3267 2314 3324 illud
2355 3269 2501 3340 quod
2530 3267 2639 3322 dixi
2682 3267 2916 3322 maxime
2947 3265 3311 3321 necessarium
3351 3274 3456 3331 est,
3485 3263 3567 3318 uti

1957 3365 2212 3438 quoniam
2254 3362 2482 3428 Galatae,
2529 3361 2732 3416 omisso
2776 3361 3059 3431 evangelio
3099 3359 3274 3430 primo
3299 3401 3314 3426 ,
3360 3359 3565 3430 regulae

1958 3453 2617 3531 evangelii‘adjiciendum
2649 3456 2850 3528 aliquid
2877 3453 2958 3530 (5)
2974 3456 3255 3527 putabant,
3285 3465 3414 3512 utet
3435 3456 3564 3512 sab-

1958 3554 2140 3610 batum
2197 3552 2574 3618 observarent,
2614 3559 2670 3606 et
2715 3551 3224 3617 circumcisionem,
3275 3558 3330 3605 et
3371 3548 3565 3605 eodem

1959 3645 2122 3701 modo
2169 3645 2413 3701 viverent
2448 3653 2506 3699 ut
2545 3643 2753 3710 Judzei;
2806 3643 2908 3697 hoc
2953 3642 3207 3714 quoniam
3251 3641 3456 3698 Galata:
3487 3641 3567 3698 fa-

1958 3743 2127 3807 ciunt,
2163 3740 2369 3796 idcirco
2399 3739 2517 3796 haec
2551 3740 2779 3811 epistola
2816 3739 2886 3795 ad
2932 3739 3054 3794 illos
3093 3739 3384 3795 scribitur:
3418 3738 3564 3796 unde

1959 3835 2162 3907 optime
2183 3844 2456 3900 narratur,
2483 3835 2607 3906 quia
2631 3833 2683 3889 id
2707 3836 2880 3904 ipsum
2911 3849 2940 3887 a
2973 3833 3142 3890 Paulo
3170 3831 3562 3902 reprehensum

1959 3938 2043 3986 est
2072 3931 2125 3984 in
2148 3929 2330 3994 Petro,
2363 3938 2419 3984 et
2441 3927 2669 3999 populus
2691 3925 3044 3997 reprehendit
3075 3943 3090 3980 :
3115 3925 3258 3982 unde
3290 3925 3564 3997 colligitur

1960 4033 2014 4080 et
2045 4024 2144 4080 hos
2166 4038 2380 4094 quoque
2401 4005 2650 4093 peccare.
2683 4020 2967 4089 Quomodo
2994 4030 3169 4078 autem
3199 4022 3285 4078 vel
3307 4020 3435 4093 quid
3467 4021 3565 4076 ad-

1961 4118 2170 4174 miserit
2189 4117 2403 4184 Petrus,
2435 4117 2514 4172 sic
2533 4116 2810 4188 subjungit
2849 4131 2947 4187 per
2971 4115 3338 4171 narrationem
3375 4133 3389 4170 :
3418 4114 3564 4184 prius

1961 4213 2137 4281 enim,
2163 4212 2357 4282 inquit,
2390 4221 2516 4268 ante
2551 4226 2711 4283 quam
2742 4211 2990 4266 venirent
3035 4210 3250 4282 quidam
3279 4227 3309 4265 a
3336 4209 3561 4274 Iacobo,

1960 4322 2081 4363 cum
2132 4306 2386 4376 gentibus
2414 4304 2611 4361 edebat
2657 4313 2847 4360 tenens
2885 4304 3228 4373 evangelium
3269 4303 3560 4374 integrum,

1960 4409 2017 4455 et
2043 4399 2283 4470 regulam
2314 4398 2454 4469 ejus,
2478 4407 2538 4452 ut
2558 4397 2840 4468 aequaliter
2869 4395 2937 4452 de
2964 4395 3184 4452 Christo
3203 4395 3562 4450 annuncietnr

1961 4502 2017 4550 et
2040 4493 2242 4549 Judteis
2287 4501 2340 4548 et
2369 4492 2642 4563 gentibus,
2689 4502 2743 4547 et
2790 4506 2895 4547 non
2942 4490 3262 4547 observetur
3287 4490 3438 4546 cibus
3465 4489 3564 4546 Ju-

321 4587 490 4645 Vtms.
521 4590 608 4645 11.
658 4620 731 4630 —
759 4587 888 4644 Cum
915 4596 1087 4643 autem
1113 4587 1328 4642 venisset
1360 4584 1550 4640 Petrus
1589 4584 1644 4638 in
1671 4581 1855 4637 Antio-
1883 4555 1940 4617 Β
1963 4590 2227 4657 amorum,
2263 4588 2356 4645 sed
2388 4589 2600 4644 vivatur
2624 4585 2941 4658 simpliciter
2972 4601 3123 4642 more
3151 4585 3410 4655 gentium.
3449 4585 3567 4641 Hoc

245 4682 442 4749 Chiam,
489 4682 542 4736 in
577 4681 761 4751 faciem
793 4681 872 4736 illi
909 4682 1104 4746 restiti,
1135 4680 1382 4751 quoniam
1413 4677 1752 4747 reprehensus
1778 4672 1860 4744 (6)

247 4781 382 4827 erat.
421 4770 536 4826 Non
569 4775 768 4841 solum,
820 4774 1015 4846 inquit,
1044 4773 1390 4844 evangelium
1438 4787 1617 4827 meum
1661 4767 1858 4839 proba-

249 4872 368 4919 tum
413 4872 496 4920 est
525 4863 595 4918 ab
637 4864 719 4920 his
765 4867 1046 4936 apostolis,
1086 4867 1178 4938 qui
1215 4874 1374 4922 erant
1404 4865 1457 4919 in
1500 4863 1854 4926 Hierusalem,

249 4972 433 5028 neque
483 4957 659 5013 solum
713 4959 1019 5016 admonitus
1062 4975 1205 5028 sum,
1247 4968 1305 5014 ut
1334 4972 1627 5030 pauperum
1653 4969 1862 5011 menter

355 5073 378 5126 1

349 5072 378 5126 1
391 5069 409 5198 ζ
422 5069 578 5140 Vtig.
592 5070 658 5126 Ut
672 5089 766 5126 nos
780 5075 1133 5147 ingentes,ipsi
1147 5084 1315 5128 autem
1328 5074 1379 5128 in
1395 5073 1852 5128 circumcisionem.

349 5143 386 5198 2
446 5144 624 5198 \'ultt..
649 5153 849 5198 tantum
869 5156 922 5198 ut
948 5162 1257 5198 pauperum.
1286 5157 1395 5198 etc.

446 5144 624 5217 Ynlg.,
649 5144 849 5198 tantum
869 5156 922 5200 ut
948 5144 1257 5217 pauperum,
1286 5157 1395 5202 etc.

355 5212 410 5272 5)
439 5212 610 5270 Codd.
644 5226 830 5272 essent.

353 5287 407 5354 4)
440 5287 611 5344 Codd.
644 5304 848 5358 operas.

354 5359 407 5432 5)
438 5356 706 5415 Videlicet
751 5361 870 5417 sine
922 5369 1072 5417 recta
1097 5359 1202 5418 fide
1240 5361 1328 5417 vel
1375 5361 1494 5416 sine
1529 5360 1700 5432 gratia
1731 5356 1850 5417 Dei.

245 5431 538 5502 Legendus
559 5440 737 5488 autem
768 5432 1130 5488 Bellarminus
1171 5442 1276 5498 est,
1315 5433 1406 5504 qui
1440 5434 1577 5504 hanc
1602 5432 1859 5504 quaestio-

250 5519 380 5625 ἔξω
406 5503 717 5625 [ilgnissime
745 5513 802 5561 et
824 5505 1139 5561 acutissime
1168 5503 1368 5560 tractat
1392 5504 1461 5560 de
1484 5503 1665 5561 Justi’f.
1698 5507 1791 5564 lib.
1817 5524 1855 5575 ι,

330 5588 382 5625 ll.
486 5617 502 5625 -
536 5591 652 5625 seti.

253 5584 382 5639 cap,
415 5584 502 5637 19,
536 5591 653 5639 seq,

345 5592 382 5633 ι,
486 5617 502 5637 ,
643 5619 653 5631 ,

332 5592 518 5718 (milia
536 5592 739 5713 5:34:14
762 5658 818 5704 at
839 5649 982 5718 vulg.
1017 5648 1104 5704 ed.
1132 5647 1276 5704 hunc
1304 5647 1631 5704 versiculum
1657 5649 1738 5705 sic
1761 5666 1867 5708 ex-

251 5713 410 5796 hibet
435 5732 455 5796 :_
478 5713 607 5796 Cum
626 5723 795 5796 autem
836 5713 1050 5796 uenisset
1070 5719 1269 5796 εᾳρξιρδ
1299 5719 1626 5776 Antiochiam
1650 5736 1670 5775 :
1698 5722 1752 5778 in
1781 5726 1866 5796 fa-

250 5789 388 5860 giem
410 5787 457 5844 ei
482 5786 666 5852 restiti,
696 5786 818 5855 quia
844 5786 1259 5852 repreliensibilis
1289 5799 1421 5847 erat.

573 5883 848 5946 Parnoc.
883 5880 1046 5943 Vlll.

388 5068 410 5354 ἓ

1966 4684 2136 4755 prius,
2179 4682 2370 4754 inquit,
2414 4681 2651 4737 faciebat
2680 4681 2872 4736 Petrus
2903 4688 3029 4735 ante
3064 4693 3224 4750 quam
3262 4678 3330 4734 ab
3358 4678 3563 4735 Jacobo

1964 4777 2212 4832 venirent
2237 4774 2476 4844 quidam.
2499 4772 2734 4830 Iacobus
2755 4774 2900 4828 enim
2924 4773 3090 4828 frater
3111 4773 3343 4839 Domini,
3367 4773 3455 4844 qui
3480 4771 3560 4844 (4)

1962 4880 2150 4926 auctor
2176 4879 2259 4924 est
2284 4868 2349 4923 ad
2369 4868 2818 4941 Symmachianos
2840 4865 2944 4940 (5),
2966 4865 3172 4938 primus
3201 4867 3343 4937 apud
3367 4866 3562 4922 Hiero-

1965 4965 2231 5037 solymam
2261 4962 2362 5019 sibi
2393 4962 2497 5018 hoc
2521 4961 2912 5018 adsumendum
2947 4962 3174 5033 putavit,
3207 4963 3281 5018 uti
3302 4970 3357 5018 et
3401 4961 3559 5017 Chri-

2061 5143 2114 5214 1)
2145 5143 2304 5212 Vulg.
2336 5140 2687 5214 §ubtraltebat
2710 5148 2757 5214 et
2784 5141 3077 5214 segregabat
3110 5159 3182 5208 se,
3214 5143 3427 5206 timens,
3453 5153 3559 5200 etc.

2059 5212 2116 5285 2)
2149 5215 2304 5285 Vulg.
2326 5213 2393 5285 Et
2419 5212 2736 5285 simulationi
2763 5216 2873 5284 ejus
2893 5212 3255 5269 consenserunt
3275 5215 3442 5269 cteteri
3464 5215 3564 5270 Ju-

1961 5284 2080 5354 dazi,
2097 5284 2182 5342 ita
2207 5284 2270 5341 ut
2289 5295 2338 5342 et
2357 5284 2626 5340 Barnabas
2660 5285 2932 5340 duceretur
2955 5286 3018 5340 ab
3043 5286 3113 5342 eis
3147 5287 3202 5341 in
3229 5285 3372 5341 illam
3406 5288 3566 5345 simu-

1961 5361 2222 5416 lationem.

2062 5429 2118 5500 5)
2149 5428 2321 5485 Codd.
2355 5445 2454 5500 pro
2479 5427 2680 5496 aliquid
2701 5427 2862 5486 habet
2890 5429 2961 5484 ad
2984 5430 3160 5484 vitam.

2063 5501 2120 5570 Il)
2147 5501 2317 5557 Codd.
2351 5502 2488 5570 quia.

2066 5572 2120 5644 5)
2148 5574 2222 5628 lta
2249 5572 2409 5629 codd.
2440 5573 2713 5646 Egoivero
2760 5573 2942 5646 malim
2987 5583 3166 5646 auctor
3193 5583 3267 5629 est
3312 5572 3560 5646 Symma.

1973 5645 2190 5703 chianis.
2223 5646 2392 5718 Porro
2420 5662 2524 5700 non
2545 5645 2784 5718 lactibus
2810 5645 3061 5718 lueresim
3091 5645 3562 5718 Symmachianum

1975 5719 2206 5791 peperit,
2237 5717 2332 5772 sed
2358 5733 2482 5774 eum
2510 5716 2616 5774 sibi
2643 5716 3040 5790 Symmachiani
3063 5716 3339 5775 auctorem
3360 5721 3562 5778 calum~

1977 5793 2132 5850 niese
2153 5805 2334 5848 assum
2341 5799 2585 5862 pserunt.

2969 5880 3051 5944 37
