4024 6306
544 168 684 225 1165

1858 160 2054 220 MAR"
2083 159 2432 220 VICTORINI
2461 159 2622 221 AFRI

3682 160 3793 221 libi

534 287 677 335 stum
725 278 1061 349 praedicaret,
1094 287 1148 335 et
1180 279 1387 335 viveret
1418 286 1471 333 ut
1502 275 1691 345 Iuda,
1718 276 1895 331 omnia
1930 274 2133 331 faciens
2160 274 2206 335 A
2238 273 2389 329 bant.
2420 273 2535 331 Hoc
2556 289 2686 348 ergo
2719 289 2842 332 cum
2872 274 3137 341 viderem,
3160 276 3273 337 dixi
3300 277 3464 336 Petro
3496 289 3671 334 coram
3702 293 3797 336 om-

536 389 657 444 qua:
700 370 1011 430 Iudaeorum
1042 375 1128 431 lex
1170 373 1433 444 praecipit,
1483 372 1533 428 id
1560 382 1639 427 est
1669 387 1788 443 qua:
1818 362 1923 428 sibi
1965 370 2135 427 Iudici

535 466 876 523 observanda
928 468 1331 525 intellexerunt.
1374 465 1458 523 Ab
1498 465 1700 522 Iacobo
1745 480 1873 536 ergo
1916 462 2134 535 quidam

534 575 660 616 cum
687 560 967 618 venissent
995 562 1060 617 ad
1089 561 1343 628 Petrum;
1374 559 1601 628 veritus,
1632 557 1826 630 inquit,
1854 566 1908 614 et
1940 557 2135 613 timens

531 654 803 729 subtraxit
831 670 888 712 se
918 671 985 710 ne
1011 670 1134 710 cum
1159 655 1409 725 gentibus
1438 654 1644 713 ederet.
1676 653 1784 710 Sed
1814 652 1917 708 hoc
1941 666 2132 722 repre-

538 749 726 808 hendit
774 746 918 821 quod
958 763 1115 806 antea
1167 766 1288 805 eum
1345 746 1597 820 gentibus
1647 745 1863 811 edebat,
1908 755 1962 800 et
1992 758 2135 799 nunc

543 844 804 901 subtraxit
852 859 931 911 se,
960 844 1157 900 timens
1195 856 1290 897 eos
1314 841 1401 911 qui
1424 846 1577 895 erant
1605 854 1670 893 ex
1703 837 2131 901 circumcisione,

538 939 592 995 id
623 948 707 995 est
730 936 977 994 homines
996 935 1065 992 ab
1093 934 1298 992 Iacobo
1330 932 1631 988 venientes.

606 1036 781 1104 Atque
822 1030 873 1087 id
919 1046 1107 1101 parum
1139 1037 1224 1086 est
1264 1027 1406 1100 quod
1446 1026 1561 1097 ipse
1583 1022 1845 1090 faciebat;
1888 1023 2014 1081 inde
2050 1018 2127 1096 (i)

533 1139 786 1196 magnum
839 1130 1141 1194 peccatum,
1178 1118 1320 1192 quod
1348 1119 1440 1173 alii
1481 1118 1557 1173 illi
1598 1116 2031 1173 consentiebant.
2065 1114 2133 1171 Et

531 1226 896 1275 consenserunt
922 1234 1038 1272 cum
1056 1216 1148 1271 illo
1188 1224 1235 1270 et
1273 1214 1441 1271 σαντετὶ
1468 1211 1665 1269 Iudaei.
1693 1213 1781 1269 Sic
1806 1211 2132 1283 accipiamus

531 1312 621 1369 hic
645 1311 862 1369 Iudaeos
900 1310 989 1382 qui
1016 1310 1129 1381 jam
1173 1318 1352 1365 tamen
1389 1304 1662 1362 Christum
1693 1313 2036 1376 acceperant,
2075 1312 2135 1360 ut

527 1402 894 1462 consentirent
927 1402 1023 1469 illi,
1048 1410 1103 1458 et
1121 1400 1394 1457 Christum
1417 1398 1762 1470 accipientes,
1787 1407 1842 1455 et
1860 1396 2130 1468 judaicam

529 1497 863 1565 disciplinam
893 1504 948 1551 et
976 1494 1409 1558 observantiam;
1442 1491 1547 1547 nisi
1577 1492 1727 1548 enim
1760 1491 1865 1547 hoc
1890 1490 2129 1560 accipia-

526 1606 671 1657 mus,
701 1586 828 1661 quid
859 1588 984 1655 erit,
1017 1595 1384 1643 consenserunt
1413 1576 1517 1652 illi,
1547 1585 1595 1640 si
1627 1583 1707 1639 illi
1743 1598 1843 1640 suo
1873 1597 2025 1639 more
2056 1580 2131 1636 vi.

2239 369 2397 424 nibus
2429 387 2441 423 :
2477 370 2529 424 id
2552 380 2635 426 est
2662 370 2806 441 quod
2830 386 2993 442 supra
3033 372 3172 428 dixit
3212 373 3265 428 in
3311 373 3498 428 faciem
3522 373 3722 439 restiti;
3755 382 3799 429 et

2236 471 2425 532 aperte
2442 462 2575 529 dixi,
2599 471 2655 518 et
2680 478 2862 520 coram
2894 464 3147 521 omnibus
3174 464 3285 521 dixi
3311 484 3324 520 :
3354 466 3400 522 si
3432 475 3489 522 tu
3503 482 3621 522 cum
3640 467 3706 521 sis
3731 466 3799 536 ju-

2237 551 2386 608 da-us
2424 552 2702 626 gentiliter
2737 555 2893 622 vivis,
2934 556 3204 628 quomodo
3243 569 3435 629 gentes
3476 558 3621 629 cogis
3657 556 3800 628 iudai-

2237 645 2404 701 zare?
2447 646 2641 719 Utique
2675 648 2945 705 intellexit
2987 650 3147 706 etiam
3182 648 3384 706 Paulus
3408 650 3623 705 Petrum
3659 648 3799 704 simu-

2236 738 2380 796 lasse
2401 752 2623 813 propter
2659 752 2885 812 metum,
2917 752 2977 799 ut
3006 760 3110 799 non
3154 759 3277 800 cum
3311 743 3562 816 gentibus
3603 742 3801 801 viveret.

2234 826 2421 903 Itaque
2459 851 2564 889 non
2606 833 2710 891 hoc
2741 836 2812 893 illi
2844 836 3070 906 objicit;
3103 838 3225 910 quia
3256 836 3441 893 dicere
3484 846 3686 909 poterat
3711 837 3799 905 ille,

2235 923 2505 982 simulavi.
2548 926 2687 994 Quid
2719 924 2883 1001 igitur
2908 928 3251 1007 objecitjllii
3296 924 3472 986 vixisti
3511 930 3803 1002 cumgenti-

2234 1008 2361 1087 bus,
2387 1031 2442 1077 et
2470 1020 2603 1078 vivis
2623 1038 2744 1079 cum
2777 1022 3030 1095 gentibus
3063 1041 3076 1076 :
3110 1023 3155 1080 si
3185 1023 3331 1080 enim
3361 1023 3430 1079 ad
3457 1032 3666 1096 tempus
3689 1040 3799 1082 con-

2234 1115 2548 1171 sensionem
2597 1113 2786 1182 habes,
2835 1117 2956 1173 sine
2984 1116 3149 1173 dubio
3187 1117 3463 1189 gentiliter
3500 1117 3673 1173 vivis:
3697 1133 3804 1190 quo-

2237 1209 2384 1266 niam
2414 1209 2689 1269 simulatio
2732 1209 2935 1282 decipit
2964 1210 3186 1275 multos,
3215 1225 3409 1282 peccas
3458 1228 3470 1264 :
3516 1215 3663 1283 cogis
3688 1211 3803 1267 enim

2234 1312 2423 1376 gentes
2440 1301 2740 1374 judaizare.
2770 1303 2845 1359 ita
2885 1313 2942 1358 et
2987 1303 3317 1360 intellexisse
3342 1302 3581 1360 ostendit
3604 1319 3803 1360 consen-

2235 1400 2371 1456 sisse
2394 1399 2610 1457 Petrum
2630 1398 2855 1469 JUdiBiS,
2884 1400 2979 1458 sed
2999 1401 3380 1468 simulatione;
3403 1411 3459 1458 et
3477 1408 3656 1458 tamen
3683 1401 3803 1457 illum

2235 1509 2483 1565 peccare,
2516 1496 2690 1567 primo
2716 1495 2842 1567 quia
2883 1495 3057 1552 timuit
3078 1511 3173 1553 eos
3196 1497 3288 1570 qui
3320 1506 3615 1564 venerant;
3642 1497 3805 1555 deinde

2237 1589 2360 1661 quia
2384 1589 2566 1645 caateri
2593 1588 2918 1649 fallebantur
2940 1598 2996 1646 et
3031 1590 3366 1662 cogebantur
3390 1589 3690 1661 judaiure,
3719 1605 3802 1648 non

524 1692 712 1740 Ventes
741 1679 1040 1738 secundum
1061 1676 1332 1749 judaicam
1355 1674 1701 1748 disciplinam
1734 1676 1994 1748 agerent?
2021 1671 2129 1730 Sed
2156 1672 2207 1737 B
2235 1680 2601 1754 intelligenies
2650 1682 2805 1739 illum
2853 1683 3135 1739 simulare,
3184 1682 3298 1739 Hoc
3336 1699 3465 1755 ergo
3507 1684 3731 1756 colligit.
3761 1693 3804 1740 ει

522 1777 613 1849 qui
654 1774 764 1847 iam
803 1772 1141 1845 evangelium
1188 1780 1544 1844 perceperant
1573 1766 1789 1823 Christo
1827 1765 2121 1833 credendo,

521 1868 979 1943 quemadmodum
1021 1876 1078 1923 et
1122 1864 1236 1937 ipse
1282 1865 1430 1936 prius
1471 1879 1594 1920 cum
1624 1864 1876 1935 gentibus
1903 1852 2120 1931 edebat,

522 1975 706 2040 postea
740 1964 832 2020 illo
870 1961 1224 2019 subtrahente
1263 1976 1345 2024 se,
1376 1968 1430 2016 et
1462 1958 1685 2014 timente
1711 1973 1806 2014 eos
1832 1956 1926 2029 qui
1956 1972 2121 2014 vene-

519 2067 643 2116 rant
663 2050 731 2114 ab
773 2050 976 2113 Iacobo
1016 2054 1176 2128 (quos
1213 2052 1435 2111 timebat
1479 2052 1687 2108 scilicet
1722 2066 1789 2107 ex
1836 2050 2121 2108 circumci-

519 2156 673 2210 sione
700 2151 868 2222 viros)
888 2152 959 2206 ita
985 2152 1168 2206 caueri
1189 2156 1603 2215 consenserunt,
1629 2157 1689 2201 ut
1710 2163 1819 2202 non
1841 2162 1965 2202 cum
1990 2161 2123 2216 gen-

519 2246 665 2303 tibus
709 2245 974 2310 viverent,
1005 2243 1101 2298 sed
1155 2259 1280 2299 cum
1325 2242 1760 2309 circumcisione,
1803 2241 1854 2297 id
1885 2252 1968 2298 est
1996 2256 2119 2296 cum

515 2330 720 2399 Iudaeis
739 2348 794 2394 et
822 2330 923 2407 ipsi
952 2336 1043 2407 qui
1073 2328 1247 2392 Iudaei
1277 2344 1432 2392 erant
1473 2344 1653 2391 antea.
1696 2330 1786 2389 Ita
1813 2345 1868 2389 ut
1901 2344 1950 2390 et
1988 2331 2122 2389 Bar-

516 2426 678 2491 nabas
706 2433 1013 2489 consentiret
1036 2431 1354 2487 simulationi
1380 2447 1578 2487 eorum.
1616 2428 1717 2495 Ita,
1746 2428 1947 2500 inquit,
1979 2424 2121 2485 male

514 2522 906 2584 simulaverant
928 2540 1055 2581 cum
1083 2523 1286 2581 Iudaeis
1315 2524 1530 2592 vivere,
1576 2521 1813 2578 dimissis
1842 2521 2117 2591 gentibus,

512 2629 573 2677 ut
599 2619 875 2676 Barnabas
903 2617 1235 2675 consentiret
1260 2614 1368 2673 illis
1398 2633 1413 2670 :
1444 2614 1513 2673 de
1556 2631 1665 2687 quo
1705 2631 1870 2687 supra
1915 2615 2117 2672 dictum

512 2711 658 2785 quod
686 2712 864 2769 socius
889 2711 965 2768 sit
1014 2710 1187 2776 Pauli,
1220 2721 1275 2766 et
1311 2707 1650 2779 evangelium
1680 2712 1890 2780 integre
1920 2718 2068 2765 tenet
2100 2726 2113 2763 :

512 2807 788 2865 consensit
827 2816 1008 2862 tamen
1056 2805 1181 2874 illis,
1215 2812 1271 2862 et
1315 2805 1530 2862 illorum
1579 2805 1930 2860 simulationi.
1976 2796 2119 2872 Quid

512 2896 676 2972 igitur
709 2898 1063 2970 intelligimus
1083 2898 1523 2954 simulationem?
1556 2894 1689 2954 Nam
1712 2898 1874 2955 etiam
1898 2896 2115 2965 Petrus,

508 3004 565 3052 et
593 2994 866 3051 Barnabas
894 3003 950 3051 et
996 2994 1175 3050 cancri
1206 2991 1377 3050 Iudaei
1409 3008 1537 3049 vere
1575 2994 1899 3050 transierant
1931 2993 1983 3049 in
2012 2992 2117 3050 hoc

2230 1773 2437 1831 dixisse
2487 1785 2753 1831 memorat
2780 1791 2795 1829 :
2824 1775 2870 1831 si
2893 1776 2974 1847 (i)
3005 1787 3082 1845 tu,
3114 1776 3293 1846 Petre,
3340 1792 3467 1833 cum
3517 1778 3593 1833 sis
3616 1770 3802 1834 Iudaus

2229 1866 2505 1938 gentiliter
2529 1868 2686 1935 vivis,
2720 1866 2773 1923 id
2796 1880 2878 1924 est
2909 1885 3033 1924 eum
3080 1870 3333 1941 gentibus
3371 1871 3531 1939 vivis,
3568 1870 3803 1942 quomodo

2226 1959 2375 2031 ipsas
2403 1970 2595 2033 gentes
2623 1961 2773 2035 cogis
2813 1962 3125 2035 judaizare?
3155 1964 3206 2021 id
3243 1974 3325 2021 est
3363 1964 3640 2036 judaicam
3664 1963 3801 2022 disci-

2228 2054 2426 2126 plinam
2456 2071 2615 2126 agere
2642 2066 2696 2111 et
2718 2056 2769 2110 iu
2801 2056 2937 2113 cibis
2968 2066 3023 2113 et
3052 2058 3106 2112 in
3136 2059 3652 2115 observationibus?

2298 2146 2466 2204 Vens.
2501 2148 2591 2205 15.
2635 2176 2707 2189 -ο
2740 2147 2853 2205 Nos
2890 2162 3078 2207 natura
3118 2147 3314 2219 Judaei,
3356 2163 3403 2208 et
3443 2171 3549 2208 non
3589 2154 3803 2226 agenti-

2226 2238 2339 2309 bus,
2362 2250 2686 2312 peccatores;
2710 2242 2922 2298 scientes
2954 2242 3075 2315 quia
3095 2262 3198 2299 non
3228 2246 3557 2319 justiﬁcatur
3588 2247 3729 2302 homo
3754 2262 3803 2301 es

2225 2332 2463 2404 aperibus
2509 2326 2658 2406 legis,
2692 2334 2794 2389 nisi
2833 2352 2923 2407 per
2958 2326 3115 2407 ﬁdem
3154 2334 3343 2393 Christi
3375 2337 3509 2393 Iesu
3541 2355 3561 2394 :
3581 2348 3628 2393 et
3652 2356 3733 2393 nos
3759 2338 3799 2392 in

2226 2428 2431 2487 Christo
2458 2431 2586 2487 Iesu
2632 2433 2909 2502 credimus,
2953 2443 3008 2488 ut
3036 2435 3389 2505 justi/iocatur
3431 2452 3499 2491 ea:
3538 2432 3732 2509 ﬁdem
3766 2443 3800 2488 et

2223 2540 2326 2581 non
2347 2542 2409 2581 ea;
2436 2528 2672 2599 operibus
2714 2525 2838 2599 legis
2867 2542 2887 2581 :
2913 2529 3156 2601 quoniam
3176 2545 3239 2583 ex
3277 2529 3523 2602 operibus
3555 2547 3654 2584 non
3669 2528 3801 2602 justi-

2221 2617 2410 2688 ﬁcatur
2431 2620 2595 2675 omnis
2618 2637 2737 2675 caro
2759 2618 2863 2693 (5).
2888 2619 3079 2675 Adhuc
3108 2636 3236 2693 pars
3263 2616 3533 2677 orationis
3554 2632 3637 2679 est
3663 2620 3799 2692 ipsius

2223 2709 2374 2765 Pauli
2427 2714 2731 2767 accusantis
2764 2711 2982 2769 Petrum
3012 2723 3066 2769 et
3104 2713 3170 2769 ad
3214 2730 3342 2771 eum
3373 2712 3649 2787 loquentis
3683 2712 3798 2785 quod

2222 2821 2330 2861 non
2356 2816 2504 2862 recte
2525 2805 2800 2878 judaismo
2826 2809 3181 2876 consentiret,
3207 2818 3264 2865 et
3287 2810 3366 2865 sic
3394 2810 3677 2866 induceret
3696 2824 3799 2880 gen-

2224 2909 2305 2958 tes
2346 2900 2648 2971 judaizare.
2679 2900 2811 2969 Nos,
2855 2903 3047 2975 inquii,
3076 2902 3272 2970 Iudazi,
3304 2904 3357 2960 id
3393 2916 3506 2970 est,
3539 2919 3639 2976 ego
3664 2911 3710 2958 et
3735 2910 3795 2969 tu,

2224 2994 2408 3062 I‘etre,
2441 3004 2495 3051 et
2518 2999 2700 3051 caeteri
2732 2997 2821 3068 qui
2852 3006 3170 3067 peccatores
3190 3012 3377 3053 sumus
3399 2995 3509 3072 (4),
3528 3012 3634 3052 non
3653 3006 3797 3052 tamen

509 3096 569 3144 ut
596 3099 649 3145 et
668 3087 881 3159 judaica
902 3082 1184 3157 disciplina
1211 3087 1375 3141 vitam
1406 3095 1652 3158 agerent,
1684 3086 1781 3144 sed
1806 3085 1874 3144 ad
1903 3097 2114 3158 tempus
2140 3080 2187 3146 C
2220 3102 2284 3142 ex
2324 3086 2598 3156 gentibus,
2648 3085 2744 3143 sed
2786 3086 2948 3158 judtei
2981 3103 3191 3154 sumus,
3224 3104 3420 3161 nempe
3468 3091 3523 3145 in
3553 3084 3794 3145 Christum

509 3191 736 3253 propter
764 3190 1084 3252 praesentes,
1113 3188 1170 3236 et
1194 3178 1516 3236 simularent
1544 3197 1559 3234 :
1588 3188 1643 3235 et
1662 3178 1888 3244 idcirco,
1919 3178 2113 3251 inquit,

513 3283 568 3329 et
598 3270 869 3329 Barnabas
912 3273 1192 3329 consensit
1237 3288 1427 3328 eorum
1458 3270 1814 3329 simulationi.
1866 3272 1945 3329 Ita
1972 3273 2115 3329 acci-

511 3364 764 3439 piendum
798 3386 811 3421 :
845 3382 966 3424 nam
1006 3382 1183 3437 neque
1208 3366 1404 3423 Petrus
1452 3382 1626 3438 neque
1654 3367 1846 3423 caeteri
1885 3368 2115 3425 transie-

508 3470 631 3519 rant
651 3455 716 3517 ad
742 3459 1013 3533 judaicam
1041 3459 1400 3532 disciplinam,
1428 3460 1524 3517 sed
1553 3458 1621 3516 ad
1647 3469 1859 3531 tempus
1882 3474 2114 3529 consen-

507 3564 722 3621 serant;
751 3554 892 3627 quod
921 3552 1143 3626 quidem
1179 3550 1467 3625 aliquoties
1508 3553 1568 3609 ﬁt
1591 3552 1843 3611 simulata
1873 3570 2111 3611 consen-

505 3650 659 3709 sione
715 3670 728 3706 :
792 3657 1162 3706 verumtamen
1221 3649 1361 3705 unde
1409 3640 1673 3719 peccabat
1714 3642 1945 3705 Petrus?
1987 3646 2112 3719 quia

507 3761 617 3801 non
667 3743 756 3801 ille
783 3740 863 3817 (Ξ)
898 3743 964 3799 ad
1000 3740 1334 3800 inducendos
1375 3740 1596 3799 Iudaeos
1622 3742 1724 3797 ista
1769 3742 2019 3809 tinxerat,
2055 3751 2114 3798 ut

504 3832 838 3896 consentiret
868 3832 1004 3903 illis;
1033 3834 1174 3908 quod
1206 3835 1333 3892 fecit
1363 3836 1477 3904 ipse
1504 3830 1725 3902 Paulus,
1753 3846 1806 3892 et
1829 3833 2022 3894 fecisse
2050 3851 2112 3892 se

504 3930 789 4004 gloriatur,
825 3942 880 3985 ut
919 3933 1253 3986 consentiret
1291 3928 1515 3999 Iudmis,
1558 3929 1662 3985 sed
1686 3939 1744 3984 ut
1776 3926 1897 3985 illos
1950 3930 2111 3986 lucri-

505 4027 708 4083 faceret
739 4036 753 4079 :
786 4024 880 4081 sed
907 4022 1048 4097 quod
1078 4024 1269 4081 Petrus
1291 4022 1370 4097 (5)
1393 4024 1662 4080 simulavit
1690 4024 1932 4097 quidem,
1961 4024 2015 4080 in
2043 4041 2111 4082 eo

508 4132 687 4176 tamen
718 4119 980 4191 peccavit,
1011 4116 1155 4191 quod
1193 4116 1547 4173 subtrahebat
1575 4133 1633 4173 se
1663 4117 1860 4174 timens
1889 4134 1986 4175 eos
2017 4118 2107 4190 qui

508 4220 664 4269 erant
693 4228 758 4268 ex
788 4212 1222 4270 circumcisione.
1258 4208 1487 4283 Propter
1517 4213 1764 4266 timorem
1796 4212 1959 4283 igitur
1984 4228 2110 4269 cum

507 4302 787 4365 simularet
832 4323 999 4379 seque
1038 4304 1336 4371 abstineret
1361 4323 1389 4360 a
1423 4306 1694 4377 gentibus,
1734 4305 1835 4378 ipsi
1884 4306 2110 4365 simula-

509 4396 642 4458 tioni
691 4413 746 4458 et
798 4398 1069 4457 Barnabas
1119 4400 1472 4467 consentiret,
1527 4398 1976 4473 idcirco,-inquit,
2005 4419 2107 4474 ego

2223 3178 2381 3235 ﬁdem
2414 3180 2697 3249 sumimus,
2732 3197 2834 3252 qua
2866 3182 3051 3254 utique
3079 3183 3292 3240 ratione
3339 3199 3464 3239 cum
3490 3174 3655 3256 judaai
3680 3196 3798 3239 esse-

2220 3289 2379 3343 mus;
2414 3275 2620 3330 scilicet
2652 3276 2777 3345 quia
2827 3276 3029 3331 scimus
3076 3292 3186 3332 non
3217 3276 3512 3348 iustiﬁcari
3560 3275 3795 3333 hominem

2218 3382 2283 3422 ex
2330 3369 2583 3439 cperibus
2614 3367 2769 3441 legis,
2796 3368 2890 3426 sed
2911 3368 3197 3443 justiﬁcari
3242 3385 3338 3442 per
3366 3371 3556 3440 ﬁdem,
3588 3381 3641 3428 et
3668 3369 3795 3425 ﬁdem

2218 3450 2347 3515 Iesu
2375 3458 2610 3527 Christi;
2641 3476 2762 3515 cum
2816 3460 2917 3516 hoc
2960 3456 3123 3533 igitur
3163 3462 3453 3531 sciremus,
3486 3481 3603 3532 nos,
3635 3460 3794 3531 inquit,

2218 3552 2272 3608 in
2304 3551 2520 3610 Christo
2546 3546 2675 3610 Iesu
2704 3553 3056 3624 credidimus,
3099 3565 3156 3614 et
3181 3552 3547 3623 credimus,‘ut
3571 3555 3797 3631 justi/ice-

2218 3665 2334 3701 mur
2364 3664 2427 3703 ea:
2464 3642 2590 3719 ﬁde,
2639 3664 2741 3703 non
2761 3665 2823 3703 ex
2861 3650 3100 3719 aperibus
3129 3651 3294 3724 legis;
3319 3652 3445 3724 quia
3483 3669 3549 3707 ea:
3591 3648 3795 3723 operibus

2219 3740 2367 3813 legis,
2401 3759 2500 3797 non
2524 3743 2849 3817 justi/icatur
2878 3746 3043 3799 omnis
3067 3762 3204 3814 caro,
3235 3745 3287 3802 id
3323 3757 3407 3802 est
3437 3747 3603 3803 homo
3630 3743 3710 3815 qui
3753 3736 3795 3796 in

2217 3851 2383 3897 carne
2411 3846 2512 3891 est.
2548 3837 2687 3907 Ergo
2714 3838 2757 3892 si
2790 3834 2894 3893 hoc
2916 3839 3153 3894 scientes
3181 3834 3514 3895 credidimus
3547 3854 3640 3911 per
3665 3833 3794 3891 ﬁdem

2212 3927 2653 3998 justiticationem
2698 3928 2843 3996 lieri,
2881 3930 3065 4002 utique
3094 3946 3360 4003 erramus,
3394 3922 3443 3988 si
3476 3947 3621 3989 nunc
3651 3928 3712 3986 ad
3728 3927 3795 3999 ju-

2217 4022 2485 4078 daismum
2526 4018 2782 4093 redimus,
2816 4041 2885 4081 ex
2930 4043 3038 4096 quo
3089 4026 3460 4097 transivimus,
3521 4039 3579 4085 ut
3626 4042 3720 4084 non
3741 4035 3793 4077 ex

2217 4114 2473 4186 Operihus
2506 4112 2866 4188 justilicemur
2896 4112 2991 4174 sed
3032 4136 3099 4176 ex
3137 4118 3265 4185 ﬁde,
3298 4131 3352 4177 et
3404 4120 3514 4176 ﬁde
3561 4123 3612 4175 in
3661 4115 3791 4173 Chri-

2216 4215 2362 4263 stum
2392 4226 2404 4262 :
2438 4204 2554 4280 ipsa
2582 4210 2722 4265 enim
2762 4206 2897 4268 lides
2931 4205 3047 4269 sola
3082 4208 3159 4286 (5)
3183 4214 3629 4285 justiﬁcationem
3652 4212 3791 4268 datet

2216 4294 2725 4361 sanctiﬁcationem.
2767 4304 2846 4361 Ita
2872 4306 3129 4379 quzelibet
3170 4324 3318 4377 caro,
3350 4308 3468 4366 sive
3491 4298 3674 4381 iudici,
3702 4303 3790 4361 sive

508 4506 693 4567 aperte
719 4496 910 4563 reStiti,
946 4505 1142 4551 etcum
1168 4494 1440 4559 accusavi,
1471 4508 1578 4549 non
1609 4501 1757 4549 recte
1787 4505 2010 4566 propter
2038 4494 2105 4550 ti-
2135 4485 2194 4547 Β
2294 4512 2376 4585 (ί)
2399 4513 2572 4569 Codd.
2594 4479 2755 4586 qia",
2778 4532 2875 4587 pro
2899 4519 2965 4574 εδ,

511 4607 717 4648 morem
750 4586 899 4645 illum
931 4592 1000 4645 ita
1031 4584 1341 4644 simulasse.

587 4680 786 4742 Deinde
841 4688 920 4741 sic
948 4683 1314 4754 subsequitur,
1351 4673 1514 4737 Vsus.
1569 4676 1638 4735 il
1670 4697 1684 4732 :
1712 4709 1784 4722 -—
1834 4678 1942 4735 Sed
1996 4694 2113 4737 cunt

510 4780 745 4837 uidissem
766 4780 1006 4851 quoniam
1027 4796 1127 4833 non
1158 4788 1290 4833 recte
1329 4774 1690 4849 ingrediuntur
1711 4768 1788 4849 (4)
1826 4775 1895 4831 ad
1925 4774 2112 4832 verita-

512 4887 607 4932 tem
628 4872 899 4945 erangelii.
923 4866 1207 4928 Tenebaut
1227 4870 1441 4943 quidem
1464 4871 1803 4941 eVangclium
1827 4881 1881 4925 et
1905 4871 2109 4942 integre

509 4964 789 5031 tenebant,
814 4975 867 5020 et
904 4962 1274 5030 intelligebant
1302 4978 1407 5017 neu
1442 4962 1510 5016 ita
1544 4960 1831 5016 vivendum
1854 4960 2109 5032 quemad-

514 5063 732 5117 modum
755 5059 943 5113 vivunt
972 5070 1036 5111 ex
1060 5056 1511 5115 circumcisione;
1544 5054 1639 5108 sed
1660 5055 1915 5124 quoniam
1940 5053 2112 5109 simu-

512 5155 717 5217 labant,
742 5150 945 5206 idcirco
974 5147 1116 5202 male
1142 5145 1483 5216 evangelium
1512 5154 1567 5202 et
1589 5147 2108 5217 interpretabantur,

512 5259 571 5305 et
594 5249 732 5304 male
758 5245 825 5300 ad
862 5245 1144 5300 veritatem
1181 5239 1446 5311 evangelii
1480 5254 1588 5295 non
1618 5250 1768 5296 recta
1800 5242 1877 5297 via
1914 5257 2110 5313 pergo-

596 5372 675 5448 (i)
699 5374 869 5448 Codd.
903 5373 1059 5427 unde.

587 5439 671 5518 (‘2)
691 5445 861 5502 Codd.
895 5449 1029 5500 unde
1052 5441 1263 5513 aliquod
1291 5458 1392 5497 non
1414 5441 1482 5495 ad
1506 5439 1823 5498 inducendos
1845 5442 1985 5510 illos,
2015 5458 2113 5515 pro

509 5524 629 5590 quia
653 5534 757 5575 non
780 5519 889 5574 ille.

609 5596 667 5655 3)
696 5590 829 5646 Cod.
855 5592 909 5644 in
937 5587 1109 5645 Petra.
1420 5633 1429 5642 .

616 5662 667 5734 4)
701 5662 857 5732 Vulg.
893 5680 906 5717 :
937 5660 1044 5717 Sed
1076 5673 1196 5716 sum
1217 5658 1454 5715 vidissent
1481 5658 1619 5730 quod
1645 5675 1748 5716 non
1771 5666 1908 5716 recte
1927 5657 2110 5715 auibu-

515 5736 698 5819 larent,
731 5740 818 5791 etc

2293 4584 2377 4657 (‘2)
2409 4584 2566 4659 Vulg.
2597 4584 2811 4643 suam:
2846 4588 3057 4646 Christi.
3670 4632 3673 4633 ,

2409 4670 2561 4752 vu'g-
2596 4699 2619 4758 ε,
2641 4692 2850 4752 Ρνοριεν
2874 4683 3013 4758 quod
3040 4700 3102 4740 ex
3126 4674 3363 4758 operibus
3394 4685 3524 4757 legis
3545 4701 3642 4743 non
3656 4675 3788 4754 justi-

2216 4750 2454 4820 ficabitur
2478 4750 2650 4807 oinm's'
2670 4750 2810 4808 caro.

2290 4836 2368 4916 (4)
2396 4842 2640 4900 Notabile
2676 4846 2901 4912 dictum,
2930 4847 3075 4918 quod
3116 4846 3454 4904 demonstrat
3483 4842 3781 4903 Victorinum

2218 4920 2477 4990 posuisse
2530 4930 2739 4971 comma
2797 4930 2921 4973 ante
2960 4932 3251 4990 peccatores
3302 4920 3358 4975 iu
3420 4928 3571 4974 textu
3620 4929 3782 4990 supra:

2217 4983 2421 5065 scripto
2453 4989 2623 5055 Pauli,
2663 5004 2828 5065 secus
2855 5006 2922 5046 ac
2948 4983 3034 5049 est
3061 4996 3116 5049 in
3167 4993 3383 5065 vulgata
3410 4983 3780 5058 θάὶιίοῠθίιδί

2218 5064 2504 5128 peccatores
2531 5063 2750 5131 respicit
2766 5070 2959 5134 gentes.

2291 5151 2369 5224 (5)
2407 5154 2478 5208 Ita
2513 5154 2720 5210 locutos
2750 5155 2885 5229 alios
2906 5172 3122 5226 quoque
3152 5167 3331 5228 patres
3356 5158 3566 5229 aliquot
3591 5157 3776 5215 scissus,

2216 5240 2361 5298 quos
2376 5236 2621 5298 recenset
2650 5226 2991 5298 explicatque
3024 5226 3383 5287 Bellartninus
3425 5226 3521 5286 lib.
3567 5231 3654 5285 cit.
3681 5240 3776 5297 cap-

2221 5294 2313 5373 25.
2350 5296 2459 5373 [figo
2490 5313 2620 5373 vero
2651 5294 2776 5373 nolo
2823 5294 2967 5373 niti—te
3012 5300 3223 5371 ingredi
3253 5304 3473 5373 pelagus
3502 5294 3777 5373 conti-orer-

2219 5369 2315 5423 site
2344 5367 2412 5423 de
2434 5368 2837 5439 iustiﬁcatione.
2872 5371 3016 5429 Ecce
3060 5367 3423 5430 intacti—sacer
3445 5374 3673 5430 Iacobus
3695 5370 3773 5438 ΕΡ.

2217 5454 2339 5519 φρ.
2370 5456 2441 5494 it:
2477 5440 2738 5519 Abrpham
2762 5452 2907 5519 pater
2937 5455 3108 5499 noster
3132 5463 3305 5501 nonne
3325 5441 3775 5519 asperius

2217 5506 2501 5588 ﬁeatusest
2523 5512 2741 5579 o/ferens
2762 5506 2926 5588 ﬁlium
2948 5534 3099 5570 suum
3121 5535 3276 5588 super
3295 5506 3499 5574 altare}
3522 5506 3773 5588 οὖάείιιξν

2216 5584 2359 5662 nituit
2388 5584 2516 5652 [idos
2543 5585 2915 5662 cooperabutur
2933 5582 3339 5662 operibus'cjns,
3382 5599 3439 5662 et
3459 5606 3529 5662 fc

2215 5654 2344 5721 ﬁdes
2359 5664 2711 5733 consummata
2738 5659 2853 5713 est?
2879 5682 2950 5703 αι-
3647 5654 3771 5710 ill.

2212 5738 2260 5781 et
2288 5736 2389 5782 non
2417 5743 2480 5783 ea:
2502 5727 2607 5797 ﬁde
2631 5738 2849 5785 tantum.
