4024 6306
311 189 455 255 1165

1180 196 1245 253 ΙΝ
1284 192 1671 256 EPISTOLAM
1710 190 1912 252 PAULI
1954 191 2046 249 Al)
2083 190 2411 253 GALATAS
2431 193 2637 252 LIBER
2674 194 2715 253 l.

3464 203 3603 266 “66

309 326 375 365 ex
403 311 795 382 gentibus,uon
810 325 876 368 ex
894 295 1981 384 operibus,n’equeObservationelegisA
2012 322 2130 376 8°!“
2178 307 2471 377 accepisse.
2505 310 2697 380 "liam
2743 308 2906 366 homo
2946 318 3098 368 νθιυε
3139 311 3279 369 “Ius
3321 314 3393 371 είι
3437 318 3608 386 “Dei.

306 406 640 476 Iuda-orum,
669 407 763 467 sed
787 410 1114 478 justiilcatur
1138 427 1203 467 ex
1234 411 1356 468 lide.

384 503 549 560 Vsus.
577 504 662 559 17.
688 536 759 548 -—
788 506 850 562 Si
875 518 1042 561 autem
1067 516 1349 579 quaerentes
1362 506 1647 578 justi/icari
1670 507 1726 560 iu
1755 503 1904 560 Citri-

309 605 407 662 sto,
430 597 746 653 inveniemur
770 609 816 654 et
841 600 943 671 ipsi
971 611 1281 671 peccatores,
1312 617 1429 672 ergo
1458 610 1502 655 et
1531 599 1760 655 Christus
1789 614 1906 671 pec-

308 688 409 742 cati
436 688 665 743 minister
732 699 804 746 est
829 690 943 764 (l)?
980 691 1193 746 Etenim
1244 699 1557 762 peccatores
1613 707 1737 747 cum
1795 690 1906 745 sint

300 776 486 851 jndaei,
516 790 570 836 et
594 793 904 853 peccatores
932 799 1034 839 non
1062 800 1126 840 ex
1151 784 1421 855 gentibus,
1462 793 1516 840 ct
1538 800 1660 840 cum
1686 792 1904 855 accepta

307 874 411 929 litle
452 877 502 930 in
525 874 743 931 Christo
779 879 988 947 agimus
1035 879 1176 950 quod
1220 877 1389 934 Jndu-i
1431 887 1616 950 agunt,
1650 879 1738 949 qui
1779 878 1902 933 ideo

305 965 358 1021 in
396 965 668 1024 Chrismm
707 969 868 1025 lidetn
909 970 1167 1027 sumimus
1191 1011 1204 1036 ,
1239 971 1360 1042 quia
1404 989 1509 1027 non
1552 988 1619 1027 ex
1648 972 1903 1040 operibus

302 1057 436 1130 legis
460 1059 742 1131 justii‘tcari
775 1064 1136 1120 intelleximus
1163 1064 1457 1132 hominem,
1490 1067 1539 1120 in
1571 1082 1673 1135 qua
1701 1067 1781 1139 (Ξ)
1809 1081 1904 1122 vo-

303 1154 480 1211 lumus
501 1156 788 1228 justilicari
815 1158 867 1214 in
891 1160 1141 1227 Christo;
1169 1162 1523 1216 observantes
1549 1161 1683 1233 legis
1709 1176 1897 1232 opera,

302 1257 617 1320 peceatores
646 1248 913 1306 eiﬁcimur
939 1251 1083 1323 :jam
1111 1253 1172 1307 iit
1198 1262 1258 1307 ut
1285 1252 1534 1310 Christus
1566 1253 1769 1324 peccati
1801 1252 1901 1308 mi-

301 1343 605 1410 nister’sit;
656 1360 814 1416 quem
862 1344 986 1401 ideo
1023 1347 1352 1417 accepimus,
1400 1364 1467 1403 ne
1512 1362 1896 1419 peccarcmus;

301 1452 449 1493 nunc
469 1446 693 1510 accepto
717 1441 869 1510 ipso;
901 1455 1022 1495 cum
1055 1441 1121 1497 ad
1154 1451 1369 1512 peccata
1400 1442 1712 1507 redeamus,
1742 1442 1791 1497 id
1818 1452 1900 1498 est

301 1529 656 1602 jutluizcmus,
678 1532 846 1590 factus
870 1542 955 1590 est
977 1531 1225 1591 Christus
1246 1535 1449 1607 peccati
1484 1534 1766 1592 minister?
1790 1534 1897 1592 Sed

298 1621 423 1691 hoc,
448 1624 641 1697 inquit,
672 1626 812 1682 absit
842 1645 855 1683 :
886 1626 941 1683 id
964 1622 1267 1684 cst'nonita
1297 1637 1511 1701 oportet
1539 1630 1763 1697 sentire,
1789 1644 1894 1683 non

2009 397 2063 454 id
2085 409 2167 455 est
2188 407 2297 455 tota
2323 415 2473 468 caro,
2500 402 2552 457 id
2574 411 2658 458 est
2680 402 2856 459 omnis
2876 402 3038 460 homo
3059 411 3235 473 vetus,
3255 413 3311 463 et
3336 406 3609 466 desideria

2008 492 2207 548 carnis.
2252 492 2364 549 lloc
2399 495 2543 550 enim
2591 494 2846 552 Christus
2900 497 3159 569 mysterio
3206 513 3326 567 suo,
3378 508 3434 557 et
3470 501 3609 563 mihi

2007 587 2137 658 egit.
2181 585 2397 644 Conlixi
2444 605 2573 661 ergo
2602 605 2726 645 cum
2762 591 2975 647 Clll‘i:t0
3016 608 3201 649 sumus
3229 594 3398 650 cruci.

2081 678 2243 736 Vsus.
2259 680 2352 739 20.
2372 712 2441 722 -—-
2460 680 2589 737 Vivo
2610 694 2801 751 antem,
2816 687 2931 757 jam
2948 702 3050 741 non
3072 702 3182 757 ego,
3206 687 3296 743 sed
3316 687 3435 742 vicit
3457 688 3509 742 in
3529 704 3609 748 me

2007 769 2258 828 Christus.
2287 773 2339 829 id
2359 783 2441 829 est
2455 776 2565 846 jam
2588 777 2807 846 Spiritus
2835 778 3006 833 iactus
3024 794 3163 844 sum,
3180 780 3496 852 Spiritaliter
3518 782 3602 839 in-

2007 865 2299 938 telligendo
2318 868 2565 924 mandata
2598 870 2712 926 Dei.
2743 869 2884 928 Ante
2903 881 3072 928 totum
3100 874 3240 930 circa
3269 891 3488 933 carnem
3512 893 3602 935 me

2005 959 2348 1028 exhibebant,
2379 971 2433 1018 et
2466 962 2584 1036 ejus
2609 964 2895 1021 desideriis
2926 968 3012 1022 vel
3042 968 3343 1025 serviebant
3382 972 3467 1028 vel
3498 972 3607 1029 im-

2004 1054 2293 1123 perabant,
2335 1053 2466 1109 nihil
2516 1057 2832 1131 Spit-italiter
2878 1058 3208 1132 intelligens.
3268 1063 3422 1122 Nunc
3473 1081 3605 1138 ergo

2004 1147 2256 1216 quoniam
2290 1149 2403 1218 ipse
2444 1146 2755 1219 spiritaliter
2784 1153 2904 1208 vivo
2928 1193 2943 1220 ,
2976 1154 3103 1209 vivit
3132 1154 3186 1211 in
3214 1171 3302 1212 me
3329 1156 3603 1216 Christus.

2006 1239 2158 1303 Quod
2186 1252 2354 1295 autem
2379 1259 2515 1296 nunc
2538 1244 2645 1298 rivo
2665 1244 2717 1298 in
2740 1261 2915 1314 carne,
2940 1247 2991 1303 in
3020 1247 3123 1316 ﬁde
3150 1250 3262 1304 vivo
3291 1252 3388 1320 lilii
3426 1251 3524 1309 Dei
3550 1262 3607 1311 et

2000 1329 2223 1386 Christi.
2264 1332 2377 1388 Hoc
2418 1344 2501 1389 est
2541 1349 2669 1392 vere
2696 1337 3010 1407 Spit-italiter
3038 1341 3220 1399 vivere
3243 1385 3256 1410 ,
3305 1352 3363 1399 ut
3392 1360 3513 1401 cum
3546 1347 3599 1403 in

2000 1436 2167 1479 Carne
2196 1423 2317 1495 quis
2340 1426 2516 1492 vivat,
2552 1444 2658 1484 non
2690 1442 2912 1501 propter
2939 1448 3157 1490 carnem
3204 1435 3378 1504 vivat,
3413 1453 3593 1510 neque

2000 1529 2065 1569 ex
2107 1529 2303 1585 carne,
2336 1517 2430 1573 sed
2459 1519 2602 1575 vivat
2646 1521 2755 1576 Deo
2795 1532 2847 1579 et
2879 1524 3095 1581 Christo
3124 1527 3176 1583 in
3227 1528 3331 1585 ﬁde
3361 1544 3551 1587 eorum
3581 1550 3595 1587 :

2002 1609 2143 1679 quod
2170 1622 2254 1667 est
2279 1612 2459 1670 vivere
2488 1614 2824 1685 spiritaliter,
2863 1618 2931 1675 de
2961 1619 3077 1691 ipso
3118 1622 3383 1693 cogitare,
3427 1625 3606 1698 ipsum

298 1721 369 1805 ita
406 1737 587 1794 agere,
620 1732 678 1778 ut
706 1722 949 1780 Christus
990 1730 1193 1795 peccati
1233 1727 1480 1783 minister
1528 1727 1618 1792 sit,
1652 1726 1742 1799 qui
1772 1725 1894 1783 ideo
1926 1725 1973 1787 B
2003 1704 2167 1805 [θαυίν
2212 1707 2388 1805 ipsum
2426 1709 2671 1779 "ederet
2704 1712 2771 1769 ad
2816 1710 2991 1782 ipsum
3034 1715 3309 1773 δεδίδαίο
3352 1720 3599 1790 tendere:

300 1826 490 1886 passus
539 1826 622 1872 est
667 1824 724 1872 ut
771 1829 1051 1888 peccatum
1099 1820 1363 1877 interiret.

370 1908 532 1965 Vsus.
568 1910 651 1966 l8.
676 1940 747 1951 αα
775 1910 838 1967 Si
854 1913 987 1967 enim
1010 1928 1125 1984 qua:
1150 1914 1403 1976 destrumi,
1432 1915 1615 1970 iterum
1640 1914 1748 1970 Ittec
1771 1913 1900 1969 ωαξ-

299 2003 415 2073 lico,
461 2005 903 2075 prwvaricntorem
932 2022 1012 2060 me
1038 2007 1311 2061 constituo.
1344 2005 1477 2062 Cum
1525 2008 1668 2063 enim
1693 2006 1899 2062 credidi

293 2095 505 2167 judteus
522 2097 574 2152 in
591 2097 828 2162 Christo,
847 2097 1083 2155 destruxi
1111 2101 1279 2171 legem
1301 2100 1360 2157 et"
1376 2102 1510 2171 legis
1537 2116 1701 2173 opera
1726 2117 1737 2154 :
1759 2116 1900 2157 nunc

299 2199 477 2245 autem
503 2199 622 2261 post
644 2190 1016 2248 credulitatem
1036 2192 1385 2250 in-Christum
1411 2195 1455 2248 si
1478 2204 1724 2250 revertor
1740 2203 1902 2267 atque

299 2292 399 2354 ego
416 2284 547 2354 legis
571 2299 754 2353 Opera,
772 2286 978 2363 ξιτάίιὶςο
1000 2301 1119 2358 quae
1142 2287 1405 2353 destruxi,
1424 2297 1478 2342 et
1499 2303 1616 2342 sum
1632 2287 1741 2359 jam
1768 2304 1903 2357 pra:-

300 2378 589 2442 ‘vnricator,
608 2376 710 2449 qui
740 2388 933 2433 contra
957 2378 1095 2433 facio
1124 2380 1281 2450 quam
1309 2379 1512 2435 utilitas
1538 2386 1592 2435 et
1635 2378 1805 2435 virtus
1844 2388 1902 2434 et

298 2486 463 2529 causa
499 2475 751 2543 postulat.
792 2470 959 2545 Cujus
989 2487 1166 2530 autem
1200 2476 1582 2548 praevaricator
1603 2477 1759 2531 sum?
1793 2490 1902 2531 non

303 2567 456 2639 legis,
477 2570 570 2626 sed
592 2569 791 2625 Christi
817 2588 829 2625 :
854 2569 1103 2626 mandata
1126 2572 1269 2627 enim
1287 2571 1487 2628 Christi
1509 2572 1560 2627 in
1585 2572 1905 2643 praevarica-

302 2661 508 2719 tionem
539 2666 715 2730 tralio,
736 2666 780 2719 si
811 2664 875 2720 ad
904 2664 1230 2735 jndnismnm
1252 2674 1518 2732 revertor,
1538 2674 1593 2721 et
1622 2679 1684 2721 ea
1716 2663 1906 2720 obser-

304 2758 435 2813 vare
465 2756 666 2829 incipio
712 2775 834 2831 qua}
869 2761 1224 2817 condemnavi
1267 2761 1638 2829 observanda;
1671 2762 1794 2833 quia
1826 2761 1907 2817 in-

306 2854 487 2910 tellexi
540 2870 647 2911 non
708 2872 779 2913 ex
833 2855 967 2928 ipsis
1013 2855 1300 2928 jnstilicari
1350 2856 1645 2925 hominem,
1697 2856 1793 2914 sed
1837 2873 1904 2914 ex

300 2940 543 3002 Christo.

301 3050 309 3059 '
378 3032 545 3096 Vsus.
571 3039 657 3096 19.
689 3070 761 3083 -—
784 3039 892 3115 Ego
934 3042 1067 3097 enim
1095 3058 1185 3112 per
1210 3042 1370 3114 legent
1386 3041 1485 3115 legi
1504 3052 1735 3099 mortuus
1764 3060 1899 3107 sum,

301 3143 363 3186 ut
402 3128 508 3188 Deo
533 3132 717 3189 vivam.
748 3130 934 3192 Potest
976 3134 1146 3191 videri
1180 3135 1313 3191 duas
1348 3136 1493 3208 leges
1522 3136 1725 3193 dixisse
1762 3138 1903 3193 Pau-

307 3222 410 3291 lus,
444 3239 606 3280 unum
645 3224 867 3294 Christi,
912 3226 1136 3283 alteram
1164 3226 1353 3300 Moysi,
1398 3238 1454 3283 ut
1481 3228 1582 3301 ipsi
1625 3230 1728 3302 legi
1756 3246 1900 3286 mor-

303 3320 455 3371 tuum
485 3332 543 3373 se
572 3317 735 3385 dicat,
771 3335 889 3391 ane
922 3318 1022 3375 fuit
1041 3318 1241 3376 Judmis
1269 3320 1413 3389 data,
1447 3337 1542 3392 per
1580 3322 1751 3395 legem
1777 3340 1900 3396 qua:

304 3410 571 3469 aChristo
606 3414 728 3469 data
756 3415 823 3470 sit
860 3423 963 3470 :ut
986 3412 1090 3471 hoc
1131 3414 1220 3478 sit.
1273 3432 1366 3483 per
1407 3416 1579 3487 legem
1617 3416 1719 3488 legi
1754 3434 1901 3474 mor-

306 3512 431 3561 tuus
457 3522 610 3574 sum;
646 3506 696 3562 id
723 3518 801 3563 e51
823 3488 920 3579 per
946 3507 1116 3579 legem
1146 3508 1349 3563 Christi
1382 3520 1626 3566 mortuus
1657 3525 1775 3565 sum
1799 3510 1900 3582 legi

303 3597 613 3653 ‘Jndzrorum
642 3614 767 3655 ante
786 3600 949 3656 datm.
985 3601 1169 3656 POtesl
1195 3609 1375 3658 autem
1402 3601 1591 3669 videri,
1624 3603 1769 3675 quod
1797 3605 1905 3660 fre-

302 3701 535 3761 quenter
563 3692 634 3746 ait
667 3691 884 3757 Paulus,
932 3691 1027 3748 sed
1061 3703 1116 3750 et
1150 3693 1267 3763 ipse
1313 3693 1579 3761 Salvator,
1614 3705 1669 3749 ut
1699 3694 1901 3752 idcirco

300 3771 438 3837 duas
471 3783 613 3854 leges
660 3784 785 3841 hinc
828 3785 1205 3852 nominaverit,
1238 3785 1491 3857 quoniam
1547 3786 1736 3842 eadem
1786 3788 1900 3857 ipsa

304 3874 449 3929 velut
473 3875 670 3946 duplex
694 3886 797 3942 est,
817 3858 932 3933 una
958 3892 1083 3933 cum
1107 3878 1419 3943 carnaliter,
1452 3879 1618 3934 altera
1641 3893 1766 3934 cum
1793 3880 1903 3949 θρῖα

300 3966 568 4039 vitaliter,
603 3972 937 4046 intelligitur.
985 3977 1123 4029 Ante
1156 3983 1338 4029 autem
1366 3974 1659 4030 carnaliter
1703 3974 1901 4031 intelli-

298 4062 567 4134 gebatur;
630 4072 685 4120 et
740 4080 808 4119 ex
860 4067 1117 4135 operibus
1153 4076 1208 4122 et
1259 4081 1325 4121 ex
1373 4065 1792 4122 circumcisione
1846 4075 1903 4123 et

298 4158 516 4211 tta-teris
530 4156 1005 4212 observationibus
1034 4158 1626 4214 carnaliter-intellectis
1657 4157 1759 4228 legi
1783 4172 1899 4214 ser-

309 4248 551 4305 viebatnr
575 4265 588 4301 :
620 4258 675 4304 at
703 4259 887 4320 postea
910 4262 1069 4316 quam
1096 4249 1347 4306 Salvator
1367 4264 1557 4306 verum
1582 4260 1639 4305 et
1660 4248 1903 4319 spiritale

294 4340 485 4397 lumen
516 4343 786 4413 apparuit,
818 4342 1043 4414 intelligi
1075 4343 1160 4399 lex
1184 4344 1357 4414 erepit
1388 4342 1732 4413 spiritaliter;
1763 4342 1900 4399 facta

295 4427 454 4489 "velut
478 4436 605 4501 alia,
624 4451 751 4491 cum
779 4436 968 4492 eadem
999 4436 1112 4507 ipsa
1133 4438 1220 4493 lex
1243 4438 1334 4493 sit.
1367 4436 1511 4508 Ergo
1530 4438 1635 4494 erit
1666 4451 1860 4494 sensus
1884 4454 1898 4490 :

2002 1797 2187 1870 fugere
2212 1801 2499 1870 mundum,
2521 1819 2794 1873 exponere
2824 1806 3003 1863 omnia
3027 1823 3146 1879 quae
3174 1809 3224 1864 in
3259 1811 3459 1868 mundo
3480 1825 3610 1872 sunt

2000 1907 2065 1948 ex
2091 1894 2270 1948 animo
2301 1911 2313 1947 :
2348 1896 2449 1951 hoc
2475 1904 2560 1951 est
2585 1895 2688 1953 lide
2710 1898 2912 1965 vivere,
2946 1916 2974 1955 a
2999 1902 3147 1959 nullo
3169 1903 3311 1961 aliud
3340 1906 3466 1962 boni
3484 1924 3610 1980 spe-

2000 1999 2123 2041 rare
2150 2001 2309 2056 quam
2338 2001 2367 2042 a
2391 1988 2608 2044 Christo
2634 1998 2689 2044 et
2717 2006 2745 2044 a
2780 1991 2890 2047 Deo
2914 2008 2926 2046 :
2959 1992 3061 2049 hoc
3086 2006 3169 2051 est
3193 1995 3244 2051 in
3279 1996 3383 2053 lide
3424 1998 3610 2056 vivere

2001 2087 2059 2132 et
2096 2077 2186 2134 Dei
2228 2089 2282 2134 et
2310 2077 2533 2149 Christi,
2564 2082 2652 2153 qui
2704 2097 2793 2139 me
2833 2083 3023 2140 dilexit
3059 2096 3111 2142 et
3137 2087 3357 2144 tradidit
3400 2096 3610 2147 tantum

2002 2168 2349 2238 benelicinm,
2378 2183 2433 2227 ut
2460 2188 2519 2228 se
2562 2187 2660 2244 pro
2692 2174 2850 2231 nobis
2888 2176 3043 2235 daret
3072 2180 3237 2236 morti
3265 2189 3319 2236 et
3345 2184 3515 2253 cruci,
3547 2199 3613 2243 ac

2004 2264 2087 2319 sic
2118 2278 2216 2318 nos
2246 2264 2315 2320 de
2348 2266 2581 2336 peccatis
2608 2267 2886 2325 liberaret.

2080 2353 2323 2426 Denique
2361 2358 2439 2410 sic
2483 2357 2850 2428 subsequitur,
2888 2358 3051 2417 Vsus.
3108 2362 3174 2418 21
3209 2379 3223 2416 :
3253 2363 3470 2432 -τΝοη
3495 2382 3611 2421 sum
3640 2364 3647 2369 ”

2003 2444 2239 2517 ingratus
2266 2449 2452 2520 gratia:
2481 2448 2577 2505 Dei
2607 2448 2689 2523 (1)
2724 2461 2779 2506 ut
2805 2467 2924 2508 cum
2950 2456 3065 2526 ipse
3094 2440 3182 2513 me
3210 2457 3484 2516 haeredem
3525 2460 3609 2519 fe-

2004 2542 2139 2598 cerit
2164 2557 2258 2612 per
2281 2540 2579 2610 Christum,
2609 2553 2665 2600 et
2689 2544 2936 2602 Christus
2962 2563 3022 2603 se
3053 2550 3334 2607 tradiderit
3365 2569 3463 2624 pro
3489 2570 3598 2621 me,

2004 2648 2106 2706 ego
2130 2636 2351 2691 dimissa
2379 2637 2526 2693 omni
2549 2653 2645 2709 spe
2665 2655 2825 2703 quam
2856 2639 3032 2696 habeo
3051 2641 3103 2697 in
3127 2644 3368 2713 Christo,
3390 2646 3611 2704 redeam

2006 2729 2075 2785 ad
2103 2746 2255 2801 spem
2283 2731 2418 2801 legis
2450 2740 2508 2786 ut
2532 2735 2750 2789 credam
2780 2749 2848 2789 ex
2874 2735 3131 2805 operibus
3175 2739 3307 2810 legis
3335 2755 3422 2796 me
3443 2741 3611 2812 justi-

2007 2820 2179 2879 ﬁcari.
2213 2821 2328 2879 lloc
2349 2833 2432 2879 est
2462 2826 2728 2895 ingratum
2750 2840 2873 2881 esse
2894 2827 2942 2882 ei
2965 2831 3053 2899 qui
3074 2829 3205 2885 mihi
3234 2839 3445 2905 tantum
3473 2849 3614 2905 prae-

2008 2914 2162 2978 stitit.
2192 2921 2251 2971 ut
2268 2929 2366 2985 pro
2391 2930 2478 2970 me
2505 2930 2563 2971 se
2584 2916 2871 2986 objiceret,
2899 2925 2954 2973 et
2983 2935 3068 2975 me
3093 2935 3124 2974 a
3150 2899 3385 2993 peccatis
3418 2899 3615 2981 libera-

2008 3015 2092 3065 ret
2109 3024 2203 3079 per
2225 3018 2444 3079 peccata
2464 3010 2514 3064 in
2540 3025 2600 3065 se
2633 3011 2839 3081 punita.
2866 3009 3005 3067 Nam
3030 3016 3080 3068 si
3104 3031 3197 3087 per
3222 3018 3384 3089 legem
3404 3018 3616 3090 justitia

1929 3120 1975 3189 ρ
2010 3113 2106 3170 est,
2131 3116 2252 3173 ergo
2279 3099 2516 3158 Christus
2542 3102 2703 3173 gratis
2730 3115 2964 3158 mortuus
2993 3117 3088 3160 est.
3131 3104 3297 3163 Plena
3336 3110 3614 3169 conclusio

2007 3191 2152 3248 circa
2179 3208 2393 3250 errores
2422 3192 2734 3250 Galatarum
2755 3202 2810 3251 et
2838 3211 3025 3252 eorum
3059 3200 3149 3270 qui
3171 3198 3239 3255 ad
3271 3200 3610 3258 christianis-

2006 3301 2152 3341 mum
2177 3285 2507 3356 judaismum
2552 3286 2797 3343 addunt:
2830 3290 3053 3359 etenim,
3080 3292 3271 3364 inquit,
3316 3296 3360 3349 si
3403 3294 3613 3367 justitia

2003 3386 2089 3434 est
2115 3392 2212 3449 per
2239 3379 2434 3450 legem,
2464 3377 2665 3435 frustra
2694 3387 2938 3437 mortuus
2967 3392 3052 3438 est
3077 3383 3348 3441 Christus.
3375 3387 3434 3443 Si
3463 3387 3610 3444 enim

2005 3471 2128 3527 ideo
2159 3482 2401 3529 mortuus
2426 3481 2511 3529 est
2539 3470 2809 3541 Christus,
2848 3476 3101 3546 quoniam
3139 3478 3460 3550 justiﬁcatio
3501 3497 3613 3540 non

2007 3563 2353 3635 contingebat
2384 3580 2451 3621 ex
2495 3566 2632 3637 lege,
2668 3566 2842 3623 debeo
2871 3566 3144 3625 Chiistum
3191 3579 3370 3628 tamen
3417 3575 3610 3647 sequi:

2006 3656 2092 3712 sin
2143 3666 2323 3713 autem
2363 3657 2524 3714 etiam
2565 3669 2687 3730 post
2730 3661 3021 3717 adventum
3058 3662 3259 3720 Christi
3298 3682 3394 3736 per
3432 3667 3609 3739 legem

2002 3747 2285 3818 iustificari
2326 3766 2414 3806 me
2441 3750 2629 3820 credo,
2662 3769 2768 3808 non
2798 3763 2882 3808 est
2907 3764 3150 3813 mortuus
3175 3742 3425 3815 Christus
3449 3775 3612 3832 prop-

2010 3852 2091 3897 ter
2121 3859 2227 3909 me,
2255 3853 2310 3900 et
2338 3844 2507 3916 gratis
2537 3856 2782 3902 mortuus
2807 3856 2911 3916 est,
2944 3848 2998 3904 id
3022 3861 3106 3907 est
3128 3851 3250 3908 sine
3268 3867 3430 3909 causa
3461 3869 3609 3911 mor-

2009 3944 2133 3992 tuus
2175 3944 2275 3991 est.
2324 3935 2530 4009 Pugnat
2572 3950 2627 3995 et
2674 3941 2961 3998 adversum
3009 3943 3113 4000 sibi
3157 3955 3264 4013 est,
3297 3945 3523 4003 credere
3549 3947 3608 4003 in

2007 4026 2299 4095 Christum,
2349 4038 2404 4095 et
2445 4031 2581 4103 legis
2610 4049 2776 4105 opera
2824 4038 3012 4108 sequi;
3043 4053 3166 4093 cum
3210 4037 3358 4095 enim
3405 4040 3489 4096 lex
3537 4056 3607 4097 ex

2007 4124 2265 4195 operibus
2289 4125 2397 4181 suis
2416 4142 2523 4182 non
2536 4126 2860 4199 justilicaret
2882 4128 3178 4199 hominem,
3231 4132 3432 4189 idcirco
3451 4130 3610 4188 Chri-

2007 4226 2123 4273 stus
2152 4218 2318 4285 venit,
2354 4229 2410 4274 ut
2458 4230 2634 4277 morte
2675 4238 2771 4277 sua
2803 4222 3118 4295 justiticatio
3158 4224 3368 4281 homini
3411 4226 3602 4283 ﬂeret:

2009 4325 2152 4365 nunc
2176 4325 2296 4366 cum
2327 4310 2394 4366 ad
2424 4311 2597 4383 legem
2631 4313 2836 4371 reditus
2874 4317 2944 4373 sit
2974 4328 3096 4389 post
3146 4318 3306 4375 ﬁdem
3347 4320 3404 4377 in
3443 4319 3604 4376 Chri-

2009 4414 2173 4470 stum,
2206 4406 2371 4475 gratis
2390 4406 2655 4464 videbitur
2676 4407 2924 4466 Cltristus
2946 4423 3190 4468 mortuus
3212 4429 3356 4481 esse,
3387 4423 3445 4468 ut
3469 4414 3606 4472 nihil

308 4543 410 4599 ego
431 4497 699 4599 enim“,
718 4531 888 4601 legem
917 4497 1036 4601 qua;
1059 4546 1202 4587 nunc
1223 4497 1541 4602 spima‘i‘kr
1568 4532 1901 4599 intelligimr,
1926 4522 1984 4590 Β
2010 4497 2561 4602 nobisnpraestiterit;
2602 4503 2802 4574 quippe
2847 4520 2971 4602 cum
3003 4505 3114 4576 jam
3171 4508 3457 4578 prtestabat
3502 4510 3609 4566 hoc

289 4618 414 4690 Aegi
452 4630 701 4676 snortuus
719 4636 875 4689 sum;
909 4620 985 4676 illi
1025 4623 1235 4679 scilicet
1280 4623 1408 4693 legi,
1460 4636 1584 4694 quae
1612 4624 1906 4678 carnaliter

296 4709 726 4780 intelligebatur.
762 4712 831 4768 Et
854 4729 981 4769 cum
1008 4714 1083 4769 ita
1108 4715 1198 4782 sit,
1230 4714 1351 4785 quia
1383 4722 1559 4770 tamen
1592 4715 1907 4785 spiritaliter

290 4804 554 4878 intelligo
590 4808 783 4876 legem,
832 4819 1080 4863 mortuus
1129 4821 1249 4864 sum
1294 4809 1395 4881 legi
1443 4809 1670 4873 carnali,
1705 4819 1761 4863 ut
1795 4808 1905 4864 Deo

291 4900 635 4957 .vivam.'Sic
656 4903 801 4957 enim
832 4903 942 4957 Deo
970 4903 1092 4974 quis
1131 4904 1262 4957 vivit
1285 4918 1405 4959 cum
1436 4916 1703 4973 praecepta
1730 4903 1822 4958 illa
1852 4904 1904 4957 in

292 4994 433 5067 .lege
453 4997 630 5064 posita
651 5010 762 5052 non
798 4997 1092 5053 carnaliter
1135 4997 1403 5068 intelligit,
1432 4996 1903 5067 sed-spiritaliter;

287 5087 366 5143 Ἠ
382 5089 612 5160 estquid
642 5091 712 5144 sit
732 5104 864 5146 vere
886 5091 1225 5159 circumcidi,
1244 5091 1378 5163 quid
1404 5092 1477 5147 sit
1493 5106 1682 5146 verum
1711 5092 1910 5147 sabba-

314 5190 449 5247 tum,
484 5181 612 5253 quid
639 5194 853 5251 caetera,
901 5199 1020 5256 quae
1050 5182 1235 5241 multis
1260 5184 1399 5242 locis
1427 5190 1483 5241 et
1513 5192 1739 5242 tractata
1780 5194 1909 5240 sunt

287 5278 369 5331 ἀ
392 5276 785 5333 mutabuntur.

314 5398 317 5403 -
385 5367 742 5425 Cantabriae
764 5371 1048 5437 πυρίβια
1080 5386 1219 5427 αισι.
1246 5371 1363 5431 Hoc
1383 5382 1471 5429 est
1494 5372 1609 5446 iam
1634 5372 1798 5428 aliam
1829 5371 1907 5428 le-

274 5476 334 5600 ἶ·
381 5524 469 5596 (ι)
494 5526 656 5600 vutg.
690 5545 708 5581 ς
742 5528 893 5595 Quod
912 5528 963 5582 si
992 5537 1275 5598 quanam
1292 5529 1574 5600 meum
1605 5531 1659 5585 in
1682 5529 1910 5597 Christo,

314 5594 509 5675 inuenti
524 5594 697 5675 sumus
724 5594 775 5653 et
784 5601 890 5675 ipsi
922 5594 1226 5670 peccatores,
1259 5594 1510 5673 numquid
1541 5602 1772 5657 Christus
1786 5594 1914 5675 pec;

285 5667 978 5727 :“WNI‘Ms

390 5730 471 5811 (2)
501 5738 853 5813 Subintellige
880 5742 1002 5806 ﬁde.

2010 4590 2125 4646 lex.
2174 4591 2339 4649 Porro
2381 4605 2561 4652 autem
2607 4614 2711 4653 non
2760 4600 3052 4669 praestabat
3090 4603 3192 4658 hoc
3235 4604 3353 4671 lex;
3385 4614 3441 4660 et
3484 4604 3608 4663 ideo

2009 4681 2468 4769 Christusvenit,
2511 4699 2571 4744 ut
2609 4692 2722 4760 ipse
2771 4702 3245 4766 praestaretzergo
3292 4712 3400 4753 non
3436 4698 3605 4767 gratis

2009 4787 2255 4834 mortuus
2279 4788 2363 4834 est
2386 4778 2667 4847 Christus;
2696 4782 2790 4838 sed
2824 4800 2920 4856 per
2945 4787 3121 4856 ipsum
3160 4788 3316 4844 nobis
3335 4789 3602 4861 justifica-

2010 4871 2088 4927 tio
2127 4874 2405 4943 provenit:
2429 4875 2571 4947 quod
2602 4877 2648 4932 si
2680 4878 2752 4933 ita
2776 4889 2881 4947 est,
2908 4895 2978 4936 ex
3032 4883 3286 4953 operibus
3324 4883 3459 4957 legis
3498 4902 3609 4942 non

2006 4978 2094 5023 est
2115 4966 2345 5039 justitia.
3642 4975 3651 4981 ’

2083 5058 2236 5115 CAP.
2270 5059 2355 5115 lll.
2384 5060 2631 5119 ——Vens.
2658 5064 2705 5118 l.
2724 5095 2798 5108 --
2819 5064 2865 5120 0
2882 5069 3023 5122 stulti
3045 5067 3262 5138 Calatis,
3280 5071 3398 5142 quis
3428 5086 3515 5125 vos
3531 5074 3614 5143 [αι

2013 5152 2224 5207 scinavit
2257 5151 2359 5225 (2),
2389 5165 2505 5210 ante
2526 5173 2742 5226 quorum
2760 5160 2936 5215 oculos
2965 5160 3196 5219 Christus
3216 5162 3368 5218 Jesus
3383 5165 3611 5234 proscri-

2014 5255 2134 5317 ptus
2153 5256 2225 5300 est
2257 5244 2358 5319 (5),
2385 5257 2432 5302 et
2450 5249 2505 5303 iu
2524 5249 2663 5304 vobis
2679 5253 3001 5322 cruciﬁxus?
3020 5243 3136 5317 Non
3161 5254 3434 5324 patiuntur
3447 5254 3613 5313 fasci-

2014 5355 2162 5405 num,
2190 5340 2293 5396 nisi
2338 5341 2426 5412 qui
2484 5340 2537 5396 in
2588 5342 2734 5403 bono
2774 5345 2954 5417 aliquo
2982 5346 3214 5418 pollent,
3242 5356 3301 5406 et
3334 5348 3611 5419 patiuntur

1998 5516 2005 5523 ,
2087 5458 2169 5538 (1)
2196 5461 2356 5538 Χυξεο
2382 5480 2491 5538 eo"
2512 5465 2701 5538 οῆὶςίο
2716 5469 2940 5538 arma
2962 5468 3085 5525 Da“-

2018 5532 2172 5659 ήιιῗ)
2196 5532 2350 5608 νυιὲ.
2378 5534 2540 5593 habet
2566 5532 2583 5592 ξ
2609 5532 2742 5604 Quis
2764 5556 2852 5596 vos
2878 5542 3146 5610 fascinavit
3171 5558 3272 5599 non
3295 5543 3496 5599 obedire
3521 5557 3612 5599 tte-

2087 5623 2117 5658 α
2142 5622 2178 5659 ι.

2096 5676 2176 5759 (ςό)
2199 5677 2456 5759 Notemns
2506 5679 2792 5759 lectionem
2836 5685 3152 5759 proscriptus
3179 5687 3302 5759 (pro
3339 5686 3612 5758 prwscripa

2028 5749 2133 5822 tus)
2162 5766 2320 5822 quam
2344 5751 2434 5807 alii
2461 5767 2675 5824 quoque
2699 5749 2857 5824 prisci
2878 5749 3061 5826 patres
3082 5749 3494 5842 repr'arsentant.
