  <div class='ocr_page' id='page_1' title='image "/cluster/home/n/w/nwhite01/storage/ocr_20150623/8/hvd.32044015471253/591.png"; bbox 0 0 4024 6306; ppageno 0'>
   <div class='ocr_carea' id='block_1_1' title="bbox 534 255 675 315">
    <p class='ocr_par' dir='ltr' id='par_1_1' title="bbox 534 255 675 315">
     <span class='ocr_line' id='line_1_1' title="bbox 534 255 675 315; baseline -0.028 0"><span class='ocrx_word' id='word_1_1' title='bbox 534 255 675 315; x_wconf 76' lang='grc'><strong>1167</strong></span> 
     </span>
    </p>
   </div>
   <div class='ocr_carea' id='block_1_2' title="bbox 1739 228 2519 301">
    <p class='ocr_par' dir='ltr' id='par_1_2' title="bbox 1739 228 2519 301">
     <span class='ocr_line' id='line_1_2' title="bbox 1739 228 2519 301; baseline -0.015 0"><span class='ocrx_word' id='word_1_2' title='bbox 1739 238 1932 301; x_wconf 74' lang='lat' dir='ltr'><strong>MAR&quot;</strong></span> <span class='ocrx_word' id='word_1_3' title='bbox 1976 228 2317 295; x_wconf 77' lang='lat' dir='ltr'><strong>VICTORINI</strong></span> <span class='ocrx_word' id='word_1_4' title='bbox 2356 230 2519 289; x_wconf 81' lang='lat' dir='ltr'><strong>AFRI</strong></span> 
     </span>
    </p>
   </div>
   <div class='ocr_carea' id='block_1_3' title="bbox 3665 234 3777 294">
    <p class='ocr_par' dir='ltr' id='par_1_3' title="bbox 3665 234 3777 294">
     <span class='ocr_line' id='line_1_3' title="bbox 3665 234 3777 294; baseline 0.054 -6"><span class='ocrx_word' id='word_1_5' title='bbox 3665 234 3777 294; x_wconf 80' lang='lat' dir='ltr'><strong>H68</strong></span> 
     </span>
    </p>
   </div>
   <div class='ocr_carea' id='block_1_4' title="bbox 530 345 3776 441">
    <p class='ocr_par' dir='ltr' id='par_1_4' title="bbox 530 345 3776 441">
     <span class='ocr_line' id='line_1_4' title="bbox 530 345 3776 441; baseline -0.005 -21"><span class='ocrx_word' id='word_1_6' title='bbox 530 388 559 428; x_wconf 65' lang='grc' dir='ltr'>θ</span> <span class='ocrx_word' id='word_1_7' title='bbox 594 370 844 441; x_wconf 76' lang='lat' dir='ltr'><strong>malignis</strong></span> <span class='ocrx_word' id='word_1_8' title='bbox 881 378 938 426; x_wconf 81' lang='lat' dir='ltr'><strong>et</strong></span> <span class='ocrx_word' id='word_1_9' title='bbox 975 367 1207 424; x_wconf 84' lang='lat' dir='ltr'><strong>invidis:</strong></span> <span class='ocrx_word' id='word_1_10' title='bbox 1241 377 1295 423; x_wconf 84' lang='lat' dir='ltr'><strong>et</strong></span> <span class='ocrx_word' id='word_1_11' title='bbox 1325 382 1449 423; x_wconf 89' lang='lat' dir='ltr'><strong>cum</strong></span> <span class='ocrx_word' id='word_1_12' title='bbox 1496 365 1697 422; x_wconf 89' lang='lat' dir='ltr'><strong>bonum</strong></span> <span class='ocrx_word' id='word_1_13' title='bbox 1739 378 1804 419; x_wconf 85' lang='lat' dir='ltr'><strong>ex</strong></span> <span class='ocrx_word' id='word_1_14' title='bbox 1849 356 2128 430; x_wconf 80' lang='lat' dir='ltr'><strong>evangelio</strong></span> <span class='ocrx_word' id='word_1_15' title='bbox 2158 350 2208 412; x_wconf 81' lang='grc' dir='ltr'>Α</span> <span class='ocrx_word' id='word_1_16' title='bbox 2235 349 2520 407; x_wconf 87' lang='lat' dir='ltr'><strong>leraverint</strong></span> <span class='ocrx_word' id='word_1_17' title='bbox 2549 349 2717 405; x_wconf 90' lang='lat' dir='ltr'><strong>multa</strong></span> <span class='ocrx_word' id='word_1_18' title='bbox 2750 348 2959 405; x_wconf 77' lang='lat' dir='ltr'><strong>fortiter</strong></span> <span class='ocrx_word' id='word_1_19' title='bbox 2987 361 3108 403; x_wconf 91' lang='lat' dir='ltr'><strong>eum</strong></span> <span class='ocrx_word' id='word_1_20' title='bbox 3126 346 3433 417; x_wconf 88' lang='lat' dir='ltr'><strong>accipereut</strong></span> <span class='ocrx_word' id='word_1_21' title='bbox 3452 345 3621 413; x_wconf 84' lang='lat' dir='ltr'><strong>ﬁdem,</strong></span> <span class='ocrx_word' id='word_1_22' title='bbox 3646 349 3776 405; x_wconf 85' lang='lat' dir='ltr'><strong>etiam</strong></span> 
     </span>
    </p>
   </div>
   <div class='ocr_carea' id='block_1_5' title="bbox 530 452 2131 537">
    <p class='ocr_par' dir='ltr' id='par_1_5' title="bbox 530 452 2131 537">
     <span class='ocr_line' id='line_1_5' title="bbox 530 452 2131 537; baseline -0.011 -15"><span class='ocrx_word' id='word_1_23' title='bbox 530 482 663 522; x_wconf 91' lang='lat' dir='ltr'><strong>vero</strong></span> <span class='ocrx_word' id='word_1_24' title='bbox 691 464 1063 535; x_wconf 88' lang='lat' dir='ltr'><strong>accepissent,</strong></span> <span class='ocrx_word' id='word_1_25' title='bbox 1093 473 1149 519; x_wconf 91' lang='lat' dir='ltr'><strong>et</strong></span> <span class='ocrx_word' id='word_1_26' title='bbox 1172 463 1224 517; x_wconf 93' lang='lat' dir='ltr'><strong>in</strong></span> <span class='ocrx_word' id='word_1_27' title='bbox 1265 459 1538 537; x_wconf 82' lang='lat' dir='ltr'><strong>Christum</strong></span> <span class='ocrx_word' id='word_1_28' title='bbox 1578 458 1896 521; x_wconf 88' lang='lat' dir='ltr'><strong>crederent,</strong></span> <span class='ocrx_word' id='word_1_29' title='bbox 1929 463 1985 509; x_wconf 92' lang='lat' dir='ltr'><strong>et</strong></span> <span class='ocrx_word' id='word_1_30' title='bbox 2011 452 2131 520; x_wconf 85' lang='lat' dir='ltr'><strong>ejus</strong></span> 
     </span>
    </p>
   </div>
   <div class='ocr_carea' id='block_1_6' title="bbox 2234 441 3779 516">
    <p class='ocr_par' dir='ltr' id='par_1_6' title="bbox 2234 441 3779 516">
     <span class='ocr_line' id='line_1_6' title="bbox 2234 441 3779 516; baseline -0.002 -15"><span class='ocrx_word' id='word_1_31' title='bbox 2234 446 2549 516; x_wconf 77' lang='lat' dir='ltr'><strong>spiritaliter</strong></span> <span class='ocrx_word' id='word_1_32' title='bbox 2578 445 2855 506; x_wconf 86' lang='lat' dir='ltr'><strong>viverent;</strong></span> <span class='ocrx_word' id='word_1_33' title='bbox 2890 443 3198 499; x_wconf 88' lang='lat' dir='ltr'><strong>necessario</strong></span> <span class='ocrx_word' id='word_1_34' title='bbox 3226 441 3368 498; x_wconf 90' lang='lat' dir='ltr'><strong>enim</strong></span> <span class='ocrx_word' id='word_1_35' title='bbox 3401 443 3485 513; x_wconf 89' lang='lat' dir='ltr'><strong>qui</strong></span> <span class='ocrx_word' id='word_1_36' title='bbox 3515 441 3779 512; x_wconf 76' lang='lat' dir='ltr'><strong>spiritaliter</strong></span> 
     </span>
    </p>
   </div>
   <div class='ocr_carea' id='block_1_7' title="bbox 534 535 3781 629">
    <p class='ocr_par' dir='ltr' id='par_1_7' title="bbox 534 535 3781 629">
     <span class='ocr_line' id='line_1_7' title="bbox 534 535 3781 629; baseline -0.006 -17"><span class='ocrx_word' id='word_1_37' title='bbox 534 557 799 629; x_wconf 86' lang='lat' dir='ltr'><strong>promissa</strong></span> <span class='ocrx_word' id='word_1_38' title='bbox 861 566 1165 625; x_wconf 76' lang='lat' dir='ltr'><strong>sperarem,</strong></span> <span class='ocrx_word' id='word_1_39' title='bbox 1205 535 1347 609; x_wconf 87' lang='lat' dir='ltr'><strong>nunc</strong></span> <span class='ocrx_word' id='word_1_40' title='bbox 1373 569 1493 609; x_wconf 90' lang='lat' dir='ltr'><strong>cum</strong></span> <span class='ocrx_word' id='word_1_41' title='bbox 1525 551 1818 621; x_wconf 87' lang='lat' dir='ltr'><strong>adjungere</strong></span> <span class='ocrx_word' id='word_1_42' title='bbox 1869 543 2134 616; x_wconf 65' lang='lat' dir='ltr'><strong>eruperint</strong></span> <span class='ocrx_word' id='word_1_43' title='bbox 2237 543 2423 614; x_wconf 83' lang='lat' dir='ltr'><strong>incipit</strong></span> <span class='ocrx_word' id='word_1_44' title='bbox 2452 541 2657 609; x_wconf 88' lang='lat' dir='ltr'><strong>vivere,</strong></span> <span class='ocrx_word' id='word_1_45' title='bbox 2689 540 2815 595; x_wconf 89' lang='lat' dir='ltr'><strong>dum</strong></span> <span class='ocrx_word' id='word_1_46' title='bbox 2846 539 3031 610; x_wconf 89' lang='lat' dir='ltr'><strong>abjicit</strong></span> <span class='ocrx_word' id='word_1_47' title='bbox 3070 537 3376 603; x_wconf 87' lang='lat' dir='ltr'><strong>mundana,</strong></span> <span class='ocrx_word' id='word_1_48' title='bbox 3423 535 3545 591; x_wconf 89' lang='lat' dir='ltr'><strong>dum</strong></span> <span class='ocrx_word' id='word_1_49' title='bbox 3591 538 3781 593; x_wconf 87' lang='lat' dir='ltr'><strong>sustinet</strong></span> 
     </span>
    </p>
   </div>
   <div class='ocr_carea' id='block_1_8' title="bbox 532 640 2131 719">
    <p class='ocr_par' dir='ltr' id='par_1_8' title="bbox 532 640 2131 719">
     <span class='ocr_line' id='line_1_8' title="bbox 532 640 2131 719; baseline -0.01 -13"><span class='ocrx_word' id='word_1_50' title='bbox 532 649 695 706; x_wconf 84' lang='lat' dir='ltr'><strong>etiam</strong></span> <span class='ocrx_word' id='word_1_51' title='bbox 718 647 974 719; x_wconf 84' lang='lat' dir='ltr'><strong>judaismi</strong></span> <span class='ocrx_word' id='word_1_52' title='bbox 1005 646 1367 716; x_wconf 84' lang='lat' dir='ltr'><strong>disciplinam,</strong></span> <span class='ocrx_word' id='word_1_53' title='bbox 1396 646 1533 717; x_wconf 82' lang='lat' dir='ltr'><strong>quis,</strong></span> <span class='ocrx_word' id='word_1_54' title='bbox 1560 644 1751 715; x_wconf 80' lang='lat' dir='ltr'><strong>inquit,</strong></span> <span class='ocrx_word' id='word_1_55' title='bbox 1776 656 1872 697; x_wconf 83' lang='lat' dir='ltr'><strong>vos</strong></span> <span class='ocrx_word' id='word_1_56' title='bbox 1902 640 2131 696; x_wconf 84' lang='lat' dir='ltr'><strong>lasciua-</strong></span> 
     </span>
    </p>
   </div>
   <div class='ocr_carea' id='block_1_9' title="bbox 530 728 2128 808">
    <p class='ocr_par' dir='ltr' id='par_1_9' title="bbox 530 728 2128 808">
     <span class='ocr_line' id='line_1_9' title="bbox 530 728 2128 808; baseline -0.009 -12"><span class='ocrx_word' id='word_1_57' title='bbox 530 743 631 808; x_wconf 92' lang='lat' dir='ltr'><strong>vit,</strong></span> <span class='ocrx_word' id='word_1_58' title='bbox 657 752 715 797; x_wconf 92' lang='lat' dir='ltr'><strong>ut</strong></span> <span class='ocrx_word' id='word_1_59' title='bbox 740 758 767 794; x_wconf 90' lang='lat' dir='ltr'><strong>a</strong></span> <span class='ocrx_word' id='word_1_60' title='bbox 794 741 936 796; x_wconf 77' lang='lat' dir='ltr'><strong>bono</strong></span> <span class='ocrx_word' id='word_1_61' title='bbox 965 747 1147 794; x_wconf 91' lang='lat' dir='ltr'><strong>vestro</strong></span> <span class='ocrx_word' id='word_1_62' title='bbox 1170 736 1536 794; x_wconf 67' lang='lat' dir='ltr'><strong>recederetis?</strong></span> <span class='ocrx_word' id='word_1_63' title='bbox 1581 736 1721 792; x_wconf 87' lang='lat' dir='ltr'><strong>Estis</strong></span> <span class='ocrx_word' id='word_1_64' title='bbox 1763 735 1923 805; x_wconf 81' lang='lat' dir='ltr'><strong>igitur</strong></span> <span class='ocrx_word' id='word_1_65' title='bbox 1952 728 2128 793; x_wconf 86' lang='lat' dir='ltr'><strong>stulti,</strong></span> 
     </span>
    </p>
   </div>
   <div class='ocr_carea' id='block_1_10' title="bbox 530 822 2128 903">
    <p class='ocr_par' dir='ltr' id='par_1_10' title="bbox 530 822 2128 903">
     <span class='ocr_line' id='line_1_10' title="bbox 530 822 2128 903; baseline -0.01 -12"><span class='ocrx_word' id='word_1_66' title='bbox 530 835 584 893; x_wconf 87' lang='lat' dir='ltr'><strong>id</strong></span> <span class='ocrx_word' id='word_1_67' title='bbox 601 842 685 890; x_wconf 87' lang='lat' dir='ltr'><strong>est</strong></span> <span class='ocrx_word' id='word_1_68' title='bbox 705 849 810 888; x_wconf 89' lang='lat' dir='ltr'><strong>nou</strong></span> <span class='ocrx_word' id='word_1_69' title='bbox 834 831 1215 903; x_wconf 87' lang='lat' dir='ltr'><strong>intelligentes.</strong></span> <span class='ocrx_word' id='word_1_70' title='bbox 1238 829 1376 897; x_wconf 87' lang='lat' dir='ltr'><strong>Quid</strong></span> <span class='ocrx_word' id='word_1_71' title='bbox 1395 839 1572 884; x_wconf 87' lang='lat' dir='ltr'><strong>autem</strong></span> <span class='ocrx_word' id='word_1_72' title='bbox 1596 827 1960 889; x_wconf 86' lang='lat' dir='ltr'><strong>admiserunt,</strong></span> <span class='ocrx_word' id='word_1_73' title='bbox 1987 822 2128 878; x_wconf 85' lang='lat' dir='ltr'><strong>unde</strong></span> 
     </span>
    </p>
   </div>
   <div class='ocr_carea' id='block_1_11' title="bbox 531 915 2130 997">
    <p class='ocr_par' dir='ltr' id='par_1_11' title="bbox 531 915 2130 997">
     <span class='ocr_line' id='line_1_11' title="bbox 531 915 2130 997; baseline -0.01 -11"><span class='ocrx_word' id='word_1_74' title='bbox 531 929 682 986; x_wconf 87' lang='lat' dir='ltr'><strong>smlti</strong></span> <span class='ocrx_word' id='word_1_75' title='bbox 716 928 877 983; x_wconf 84' lang='lat' dir='ltr'><strong>sunt?</strong></span> <span class='ocrx_word' id='word_1_76' title='bbox 917 924 1060 997; x_wconf 91' lang='lat' dir='ltr'><strong>quod</strong></span> <span class='ocrx_word' id='word_1_77' title='bbox 1102 925 1208 980; x_wconf 86' lang='lat' dir='ltr'><strong>illis</strong></span> <span class='ocrx_word' id='word_1_78' title='bbox 1234 937 1551 994; x_wconf 81' lang='lat' dir='ltr'><strong>persuasum</strong></span> <span class='ocrx_word' id='word_1_79' title='bbox 1585 930 1670 977; x_wconf 89' lang='lat' dir='ltr'><strong>est</strong></span> <span class='ocrx_word' id='word_1_80' title='bbox 1696 919 1880 976; x_wconf 89' lang='lat' dir='ltr'><strong>colere</strong></span> <span class='ocrx_word' id='word_1_81' title='bbox 1920 915 2130 988; x_wconf 85' lang='lat' dir='ltr'><strong>judais—</strong></span> 
     </span>
    </p>
   </div>
   <div class='ocr_carea' id='block_1_12' title="bbox 531 1011 2126 1091">
    <p class='ocr_par' dir='ltr' id='par_1_12' title="bbox 531 1011 2126 1091">
     <span class='ocr_line' id='line_1_12' title="bbox 531 1011 2126 1091; baseline -0.008 -13"><span class='ocrx_word' id='word_1_82' title='bbox 531 1038 702 1078; x_wconf 88' lang='lat' dir='ltr'><strong>mum.</strong></span> <span class='ocrx_word' id='word_1_83' title='bbox 730 1022 874 1091; x_wconf 81' lang='lat' dir='ltr'><strong>Ergo</strong></span> <span class='ocrx_word' id='word_1_84' title='bbox 895 1018 1227 1090; x_wconf 71' lang='lat' dir='ltr'><strong>proscriptus</strong></span> <span class='ocrx_word' id='word_1_85' title='bbox 1257 1014 1505 1071; x_wconf 77' lang='lat' dir='ltr'><strong>Christus</strong></span> <span class='ocrx_word' id='word_1_86' title='bbox 1530 1022 1635 1080; x_wconf 92' lang='lat' dir='ltr'><strong>est,</strong></span> <span class='ocrx_word' id='word_1_87' title='bbox 1667 1013 1718 1068; x_wconf 94' lang='lat' dir='ltr'><strong>id</strong></span> <span class='ocrx_word' id='word_1_88' title='bbox 1737 1021 1818 1067; x_wconf 86' lang='lat' dir='ltr'><strong>est</strong></span> <span class='ocrx_word' id='word_1_89' title='bbox 1849 1011 1988 1065; x_wconf 89' lang='lat' dir='ltr'><strong>bona</strong></span> <span class='ocrx_word' id='word_1_90' title='bbox 2008 1011 2126 1078; x_wconf 85' lang='lat' dir='ltr'><strong>ejus</strong></span> 
     </span>
    </p>
   </div>
   <div class='ocr_carea' id='block_1_13' title="bbox 525 1103 2124 1179">
    <p class='ocr_par' dir='ltr' id='par_1_13' title="bbox 525 1103 2124 1179">
     <span class='ocr_line' id='line_1_13' title="bbox 525 1103 2124 1179; baseline -0.01 -8"><span class='ocrx_word' id='word_1_91' title='bbox 525 1115 781 1171; x_wconf 86' lang='lat' dir='ltr'><strong>distracta</strong></span> <span class='ocrx_word' id='word_1_92' title='bbox 813 1119 869 1166; x_wconf 93' lang='lat' dir='ltr'><strong>et</strong></span> <span class='ocrx_word' id='word_1_93' title='bbox 888 1110 1101 1165; x_wconf 87' lang='lat' dir='ltr'><strong>vendita</strong></span> <span class='ocrx_word' id='word_1_94' title='bbox 1130 1116 1276 1174; x_wconf 90' lang='lat' dir='ltr'><strong>sunt,</strong></span> <span class='ocrx_word' id='word_1_95' title='bbox 1317 1123 1439 1179; x_wconf 70' lang='lat' dir='ltr'><strong>qua:</strong></span> <span class='ocrx_word' id='word_1_96' title='bbox 1469 1106 1652 1177; x_wconf 79' lang='lat' dir='ltr'><strong>utique</strong></span> <span class='ocrx_word' id='word_1_97' title='bbox 1680 1106 1735 1160; x_wconf 93' lang='lat' dir='ltr'><strong>in</strong></span> <span class='ocrx_word' id='word_1_98' title='bbox 1764 1103 1917 1159; x_wconf 90' lang='lat' dir='ltr'><strong>nobis</strong></span> <span class='ocrx_word' id='word_1_99' title='bbox 1946 1111 2124 1165; x_wconf 89' lang='lat' dir='ltr'><strong>erant,</strong></span> 
     </span>
    </p>
   </div>
   <div class='ocr_carea' id='block_1_14' title="bbox 528 1193 2124 1278">
    <p class='ocr_par' dir='ltr' id='par_1_14' title="bbox 528 1193 2124 1278">
     <span class='ocr_line' id='line_1_14' title="bbox 528 1193 2124 1278; baseline -0.012 -12"><span class='ocrx_word' id='word_1_100' title='bbox 528 1219 585 1266; x_wconf 90' lang='lat' dir='ltr'><strong>et</strong></span> <span class='ocrx_word' id='word_1_101' title='bbox 625 1206 884 1278; x_wconf 88' lang='lat' dir='ltr'><strong>judaismi</strong></span> <span class='ocrx_word' id='word_1_102' title='bbox 942 1202 1296 1275; x_wconf 76' lang='lat' dir='ltr'><strong>persuasione</strong></span> <span class='ocrx_word' id='word_1_103' title='bbox 1351 1200 1650 1273; x_wconf 89' lang='lat' dir='ltr'><strong>proscripta</strong></span> <span class='ocrx_word' id='word_1_104' title='bbox 1705 1207 1850 1265; x_wconf 90' lang='lat' dir='ltr'><strong>sunt,</strong></span> <span class='ocrx_word' id='word_1_105' title='bbox 1908 1193 2124 1251; x_wconf 85' lang='lat' dir='ltr'><strong>vendita</strong></span> 
     </span>
    </p>
   </div>
   <div class='ocr_carea' id='block_1_15' title="bbox 525 1295 2125 1374">
    <p class='ocr_par' dir='ltr' id='par_1_15' title="bbox 525 1295 2125 1374">
     <span class='ocr_line' id='line_1_15' title="bbox 525 1295 2125 1374; baseline -0.007 -13"><span class='ocrx_word' id='word_1_106' title='bbox 525 1317 579 1362; x_wconf 89' lang='lat' dir='ltr'><strong>et</strong></span> <span class='ocrx_word' id='word_1_107' title='bbox 627 1304 859 1374; x_wconf 88' lang='lat' dir='ltr'><strong>perdita.</strong></span> <span class='ocrx_word' id='word_1_108' title='bbox 905 1300 1049 1371; x_wconf 85' lang='lat' dir='ltr'><strong>Ergo</strong></span> <span class='ocrx_word' id='word_1_109' title='bbox 1070 1299 1242 1367; x_wconf 89' lang='lat' dir='ltr'><strong>stulti,</strong></span> <span class='ocrx_word' id='word_1_110' title='bbox 1289 1315 1518 1371; x_wconf 88' lang='lat' dir='ltr'><strong>quorum</strong></span> <span class='ocrx_word' id='word_1_111' title='bbox 1563 1308 1689 1355; x_wconf 90' lang='lat' dir='ltr'><strong>ante</strong></span> <span class='ocrx_word' id='word_1_112' title='bbox 1733 1297 1918 1354; x_wconf 90' lang='lat' dir='ltr'><strong>oculos</strong></span> <span class='ocrx_word' id='word_1_113' title='bbox 1965 1295 2125 1352; x_wconf 84' lang='lat' dir='ltr'><strong>Jesus</strong></span> 
     </span>
    </p>
   </div>
   <div class='ocr_carea' id='block_1_16' title="bbox 525 1392 2119 1472">
    <p class='ocr_par' dir='ltr' id='par_1_16' title="bbox 525 1392 2119 1472">
     <span class='ocr_line' id='line_1_16' title="bbox 525 1392 2119 1472; baseline -0.009 -13"><span class='ocrx_word' id='word_1_114' title='bbox 525 1402 777 1459; x_wconf 87' lang='lat' dir='ltr'><strong>Christus</strong></span> <span class='ocrx_word' id='word_1_115' title='bbox 804 1400 1140 1472; x_wconf 84' lang='lat' dir='ltr'><strong>proscriptus</strong></span> <span class='ocrx_word' id='word_1_116' title='bbox 1160 1407 1265 1463; x_wconf 89' lang='lat' dir='ltr'><strong>est,</strong></span> <span class='ocrx_word' id='word_1_117' title='bbox 1293 1409 1351 1455; x_wconf 93' lang='lat' dir='ltr'><strong>ut</strong></span> <span class='ocrx_word' id='word_1_118' title='bbox 1370 1411 1433 1453; x_wconf 92' lang='lat' dir='ltr'><strong>ea</strong></span> <span class='ocrx_word' id='word_1_119' title='bbox 1457 1396 1596 1452; x_wconf 90' lang='lat' dir='ltr'><strong>bona</strong></span> <span class='ocrx_word' id='word_1_120' title='bbox 1623 1395 1674 1450; x_wconf 91' lang='lat' dir='ltr'><strong>in</strong></span> <span class='ocrx_word' id='word_1_121' title='bbox 1697 1392 1853 1450; x_wconf 81' lang='lat' dir='ltr'><strong>vobis</strong></span> <span class='ocrx_word' id='word_1_122' title='bbox 1877 1404 2119 1461; x_wconf 65' lang='lat' dir='ltr'><strong>praesen-</strong></span> 
     </span>
    </p>
   </div>
   <div class='ocr_carea' id='block_1_17' title="bbox 524 1485 2117 1567">
    <p class='ocr_par' dir='ltr' id='par_1_17' title="bbox 524 1485 2117 1567">
     <span class='ocr_line' id='line_1_17' title="bbox 524 1485 2117 1567; baseline -0.009 -14"><span class='ocrx_word' id='word_1_123' title='bbox 524 1496 670 1553; x_wconf 81' lang='lat' dir='ltr'><strong>tibus</strong></span> <span class='ocrx_word' id='word_1_124' title='bbox 709 1494 974 1567; x_wconf 78' lang='lat' dir='ltr'><strong>perirent,</strong></span> <span class='ocrx_word' id='word_1_125' title='bbox 1009 1503 1071 1550; x_wconf 91' lang='lat' dir='ltr'><strong>ut</strong></span> <span class='ocrx_word' id='word_1_126' title='bbox 1103 1501 1336 1566; x_wconf 72' lang='lat' dir='ltr'><strong>pererrat</strong></span> <span class='ocrx_word' id='word_1_127' title='bbox 1375 1491 1465 1547; x_wconf 89' lang='lat' dir='ltr'><strong>illa</strong></span> <span class='ocrx_word' id='word_1_128' title='bbox 1500 1505 1620 1561; x_wconf 74' lang='lat' dir='ltr'><strong>qua:</strong></span> <span class='ocrx_word' id='word_1_129' title='bbox 1660 1485 2117 1560; x_wconf 89' lang='lat' dir='ltr'><strong>proscribuntur:</strong></span> 
     </span>
    </p>
   </div>
   <div class='ocr_carea' id='block_1_18' title="bbox 520 1576 2118 1665">
    <p class='ocr_par' dir='ltr' id='par_1_18' title="bbox 520 1576 2118 1665">
     <span class='ocr_line' id='line_1_18' title="bbox 520 1576 2118 1665; baseline -0.011 -17"><span class='ocrx_word' id='word_1_130' title='bbox 520 1592 666 1665; x_wconf 88' lang='lat' dir='ltr'><strong>quod</strong></span> <span class='ocrx_word' id='word_1_131' title='bbox 690 1608 797 1649; x_wconf 90' lang='lat' dir='ltr'><strong>non</strong></span> <span class='ocrx_word' id='word_1_132' title='bbox 819 1590 1119 1654; x_wconf 86' lang='lat' dir='ltr'><strong>restitistis,</strong></span> <span class='ocrx_word' id='word_1_133' title='bbox 1141 1604 1248 1645; x_wconf 90' lang='lat' dir='ltr'><strong>non</strong></span> <span class='ocrx_word' id='word_1_134' title='bbox 1274 1585 1632 1657; x_wconf 83' lang='lat' dir='ltr'><strong>repugnastis,</strong></span> <span class='ocrx_word' id='word_1_135' title='bbox 1651 1593 1707 1640; x_wconf 88' lang='lat' dir='ltr'><strong>et</strong></span> <span class='ocrx_word' id='word_1_136' title='bbox 1728 1581 1929 1638; x_wconf 89' lang='lat' dir='ltr'><strong>idcirco</strong></span> <span class='ocrx_word' id='word_1_137' title='bbox 1948 1576 2118 1634; x_wconf 88' lang='lat' dir='ltr'><strong>stulti.</strong></span> 
     </span>
    </p>
   </div>
   <div class='ocr_carea' id='block_1_19' title="bbox 524 1669 2119 1757">
    <p class='ocr_par' dir='ltr' id='par_1_19' title="bbox 524 1669 2119 1757">
     <span class='ocr_line' id='line_1_19' title="bbox 524 1669 2119 1757; baseline -0.012 -15"><span class='ocrx_word' id='word_1_138' title='bbox 524 1685 768 1757; x_wconf 88' lang='lat' dir='ltr'><strong>Denique</strong></span> <span class='ocrx_word' id='word_1_139' title='bbox 801 1692 856 1740; x_wconf 90' lang='lat' dir='ltr'><strong>et</strong></span> <span class='ocrx_word' id='word_1_140' title='bbox 888 1682 941 1738; x_wconf 90' lang='lat' dir='ltr'><strong>iu</strong></span> <span class='ocrx_word' id='word_1_141' title='bbox 976 1682 1079 1738; x_wconf 89' lang='lat' dir='ltr'><strong>hac</strong></span> <span class='ocrx_word' id='word_1_142' title='bbox 1098 1679 1367 1738; x_wconf 89' lang='lat' dir='ltr'><strong>sententia</strong></span> <span class='ocrx_word' id='word_1_143' title='bbox 1403 1677 1566 1735; x_wconf 88' lang='lat' dir='ltr'><strong>etiam</strong></span> <span class='ocrx_word' id='word_1_144' title='bbox 1611 1674 1741 1731; x_wconf 93' lang='lat' dir='ltr'><strong>illud</strong></span> <span class='ocrx_word' id='word_1_145' title='bbox 1779 1681 1865 1729; x_wconf 88' lang='lat' dir='ltr'><strong>est</strong></span> <span class='ocrx_word' id='word_1_146' title='bbox 1897 1669 2038 1743; x_wconf 90' lang='lat' dir='ltr'><strong>quod</strong></span> <span class='ocrx_word' id='word_1_147' title='bbox 2064 1669 2119 1724; x_wconf 91' lang='lat' dir='ltr'><strong>iu</strong></span> 
     </span>
    </p>
   </div>
   <div class='ocr_carea' id='block_1_20' title="bbox 2233 628 3781 699">
    <p class='ocr_par' dir='ltr' id='par_1_20' title="bbox 2233 628 3781 699">
     <span class='ocr_line' id='line_1_20' title="bbox 2233 628 3781 699; baseline -0.005 -9"><span class='ocrx_word' id='word_1_148' title='bbox 2233 650 2354 690; x_wconf 89' lang='lat' dir='ltr'><strong>cum</strong></span> <span class='ocrx_word' id='word_1_149' title='bbox 2386 635 2601 691; x_wconf 89' lang='lat' dir='ltr'><strong>novello</strong></span> <span class='ocrx_word' id='word_1_150' title='bbox 2629 648 2728 690; x_wconf 90' lang='lat' dir='ltr'><strong>suo</strong></span> <span class='ocrx_word' id='word_1_151' title='bbox 2757 632 2977 687; x_wconf 75' lang='lat' dir='ltr'><strong>heroine</strong></span> <span class='ocrx_word' id='word_1_152' title='bbox 3007 630 3258 686; x_wconf 82' lang='lat' dir='ltr'><strong>invidiam</strong></span> <span class='ocrx_word' id='word_1_153' title='bbox 3288 628 3589 685; x_wconf 64' lang='lat' dir='ltr'><strong>Graecorum</strong></span> <span class='ocrx_word' id='word_1_154' title='bbox 3615 636 3781 699; x_wconf 85' lang='lat' dir='ltr'><strong>ctgen-</strong></span> 
     </span>
    </p>
   </div>
   <div class='ocr_carea' id='block_1_21' title="bbox 2232 708 3782 800">
    <p class='ocr_par' dir='ltr' id='par_1_21' title="bbox 2232 708 3782 800">
     <span class='ocr_line' id='line_1_21' title="bbox 2232 708 3782 800; baseline -0.005 -15"><span class='ocrx_word' id='word_1_155' title='bbox 2232 730 2363 785; x_wconf 92' lang='lat' dir='ltr'><strong>tium</strong></span> <span class='ocrx_word' id='word_1_156' title='bbox 2396 729 2761 800; x_wconf 68' lang='lat' dir='ltr'><strong>imperitnrum</strong></span> <span class='ocrx_word' id='word_1_157' title='bbox 2782 770 2796 793; x_wconf 92' lang='lat'><strong>,</strong></span> <span class='ocrx_word' id='word_1_158' title='bbox 2829 728 2993 782; x_wconf 88' lang='lat' dir='ltr'><strong>multa</strong></span> <span class='ocrx_word' id='word_1_159' title='bbox 3025 740 3246 782; x_wconf 90' lang='lat' dir='ltr'><strong>necesse</strong></span> <span class='ocrx_word' id='word_1_160' title='bbox 3288 708 3373 779; x_wconf 83' lang='lat' dir='ltr'><strong>est</strong></span> <span class='ocrx_word' id='word_1_161' title='bbox 3416 722 3654 794; x_wconf 88' lang='lat' dir='ltr'><strong>patiatur,</strong></span> <span class='ocrx_word' id='word_1_162' title='bbox 3687 739 3782 795; x_wconf 63' lang='lat' dir='ltr'><strong>qua</strong></span> 
     </span>
    </p>
   </div>
   <div class='ocr_carea' id='block_1_22' title="bbox 2232 814 3781 892">
    <p class='ocr_par' dir='ltr' id='par_1_22' title="bbox 2232 814 3781 892">
     <span class='ocr_line' id='line_1_22' title="bbox 2232 814 3781 892; baseline -0.004 -16"><span class='ocrx_word' id='word_1_163' title='bbox 2232 821 2417 892; x_wconf 86' lang='lat' dir='ltr'><strong>utique</strong></span> <span class='ocrx_word' id='word_1_164' title='bbox 2450 834 2634 891; x_wconf 91' lang='lat' dir='ltr'><strong>passos</strong></span> <span class='ocrx_word' id='word_1_165' title='bbox 2662 818 2795 875; x_wconf 89' lang='lat' dir='ltr'><strong>dicit</strong></span> <span class='ocrx_word' id='word_1_166' title='bbox 2821 818 3058 875; x_wconf 83' lang='lat' dir='ltr'><strong>Galatas.</strong></span> <span class='ocrx_word' id='word_1_167' title='bbox 3109 815 3309 873; x_wconf 82' lang='lat' dir='ltr'><strong>Verum</strong></span> <span class='ocrx_word' id='word_1_168' title='bbox 3348 829 3466 870; x_wconf 90' lang='lat' dir='ltr'><strong>cum</strong></span> <span class='ocrx_word' id='word_1_169' title='bbox 3498 821 3633 868; x_wconf 90' lang='lat' dir='ltr'><strong>tanta</strong></span> <span class='ocrx_word' id='word_1_170' title='bbox 3668 814 3781 886; x_wconf 80' lang='lat' dir='ltr'><strong>passi</strong></span> 
     </span>
    </p>
   </div>
   <div class='ocr_carea' id='block_1_23' title="bbox 2232 906 3782 984">
    <p class='ocr_par' dir='ltr' id='par_1_23' title="bbox 2232 906 3782 984">
     <span class='ocr_line' id='line_1_23' title="bbox 2232 906 3782 984; baseline -0.003 -15"><span class='ocrx_word' id='word_1_171' title='bbox 2232 914 2370 976; x_wconf 90' lang='lat' dir='ltr'><strong>sitis,</strong></span> <span class='ocrx_word' id='word_1_172' title='bbox 2404 911 2507 968; x_wconf 91' lang='lat' dir='ltr'><strong>hoc</strong></span> <span class='ocrx_word' id='word_1_173' title='bbox 2537 913 2707 984; x_wconf 86' lang='lat' dir='ltr'><strong>magis</strong></span> <span class='ocrx_word' id='word_1_174' title='bbox 2733 911 3025 967; x_wconf 89' lang='lat' dir='ltr'><strong>dolendum</strong></span> <span class='ocrx_word' id='word_1_175' title='bbox 3055 910 3196 981; x_wconf 87' lang='lat' dir='ltr'><strong>quod</strong></span> <span class='ocrx_word' id='word_1_176' title='bbox 3226 909 3347 964; x_wconf 87' lang='lat' dir='ltr'><strong>sine</strong></span> <span class='ocrx_word' id='word_1_177' title='bbox 3375 925 3531 965; x_wconf 88' lang='lat' dir='ltr'><strong>causa</strong></span> <span class='ocrx_word' id='word_1_178' title='bbox 3552 906 3679 980; x_wconf 83' lang='lat' dir='ltr'><strong>passi</strong></span> <span class='ocrx_word' id='word_1_179' title='bbox 3702 923 3782 964; x_wconf 86' lang='lat' dir='ltr'><strong>non</strong></span> 
     </span>
    </p>
   </div>
   <div class='ocr_carea' id='block_1_24' title="bbox 2233 1002 3783 1076">
    <p class='ocr_par' dir='ltr' id='par_1_24' title="bbox 2233 1002 3783 1076">
     <span class='ocr_line' id='line_1_24' title="bbox 2233 1002 3783 1076; baseline -0.002 -15"><span class='ocrx_word' id='word_1_180' title='bbox 2233 1005 2556 1076; x_wconf 86' lang='lat' dir='ltr'><strong>pervenistis</strong></span> <span class='ocrx_word' id='word_1_181' title='bbox 2583 1005 2650 1061; x_wconf 89' lang='lat' dir='ltr'><strong>ad</strong></span> <span class='ocrx_word' id='word_1_182' title='bbox 2685 1005 2963 1076; x_wconf 66' lang='lat' dir='ltr'><strong>praemium</strong></span> <span class='ocrx_word' id='word_1_183' title='bbox 2995 1021 3061 1060; x_wconf 82' lang='lat' dir='ltr'><strong>ex</strong></span> <span class='ocrx_word' id='word_1_184' title='bbox 3093 1002 3221 1070; x_wconf 90' lang='lat' dir='ltr'><strong>lide,</strong></span> <span class='ocrx_word' id='word_1_185' title='bbox 3257 1011 3470 1075; x_wconf 88' lang='lat' dir='ltr'><strong>propter</strong></span> <span class='ocrx_word' id='word_1_186' title='bbox 3499 1019 3646 1074; x_wconf 81' lang='lat' dir='ltr'><strong>quam</strong></span> <span class='ocrx_word' id='word_1_187' title='bbox 3668 1010 3783 1058; x_wconf 86' lang='lat' dir='ltr'><strong>tanta</strong></span> 
     </span>
    </p>
   </div>
   <div class='ocr_carea' id='block_1_25' title="bbox 2234 1094 3786 1169">
    <p class='ocr_par' dir='ltr' id='par_1_25' title="bbox 2234 1094 3786 1169">
     <span class='ocr_line' id='line_1_25' title="bbox 2234 1094 3786 1169; baseline 0 -18"><span class='ocrx_word' id='word_1_188' title='bbox 2234 1097 2372 1167; x_wconf 88' lang='lat' dir='ltr'><strong>passi</strong></span> <span class='ocrx_word' id='word_1_189' title='bbox 2403 1098 2541 1154; x_wconf 86' lang='lat' dir='ltr'><strong>sitis.</strong></span> <span class='ocrx_word' id='word_1_190' title='bbox 2570 1096 2648 1152; x_wconf 88' lang='lat' dir='ltr'><strong>Ne</strong></span> <span class='ocrx_word' id='word_1_191' title='bbox 2678 1095 2972 1169; x_wconf 90' lang='lat' dir='ltr'><strong>desperare</strong></span> <span class='ocrx_word' id='word_1_192' title='bbox 2994 1104 3173 1152; x_wconf 90' lang='lat' dir='ltr'><strong>tamen</strong></span> <span class='ocrx_word' id='word_1_193' title='bbox 3204 1094 3495 1161; x_wconf 85' lang='lat' dir='ltr'><strong>videretur,</strong></span> <span class='ocrx_word' id='word_1_194' title='bbox 3526 1095 3657 1167; x_wconf 86' lang='lat' dir='ltr'><strong>quod</strong></span> <span class='ocrx_word' id='word_1_195' title='bbox 3682 1094 3786 1151; x_wconf 83' lang='lat' dir='ltr'><strong>dixit</strong></span> 
     </span>
    </p>
   </div>
   <div class='ocr_carea' id='block_1_26' title="bbox 2231 1186 3783 1259">
    <p class='ocr_par' dir='ltr' id='par_1_26' title="bbox 2231 1186 3783 1259">
     <span class='ocr_line' id='line_1_26' title="bbox 2231 1186 3783 1259; baseline -0.002 -15"><span class='ocrx_word' id='word_1_196' title='bbox 2231 1189 2347 1245; x_wconf 90' lang='lat' dir='ltr'><strong>sine</strong></span> <span class='ocrx_word' id='word_1_197' title='bbox 2375 1203 2536 1245; x_wconf 89' lang='lat' dir='ltr'><strong>eausa</strong></span> <span class='ocrx_word' id='word_1_198' title='bbox 2557 1230 2572 1255; x_wconf 96' lang='lat'><strong>,</strong></span> <span class='ocrx_word' id='word_1_199' title='bbox 2604 1189 2844 1245; x_wconf 80' lang='lat' dir='ltr'><strong>correxit</strong></span> <span class='ocrx_word' id='word_1_200' title='bbox 2885 1187 3365 1259; x_wconf 87' lang='lat' dir='ltr'><strong>reprehensionem</strong></span> <span class='ocrx_word' id='word_1_201' title='bbox 3395 1202 3544 1243; x_wconf 89' lang='lat' dir='ltr'><strong>suam</strong></span> <span class='ocrx_word' id='word_1_202' title='bbox 3574 1186 3783 1253; x_wconf 89' lang='lat' dir='ltr'><strong>dicendo,</strong></span> 
     </span>
    </p>
   </div>
   <div class='ocr_carea' id='block_1_27' title="bbox 2228 1279 3787 1353">
    <p class='ocr_par' dir='ltr' id='par_1_27' title="bbox 2228 1279 3787 1353">
     <span class='ocr_line' id='line_1_27' title="bbox 2228 1279 3787 1353; baseline -0.002 -15"><span class='ocrx_word' id='word_1_203' title='bbox 2228 1281 2274 1338; x_wconf 97' lang='lat' dir='ltr'><strong>si</strong></span> <span class='ocrx_word' id='word_1_204' title='bbox 2295 1292 2461 1339; x_wconf 89' lang='lat' dir='ltr'><strong>tamen</strong></span> <span class='ocrx_word' id='word_1_205' title='bbox 2487 1283 2595 1337; x_wconf 86' lang='lat' dir='ltr'><strong>sine</strong></span> <span class='ocrx_word' id='word_1_206' title='bbox 2619 1299 2776 1338; x_wconf 86' lang='lat' dir='ltr'><strong>causa</strong></span> <span class='ocrx_word' id='word_1_207' title='bbox 2801 1299 2820 1337; x_wconf 92' lang='lat'><strong><em>:</em></strong></span> <span class='ocrx_word' id='word_1_208' title='bbox 2848 1289 3077 1353; x_wconf 87' lang='lat' dir='ltr'><strong>possunt</strong></span> <span class='ocrx_word' id='word_1_209' title='bbox 3104 1280 3245 1337; x_wconf 90' lang='lat' dir='ltr'><strong>enim</strong></span> <span class='ocrx_word' id='word_1_210' title='bbox 3276 1280 3508 1352; x_wconf 87' lang='lat' dir='ltr'><strong>corrigi,</strong></span> <span class='ocrx_word' id='word_1_211' title='bbox 3537 1286 3595 1334; x_wconf 89' lang='lat' dir='ltr'><strong>ut</strong></span> <span class='ocrx_word' id='word_1_212' title='bbox 3620 1294 3710 1334; x_wconf 90' lang='lat' dir='ltr'><strong>non</strong></span> <span class='ocrx_word' id='word_1_213' title='bbox 3734 1279 3787 1335; x_wconf 85' lang='lat' dir='ltr'><strong>sit</strong></span> 
     </span>
    </p>
   </div>
   <div class='ocr_carea' id='block_1_28' title="bbox 2228 1370 3786 1445">
    <p class='ocr_par' dir='ltr' id='par_1_28' title="bbox 2228 1370 3786 1445">
     <span class='ocr_line' id='line_1_28' title="bbox 2228 1370 3786 1445; baseline -0.004 -14"><span class='ocrx_word' id='word_1_214' title='bbox 2228 1374 2346 1431; x_wconf 91' lang='lat' dir='ltr'><strong>sine</strong></span> <span class='ocrx_word' id='word_1_215' title='bbox 2375 1389 2536 1430; x_wconf 89' lang='lat' dir='ltr'><strong>eausa</strong></span> <span class='ocrx_word' id='word_1_216' title='bbox 2560 1373 2702 1445; x_wconf 91' lang='lat' dir='ltr'><strong>quod</strong></span> <span class='ocrx_word' id='word_1_217' title='bbox 2730 1374 2870 1445; x_wconf 84' lang='lat' dir='ltr'><strong>passi</strong></span> <span class='ocrx_word' id='word_1_218' title='bbox 2900 1380 3047 1439; x_wconf 89' lang='lat' dir='ltr'><strong>sunt,</strong></span> <span class='ocrx_word' id='word_1_219' title='bbox 3071 1370 3168 1429; x_wconf 90' lang='lat' dir='ltr'><strong>sed</strong></span> <span class='ocrx_word' id='word_1_220' title='bbox 3191 1371 3427 1427; x_wconf 86' lang='lat' dir='ltr'><strong>habeant</strong></span> <span class='ocrx_word' id='word_1_221' title='bbox 3453 1386 3659 1426; x_wconf 85' lang='lat' dir='ltr'><strong>causam</strong></span> <span class='ocrx_word' id='word_1_222' title='bbox 3690 1386 3786 1443; x_wconf 88' lang='lat' dir='ltr'><strong>per-</strong></span> 
     </span>
    </p>
   </div>
   <div class='ocr_carea' id='block_1_29' title="bbox 2228 1463 3786 1538">
    <p class='ocr_par' dir='ltr' id='par_1_29' title="bbox 2228 1463 3786 1538">
     <span class='ocr_line' id='line_1_29' title="bbox 2228 1463 3786 1538; baseline -0.001 -15"><span class='ocrx_word' id='word_1_223' title='bbox 2228 1468 2583 1525; x_wconf 87' lang='lat' dir='ltr'><strong>severatiouis</strong></span> <span class='ocrx_word' id='word_1_224' title='bbox 2613 1467 2666 1522; x_wconf 90' lang='lat' dir='ltr'><strong>iu</strong></span> <span class='ocrx_word' id='word_1_225' title='bbox 2692 1466 2800 1522; x_wconf 91' lang='lat' dir='ltr'><strong>ﬁde</strong></span> <span class='ocrx_word' id='word_1_226' title='bbox 2823 1468 3103 1538; x_wconf 73' lang='lat' dir='ltr'><strong>prmmium</strong></span> <span class='ocrx_word' id='word_1_227' title='bbox 3133 1473 3190 1523; x_wconf 91' lang='lat' dir='ltr'><strong>et</strong></span> <span class='ocrx_word' id='word_1_228' title='bbox 3215 1463 3666 1523; x_wconf 89' lang='lat' dir='ltr'><strong>conﬁrmationem</strong></span> <span class='ocrx_word' id='word_1_229' title='bbox 3690 1480 3786 1537; x_wconf 84' lang='lat' dir='ltr'><strong>pro-</strong></span> 
     </span>
    </p>
   </div>
   <div class='ocr_carea' id='block_1_30' title="bbox 2227 1557 2999 1618">
    <p class='ocr_par' dir='ltr' id='par_1_30' title="bbox 2227 1557 2999 1618">
     <span class='ocr_line' id='line_1_30' title="bbox 2227 1557 2999 1618; baseline -0.006 0"><span class='ocrx_word' id='word_1_230' title='bbox 2227 1561 2513 1618; x_wconf 88' lang='lat' dir='ltr'><strong>missorum</strong></span> <span class='ocrx_word' id='word_1_231' title='bbox 2542 1577 2609 1617; x_wconf 89' lang='lat' dir='ltr'><strong>ex</strong></span> <span class='ocrx_word' id='word_1_232' title='bbox 2638 1557 2841 1616; x_wconf 85' lang='lat' dir='ltr'><strong>Christi</strong></span> <span class='ocrx_word' id='word_1_233' title='bbox 2874 1560 2999 1616; x_wconf 91' lang='lat' dir='ltr'><strong>ﬁde.</strong></span> 
     </span>
    </p>
   </div>
   <div class='ocr_carea' id='block_1_31' title="bbox 2298 1653 3784 1728">
    <p class='ocr_par' dir='ltr' id='par_1_31' title="bbox 2298 1653 3784 1728">
     <span class='ocr_line' id='line_1_31' title="bbox 2298 1653 3784 1728; baseline -0.001 -16"><span class='ocrx_word' id='word_1_234' title='bbox 2298 1655 2466 1712; x_wconf 74' lang='lat' dir='ltr'><strong>Vens.</strong></span> <span class='ocrx_word' id='word_1_235' title='bbox 2499 1655 2555 1712; x_wconf 82' lang='lat'><strong>5.</strong></span> <span class='ocrx_word' id='word_1_236' title='bbox 2597 1684 2671 1696; x_wconf 91' lang='lat'><strong>——</strong></span> <span class='ocrx_word' id='word_1_237' title='bbox 2701 1654 2803 1723; x_wconf 85' lang='lat' dir='ltr'><strong>Qui</strong></span> <span class='ocrx_word' id='word_1_238' title='bbox 2830 1671 2951 1726; x_wconf 90' lang='lat' dir='ltr'><strong>ergo</strong></span> <span class='ocrx_word' id='word_1_239' title='bbox 2980 1653 3153 1709; x_wconf 79' lang='lat' dir='ltr'><strong>tribuit</strong></span> <span class='ocrx_word' id='word_1_240' title='bbox 3179 1654 3318 1710; x_wconf 78' lang='lat' dir='ltr'><strong>vobis</strong></span> <span class='ocrx_word' id='word_1_241' title='bbox 3338 1655 3594 1728; x_wconf 72' lang='lat' dir='ltr'><strong>spiritum,</strong></span> <span class='ocrx_word' id='word_1_242' title='bbox 3623 1666 3664 1711; x_wconf 86' lang='lat' dir='ltr'><strong>et</strong></span> <span class='ocrx_word' id='word_1_243' title='bbox 3688 1671 3784 1727; x_wconf 82' lang='lat' dir='ltr'><strong>ape-</strong></span> 
     </span>
    </p>
   </div>
   <div class='ocr_carea' id='block_1_32' title="bbox 514 1747 2114 1838">
    <p class='ocr_par' dir='ltr' id='par_1_32' title="bbox 514 1761 2114 1838">
     <span class='ocr_line' id='line_1_32' title="bbox 514 1761 2114 1838; baseline -0.011 -5"><span class='ocrx_word' id='word_1_244' title='bbox 514 1778 671 1833; x_wconf 89' lang='lat' dir='ltr'><strong>vobis</strong></span> <span class='ocrx_word' id='word_1_245' title='bbox 689 1774 1070 1833; x_wconf 82' lang='lat' dir='ltr'><strong>erueiﬁxusest</strong></span> <span class='ocrx_word' id='word_1_246' title='bbox 1100 1772 1378 1838; x_wconf 87' lang='lat' dir='ltr'><strong>Christus;</strong></span> <span class='ocrx_word' id='word_1_247' title='bbox 1412 1769 1515 1826; x_wconf 92' lang='lat' dir='ltr'><strong>hoc</strong></span> <span class='ocrx_word' id='word_1_248' title='bbox 1544 1767 1686 1823; x_wconf 89' lang='lat' dir='ltr'><strong>enim</strong></span> <span class='ocrx_word' id='word_1_249' title='bbox 1714 1766 1954 1822; x_wconf 80' lang='lat' dir='ltr'><strong>iecerunt</strong></span> <span class='ocrx_word' id='word_1_250' title='bbox 1975 1771 2031 1817; x_wconf 87' lang='lat' dir='ltr'><strong>et</strong></span> <span class='ocrx_word' id='word_1_251' title='bbox 2060 1761 2114 1817; x_wconf 93' lang='lat' dir='ltr'><strong>in</strong></span> 
     </span>
    </p>
   </div>
   <div class='ocr_carea' id='block_1_33' title="bbox 2219 1747 3782 1838">
    <p class='ocr_par' dir='ltr' id='par_1_33' title="bbox 2220 1747 3782 1821">
     <span class='ocr_line' id='line_1_33' title="bbox 2220 1747 3782 1821; baseline -0.001 -17"><span class='ocrx_word' id='word_1_252' title='bbox 2220 1760 2367 1804; x_wconf 84' lang='lat' dir='ltr'><strong>ratur</strong></span> <span class='ocrx_word' id='word_1_253' title='bbox 2386 1749 2595 1804; x_wconf 74' lang='lat' dir='ltr'><strong>uirtutes</strong></span> <span class='ocrx_word' id='word_1_254' title='bbox 2622 1750 2676 1803; x_wconf 86' lang='lat' dir='ltr'><strong>in</strong></span> <span class='ocrx_word' id='word_1_255' title='bbox 2696 1748 2834 1803; x_wconf 83' lang='lat' dir='ltr'><strong>vobis</strong></span> <span class='ocrx_word' id='word_1_256' title='bbox 2854 1764 2917 1802; x_wconf 82' lang='lat' dir='ltr'><strong>ea:</strong></span> <span class='ocrx_word' id='word_1_257' title='bbox 2938 1748 3174 1817; x_wconf 77' lang='lat' dir='ltr'><strong>operibus</strong></span> <span class='ocrx_word' id='word_1_258' title='bbox 3195 1748 3320 1821; x_wconf 81' lang='lat' dir='ltr'><strong>legis</strong></span> <span class='ocrx_word' id='word_1_259' title='bbox 3360 1758 3602 1817; x_wconf 81' lang='lat' dir='ltr'><strong>operatus</strong></span> <span class='ocrx_word' id='word_1_260' title='bbox 3622 1759 3685 1805; x_wconf 82' lang='lat' dir='ltr'><strong>est</strong></span> <span class='ocrx_word' id='word_1_261' title='bbox 3704 1747 3782 1819; x_wconf 78' lang='lat' dir='ltr'><strong>tl),</strong></span> 
     </span>
    </p>
   </div>
   <div class='ocr_carea' id='block_1_34' title="bbox 517 1858 2118 1939">
    <p class='ocr_par' dir='ltr' id='par_1_34' title="bbox 517 1858 2118 1939">
     <span class='ocr_line' id='line_1_34' title="bbox 517 1858 2118 1939; baseline -0.012 -11"><span class='ocrx_word' id='word_1_262' title='bbox 517 1871 673 1927; x_wconf 78' lang='lat' dir='ltr'><strong>vobis</strong></span> <span class='ocrx_word' id='word_1_263' title='bbox 694 1870 773 1925; x_wconf 91' lang='lat' dir='ltr'><strong>illi</strong></span> <span class='ocrx_word' id='word_1_264' title='bbox 795 1868 989 1935; x_wconf 64' lang='lat' dir='ltr'><strong>Judaei,</strong></span> <span class='ocrx_word' id='word_1_265' title='bbox 1014 1867 1103 1939; x_wconf 90' lang='lat' dir='ltr'><strong>qui</strong></span> <span class='ocrx_word' id='word_1_266' title='bbox 1129 1866 1283 1922; x_wconf 88' lang='lat' dir='ltr'><strong>vobis</strong></span> <span class='ocrx_word' id='word_1_267' title='bbox 1309 1870 1692 1929; x_wconf 84' lang='lat' dir='ltr'><strong>persuaserunt</strong></span> <span class='ocrx_word' id='word_1_268' title='bbox 1715 1867 1773 1915; x_wconf 91' lang='lat' dir='ltr'><strong>nt</strong></span> <span class='ocrx_word' id='word_1_269' title='bbox 1795 1858 2118 1929; x_wconf 81' lang='lat' dir='ltr'><strong>iudaismum</strong></span> 
     </span>
    </p>
   </div>
   <div class='ocr_carea' id='block_1_35' title="bbox 518 1948 2120 2036">
    <p class='ocr_par' dir='ltr' id='par_1_35' title="bbox 518 1948 2120 2036">
     <span class='ocr_line' id='line_1_35' title="bbox 518 1948 2120 2036; baseline -0.011 -16"><span class='ocrx_word' id='word_1_270' title='bbox 518 1961 909 2036; x_wconf 88' lang='lat' dir='ltr'><strong>sequeremini,</strong></span> <span class='ocrx_word' id='word_1_271' title='bbox 934 1959 1077 2032; x_wconf 87' lang='lat' dir='ltr'><strong>quod</strong></span> <span class='ocrx_word' id='word_1_272' title='bbox 1100 1958 1344 2015; x_wconf 83' lang='lat' dir='ltr'><strong>fecerunt</strong></span> <span class='ocrx_word' id='word_1_273' title='bbox 1366 1955 1581 2012; x_wconf 90' lang='lat' dir='ltr'><strong>Christo</strong></span> <span class='ocrx_word' id='word_1_274' title='bbox 1606 1962 1664 2008; x_wconf 90' lang='lat' dir='ltr'><strong>ut</strong></span> <span class='ocrx_word' id='word_1_275' title='bbox 1687 1954 1737 2007; x_wconf 90' lang='lat' dir='ltr'><strong>in</strong></span> <span class='ocrx_word' id='word_1_276' title='bbox 1762 1965 1977 2007; x_wconf 90' lang='lat' dir='ltr'><strong>erucem</strong></span> <span class='ocrx_word' id='word_1_277' title='bbox 2019 1948 2120 2003; x_wconf 86' lang='lat' dir='ltr'><strong>tol-</strong></span> 
     </span>
    </p>
   </div>
   <div class='ocr_carea' id='block_1_36' title="bbox 510 2042 2121 2124">
    <p class='ocr_par' dir='ltr' id='par_1_36' title="bbox 510 2042 2121 2124">
     <span class='ocr_line' id='line_1_36' title="bbox 510 2042 2121 2124; baseline -0.01 -13"><span class='ocrx_word' id='word_1_278' title='bbox 510 2056 731 2113; x_wconf 88' lang='lat' dir='ltr'><strong>lerent:</strong></span> <span class='ocrx_word' id='word_1_279' title='bbox 765 2055 846 2111; x_wconf 88' lang='lat' dir='ltr'><strong>sic</strong></span> <span class='ocrx_word' id='word_1_280' title='bbox 876 2062 933 2111; x_wconf 87' lang='lat' dir='ltr'><strong>et</strong></span> <span class='ocrx_word' id='word_1_281' title='bbox 966 2049 1343 2124; x_wconf 84' lang='lat' dir='ltr'><strong>persuadendo</strong></span> <span class='ocrx_word' id='word_1_282' title='bbox 1382 2048 1538 2105; x_wconf 87' lang='lat' dir='ltr'><strong>vobis</strong></span> <span class='ocrx_word' id='word_1_283' title='bbox 1573 2045 1831 2119; x_wconf 87' lang='lat' dir='ltr'><strong>judaismi</strong></span> <span class='ocrx_word' id='word_1_284' title='bbox 1878 2042 2121 2112; x_wconf 82' lang='lat' dir='ltr'><strong>discipli-</strong></span> 
     </span>
    </p>
   </div>
   <div class='ocr_carea' id='block_1_37' title="bbox 513 2138 2116 2213">
    <p class='ocr_par' dir='ltr' id='par_1_37' title="bbox 513 2138 2116 2213">
     <span class='ocr_line' id='line_1_37' title="bbox 513 2138 2116 2213; baseline -0.009 -8"><span class='ocrx_word' id='word_1_285' title='bbox 513 2165 662 2213; x_wconf 90' lang='lat' dir='ltr'><strong>natn,</strong></span> <span class='ocrx_word' id='word_1_286' title='bbox 686 2158 742 2205; x_wconf 92' lang='lat' dir='ltr'><strong>et</strong></span> <span class='ocrx_word' id='word_1_287' title='bbox 762 2148 918 2205; x_wconf 86' lang='lat' dir='ltr'><strong>vobis</strong></span> <span class='ocrx_word' id='word_1_288' title='bbox 940 2144 1212 2202; x_wconf 86' lang='lat' dir='ltr'><strong>Christum</strong></span> <span class='ocrx_word' id='word_1_289' title='bbox 1235 2142 1642 2201; x_wconf 83' lang='lat' dir='ltr'><strong>erucilixerunt.</strong></span> <span class='ocrx_word' id='word_1_290' title='bbox 1665 2138 1827 2197; x_wconf 87' lang='lat' dir='ltr'><strong>Stulti</strong></span> <span class='ocrx_word' id='word_1_291' title='bbox 1845 2152 1974 2209; x_wconf 87' lang='lat' dir='ltr'><strong>ergo</strong></span> <span class='ocrx_word' id='word_1_292' title='bbox 1998 2149 2116 2202; x_wconf 90' lang='lat' dir='ltr'><strong>vos,</strong></span> 
     </span>
    </p>
   </div>
   <div class='ocr_carea' id='block_1_38' title="bbox 512 2227 2118 2310">
    <p class='ocr_par' dir='ltr' id='par_1_38' title="bbox 512 2227 2118 2310">
     <span class='ocr_line' id='line_1_38' title="bbox 512 2227 2118 2310; baseline -0.009 -12"><span class='ocrx_word' id='word_1_293' title='bbox 512 2240 741 2305; x_wconf 58' lang='lat' dir='ltr'><strong>Galatae,</strong></span> <span class='ocrx_word' id='word_1_294' title='bbox 769 2237 1077 2310; x_wconf 85' lang='lat' dir='ltr'><strong>perdidistis</strong></span> <span class='ocrx_word' id='word_1_295' title='bbox 1097 2252 1165 2293; x_wconf 88' lang='lat' dir='ltr'><strong>ex</strong></span> <span class='ocrx_word' id='word_1_296' title='bbox 1190 2235 1385 2293; x_wconf 84' lang='lat' dir='ltr'><strong>vestris</strong></span> <span class='ocrx_word' id='word_1_297' title='bbox 1403 2233 1600 2290; x_wconf 88' lang='lat' dir='ltr'><strong>animis</strong></span> <span class='ocrx_word' id='word_1_298' title='bbox 1620 2230 1891 2289; x_wconf 81' lang='lat' dir='ltr'><strong>Christum</strong></span> <span class='ocrx_word' id='word_1_299' title='bbox 1915 2235 1972 2285; x_wconf 88' lang='lat' dir='ltr'><strong>et</strong></span> <span class='ocrx_word' id='word_1_300' title='bbox 1999 2227 2118 2299; x_wconf 86' lang='lat' dir='ltr'><strong>ejus</strong></span> 
     </span>
    </p>
   </div>
   <div class='ocr_carea' id='block_1_39' title="bbox 515 2321 2112 2402">
    <p class='ocr_par' dir='ltr' id='par_1_39' title="bbox 515 2321 2112 2402">
     <span class='ocr_line' id='line_1_39' title="bbox 515 2321 2112 2402; baseline -0.009 -14"><span class='ocrx_word' id='word_1_301' title='bbox 515 2334 678 2389; x_wconf 87' lang='lat' dir='ltr'><strong>bona.</strong></span> <span class='ocrx_word' id='word_1_302' title='bbox 700 2330 896 2388; x_wconf 83' lang='lat' dir='ltr'><strong>Nescio</strong></span> <span class='ocrx_word' id='word_1_303' title='bbox 910 2330 1031 2401; x_wconf 87' lang='lat' dir='ltr'><strong>quis</strong></span> <span class='ocrx_word' id='word_1_304' title='bbox 1056 2329 1217 2402; x_wconf 83' lang='lat' dir='ltr'><strong>igitur</strong></span> <span class='ocrx_word' id='word_1_305' title='bbox 1233 2343 1332 2385; x_wconf 87' lang='lat' dir='ltr'><strong>vos</strong></span> <span class='ocrx_word' id='word_1_306' title='bbox 1357 2328 1408 2382; x_wconf 90' lang='lat' dir='ltr'><strong>in</strong></span> <span class='ocrx_word' id='word_1_307' title='bbox 1425 2324 1582 2381; x_wconf 92' lang='lat' dir='ltr'><strong>bouis</strong></span> <span class='ocrx_word' id='word_1_308' title='bbox 1602 2322 1797 2379; x_wconf 89' lang='lat' dir='ltr'><strong>vestris</strong></span> <span class='ocrx_word' id='word_1_309' title='bbox 1813 2321 2112 2377; x_wconf 80' lang='lat' dir='ltr'><strong>l‘ascinavit.</strong></span> 
     </span>
    </p>
   </div>
   <div class='ocr_carea' id='block_1_40' title="bbox 586 2411 2116 2490">
    <p class='ocr_par' dir='ltr' id='par_1_40' title="bbox 586 2411 2116 2490">
     <span class='ocr_line' id='line_1_40' title="bbox 586 2411 2116 2490; baseline -0.008 -9"><span class='ocrx_word' id='word_1_310' title='bbox 586 2424 834 2490; x_wconf 48' lang='lat' dir='ltr'><strong>Vsusfl.</strong></span> <span class='ocrx_word' id='word_1_311' title='bbox 878 2452 953 2464; x_wconf 91' lang='lat'><strong>—</strong></span> <span class='ocrx_word' id='word_1_312' title='bbox 974 2421 1091 2477; x_wconf 83' lang='lat' dir='ltr'><strong>Hoc</strong></span> <span class='ocrx_word' id='word_1_313' title='bbox 1136 2422 1302 2477; x_wconf 86' lang='lat' dir='ltr'><strong>solum</strong></span> <span class='ocrx_word' id='word_1_314' title='bbox 1334 2420 1449 2475; x_wconf 78' lang='lat' dir='ltr'><strong>uolo</strong></span> <span class='ocrx_word' id='word_1_315' title='bbox 1492 2418 1684 2472; x_wconf 83' lang='lat' dir='ltr'><strong>discere</strong></span> <span class='ocrx_word' id='word_1_316' title='bbox 1715 2433 1746 2471; x_wconf 89' lang='lat' dir='ltr'><strong>a</strong></span> <span class='ocrx_word' id='word_1_317' title='bbox 1785 2414 1944 2470; x_wconf 81' lang='lat' dir='ltr'><strong>vobis.</strong></span> <span class='ocrx_word' id='word_1_318' title='bbox 1972 2411 2116 2469; x_wconf 86' lang='lat' dir='ltr'><strong>Nihil</strong></span> 
     </span>
    </p>
   </div>
   <div class='ocr_carea' id='block_1_41' title="bbox 510 2510 2113 2588">
    <p class='ocr_par' dir='ltr' id='par_1_41' title="bbox 510 2510 2113 2588">
     <span class='ocr_line' id='line_1_41' title="bbox 510 2510 2113 2588; baseline -0.009 -11"><span class='ocrx_word' id='word_1_319' title='bbox 510 2520 781 2587; x_wconf 84' lang='lat' dir='ltr'><strong>movebo,</strong></span> <span class='ocrx_word' id='word_1_320' title='bbox 832 2516 967 2575; x_wconf 88' lang='lat' dir='ltr'><strong>nihil</strong></span> <span class='ocrx_word' id='word_1_321' title='bbox 1018 2516 1444 2588; x_wconf 89' lang='lat' dir='ltr'><strong>reprehendam;</strong></span> <span class='ocrx_word' id='word_1_322' title='bbox 1491 2515 1594 2571; x_wconf 89' lang='lat' dir='ltr'><strong>hoc</strong></span> <span class='ocrx_word' id='word_1_323' title='bbox 1632 2514 1849 2577; x_wconf 91' lang='lat' dir='ltr'><strong>solum,</strong></span> <span class='ocrx_word' id='word_1_324' title='bbox 1896 2510 2070 2582; x_wconf 92' lang='lat' dir='ltr'><strong>inquit</strong></span> <span class='ocrx_word' id='word_1_325' title='bbox 2098 2550 2113 2576; x_wconf 97' lang='lat'><strong>,</strong></span> 
     </span>
    </p>
   </div>
   <div class='ocr_carea' id='block_1_42' title="bbox 506 2604 2114 2681">
    <p class='ocr_par' dir='ltr' id='par_1_42' title="bbox 506 2604 2114 2681">
     <span class='ocr_line' id='line_1_42' title="bbox 506 2604 2114 2681; baseline -0.008 -9"><span class='ocrx_word' id='word_1_326' title='bbox 506 2618 634 2674; x_wconf 91' lang='lat' dir='ltr'><strong>volo</strong></span> <span class='ocrx_word' id='word_1_327' title='bbox 671 2616 908 2681; x_wconf 80' lang='lat' dir='ltr'><strong>discere,</strong></span> <span class='ocrx_word' id='word_1_328' title='bbox 953 2624 1008 2671; x_wconf 90' lang='lat' dir='ltr'><strong>et</strong></span> <span class='ocrx_word' id='word_1_329' title='bbox 1052 2630 1083 2670; x_wconf 88' lang='lat' dir='ltr'><strong>a</strong></span> <span class='ocrx_word' id='word_1_330' title='bbox 1126 2612 1280 2668; x_wconf 84' lang='lat' dir='ltr'><strong>vobis</strong></span> <span class='ocrx_word' id='word_1_331' title='bbox 1313 2612 1559 2676; x_wconf 88' lang='lat' dir='ltr'><strong>discere;</strong></span> <span class='ocrx_word' id='word_1_332' title='bbox 1598 2626 1661 2664; x_wconf 80' lang='lat' dir='ltr'><strong>ea:</strong></span> <span class='ocrx_word' id='word_1_333' title='bbox 1715 2606 1951 2680; x_wconf 76' lang='lat' dir='ltr'><strong>operibus</strong></span> <span class='ocrx_word' id='word_1_334' title='bbox 1988 2604 2114 2678; x_wconf 81' lang='lat' dir='ltr'><strong>legis</strong></span> 
     </span>
    </p>
   </div>
   <div class='ocr_carea' id='block_1_43' title="bbox 509 2696 2107 2781">
    <p class='ocr_par' dir='ltr' id='par_1_43' title="bbox 509 2696 2107 2781">
     <span class='ocr_line' id='line_1_43' title="bbox 509 2696 2107 2781; baseline -0.011 -14"><span class='ocrx_word' id='word_1_335' title='bbox 509 2710 752 2781; x_wconf 83' lang='lat' dir='ltr'><strong>spiritum</strong></span> <span class='ocrx_word' id='word_1_336' title='bbox 796 2707 1083 2778; x_wconf 87' lang='lat' dir='ltr'><strong>accepistis,</strong></span> <span class='ocrx_word' id='word_1_337' title='bbox 1109 2722 1177 2760; x_wconf 87' lang='lat' dir='ltr'><strong>an</strong></span> <span class='ocrx_word' id='word_1_338' title='bbox 1199 2721 1263 2759; x_wconf 81' lang='lat' dir='ltr'><strong>ea:</strong></span> <span class='ocrx_word' id='word_1_339' title='bbox 1281 2703 1466 2757; x_wconf 85' lang='lat' dir='ltr'><strong>auditu</strong></span> <span class='ocrx_word' id='word_1_340' title='bbox 1491 2701 1610 2770; x_wconf 83' lang='lat' dir='ltr'><strong>ﬁdei</strong></span> <span class='ocrx_word' id='word_1_341' title='bbox 1634 2715 1741 2771; x_wconf 90' lang='lat' dir='ltr'><strong>quo</strong></span> <span class='ocrx_word' id='word_1_342' title='bbox 1764 2699 2017 2755; x_wconf 89' lang='lat' dir='ltr'><strong>meliores</strong></span> <span class='ocrx_word' id='word_1_343' title='bbox 2043 2696 2107 2750; x_wconf 87' lang='lat' dir='ltr'><strong>ad</strong></span> 
     </span>
    </p>
   </div>
   <div class='ocr_carea' id='block_1_44' title="bbox 506 2789 2114 2873">
    <p class='ocr_par' dir='ltr' id='par_1_44' title="bbox 506 2789 2114 2873">
     <span class='ocr_line' id='line_1_44' title="bbox 506 2789 2114 2873; baseline -0.008 -16"><span class='ocrx_word' id='word_1_344' title='bbox 506 2801 603 2857; x_wconf 91' lang='lat' dir='ltr'><strong>Dei</strong></span> <span class='ocrx_word' id='word_1_345' title='bbox 629 2801 993 2873; x_wconf 88' lang='lat' dir='ltr'><strong>cognitionem</strong></span> <span class='ocrx_word' id='word_1_346' title='bbox 1016 2813 1138 2854; x_wconf 91' lang='lat' dir='ltr'><strong>esse</strong></span> <span class='ocrx_word' id='word_1_347' title='bbox 1159 2795 1439 2868; x_wconf 70' lang='lat' dir='ltr'><strong>empistis?</strong></span> <span class='ocrx_word' id='word_1_348' title='bbox 1458 2793 1635 2860; x_wconf 88' lang='lat' dir='ltr'><strong>Unde,</strong></span> <span class='ocrx_word' id='word_1_349' title='bbox 1653 2792 1845 2861; x_wconf 87' lang='lat' dir='ltr'><strong>inquit,</strong></span> <span class='ocrx_word' id='word_1_350' title='bbox 1868 2789 2114 2862; x_wconf 90' lang='lat' dir='ltr'><strong>provenit</strong></span> 
     </span>
    </p>
   </div>
   <div class='ocr_carea' id='block_1_45' title="bbox 507 2886 2114 2964">
    <p class='ocr_par' dir='ltr' id='par_1_45' title="bbox 507 2886 2114 2964">
     <span class='ocr_line' id='line_1_45' title="bbox 507 2886 2114 2964; baseline -0.011 -11"><span class='ocrx_word' id='word_1_351' title='bbox 507 2895 664 2953; x_wconf 85' lang='lat' dir='ltr'><strong>vobis</strong></span> <span class='ocrx_word' id='word_1_352' title='bbox 697 2893 948 2964; x_wconf 86' lang='lat' dir='ltr'><strong>accipere</strong></span> <span class='ocrx_word' id='word_1_353' title='bbox 970 2890 1246 2962; x_wconf 89' lang='lat' dir='ltr'><strong>spiritum,</strong></span> <span class='ocrx_word' id='word_1_354' title='bbox 1269 2905 1339 2946; x_wconf 84' lang='lat' dir='ltr'><strong>ex</strong></span> <span class='ocrx_word' id='word_1_355' title='bbox 1368 2889 1623 2959; x_wconf 90' lang='lat' dir='ltr'><strong>operibus</strong></span> <span class='ocrx_word' id='word_1_356' title='bbox 1646 2886 1801 2957; x_wconf 91' lang='lat' dir='ltr'><strong>legis,</strong></span> <span class='ocrx_word' id='word_1_357' title='bbox 1826 2899 1893 2940; x_wconf 91' lang='lat' dir='ltr'><strong>an</strong></span> <span class='ocrx_word' id='word_1_358' title='bbox 1917 2900 1982 2941; x_wconf 82' lang='lat' dir='ltr'><strong>ex</strong></span> <span class='ocrx_word' id='word_1_359' title='bbox 2017 2898 2114 2936; x_wconf 87' lang='lat' dir='ltr'><strong>au-</strong></span> 
     </span>
    </p>
   </div>
   <div class='ocr_carea' id='block_1_46' title="bbox 514 2977 2110 3057">
    <p class='ocr_par' dir='ltr' id='par_1_46' title="bbox 514 2977 2110 3057">
     <span class='ocr_line' id='line_1_46' title="bbox 514 2977 2110 3057; baseline -0.009 -11"><span class='ocrx_word' id='word_1_360' title='bbox 514 2991 633 3046; x_wconf 89' lang='lat' dir='ltr'><strong>ditu</strong></span> <span class='ocrx_word' id='word_1_361' title='bbox 675 2988 841 3045; x_wconf 82' lang='lat' dir='ltr'><strong>ﬁdei?</strong></span> <span class='ocrx_word' id='word_1_362' title='bbox 890 2985 1025 3045; x_wconf 87' lang='lat' dir='ltr'><strong>Cum</strong></span> <span class='ocrx_word' id='word_1_363' title='bbox 1048 3001 1180 3057; x_wconf 88' lang='lat' dir='ltr'><strong>ergo</strong></span> <span class='ocrx_word' id='word_1_364' title='bbox 1214 2984 1374 3042; x_wconf 87' lang='lat' dir='ltr'><strong>vobis</strong></span> <span class='ocrx_word' id='word_1_365' title='bbox 1413 2979 1806 3054; x_wconf 86' lang='lat' dir='ltr'><strong>evangelizavi,</strong></span> <span class='ocrx_word' id='word_1_366' title='bbox 1829 2995 1896 3033; x_wconf 79' lang='lat' dir='ltr'><strong>ex</strong></span> <span class='ocrx_word' id='word_1_367' title='bbox 1926 2977 2110 3033; x_wconf 89' lang='lat' dir='ltr'><strong>auditu</strong></span> 
     </span>
    </p>
   </div>
   <div class='ocr_carea' id='block_1_47' title="bbox 504 3070 2105 3152">
    <p class='ocr_par' dir='ltr' id='par_1_47' title="bbox 504 3070 2105 3152">
     <span class='ocr_line' id='line_1_47' title="bbox 504 3070 2105 3152; baseline -0.009 -13"><span class='ocrx_word' id='word_1_368' title='bbox 504 3082 632 3139; x_wconf 91' lang='lat' dir='ltr'><strong>ﬁdei</strong></span> <span class='ocrx_word' id='word_1_369' title='bbox 656 3081 909 3152; x_wconf 88' lang='lat' dir='ltr'><strong>spiritum</strong></span> <span class='ocrx_word' id='word_1_370' title='bbox 933 3070 1257 3148; x_wconf 88' lang='lat' dir='ltr'><strong>accepistis:</strong></span> <span class='ocrx_word' id='word_1_371' title='bbox 1284 3092 1390 3131; x_wconf 90' lang='lat' dir='ltr'><strong>non</strong></span> <span class='ocrx_word' id='word_1_372' title='bbox 1413 3090 1542 3146; x_wconf 88' lang='lat' dir='ltr'><strong>ergo</strong></span> <span class='ocrx_word' id='word_1_373' title='bbox 1566 3089 1633 3130; x_wconf 83' lang='lat' dir='ltr'><strong>ex</strong></span> <span class='ocrx_word' id='word_1_374' title='bbox 1672 3071 1928 3142; x_wconf 89' lang='lat' dir='ltr'><strong>operibus</strong></span> <span class='ocrx_word' id='word_1_375' title='bbox 1953 3070 2105 3140; x_wconf 85' lang='lat' dir='ltr'><strong>legis.</strong></span> 
     </span>
    </p>
   </div>
   <div class='ocr_carea' id='block_1_48' title="bbox 2223 1839 3785 1913">
    <p class='ocr_par' dir='ltr' id='par_1_48' title="bbox 2223 1839 3785 1913">
     <span class='ocr_line' id='line_1_48' title="bbox 2223 1839 3785 1913; baseline -0.001 -17"><span class='ocrx_word' id='word_1_376' title='bbox 2223 1860 2290 1896; x_wconf 88' lang='lat' dir='ltr'><strong>an</strong></span> <span class='ocrx_word' id='word_1_377' title='bbox 2317 1858 2379 1897; x_wconf 79' lang='lat' dir='ltr'><strong>ea:</strong></span> <span class='ocrx_word' id='word_1_378' title='bbox 2402 1841 2582 1896; x_wconf 88' lang='lat' dir='ltr'><strong>auditu</strong></span> <span class='ocrx_word' id='word_1_379' title='bbox 2612 1839 2760 1908; x_wconf 78' lang='lat' dir='ltr'><strong>ﬁdei?</strong></span> <span class='ocrx_word' id='word_1_380' title='bbox 2788 1839 3053 1909; x_wconf 86' lang='lat' dir='ltr'><strong>Quoniam</strong></span> <span class='ocrx_word' id='word_1_381' title='bbox 3084 1855 3247 1910; x_wconf 86' lang='lat' dir='ltr'><strong>supra</strong></span> <span class='ocrx_word' id='word_1_382' title='bbox 3290 1839 3448 1906; x_wconf 88' lang='lat' dir='ltr'><strong>dixit,</strong></span> <span class='ocrx_word' id='word_1_383' title='bbox 3479 1848 3628 1913; x_wconf 74' lang='lat' dir='ltr'><strong>tanta</strong></span> <span class='ocrx_word' id='word_1_384' title='bbox 3669 1840 3785 1912; x_wconf 87' lang='lat' dir='ltr'><strong>passi</strong></span> 
     </span>
    </p>
   </div>
   <div class='ocr_carea' id='block_1_49' title="bbox 2220 1932 3784 2005">
    <p class='ocr_par' dir='ltr' id='par_1_49' title="bbox 2220 1932 3784 2005">
     <span class='ocr_line' id='line_1_49' title="bbox 2220 1932 3784 2005; baseline -0.002 -14"><span class='ocrx_word' id='word_1_385' title='bbox 2220 1936 2353 1991; x_wconf 90' lang='lat' dir='ltr'><strong>estis</strong></span> <span class='ocrx_word' id='word_1_386' title='bbox 2376 1976 2389 1999; x_wconf 92' lang='lat'><strong>,</strong></span> <span class='ocrx_word' id='word_1_387' title='bbox 2421 1942 2477 1990; x_wconf 91' lang='lat' dir='ltr'><strong>et</strong></span> <span class='ocrx_word' id='word_1_388' title='bbox 2511 1933 2762 2003; x_wconf 86' lang='lat' dir='ltr'><strong>exposuit</strong></span> <span class='ocrx_word' id='word_1_389' title='bbox 2788 1949 2908 2005; x_wconf 61' lang='lat' dir='ltr'><strong>qute</strong></span> <span class='ocrx_word' id='word_1_390' title='bbox 2939 1934 3078 2005; x_wconf 87' lang='lat' dir='ltr'><strong>passi</strong></span> <span class='ocrx_word' id='word_1_391' title='bbox 3114 1932 3445 2000; x_wconf 88' lang='lat' dir='ltr'><strong>viderentur,</strong></span> <span class='ocrx_word' id='word_1_392' title='bbox 3478 1934 3557 1990; x_wconf 87' lang='lat' dir='ltr'><strong>vel</strong></span> <span class='ocrx_word' id='word_1_393' title='bbox 3586 1932 3696 1989; x_wconf 83' lang='lat' dir='ltr'><strong>talia</strong></span> <span class='ocrx_word' id='word_1_394' title='bbox 3719 1942 3784 1988; x_wconf 83' lang='lat' dir='ltr'><strong>at-</strong></span> 
     </span>
    </p>
   </div>
   <div class='ocr_carea' id='block_1_50' title="bbox 2219 2025 3782 2099">
    <p class='ocr_par' dir='ltr' id='par_1_50' title="bbox 2219 2025 3782 2099">
     <span class='ocr_line' id='line_1_50' title="bbox 2219 2025 3782 2099; baseline -0.001 -17"><span class='ocrx_word' id='word_1_395' title='bbox 2219 2042 2324 2099; x_wconf 91' lang='lat' dir='ltr'><strong>que</strong></span> <span class='ocrx_word' id='word_1_396' title='bbox 2354 2025 2641 2097; x_wconf 89' lang='lat' dir='ltr'><strong>ejusmodi,</strong></span> <span class='ocrx_word' id='word_1_397' title='bbox 2673 2027 2726 2081; x_wconf 85' lang='grc' dir='ltr'><strong>ιιι</strong></span> <span class='ocrx_word' id='word_1_398' title='bbox 2757 2041 2822 2082; x_wconf 93' lang='lat' dir='ltr'><strong>eo</strong></span> <span class='ocrx_word' id='word_1_399' title='bbox 2850 2034 3029 2082; x_wconf 91' lang='lat' dir='ltr'><strong>tamen</strong></span> <span class='ocrx_word' id='word_1_400' title='bbox 3056 2026 3199 2098; x_wconf 86' lang='lat' dir='ltr'><strong>quod</strong></span> <span class='ocrx_word' id='word_1_401' title='bbox 3230 2027 3615 2094; x_wconf 88' lang='lat' dir='ltr'><strong>toleraverunt,</strong></span> <span class='ocrx_word' id='word_1_402' title='bbox 3634 2029 3782 2096; x_wconf 81' lang='lat' dir='ltr'><strong>utique</strong></span> 
     </span>
    </p>
   </div>
   <div class='ocr_carea' id='block_1_51' title="bbox 2220 2117 3778 2192">
    <p class='ocr_par' dir='ltr' id='par_1_51' title="bbox 2220 2117 3778 2192">
     <span class='ocr_line' id='line_1_51' title="bbox 2220 2117 3778 2192; baseline -0.001 -19"><span class='ocrx_word' id='word_1_403' title='bbox 2220 2120 2445 2175; x_wconf 85' lang='lat' dir='ltr'><strong>virtutes</strong></span> <span class='ocrx_word' id='word_1_404' title='bbox 2476 2117 2781 2174; x_wconf 88' lang='lat' dir='ltr'><strong>habuerunt</strong></span> <span class='ocrx_word' id='word_1_405' title='bbox 2808 2119 2951 2174; x_wconf 84' lang='lat' dir='ltr'><strong>circa</strong></span> <span class='ocrx_word' id='word_1_406' title='bbox 2980 2119 3324 2175; x_wconf 84' lang='lat' dir='ltr'><strong>tolerantiam</strong></span> <span class='ocrx_word' id='word_1_407' title='bbox 3353 2135 3367 2174; x_wconf 90' lang='lat'><strong>:</strong></span> <span class='ocrx_word' id='word_1_408' title='bbox 3401 2120 3672 2192; x_wconf 86' lang='lat' dir='ltr'><strong>coujuugit</strong></span> <span class='ocrx_word' id='word_1_409' title='bbox 3703 2119 3778 2191; x_wconf 84' lang='lat' dir='ltr'><strong>igi-</strong></span> 
     </span>
    </p>
   </div>
   <div class='ocr_carea' id='block_1_52' title="bbox 2219 2213 3777 2287">
    <p class='ocr_par' dir='ltr' id='par_1_52' title="bbox 2219 2213 3777 2287">
     <span class='ocr_line' id='line_1_52' title="bbox 2219 2213 3777 2287; baseline -0.002 -17"><span class='ocrx_word' id='word_1_410' title='bbox 2219 2223 2327 2282; x_wconf 87' lang='lat' dir='ltr'><strong>tur,</strong></span> <span class='ocrx_word' id='word_1_411' title='bbox 2345 2216 2434 2287; x_wconf 87' lang='lat' dir='ltr'><strong>qui</strong></span> <span class='ocrx_word' id='word_1_412' title='bbox 2456 2213 2629 2269; x_wconf 87' lang='lat' dir='ltr'><strong>tribuit</strong></span> <span class='ocrx_word' id='word_1_413' title='bbox 2650 2213 2788 2268; x_wconf 80' lang='lat' dir='ltr'><strong>vobis</strong></span> <span class='ocrx_word' id='word_1_414' title='bbox 2801 2214 3061 2285; x_wconf 88' lang='lat' dir='ltr'><strong>spiritum,</strong></span> <span class='ocrx_word' id='word_1_415' title='bbox 3084 2225 3325 2285; x_wconf 82' lang='lat' dir='ltr'><strong>Operatur</strong></span> <span class='ocrx_word' id='word_1_416' title='bbox 3347 2214 3562 2270; x_wconf 81' lang='lat' dir='ltr'><strong>uirtutes</strong></span> <span class='ocrx_word' id='word_1_417' title='bbox 3577 2216 3626 2269; x_wconf 89' lang='lat' dir='ltr'><strong>iu</strong></span> <span class='ocrx_word' id='word_1_418' title='bbox 3648 2214 3777 2279; x_wconf 77' lang='lat' dir='ltr'><strong>vobis,</strong></span> 
     </span>
    </p>
   </div>
   <div class='ocr_carea' id='block_1_53' title="bbox 2221 2308 3781 2382">
    <p class='ocr_par' dir='ltr' id='par_1_53' title="bbox 2221 2308 3781 2382">
     <span class='ocr_line' id='line_1_53' title="bbox 2221 2308 3781 2382; baseline 0.001 -19"><span class='ocrx_word' id='word_1_419' title='bbox 2221 2309 2415 2382; x_wconf 85' lang='lat' dir='ltr'><strong>quibus</strong></span> <span class='ocrx_word' id='word_1_420' title='bbox 2448 2308 2734 2364; x_wconf 84' lang='lat' dir='ltr'><strong>virtutibus</strong></span> <span class='ocrx_word' id='word_1_421' title='bbox 2765 2316 2907 2363; x_wconf 78' lang='lat' dir='ltr'><strong>tanta</strong></span> <span class='ocrx_word' id='word_1_422' title='bbox 2938 2308 3082 2380; x_wconf 69' lang='lat' dir='ltr'><strong>passi</strong></span> <span class='ocrx_word' id='word_1_423' title='bbox 3112 2310 3245 2365; x_wconf 90' lang='lat' dir='ltr'><strong>estis</strong></span> <span class='ocrx_word' id='word_1_424' title='bbox 3284 2318 3341 2366; x_wconf 90' lang='lat' dir='ltr'><strong>et</strong></span> <span class='ocrx_word' id='word_1_425' title='bbox 3380 2310 3663 2366; x_wconf 90' lang='lat' dir='ltr'><strong>tolerastis.</strong></span> <span class='ocrx_word' id='word_1_426' title='bbox 3689 2309 3781 2365; x_wconf 76' lang='lat' dir='ltr'><strong>iam</strong></span> 
     </span>
    </p>
   </div>
   <div class='ocr_carea' id='block_1_54' title="bbox 2216 2394 3780 2477">
    <p class='ocr_par' dir='ltr' id='par_1_54' title="bbox 2216 2394 3780 2477">
     <span class='ocr_line' id='line_1_54' title="bbox 2216 2394 3780 2477; baseline 0.001 -20"><span class='ocrx_word' id='word_1_427' title='bbox 2216 2418 2282 2457; x_wconf 85' lang='lat' dir='ltr'><strong>ex</strong></span> <span class='ocrx_word' id='word_1_428' title='bbox 2315 2401 2620 2473; x_wconf 90' lang='lat' dir='ltr'><strong>hocntique</strong></span> <span class='ocrx_word' id='word_1_429' title='bbox 2668 2404 2968 2475; x_wconf 89' lang='lat' dir='ltr'><strong>intelligere</strong></span> <span class='ocrx_word' id='word_1_430' title='bbox 3013 2403 3136 2459; x_wconf 90' lang='lat' dir='ltr'><strong>illos</strong></span> <span class='ocrx_word' id='word_1_431' title='bbox 3184 2394 3344 2470; x_wconf 75' lang='lat' dir='ltr'><strong>facit,</strong></span> <span class='ocrx_word' id='word_1_432' title='bbox 3375 2404 3521 2476; x_wconf 90' lang='lat' dir='ltr'><strong>quod</strong></span> <span class='ocrx_word' id='word_1_433' title='bbox 3568 2414 3780 2477; x_wconf 84' lang='lat' dir='ltr'><strong>operatus</strong></span> 
     </span>
    </p>
   </div>
   <div class='ocr_carea' id='block_1_55' title="bbox 2215 2494 3783 2570">
    <p class='ocr_par' dir='ltr' id='par_1_55' title="bbox 2215 2494 3783 2570">
     <span class='ocr_line' id='line_1_55' title="bbox 2215 2494 3783 2570; baseline 0.003 -21"><span class='ocrx_word' id='word_1_434' title='bbox 2215 2494 2286 2550; x_wconf 89' lang='lat' dir='ltr'><strong>sit</strong></span> <span class='ocrx_word' id='word_1_435' title='bbox 2316 2497 2367 2550; x_wconf 91' lang='lat' dir='ltr'><strong>in</strong></span> <span class='ocrx_word' id='word_1_436' title='bbox 2398 2496 2483 2551; x_wconf 89' lang='lat' dir='ltr'><strong>his</strong></span> <span class='ocrx_word' id='word_1_437' title='bbox 2514 2496 2656 2553; x_wconf 90' lang='lat' dir='ltr'><strong>Deus</strong></span> <span class='ocrx_word' id='word_1_438' title='bbox 2678 2497 2902 2553; x_wconf 88' lang='lat' dir='ltr'><strong>virtutes</strong></span> <span class='ocrx_word' id='word_1_439' title='bbox 2935 2498 3196 2570; x_wconf 91' lang='lat' dir='ltr'><strong>plurimas</strong></span> <span class='ocrx_word' id='word_1_440' title='bbox 3228 2514 3240 2549; x_wconf 90' lang='lat'>:</span> <span class='ocrx_word' id='word_1_441' title='bbox 3273 2507 3330 2553; x_wconf 93' lang='lat' dir='ltr'><strong>et</strong></span> <span class='ocrx_word' id='word_1_442' title='bbox 3356 2499 3403 2555; x_wconf 90' lang='lat' dir='ltr'><strong>si</strong></span> <span class='ocrx_word' id='word_1_443' title='bbox 3433 2508 3680 2570; x_wconf 87' lang='lat' dir='ltr'><strong>operatus</strong></span> <span class='ocrx_word' id='word_1_444' title='bbox 3718 2505 3783 2554; x_wconf 88' lang='lat' dir='ltr'><strong>est</strong></span> 
     </span>
    </p>
   </div>
   <div class='ocr_carea' id='block_1_56' title="bbox 2217 2588 3778 2664">
    <p class='ocr_par' dir='ltr' id='par_1_56' title="bbox 2217 2588 3778 2664">
     <span class='ocr_line' id='line_1_56' title="bbox 2217 2588 3778 2664; baseline 0.004 -22"><span class='ocrx_word' id='word_1_445' title='bbox 2217 2588 2476 2658; x_wconf 82' lang='lat' dir='ltr'><strong>virtutes,</strong></span> <span class='ocrx_word' id='word_1_446' title='bbox 2521 2590 2709 2647; x_wconf 89' lang='lat' dir='ltr'><strong>tribuit</strong></span> <span class='ocrx_word' id='word_1_447' title='bbox 2746 2591 2852 2647; x_wconf 87' lang='lat' dir='ltr'><strong>illis</strong></span> <span class='ocrx_word' id='word_1_448' title='bbox 2892 2592 3163 2663; x_wconf 79' lang='lat' dir='ltr'><strong>Spiritum.</strong></span> <span class='ocrx_word' id='word_1_449' title='bbox 3215 2591 3358 2664; x_wconf 85' lang='lat' dir='ltr'><strong>Ergo</strong></span> <span class='ocrx_word' id='word_1_450' title='bbox 3398 2593 3778 2650; x_wconf 84' lang='lat' dir='ltr'><strong>conﬁrmaton</strong></span> 
     </span>
    </p>
   </div>
   <div class='ocr_carea' id='block_1_57' title="bbox 2214 2678 3779 2758">
    <p class='ocr_par' dir='ltr' id='par_1_57' title="bbox 2214 2678 3779 2758">
     <span class='ocr_line' id='line_1_57' title="bbox 2214 2678 3779 2758; baseline 0.002 -21"><span class='ocrx_word' id='word_1_451' title='bbox 2214 2683 2356 2755; x_wconf 92' lang='lat' dir='ltr'><strong>quod</strong></span> <span class='ocrx_word' id='word_1_452' title='bbox 2386 2685 2543 2740; x_wconf 84' lang='lat' dir='ltr'><strong>datus</strong></span> <span class='ocrx_word' id='word_1_453' title='bbox 2571 2686 2643 2740; x_wconf 88' lang='lat' dir='ltr'><strong>sit</strong></span> <span class='ocrx_word' id='word_1_454' title='bbox 2674 2678 2780 2742; x_wconf 86' lang='lat' dir='ltr'><strong>illis</strong></span> <span class='ocrx_word' id='word_1_455' title='bbox 2809 2686 3028 2756; x_wconf 91' lang='lat' dir='ltr'><strong>spiritus</strong></span> <span class='ocrx_word' id='word_1_456' title='bbox 3052 2728 3069 2753; x_wconf 92' lang='lat'><strong>,</strong></span> <span class='ocrx_word' id='word_1_457' title='bbox 3108 2696 3253 2743; x_wconf 88' lang='lat' dir='ltr'><strong>recte</strong></span> <span class='ocrx_word' id='word_1_458' title='bbox 3296 2686 3547 2758; x_wconf 89' lang='lat' dir='ltr'><strong>procedit</strong></span> <span class='ocrx_word' id='word_1_459' title='bbox 3585 2689 3779 2743; x_wconf 88' lang='lat' dir='ltr'><strong>interro-</strong></span> 
     </span>
    </p>
   </div>
   <div class='ocr_carea' id='block_1_58' title="bbox 2214 2778 3779 2851">
    <p class='ocr_par' dir='ltr' id='par_1_58' title="bbox 2214 2778 3779 2851">
     <span class='ocr_line' id='line_1_58' title="bbox 2214 2778 3779 2851; baseline 0.002 -21"><span class='ocrx_word' id='word_1_460' title='bbox 2214 2778 2359 2848; x_wconf 89' lang='lat' dir='ltr'><strong>gatio</strong></span> <span class='ocrx_word' id='word_1_461' title='bbox 2382 2819 2395 2840; x_wconf 90' lang='lat'><strong>,</strong></span> <span class='ocrx_word' id='word_1_462' title='bbox 2428 2784 2606 2832; x_wconf 87' lang='lat' dir='ltr'><strong>utrum</strong></span> <span class='ocrx_word' id='word_1_463' title='bbox 2638 2793 2703 2834; x_wconf 70' lang='lat' dir='ltr'><strong>ev</strong></span> <span class='ocrx_word' id='word_1_464' title='bbox 2734 2779 2987 2850; x_wconf 88' lang='lat' dir='ltr'><strong>operibus</strong></span> <span class='ocrx_word' id='word_1_465' title='bbox 3018 2780 3149 2851; x_wconf 86' lang='lat' dir='ltr'><strong>legis</strong></span> <span class='ocrx_word' id='word_1_466' title='bbox 3193 2787 3449 2848; x_wconf 84' lang='lat' dir='ltr'><strong>cperatus</strong></span> <span class='ocrx_word' id='word_1_467' title='bbox 3492 2781 3566 2836; x_wconf 91' lang='lat' dir='ltr'><strong>sit</strong></span> <span class='ocrx_word' id='word_1_468' title='bbox 3594 2780 3716 2835; x_wconf 89' lang='lat' dir='ltr'><strong>Deus</strong></span> <span class='ocrx_word' id='word_1_469' title='bbox 3739 2778 3779 2834; x_wconf 86' lang='lat' dir='ltr'><strong>in</strong></span> 
     </span>
    </p>
   </div>
   <div class='ocr_carea' id='block_1_59' title="bbox 2214 2870 3778 2944">
    <p class='ocr_par' dir='ltr' id='par_1_59' title="bbox 2214 2870 3778 2944">
     <span class='ocr_line' id='line_1_59' title="bbox 2214 2870 3778 2944; baseline 0.001 -20"><span class='ocrx_word' id='word_1_470' title='bbox 2214 2870 2321 2925; x_wconf 89' lang='lat' dir='ltr'><strong>illis</strong></span> <span class='ocrx_word' id='word_1_471' title='bbox 2352 2871 2576 2927; x_wconf 89' lang='lat' dir='ltr'><strong>virtutes</strong></span> <span class='ocrx_word' id='word_1_472' title='bbox 2605 2887 2672 2926; x_wconf 88' lang='lat' dir='ltr'><strong>an</strong></span> <span class='ocrx_word' id='word_1_473' title='bbox 2695 2886 2760 2927; x_wconf 89' lang='lat' dir='ltr'><strong>ex</strong></span> <span class='ocrx_word' id='word_1_474' title='bbox 2790 2872 2977 2927; x_wconf 88' lang='lat' dir='ltr'><strong>auditu</strong></span> <span class='ocrx_word' id='word_1_475' title='bbox 3007 2871 3152 2928; x_wconf 89' lang='lat' dir='ltr'><strong>ﬁdei.</strong></span> <span class='ocrx_word' id='word_1_476' title='bbox 3186 2871 3383 2944; x_wconf 87' lang='lat' dir='ltr'><strong>Utique</strong></span> <span class='ocrx_word' id='word_1_477' title='bbox 3410 2882 3591 2929; x_wconf 88' lang='lat' dir='ltr'><strong>autem</strong></span> <span class='ocrx_word' id='word_1_478' title='bbox 3620 2888 3710 2928; x_wconf 90' lang='lat' dir='ltr'><strong>non</strong></span> <span class='ocrx_word' id='word_1_479' title='bbox 3727 2885 3778 2926; x_wconf 77' lang='lat' dir='ltr'><strong>ex</strong></span> 
     </span>
    </p>
   </div>
   <div class='ocr_carea' id='block_1_60' title="bbox 2214 2964 3780 3039">
    <p class='ocr_par' dir='ltr' id='par_1_60' title="bbox 2214 2964 3780 3039">
     <span class='ocr_line' id='line_1_60' title="bbox 2214 2964 3780 3039; baseline 0.001 -21"><span class='ocrx_word' id='word_1_480' title='bbox 2214 2964 2502 3033; x_wconf 87' lang='lat' dir='ltr'><strong>operibus;</strong></span> <span class='ocrx_word' id='word_1_481' title='bbox 2556 2979 2663 3019; x_wconf 89' lang='lat' dir='ltr'><strong>non</strong></span> <span class='ocrx_word' id='word_1_482' title='bbox 2714 2964 2858 3020; x_wconf 90' lang='lat' dir='ltr'><strong>enim</strong></span> <span class='ocrx_word' id='word_1_483' title='bbox 2910 2965 3016 3020; x_wconf 89' lang='lat' dir='ltr'><strong>ulla</strong></span> <span class='ocrx_word' id='word_1_484' title='bbox 3056 2980 3222 3037; x_wconf 87' lang='lat' dir='ltr'><strong>opera</strong></span> <span class='ocrx_word' id='word_1_485' title='bbox 3266 2982 3297 3021; x_wconf 86' lang='lat' dir='ltr'><strong>a</strong></span> <span class='ocrx_word' id='word_1_486' title='bbox 3338 2966 3492 3023; x_wconf 87' lang='lat' dir='ltr'><strong>vobis</strong></span> <span class='ocrx_word' id='word_1_487' title='bbox 3539 2978 3780 3039; x_wconf 80' lang='lat' dir='ltr'><strong>progressa</strong></span> 
     </span>
    </p>
   </div>
   <div class='ocr_carea' id='block_1_61' title="bbox 2212 3055 3778 3129">
    <p class='ocr_par' dir='ltr' id='par_1_61' title="bbox 2212 3055 3778 3129">
     <span class='ocr_line' id='line_1_61' title="bbox 2212 3055 3778 3129; baseline 0.002 -20"><span class='ocrx_word' id='word_1_488' title='bbox 2212 3064 2359 3121; x_wconf 88' lang='lat' dir='ltr'><strong>sunt,</strong></span> <span class='ocrx_word' id='word_1_489' title='bbox 2393 3055 2489 3112; x_wconf 86' lang='lat' dir='ltr'><strong>sed</strong></span> <span class='ocrx_word' id='word_1_490' title='bbox 2517 3056 2744 3113; x_wconf 89' lang='lat' dir='ltr'><strong>audistis</strong></span> <span class='ocrx_word' id='word_1_491' title='bbox 2776 3056 2959 3123; x_wconf 87' lang='lat' dir='ltr'><strong>ﬁdem,</strong></span> <span class='ocrx_word' id='word_1_492' title='bbox 2988 3066 3043 3114; x_wconf 90' lang='lat' dir='ltr'><strong>et</strong></span> <span class='ocrx_word' id='word_1_493' title='bbox 3062 3058 3360 3115; x_wconf 87' lang='lat' dir='ltr'><strong>obaudistis</strong></span> <span class='ocrx_word' id='word_1_494' title='bbox 3387 3059 3545 3128; x_wconf 89' lang='lat' dir='ltr'><strong>ﬁdei;</strong></span> <span class='ocrx_word' id='word_1_495' title='bbox 3572 3068 3624 3116; x_wconf 90' lang='lat' dir='ltr'><strong>et</strong></span> <span class='ocrx_word' id='word_1_496' title='bbox 3647 3073 3778 3129; x_wconf 90' lang='lat' dir='ltr'><strong>prop-</strong></span> 
     </span>
    </p>
   </div>
   <div class='ocr_carea' id='block_1_62' title="bbox 506 3145 3779 3241">
    <p class='ocr_par' dir='ltr' id='par_1_62' title="bbox 506 3145 3779 3241">
     <span class='ocr_line' id='line_1_62' title="bbox 506 3145 3779 3241; baseline -0.007 -10"><span class='ocrx_word' id='word_1_497' title='bbox 506 3176 636 3241; x_wconf 87' lang='lat' dir='ltr'><strong>Aut,</strong></span> <span class='ocrx_word' id='word_1_498' title='bbox 661 3145 706 3230; x_wconf 82' lang='lat' dir='ltr'><strong>si</strong></span> <span class='ocrx_word' id='word_1_499' title='bbox 745 3187 853 3228; x_wconf 92' lang='lat' dir='ltr'><strong>non</strong></span> <span class='ocrx_word' id='word_1_500' title='bbox 874 3186 941 3228; x_wconf 78' lang='lat' dir='ltr'><strong>es</strong></span> <span class='ocrx_word' id='word_1_501' title='bbox 964 3145 1221 3240; x_wconf 78' lang='lat' dir='ltr'><strong>operibus</strong></span> <span class='ocrx_word' id='word_1_502' title='bbox 1244 3168 1402 3240; x_wconf 87' lang='lat' dir='ltr'><strong>legis,</strong></span> <span class='ocrx_word' id='word_1_503' title='bbox 1427 3182 1594 3239; x_wconf 77' lang='lat' dir='ltr'><strong>quare</strong></span> <span class='ocrx_word' id='word_1_504' title='bbox 1636 3180 1779 3220; x_wconf 88' lang='lat' dir='ltr'><strong>nunc</strong></span> <span class='ocrx_word' id='word_1_505' title='bbox 1817 3161 2109 3234; x_wconf 88' lang='lat' dir='ltr'><strong>adjungitis</strong></span> <span class='ocrx_word' id='word_1_506' title='bbox 2134 3145 2179 3208; x_wconf 67' lang='grc' dir='ltr'><strong>(ἶ</strong></span> <span class='ocrx_word' id='word_1_507' title='bbox 2215 3156 2359 3204; x_wconf 67' lang='lat' dir='ltr'><strong>mea</strong></span> <span class='ocrx_word' id='word_1_508' title='bbox 2391 3159 2643 3221; x_wconf 83' lang='lat' dir='ltr'><strong>operatus</strong></span> <span class='ocrx_word' id='word_1_509' title='bbox 2672 3159 2756 3206; x_wconf 89' lang='lat' dir='ltr'><strong>est</strong></span> <span class='ocrx_word' id='word_1_510' title='bbox 2783 3150 2835 3206; x_wconf 92' lang='lat' dir='ltr'><strong>in</strong></span> <span class='ocrx_word' id='word_1_511' title='bbox 2866 3152 3017 3208; x_wconf 91' lang='lat' dir='ltr'><strong>vobis</strong></span> <span class='ocrx_word' id='word_1_512' title='bbox 3048 3150 3190 3208; x_wconf 91' lang='lat' dir='ltr'><strong>Deus</strong></span> <span class='ocrx_word' id='word_1_513' title='bbox 3232 3154 3462 3211; x_wconf 88' lang='lat' dir='ltr'><strong>virtutes</strong></span> <span class='ocrx_word' id='word_1_514' title='bbox 3495 3173 3507 3207; x_wconf 91' lang='lat'><strong>:</strong></span> <span class='ocrx_word' id='word_1_515' title='bbox 3532 3162 3587 3211; x_wconf 90' lang='lat' dir='ltr'><strong>et</strong></span> <span class='ocrx_word' id='word_1_516' title='bbox 3609 3152 3650 3209; x_wconf 87' lang='lat' dir='ltr'><strong>si</strong></span> <span class='ocrx_word' id='word_1_517' title='bbox 3673 3165 3779 3223; x_wconf 60' lang='lat' dir='ltr'><strong>ope</strong></span> 
     </span>
    </p>
   </div>
   <div class='ocr_carea' id='block_1_63' title="bbox 496 3256 2109 3340">
    <p class='ocr_par' dir='ltr' id='par_1_63' title="bbox 496 3256 2109 3340">
     <span class='ocr_line' id='line_1_63' title="bbox 496 3256 2109 3340; baseline -0.004 -16"><span class='ocrx_word' id='word_1_518' title='bbox 496 3268 770 3340; x_wconf 89' lang='lat' dir='ltr'><strong>judaicam</strong></span> <span class='ocrx_word' id='word_1_519' title='bbox 795 3265 1160 3336; x_wconf 88' lang='lat' dir='ltr'><strong>disciplinam,</strong></span> <span class='ocrx_word' id='word_1_520' title='bbox 1204 3271 1263 3318; x_wconf 91' lang='lat' dir='ltr'><strong>ut</strong></span> <span class='ocrx_word' id='word_1_521' title='bbox 1289 3278 1357 3319; x_wconf 87' lang='lat' dir='ltr'><strong>ex</strong></span> <span class='ocrx_word' id='word_1_522' title='bbox 1394 3261 1650 3334; x_wconf 88' lang='lat' dir='ltr'><strong>operibus</strong></span> <span class='ocrx_word' id='word_1_523' title='bbox 1678 3259 1812 3330; x_wconf 84' lang='lat' dir='ltr'><strong>legis</strong></span> <span class='ocrx_word' id='word_1_524' title='bbox 1854 3256 2109 3329; x_wconf 87' lang='lat' dir='ltr'><strong>spiritum</strong></span> 
     </span>
    </p>
   </div>
   <div class='ocr_carea' id='block_1_64' title="bbox 505 3349 2107 3432">
    <p class='ocr_par' dir='ltr' id='par_1_64' title="bbox 505 3349 2107 3432">
     <span class='ocr_line' id='line_1_64' title="bbox 505 3349 2107 3432; baseline -0.008 -14"><span class='ocrx_word' id='word_1_525' title='bbox 505 3361 756 3432; x_wconf 88' lang='lat' dir='ltr'><strong>accipere</strong></span> <span class='ocrx_word' id='word_1_526' title='bbox 797 3374 893 3416; x_wconf 90' lang='lat' dir='ltr'><strong>vos</strong></span> <span class='ocrx_word' id='word_1_527' title='bbox 932 3355 1194 3421; x_wconf 88' lang='lat' dir='ltr'><strong>credatis,</strong></span> <span class='ocrx_word' id='word_1_528' title='bbox 1239 3363 1295 3410; x_wconf 89' lang='lat' dir='ltr'><strong>et</strong></span> <span class='ocrx_word' id='word_1_529' title='bbox 1341 3354 1410 3410; x_wconf 92' lang='lat' dir='ltr'><strong>de</strong></span> <span class='ocrx_word' id='word_1_530' title='bbox 1437 3354 1547 3409; x_wconf 91' lang='lat' dir='ltr'><strong>Deo</strong></span> <span class='ocrx_word' id='word_1_531' title='bbox 1570 3351 1797 3417; x_wconf 91' lang='lat' dir='ltr'><strong>sentire,</strong></span> <span class='ocrx_word' id='word_1_532' title='bbox 1842 3358 1897 3407; x_wconf 92' lang='lat' dir='ltr'><strong>et</strong></span> <span class='ocrx_word' id='word_1_533' title='bbox 1939 3349 2107 3405; x_wconf 91' lang='lat' dir='ltr'><strong>Deum</strong></span> 
     </span>
    </p>
   </div>
   <div class='ocr_carea' id='block_1_65' title="bbox 508 3443 2110 3528">
    <p class='ocr_par' dir='ltr' id='par_1_65' title="bbox 508 3443 2110 3528">
     <span class='ocr_line' id='line_1_65' title="bbox 508 3443 2110 3528; baseline -0.01 -14"><span class='ocrx_word' id='word_1_534' title='bbox 508 3470 756 3528; x_wconf 88' lang='lat' dir='ltr'><strong>sperare,</strong></span> <span class='ocrx_word' id='word_1_535' title='bbox 780 3468 902 3509; x_wconf 92' lang='lat' dir='ltr'><strong>cum</strong></span> <span class='ocrx_word' id='word_1_536' title='bbox 925 3451 1036 3523; x_wconf 89' lang='lat' dir='ltr'><strong>jam</strong></span> <span class='ocrx_word' id='word_1_537' title='bbox 1060 3449 1348 3519; x_wconf 88' lang='lat' dir='ltr'><strong>accepistis</strong></span> <span class='ocrx_word' id='word_1_538' title='bbox 1368 3447 1617 3519; x_wconf 87' lang='lat' dir='ltr'><strong>spiritum</strong></span> <span class='ocrx_word' id='word_1_539' title='bbox 1643 3462 1711 3502; x_wconf 87' lang='lat' dir='ltr'><strong>ex</strong></span> <span class='ocrx_word' id='word_1_540' title='bbox 1738 3444 1925 3501; x_wconf 89' lang='lat' dir='ltr'><strong>auditu</strong></span> <span class='ocrx_word' id='word_1_541' title='bbox 1949 3443 2110 3500; x_wconf 74' lang='lat' dir='ltr'><strong>ﬁdei?</strong></span> 
     </span>
    </p>
   </div>
   <div class='ocr_carea' id='block_1_66' title="bbox 504 3536 2108 3619">
    <p class='ocr_par' dir='ltr' id='par_1_66' title="bbox 504 3536 2108 3619">
     <span class='ocr_line' id='line_1_66' title="bbox 504 3536 2108 3619; baseline -0.009 -12"><span class='ocrx_word' id='word_1_542' title='bbox 504 3549 563 3607; x_wconf 88' lang='lat' dir='ltr'><strong>id</strong></span> <span class='ocrx_word' id='word_1_543' title='bbox 588 3546 837 3619; x_wconf 90' lang='lat' dir='ltr'><strong>estquod</strong></span> <span class='ocrx_word' id='word_1_544' title='bbox 877 3545 1104 3602; x_wconf 87' lang='lat' dir='ltr'><strong>audistis</strong></span> <span class='ocrx_word' id='word_1_545' title='bbox 1144 3542 1302 3599; x_wconf 89' lang='lat' dir='ltr'><strong>ﬁdem</strong></span> <span class='ocrx_word' id='word_1_546' title='bbox 1342 3542 1393 3597; x_wconf 92' lang='lat' dir='ltr'><strong>iu</strong></span> <span class='ocrx_word' id='word_1_547' title='bbox 1424 3540 1698 3596; x_wconf 89' lang='lat' dir='ltr'><strong>Christum</strong></span> <span class='ocrx_word' id='word_1_548' title='bbox 1741 3536 2108 3610; x_wconf 86' lang='lat' dir='ltr'><strong>sequendam?</strong></span> 
     </span>
    </p>
   </div>
   <div class='ocr_carea' id='block_1_67' title="bbox 507 3632 2110 3712">
    <p class='ocr_par' dir='ltr' id='par_1_67' title="bbox 507 3632 2110 3712">
     <span class='ocr_line' id='line_1_67' title="bbox 507 3632 2110 3712; baseline -0.007 -13"><span class='ocrx_word' id='word_1_549' title='bbox 507 3643 663 3712; x_wconf 86' lang='lat' dir='ltr'><strong>Quod</strong></span> <span class='ocrx_word' id='word_1_550' title='bbox 698 3641 746 3697; x_wconf 86' lang='lat' dir='ltr'><strong>si</strong></span> <span class='ocrx_word' id='word_1_551' title='bbox 770 3656 838 3697; x_wconf 88' lang='lat' dir='ltr'><strong>ex</strong></span> <span class='ocrx_word' id='word_1_552' title='bbox 880 3639 1088 3705; x_wconf 90' lang='lat' dir='ltr'><strong>auditu,</strong></span> <span class='ocrx_word' id='word_1_553' title='bbox 1116 3645 1301 3694; x_wconf 87' lang='lat' dir='ltr'><strong>contra</strong></span> <span class='ocrx_word' id='word_1_554' title='bbox 1332 3634 1491 3692; x_wconf 88' lang='lat' dir='ltr'><strong>ﬁdem</strong></span> <span class='ocrx_word' id='word_1_555' title='bbox 1519 3634 1579 3689; x_wconf 90' lang='lat' dir='ltr'><strong>ﬁt</strong></span> <span class='ocrx_word' id='word_1_556' title='bbox 1600 3649 1722 3691; x_wconf 91' lang='lat' dir='ltr'><strong>eum</strong></span> <span class='ocrx_word' id='word_1_557' title='bbox 1747 3648 1816 3701; x_wconf 74' lang='lat' dir='ltr'><strong>ex</strong></span> <span class='ocrx_word' id='word_1_558' title='bbox 1854 3632 2110 3703; x_wconf 88' lang='lat' dir='ltr'><strong>operibus</strong></span> 
     </span>
    </p>
   </div>
   <div class='ocr_carea' id='block_1_68' title="bbox 502 3724 2110 3810">
    <p class='ocr_par' dir='ltr' id='par_1_68' title="bbox 502 3724 2110 3810">
     <span class='ocr_line' id='line_1_68' title="bbox 502 3724 2110 3810; baseline -0.006 -17"><span class='ocrx_word' id='word_1_559' title='bbox 502 3738 639 3810; x_wconf 87' lang='lat' dir='ltr'><strong>legis</strong></span> <span class='ocrx_word' id='word_1_560' title='bbox 662 3736 910 3807; x_wconf 86' lang='lat' dir='ltr'><strong>spiritum</strong></span> <span class='ocrx_word' id='word_1_561' title='bbox 940 3748 1038 3789; x_wconf 89' lang='lat' dir='ltr'><strong>vos</strong></span> <span class='ocrx_word' id='word_1_562' title='bbox 1060 3732 1307 3802; x_wconf 89' lang='lat' dir='ltr'><strong>accipere</strong></span> <span class='ocrx_word' id='word_1_563' title='bbox 1331 3729 1568 3810; x_wconf 88' lang='lat' dir='ltr'><strong>creditis,</strong></span> <span class='ocrx_word' id='word_1_564' title='bbox 1593 3743 1716 3784; x_wconf 90' lang='lat' dir='ltr'><strong>cum</strong></span> <span class='ocrx_word' id='word_1_565' title='bbox 1742 3728 1842 3783; x_wconf 90' lang='lat' dir='ltr'><strong>hac</strong></span> <span class='ocrx_word' id='word_1_566' title='bbox 1865 3726 1978 3783; x_wconf 82' lang='lat' dir='ltr'><strong>sola</strong></span> <span class='ocrx_word' id='word_1_567' title='bbox 2005 3724 2110 3783; x_wconf 89' lang='lat' dir='ltr'><strong>ﬁde</strong></span> 
     </span>
    </p>
   </div>
   <div class='ocr_carea' id='block_1_69' title="bbox 501 3806 1881 3900">
    <p class='ocr_par' dir='ltr' id='par_1_69' title="bbox 501 3806 1881 3900">
     <span class='ocr_line' id='line_1_69' title="bbox 501 3806 1881 3900; baseline -0.012 -9"><span class='ocrx_word' id='word_1_568' title='bbox 501 3806 866 3893; x_wconf 40' lang='lat' dir='ltr'><strong>in&#39;Chrismm</strong></span> <span class='ocrx_word' id='word_1_569' title='bbox 888 3828 1109 3900; x_wconf 88' lang='lat' dir='ltr'><strong>spiritus</strong></span> <span class='ocrx_word' id='word_1_570' title='bbox 1130 3827 1288 3881; x_wconf 86' lang='lat' dir='ltr'><strong>detur</strong></span> <span class='ocrx_word' id='word_1_571' title='bbox 1326 3836 1383 3879; x_wconf 87' lang='lat' dir='ltr'><strong>et</strong></span> <span class='ocrx_word' id='word_1_572' title='bbox 1411 3806 1572 3879; x_wconf 80' lang='lat' dir='ltr'><strong>datus</strong></span> <span class='ocrx_word' id='word_1_573' title='bbox 1607 3822 1758 3879; x_wconf 89' lang='lat' dir='ltr'><strong>vobis</strong></span> <span class='ocrx_word' id='word_1_574' title='bbox 1778 3830 1881 3878; x_wconf 90' lang='lat' dir='ltr'><strong>est.</strong></span> 
     </span>
    </p>
   </div>
   <div class='ocr_carea' id='block_1_70' title="bbox 574 3914 2107 3990">
    <p class='ocr_par' dir='ltr' id='par_1_70' title="bbox 574 3914 2107 3990">
     <span class='ocr_line' id='line_1_70' title="bbox 574 3914 2107 3990; baseline -0.012 -6"><span class='ocrx_word' id='word_1_575' title='bbox 574 3927 743 3984; x_wconf 71' lang='lat' dir='ltr'><strong>Vens.</strong></span> <span class='ocrx_word' id='word_1_576' title='bbox 769 3925 823 3980; x_wconf 79' lang='grc'><strong>5.</strong></span> <span class='ocrx_word' id='word_1_577' title='bbox 865 3953 939 3965; x_wconf 89' lang='grc'><strong><em>-</em></strong></span> <span class='ocrx_word' id='word_1_578' title='bbox 962 3922 1052 3980; x_wconf 90' lang='lat' dir='ltr'><strong>Sic</strong></span> <span class='ocrx_word' id='word_1_579' title='bbox 1074 3921 1213 3977; x_wconf 83' lang='lat' dir='ltr'><strong>stulti</strong></span> <span class='ocrx_word' id='word_1_580' title='bbox 1233 3921 1375 3983; x_wconf 85' lang='lat' dir='ltr'><strong>estis,</strong></span> <span class='ocrx_word' id='word_1_581' title='bbox 1409 3927 1465 3973; x_wconf 89' lang='lat' dir='ltr'><strong>ut</strong></span> <span class='ocrx_word' id='word_1_582' title='bbox 1486 3934 1602 3972; x_wconf 86' lang='lat' dir='ltr'><strong>cum</strong></span> <span class='ocrx_word' id='word_1_583' title='bbox 1623 3917 1809 3990; x_wconf 88' lang='lat' dir='ltr'><strong>spiritu</strong></span> <span class='ocrx_word' id='word_1_584' title='bbox 1831 3914 2107 3988; x_wconf 70' lang='lat' dir='ltr'><strong>caperitis,</strong></span> 
     </span>
    </p>
   </div>
   <div class='ocr_carea' id='block_1_71' title="bbox 501 3996 2108 4085">
    <p class='ocr_par' dir='ltr' id='par_1_71' title="bbox 501 3996 2108 4085">
     <span class='ocr_line' id='line_1_71' title="bbox 501 3996 2108 4085; baseline -0.008 -10"><span class='ocrx_word' id='word_1_585' title='bbox 501 4036 642 4075; x_wconf 81' lang='lat' dir='ltr'><strong>nunc</strong></span> <span class='ocrx_word' id='word_1_586' title='bbox 679 4034 833 4074; x_wconf 88' lang='lat' dir='ltr'><strong>carne</strong></span> <span class='ocrx_word' id='word_1_587' title='bbox 874 4015 1242 4074; x_wconf 83' lang='lat' dir='ltr'><strong>eonsumemini</strong></span> <span class='ocrx_word' id='word_1_588' title='bbox 1285 4013 1408 4085; x_wconf 81' lang='lat' dir='ltr'><strong>(i)?</strong></span> <span class='ocrx_word' id='word_1_589' title='bbox 1437 3996 1720 4083; x_wconf 83' lang='lat' dir='ltr'><strong>Expressit</strong></span> <span class='ocrx_word' id='word_1_590' title='bbox 1759 4008 1886 4079; x_wconf 92' lang='lat' dir='ltr'><strong>quid</strong></span> <span class='ocrx_word' id='word_1_591' title='bbox 1932 4008 2005 4063; x_wconf 90' lang='lat' dir='ltr'><strong>sit</strong></span> <span class='ocrx_word' id='word_1_592' title='bbox 2039 4021 2108 4063; x_wconf 85' lang='lat' dir='ltr'><strong>ex</strong></span> 
     </span>
    </p>
   </div>
   <div class='ocr_carea' id='block_1_72' title="bbox 503 4100 2107 4183">
    <p class='ocr_par' dir='ltr' id='par_1_72' title="bbox 503 4100 2107 4183">
     <span class='ocr_line' id='line_1_72' title="bbox 503 4100 2107 4183; baseline -0.01 -13"><span class='ocrx_word' id='word_1_593' title='bbox 503 4112 761 4183; x_wconf 86' lang='lat' dir='ltr'><strong>operibus</strong></span> <span class='ocrx_word' id='word_1_594' title='bbox 805 4109 959 4182; x_wconf 84' lang='lat' dir='ltr'><strong>legis,</strong></span> <span class='ocrx_word' id='word_1_595' title='bbox 1010 4117 1069 4166; x_wconf 90' lang='lat' dir='ltr'><strong>et</strong></span> <span class='ocrx_word' id='word_1_596' title='bbox 1107 4106 1235 4178; x_wconf 90' lang='lat' dir='ltr'><strong>quid</strong></span> <span class='ocrx_word' id='word_1_597' title='bbox 1274 4107 1348 4164; x_wconf 87' lang='lat' dir='ltr'><strong>sit</strong></span> <span class='ocrx_word' id='word_1_598' title='bbox 1389 4121 1455 4162; x_wconf 77' lang='lat' dir='ltr'><strong>ex</strong></span> <span class='ocrx_word' id='word_1_599' title='bbox 1504 4103 1686 4160; x_wconf 91' lang='lat' dir='ltr'><strong>auditu</strong></span> <span class='ocrx_word' id='word_1_600' title='bbox 1720 4102 1841 4158; x_wconf 90' lang='lat' dir='ltr'><strong>ﬁdei</strong></span> <span class='ocrx_word' id='word_1_601' title='bbox 1872 4100 2107 4158; x_wconf 87' lang='lat' dir='ltr'><strong>:etenim</strong></span> 
     </span>
    </p>
   </div>
   <div class='ocr_carea' id='block_1_73' title="bbox 506 4193 2112 4278">
    <p class='ocr_par' dir='ltr' id='par_1_73' title="bbox 506 4193 2112 4278">
     <span class='ocr_line' id='line_1_73' title="bbox 506 4193 2112 4278; baseline -0.008 -17"><span class='ocrx_word' id='word_1_602' title='bbox 506 4221 673 4278; x_wconf 91' lang='lat' dir='ltr'><strong>opera</strong></span> <span class='ocrx_word' id='word_1_603' title='bbox 694 4204 828 4276; x_wconf 87' lang='lat' dir='ltr'><strong>legis</strong></span> <span class='ocrx_word' id='word_1_604' title='bbox 868 4201 1004 4259; x_wconf 91' lang='lat' dir='ltr'><strong>nihil</strong></span> <span class='ocrx_word' id='word_1_605' title='bbox 1041 4199 1188 4256; x_wconf 91' lang='lat' dir='ltr'><strong>aliud</strong></span> <span class='ocrx_word' id='word_1_606' title='bbox 1225 4208 1420 4272; x_wconf 91' lang='lat' dir='ltr'><strong>agunt,</strong></span> <span class='ocrx_word' id='word_1_607' title='bbox 1472 4196 1577 4254; x_wconf 91' lang='lat' dir='ltr'><strong>nisi</strong></span> <span class='ocrx_word' id='word_1_608' title='bbox 1610 4204 1669 4251; x_wconf 91' lang='lat' dir='ltr'><strong>ut</strong></span> <span class='ocrx_word' id='word_1_609' title='bbox 1702 4194 1854 4251; x_wconf 87' lang='lat' dir='ltr'><strong>carui</strong></span> <span class='ocrx_word' id='word_1_610' title='bbox 1896 4193 2112 4250; x_wconf 82' lang='lat' dir='ltr'><strong>satisfa-</strong></span> 
     </span>
    </p>
   </div>
   <div class='ocr_carea' id='block_1_74' title="bbox 506 4291 2105 4367">
    <p class='ocr_par' dir='ltr' id='par_1_74' title="bbox 506 4291 2105 4367">
     <span class='ocr_line' id='line_1_74' title="bbox 506 4291 2105 4367; baseline -0.007 -12"><span class='ocrx_word' id='word_1_611' title='bbox 506 4299 674 4367; x_wconf 89' lang='lat' dir='ltr'><strong>ciant,</strong></span> <span class='ocrx_word' id='word_1_612' title='bbox 696 4313 764 4355; x_wconf 87' lang='lat' dir='ltr'><strong>ex</strong></span> <span class='ocrx_word' id='word_1_613' title='bbox 790 4312 955 4353; x_wconf 87' lang='lat' dir='ltr'><strong>carne</strong></span> <span class='ocrx_word' id='word_1_614' title='bbox 979 4294 1228 4351; x_wconf 68' lang='lat' dir='ltr'><strong>allectum</strong></span> <span class='ocrx_word' id='word_1_615' title='bbox 1258 4294 1547 4364; x_wconf 87' lang='lat' dir='ltr'><strong>patiantur,</strong></span> <span class='ocrx_word' id='word_1_616' title='bbox 1580 4291 1730 4347; x_wconf 90' lang='lat' dir='ltr'><strong>carni</strong></span> <span class='ocrx_word' id='word_1_617' title='bbox 1758 4291 2105 4346; x_wconf 89' lang='lat' dir='ltr'><strong>subveniant.</strong></span> 
     </span>
    </p>
   </div>
   <div class='ocr_carea' id='block_1_75' title="bbox 504 4381 2110 4459">
    <p class='ocr_par' dir='ltr' id='par_1_75' title="bbox 504 4381 2110 4459">
     <span class='ocr_line' id='line_1_75' title="bbox 504 4381 2110 4459; baseline -0.006 -10"><span class='ocrx_word' id='word_1_618' title='bbox 504 4391 814 4450; x_wconf 89' lang='lat' dir='ltr'><strong>Secundum</strong></span> <span class='ocrx_word' id='word_1_619' title='bbox 844 4405 1062 4446; x_wconf 90' lang='lat' dir='ltr'><strong>carnem</strong></span> <span class='ocrx_word' id='word_1_620' title='bbox 1093 4387 1254 4459; x_wconf 84' lang='lat' dir='ltr'><strong>igitur</strong></span> <span class='ocrx_word' id='word_1_621' title='bbox 1277 4386 1437 4456; x_wconf 86' lang='lat' dir='ltr'><strong>sapit,</strong></span> <span class='ocrx_word' id='word_1_622' title='bbox 1470 4384 1560 4456; x_wconf 90' lang='lat' dir='ltr'><strong>qui</strong></span> <span class='ocrx_word' id='word_1_623' title='bbox 1587 4399 1653 4439; x_wconf 82' lang='lat' dir='ltr'><strong>ex</strong></span> <span class='ocrx_word' id='word_1_624' title='bbox 1692 4381 1947 4452; x_wconf 80' lang='lat' dir='ltr'><strong>Operibus</strong></span> <span class='ocrx_word' id='word_1_625' title='bbox 1975 4382 2110 4454; x_wconf 86' lang='lat' dir='ltr'><strong>legis</strong></span> 
     </span>
    </p>
   </div>
   <div class='ocr_carea' id='block_1_76' title="bbox 500 4477 2105 4556">
    <p class='ocr_par' dir='ltr' id='par_1_76' title="bbox 500 4477 2105 4556">
     <span class='ocr_line' id='line_1_76' title="bbox 500 4477 2105 4556; baseline -0.005 -17"><span class='ocrx_word' id='word_1_626' title='bbox 500 4483 783 4556; x_wconf 77' lang='lat' dir='ltr'><strong>iustiﬁcari</strong></span> <span class='ocrx_word' id='word_1_627' title='bbox 812 4499 871 4541; x_wconf 89' lang='lat' dir='ltr'><strong>se</strong></span> <span class='ocrx_word' id='word_1_628' title='bbox 897 4483 1092 4540; x_wconf 85' lang='lat' dir='ltr'><strong>credit.</strong></span> <span class='ocrx_word' id='word_1_629' title='bbox 1119 4480 1226 4537; x_wconf 81' lang='lat' dir='ltr'><strong>Vos</strong></span> <span class='ocrx_word' id='word_1_630' title='bbox 1256 4481 1436 4551; x_wconf 86' lang='lat' dir='ltr'><strong>igitur,</strong></span> <span class='ocrx_word' id='word_1_631' title='bbox 1462 4479 1653 4550; x_wconf 89' lang='lat' dir='ltr'><strong>inquit,</strong></span> <span class='ocrx_word' id='word_1_632' title='bbox 1677 4479 1756 4534; x_wconf 92' lang='lat' dir='ltr'><strong>sie</strong></span> <span class='ocrx_word' id='word_1_633' title='bbox 1786 4477 1916 4538; x_wconf 88' lang='lat' dir='ltr'><strong>estis</strong></span> <span class='ocrx_word' id='word_1_634' title='bbox 1936 4477 2105 4543; x_wconf 88' lang='lat' dir='ltr'><strong>stulti,</strong></span> 
     </span>
    </p>
   </div>
   <div class='ocr_carea' id='block_1_77' title="bbox 2213 3243 3779 3318">
    <p class='ocr_par' dir='ltr' id='par_1_77' title="bbox 2213 3243 3779 3318">
     <span class='ocr_line' id='line_1_77' title="bbox 2213 3243 3779 3318; baseline -0.001 -20"><span class='ocrx_word' id='word_1_635' title='bbox 2213 3251 2365 3299; x_wconf 89' lang='lat' dir='ltr'><strong>ratus</strong></span> <span class='ocrx_word' id='word_1_636' title='bbox 2408 3252 2511 3310; x_wconf 90' lang='lat' dir='ltr'><strong>est,</strong></span> <span class='ocrx_word' id='word_1_637' title='bbox 2560 3243 2751 3298; x_wconf 87' lang='lat' dir='ltr'><strong>tribuit</strong></span> <span class='ocrx_word' id='word_1_638' title='bbox 2789 3244 2943 3302; x_wconf 86' lang='lat' dir='ltr'><strong>vobis</strong></span> <span class='ocrx_word' id='word_1_639' title='bbox 2981 3246 3229 3316; x_wconf 91' lang='lat' dir='ltr'><strong>spiritum</strong></span> <span class='ocrx_word' id='word_1_640' title='bbox 3258 3263 3271 3299; x_wconf 91' lang='lat'>:</span> <span class='ocrx_word' id='word_1_641' title='bbox 3300 3255 3559 3318; x_wconf 89' lang='lat' dir='ltr'><strong>operatus</strong></span> <span class='ocrx_word' id='word_1_642' title='bbox 3601 3254 3677 3303; x_wconf 89' lang='lat' dir='ltr'><strong>est</strong></span> <span class='ocrx_word' id='word_1_643' title='bbox 3705 3260 3779 3298; x_wconf 84' lang='lat' dir='ltr'><strong>au-</strong></span> 
     </span>
    </p>
   </div>
   <div class='ocr_carea' id='block_1_78' title="bbox 2215 3335 3779 3409">
    <p class='ocr_par' dir='ltr' id='par_1_78' title="bbox 2215 3335 3779 3409">
     <span class='ocr_line' id='line_1_78' title="bbox 2215 3335 3779 3409; baseline 0.001 -21"><span class='ocrx_word' id='word_1_644' title='bbox 2215 3341 2346 3402; x_wconf 89' lang='lat' dir='ltr'><strong>tem,</strong></span> <span class='ocrx_word' id='word_1_645' title='bbox 2386 3344 2441 3389; x_wconf 87' lang='lat' dir='ltr'><strong>et</strong></span> <span class='ocrx_word' id='word_1_646' title='bbox 2487 3335 2674 3391; x_wconf 88' lang='lat' dir='ltr'><strong>tribuit</strong></span> <span class='ocrx_word' id='word_1_647' title='bbox 2717 3335 2989 3406; x_wconf 77' lang='lat' dir='ltr'><strong>Spiritum,</strong></span> <span class='ocrx_word' id='word_1_648' title='bbox 3019 3337 3063 3392; x_wconf 93' lang='lat' dir='ltr'><strong>si</strong></span> <span class='ocrx_word' id='word_1_649' title='bbox 3104 3338 3322 3409; x_wconf 86' lang='lat' dir='ltr'><strong>quidem</strong></span> <span class='ocrx_word' id='word_1_650' title='bbox 3362 3339 3533 3395; x_wconf 90' lang='lat' dir='ltr'><strong>multa</strong></span> <span class='ocrx_word' id='word_1_651' title='bbox 3574 3348 3625 3396; x_wconf 91' lang='lat' dir='ltr'><strong>et</strong></span> <span class='ocrx_word' id='word_1_652' title='bbox 3662 3344 3779 3393; x_wconf 80' lang='lat' dir='ltr'><strong>tanta</strong></span> 
     </span>
    </p>
   </div>
   <div class='ocr_carea' id='block_1_79' title="bbox 2212 3416 3781 3505">
    <p class='ocr_par' dir='ltr' id='par_1_79' title="bbox 2212 3416 3781 3505">
     <span class='ocr_line' id='line_1_79' title="bbox 2212 3416 3781 3505; baseline 0.001 -24"><span class='ocrx_word' id='word_1_653' title='bbox 2212 3429 2354 3496; x_wconf 88' lang='lat' dir='ltr'><strong>passi</strong></span> <span class='ocrx_word' id='word_1_654' title='bbox 2386 3427 2536 3483; x_wconf 88' lang='lat' dir='ltr'><strong>estis.</strong></span> <span class='ocrx_word' id='word_1_655' title='bbox 2573 3427 2687 3484; x_wconf 83' lang='lat' dir='ltr'><strong>Hoc</strong></span> <span class='ocrx_word' id='word_1_656' title='bbox 2714 3416 2895 3485; x_wconf 86' lang='lat' dir='ltr'><strong>autem</strong></span> <span class='ocrx_word' id='word_1_657' title='bbox 2939 3428 3055 3486; x_wconf 89' lang='lat' dir='ltr'><strong>sine</strong></span> <span class='ocrx_word' id='word_1_658' title='bbox 3098 3446 3266 3501; x_wconf 90' lang='lat' dir='ltr'><strong>quare</strong></span> <span class='ocrx_word' id='word_1_659' title='bbox 3313 3431 3428 3505; x_wconf 66' lang='grc' dir='ltr'><strong>(ενι</strong></span> <span class='ocrx_word' id='word_1_660' title='bbox 3462 3435 3581 3489; x_wconf 89' lang='lat' dir='ltr'><strong>sine</strong></span> <span class='ocrx_word' id='word_1_661' title='bbox 3609 3429 3781 3487; x_wconf 77' lang='lat' dir='ltr'><strong>causa?</strong></span> 
     </span>
    </p>
   </div>
   <div class='ocr_carea' id='block_1_80' title="bbox 2211 3519 3775 3595">
    <p class='ocr_par' dir='ltr' id='par_1_80' title="bbox 2211 3519 3775 3595">
     <span class='ocr_line' id='line_1_80' title="bbox 2211 3519 3775 3595; baseline 0.001 -21"><span class='ocrx_word' id='word_1_662' title='bbox 2211 3519 2366 3588; x_wconf 86' lang='lat' dir='ltr'><strong>Quod</strong></span> <span class='ocrx_word' id='word_1_663' title='bbox 2415 3528 2594 3576; x_wconf 91' lang='lat' dir='ltr'><strong>tamen</strong></span> <span class='ocrx_word' id='word_1_664' title='bbox 2634 3523 2907 3591; x_wconf 82' lang='lat' dir='ltr'><strong>correxit,</strong></span> <span class='ocrx_word' id='word_1_665' title='bbox 2949 3523 3091 3595; x_wconf 89' lang='lat' dir='ltr'><strong>quod</strong></span> <span class='ocrx_word' id='word_1_666' title='bbox 3143 3540 3249 3579; x_wconf 92' lang='lat' dir='ltr'><strong>non</strong></span> <span class='ocrx_word' id='word_1_667' title='bbox 3293 3525 3412 3581; x_wconf 90' lang='lat' dir='ltr'><strong>sine</strong></span> <span class='ocrx_word' id='word_1_668' title='bbox 3454 3540 3618 3582; x_wconf 90' lang='lat' dir='ltr'><strong>causa</strong></span> <span class='ocrx_word' id='word_1_669' title='bbox 3644 3543 3655 3579; x_wconf 90' lang='lat'>:</span> <span class='ocrx_word' id='word_1_670' title='bbox 3680 3536 3775 3578; x_wconf 87' lang='lat' dir='ltr'><strong>nam</strong></span> 
     </span>
    </p>
   </div>
   <div class='ocr_carea' id='block_1_81' title="bbox 2211 3615 3776 3692">
    <p class='ocr_par' dir='ltr' id='par_1_81' title="bbox 2211 3615 3776 3692">
     <span class='ocr_line' id='line_1_81' title="bbox 2211 3615 3776 3692; baseline 0.002 -21"><span class='ocrx_word' id='word_1_671' title='bbox 2211 3622 2396 3687; x_wconf 90' lang='lat' dir='ltr'><strong>sperat</strong></span> <span class='ocrx_word' id='word_1_672' title='bbox 2431 3615 2552 3672; x_wconf 92' lang='lat' dir='ltr'><strong>illos</strong></span> <span class='ocrx_word' id='word_1_673' title='bbox 2588 3616 2783 3687; x_wconf 87' lang='lat' dir='ltr'><strong>corrigi</strong></span> <span class='ocrx_word' id='word_1_674' title='bbox 2814 3632 2995 3689; x_wconf 85' lang='lat' dir='ltr'><strong>posse.</strong></span> <span class='ocrx_word' id='word_1_675' title='bbox 3026 3617 3192 3674; x_wconf 86' lang='lat' dir='ltr'><strong>Redit</strong></span> <span class='ocrx_word' id='word_1_676' title='bbox 3220 3620 3384 3692; x_wconf 90' lang='lat' dir='ltr'><strong>igitur</strong></span> <span class='ocrx_word' id='word_1_677' title='bbox 3414 3621 3491 3677; x_wconf 88' lang='lat' dir='ltr'><strong>ad</strong></span> <span class='ocrx_word' id='word_1_678' title='bbox 3524 3622 3776 3679; x_wconf 79' lang='lat' dir='ltr'><strong>conﬁrma-</strong></span> 
     </span>
    </p>
   </div>
   <div class='ocr_carea' id='block_1_82' title="bbox 2213 3708 3778 3787">
    <p class='ocr_par' dir='ltr' id='par_1_82' title="bbox 2213 3708 3778 3787">
     <span class='ocr_line' id='line_1_82' title="bbox 2213 3708 3778 3787; baseline 0.003 -24"><span class='ocrx_word' id='word_1_679' title='bbox 2213 3710 2415 3764; x_wconf 89' lang='lat' dir='ltr'><strong>tionem</strong></span> <span class='ocrx_word' id='word_1_680' title='bbox 2448 3708 2590 3780; x_wconf 89' lang='lat' dir='ltr'><strong>quod</strong></span> <span class='ocrx_word' id='word_1_681' title='bbox 2621 3726 2687 3765; x_wconf 78' lang='lat' dir='ltr'><strong>ex</strong></span> <span class='ocrx_word' id='word_1_682' title='bbox 2716 3711 2904 3767; x_wconf 88' lang='lat' dir='ltr'><strong>auditu</strong></span> <span class='ocrx_word' id='word_1_683' title='bbox 2937 3711 3059 3768; x_wconf 88' lang='lat' dir='ltr'><strong>ﬁdei</strong></span> <span class='ocrx_word' id='word_1_684' title='bbox 3091 3712 3194 3768; x_wconf 88' lang='lat' dir='ltr'><strong>ista</strong></span> <span class='ocrx_word' id='word_1_685' title='bbox 3223 3714 3403 3771; x_wconf 89' lang='lat' dir='ltr'><strong>omnia</strong></span> <span class='ocrx_word' id='word_1_686' title='bbox 3432 3716 3517 3772; x_wconf 89' lang='lat' dir='ltr'><strong>eis</strong></span> <span class='ocrx_word' id='word_1_687' title='bbox 3554 3728 3778 3787; x_wconf 83' lang='lat' dir='ltr'><strong>provene-</strong></span> 
     </span>
    </p>
   </div>
   <div class='ocr_carea' id='block_1_83' title="bbox 2213 3800 3778 3879">
    <p class='ocr_par' dir='ltr' id='par_1_83' title="bbox 2213 3800 3778 3879">
     <span class='ocr_line' id='line_1_83' title="bbox 2213 3800 3778 3879; baseline 0.003 -23"><span class='ocrx_word' id='word_1_688' title='bbox 2213 3800 2357 3856; x_wconf 81' lang='lat' dir='ltr'><strong>rint:</strong></span> <span class='ocrx_word' id='word_1_689' title='bbox 2381 3810 2436 3857; x_wconf 92' lang='lat' dir='ltr'><strong>et</strong></span> <span class='ocrx_word' id='word_1_690' title='bbox 2476 3800 2526 3857; x_wconf 92' lang='lat' dir='ltr'><strong>id</strong></span> <span class='ocrx_word' id='word_1_691' title='bbox 2569 3801 2857 3873; x_wconf 88' lang='lat' dir='ltr'><strong>approbat,</strong></span> <span class='ocrx_word' id='word_1_692' title='bbox 2898 3810 2959 3858; x_wconf 89' lang='lat' dir='ltr'><strong>ut</strong></span> <span class='ocrx_word' id='word_1_693' title='bbox 2994 3820 3285 3876; x_wconf 87' lang='lat' dir='ltr'><strong>numquam</strong></span> <span class='ocrx_word' id='word_1_694' title='bbox 3326 3807 3576 3864; x_wconf 89' lang='lat' dir='ltr'><strong>mirabile</strong></span> <span class='ocrx_word' id='word_1_695' title='bbox 3613 3805 3778 3879; x_wconf 84' lang='lat' dir='ltr'><strong>aliquid</strong></span> 
     </span>
    </p>
   </div>
   <div class='ocr_carea' id='block_1_84' title="bbox 2214 3895 3777 3971">
    <p class='ocr_par' dir='ltr' id='par_1_84' title="bbox 2214 3895 3777 3971">
     <span class='ocr_line' id='line_1_84' title="bbox 2214 3895 3777 3971; baseline 0.001 -20"><span class='ocrx_word' id='word_1_696' title='bbox 2214 3895 2431 3952; x_wconf 87' lang='lat' dir='ltr'><strong>eveniat</strong></span> <span class='ocrx_word' id='word_1_697' title='bbox 2459 3903 2515 3950; x_wconf 92' lang='lat' dir='ltr'><strong>et</strong></span> <span class='ocrx_word' id='word_1_698' title='bbox 2544 3895 2884 3964; x_wconf 89' lang='lat' dir='ltr'><strong>incredibile,</strong></span> <span class='ocrx_word' id='word_1_699' title='bbox 2914 3898 3016 3953; x_wconf 89' lang='lat' dir='ltr'><strong>nisi</strong></span> <span class='ocrx_word' id='word_1_700' title='bbox 3035 3898 3355 3955; x_wconf 90' lang='lat' dir='ltr'><strong>obaudiatur</strong></span> <span class='ocrx_word' id='word_1_701' title='bbox 3382 3903 3512 3959; x_wconf 83' lang='lat' dir='ltr'><strong>ﬁdei</strong></span> <span class='ocrx_word' id='word_1_702' title='bbox 3533 3898 3777 3971; x_wconf 84' lang='lat' dir='ltr'><strong>evangelii.</strong></span> 
     </span>
    </p>
   </div>
   <div class='ocr_carea' id='block_1_85' title="bbox 2286 3992 3782 4072">
    <p class='ocr_par' dir='ltr' id='par_1_85' title="bbox 2286 3992 3782 4072">
     <span class='ocr_line' id='line_1_85' title="bbox 2286 3992 3782 4072; baseline 0 -24"><span class='ocrx_word' id='word_1_703' title='bbox 2286 3992 2387 4049; x_wconf 90' lang='lat' dir='ltr'><strong>Dat</strong></span> <span class='ocrx_word' id='word_1_704' title='bbox 2416 3995 2577 4066; x_wconf 88' lang='lat' dir='ltr'><strong>igitur</strong></span> <span class='ocrx_word' id='word_1_705' title='bbox 2606 3995 3016 4052; x_wconf 90' lang='lat' dir='ltr'><strong>similitudinem</strong></span> <span class='ocrx_word' id='word_1_706' title='bbox 3057 4012 3123 4053; x_wconf 78' lang='lat' dir='ltr'><strong>ex</strong></span> <span class='ocrx_word' id='word_1_707' title='bbox 3172 3997 3405 4055; x_wconf 90' lang='lat' dir='ltr'><strong>lectione</strong></span> <span class='ocrx_word' id='word_1_708' title='bbox 3429 4016 3553 4072; x_wconf 77' lang='lat' dir='ltr'><strong>qua:</strong></span> <span class='ocrx_word' id='word_1_709' title='bbox 3579 3999 3782 4056; x_wconf 87' lang='lat' dir='ltr'><strong>continet</strong></span> 
     </span>
    </p>
   </div>
   <div class='ocr_carea' id='block_1_86' title="bbox 2214 4084 3776 4161">
    <p class='ocr_par' dir='ltr' id='par_1_86' title="bbox 2214 4084 3776 4161">
     <span class='ocr_line' id='line_1_86' title="bbox 2214 4084 3776 4161; baseline 0 -20"><span class='ocrx_word' id='word_1_710' title='bbox 2214 4084 2556 4143; x_wconf 89' lang='lat' dir='ltr'><strong>admirabilia</strong></span> <span class='ocrx_word' id='word_1_711' title='bbox 2602 4088 2947 4159; x_wconf 89' lang='lat' dir='ltr'><strong>passionum,</strong></span> <span class='ocrx_word' id='word_1_712' title='bbox 2987 4104 3108 4161; x_wconf 74' lang='lat' dir='ltr'><strong>qua:</strong></span> <span class='ocrx_word' id='word_1_713' title='bbox 3157 4091 3302 4160; x_wconf 87' lang='lat' dir='ltr'><strong>passi</strong></span> <span class='ocrx_word' id='word_1_714' title='bbox 3330 4101 3459 4146; x_wconf 88' lang='lat' dir='ltr'><strong>sunt</strong></span> <span class='ocrx_word' id='word_1_715' title='bbox 3488 4092 3710 4157; x_wconf 61' lang='lat' dir='ltr'><strong>Galatae,</strong></span> <span class='ocrx_word' id='word_1_716' title='bbox 3734 4092 3776 4141; x_wconf 85' lang='lat' dir='ltr'><strong>et</strong></span> 
     </span>
    </p>
   </div>
   <div class='ocr_carea' id='block_1_87' title="bbox 2213 4180 3777 4259">
    <p class='ocr_par' dir='ltr' id='par_1_87' title="bbox 2213 4180 3777 4259">
     <span class='ocr_line' id='line_1_87' title="bbox 2213 4180 3777 4259; baseline 0 -24"><span class='ocrx_word' id='word_1_717' title='bbox 2213 4180 2584 4238; x_wconf 90' lang='lat' dir='ltr'><strong>toleraverunt</strong></span> <span class='ocrx_word' id='word_1_718' title='bbox 2611 4198 2703 4253; x_wconf 92' lang='lat' dir='ltr'><strong>per</strong></span> <span class='ocrx_word' id='word_1_719' title='bbox 2726 4181 2905 4251; x_wconf 88' lang='lat' dir='ltr'><strong>ﬁdem,</strong></span> <span class='ocrx_word' id='word_1_720' title='bbox 2929 4198 2993 4239; x_wconf 90' lang='lat' dir='ltr'><strong>ac</strong></span> <span class='ocrx_word' id='word_1_721' title='bbox 3022 4192 3302 4256; x_wconf 90' lang='lat' dir='ltr'><strong>propterea</strong></span> <span class='ocrx_word' id='word_1_722' title='bbox 3324 4200 3420 4258; x_wconf 87' lang='lat' dir='ltr'><strong>per</strong></span> <span class='ocrx_word' id='word_1_723' title='bbox 3439 4186 3679 4259; x_wconf 91' lang='lat' dir='ltr'><strong>spiritum</strong></span> <span class='ocrx_word' id='word_1_724' title='bbox 3703 4181 3777 4238; x_wconf 84' lang='lat' dir='ltr'><strong>da-</strong></span> 
     </span>
    </p>
   </div>
   <div class='ocr_carea' id='block_1_88' title="bbox 2214 4276 3313 4350">
    <p class='ocr_par' dir='ltr' id='par_1_88' title="bbox 2214 4276 3313 4350">
     <span class='ocr_line' id='line_1_88' title="bbox 2214 4276 3313 4350; baseline 0.002 -19"><span class='ocrx_word' id='word_1_725' title='bbox 2214 4286 2324 4331; x_wconf 90' lang='lat' dir='ltr'><strong>tum</strong></span> <span class='ocrx_word' id='word_1_726' title='bbox 2346 4284 2401 4332; x_wconf 91' lang='lat' dir='ltr'><strong>et</strong></span> <span class='ocrx_word' id='word_1_727' title='bbox 2432 4276 2685 4332; x_wconf 91' lang='lat' dir='ltr'><strong>virtutem</strong></span> <span class='ocrx_word' id='word_1_728' title='bbox 2704 4276 2806 4333; x_wconf 89' lang='lat' dir='ltr'><strong>sibi</strong></span> <span class='ocrx_word' id='word_1_729' title='bbox 2823 4293 2854 4334; x_wconf 90' lang='lat' dir='ltr'><strong>a</strong></span> <span class='ocrx_word' id='word_1_730' title='bbox 2883 4277 2995 4335; x_wconf 88' lang='lat' dir='ltr'><strong>Deo</strong></span> <span class='ocrx_word' id='word_1_731' title='bbox 3014 4286 3313 4350; x_wconf 87' lang='lat' dir='ltr'><strong>operatam.</strong></span> 
     </span>
    </p>
   </div>
   <div class='ocr_carea' id='block_1_89' title="bbox 2283 4368 3779 4448">
    <p class='ocr_par' dir='ltr' id='par_1_89' title="bbox 2283 4368 3779 4448">
     <span class='ocr_line' id='line_1_89' title="bbox 2283 4368 3779 4448; baseline 0.001 -23"><span class='ocrx_word' id='word_1_732' title='bbox 2283 4368 2449 4425; x_wconf 75' lang='lat' dir='ltr'><strong>Vens.</strong></span> <span class='ocrx_word' id='word_1_733' title='bbox 2466 4369 2746 4426; x_wconf 85' lang='lat' dir='ltr'><strong>6.—Sieut</strong></span> <span class='ocrx_word' id='word_1_734' title='bbox 2762 4370 3020 4427; x_wconf 79' lang='lat' dir='ltr'><strong>Abraham</strong></span> <span class='ocrx_word' id='word_1_735' title='bbox 3036 4373 3250 4428; x_wconf 84' lang='lat' dir='ltr'><strong>credidit</strong></span> <span class='ocrx_word' id='word_1_736' title='bbox 3264 4371 3372 4428; x_wconf 91' lang='lat' dir='ltr'><strong>Deo</strong></span> <span class='ocrx_word' id='word_1_737' title='bbox 3385 4384 3432 4429; x_wconf 87' lang='lat' dir='ltr'><strong>et</strong></span> <span class='ocrx_word' id='word_1_738' title='bbox 3443 4383 3712 4448; x_wconf 85' lang='lat' dir='ltr'><strong>reputatunt</strong></span> <span class='ocrx_word' id='word_1_739' title='bbox 3724 4376 3779 4426; x_wconf 78' lang='lat' dir='ltr'><strong>at</strong></span> 
     </span>
    </p>
   </div>
   <div class='ocr_carea' id='block_1_90' title="bbox 2213 4460 3777 4540">
    <p class='ocr_par' dir='ltr' id='par_1_90' title="bbox 2213 4460 3777 4540">
     <span class='ocr_line' id='line_1_90' title="bbox 2213 4460 3777 4540; baseline 0.001 -23"><span class='ocrx_word' id='word_1_740' title='bbox 2213 4462 2258 4517; x_wconf 89' lang='lat' dir='ltr'><strong>ei</strong></span> <span class='ocrx_word' id='word_1_741' title='bbox 2272 4461 2340 4515; x_wconf 83' lang='lat' dir='ltr'><strong>ad</strong></span> <span class='ocrx_word' id='word_1_742' title='bbox 2347 4463 2622 4537; x_wconf 82' lang='lat' dir='ltr'><strong>justitiam.</strong></span> <span class='ocrx_word' id='word_1_743' title='bbox 2639 4462 2697 4518; x_wconf 85' lang='lat' dir='ltr'><strong>In</strong></span> <span class='ocrx_word' id='word_1_744' title='bbox 2715 4463 2909 4525; x_wconf 85' lang='lat' dir='ltr'><strong>Genesi</strong></span> <span class='ocrx_word' id='word_1_745' title='bbox 2933 4465 3069 4537; x_wconf 85' lang='lat' dir='ltr'><strong>(cap.</strong></span> <span class='ocrx_word' id='word_1_746' title='bbox 3097 4482 3185 4533; x_wconf 83' lang='lat' dir='ltr'><strong>xv,</strong></span> <span class='ocrx_word' id='word_1_747' title='bbox 3201 4466 3262 4525; x_wconf 81' lang='lat' dir='ltr'><strong>Gl</strong></span> <span class='ocrx_word' id='word_1_748' title='bbox 3277 4465 3404 4537; x_wconf 91' lang='lat' dir='ltr'><strong>)hoe</strong></span> <span class='ocrx_word' id='word_1_749' title='bbox 3423 4468 3647 4540; x_wconf 89' lang='lat' dir='ltr'><strong>positum</strong></span> <span class='ocrx_word' id='word_1_750' title='bbox 3665 4460 3777 4536; x_wconf 88' lang='lat' dir='ltr'><strong>quod</strong></span> 
     </span>
    </p>
   </div>
   <div class='ocr_carea' id='block_1_91' title="bbox 505 4541 2114 4650">
    <p class='ocr_par' dir='ltr' id='par_1_91' title="bbox 505 4541 2103 4650">
     <span class='ocr_line' id='line_1_91' title="bbox 505 4541 2103 4650; baseline -0.005 -16"><span class='ocrx_word' id='word_1_751' title='bbox 505 4541 588 4634; x_wconf 69' lang='lat' dir='ltr'><strong>sic</strong></span> <span class='ocrx_word' id='word_1_752' title='bbox 616 4593 724 4632; x_wconf 89' lang='lat' dir='ltr'><strong>non</strong></span> <span class='ocrx_word' id='word_1_753' title='bbox 768 4578 1153 4650; x_wconf 90' lang='lat' dir='ltr'><strong>intelligentes,</strong></span> <span class='ocrx_word' id='word_1_754' title='bbox 1178 4541 1306 4632; x_wconf 74' lang='lat' dir='ltr'><strong>dum</strong></span> <span class='ocrx_word' id='word_1_755' title='bbox 1340 4541 1631 4644; x_wconf 77' lang='lat' dir='ltr'><strong>adjungitis</strong></span> <span class='ocrx_word' id='word_1_756' title='bbox 1656 4587 1817 4643; x_wconf 90' lang='lat' dir='ltr'><strong>opera</strong></span> <span class='ocrx_word' id='word_1_757' title='bbox 1845 4571 1911 4626; x_wconf 92' lang='lat' dir='ltr'><strong>ad</strong></span> <span class='ocrx_word' id='word_1_758' title='bbox 1945 4541 2103 4642; x_wconf 75' lang='lat' dir='ltr'><strong>justi-</strong></span> 
     </span>
    </p>
   </div>
   <div class='ocr_carea' id='block_1_92' title="bbox 2219 4541 3777 4650">
    <p class='ocr_par' dir='ltr' id='par_1_92' title="bbox 2219 4554 3777 4650">
     <span class='ocr_line' id='line_1_92' title="bbox 2219 4554 3777 4650; baseline 0.004 -40"><span class='ocrx_word' id='word_1_759' title='bbox 2219 4554 2474 4650; x_wconf 62' lang='lat' dir='ltr'><strong>dbraltam</strong></span> <span class='ocrx_word' id='word_1_760' title='bbox 2487 4557 2699 4612; x_wconf 85' lang='lat' dir='ltr'><strong>credidit</strong></span> <span class='ocrx_word' id='word_1_761' title='bbox 2713 4556 2842 4624; x_wconf 86' lang='lat' dir='ltr'><strong>Deo,</strong></span> <span class='ocrx_word' id='word_1_762' title='bbox 2857 4564 3214 4631; x_wconf 70' lang='lat' dir='ltr'><strong>et‘reputatum</strong></span> <span class='ocrx_word' id='word_1_763' title='bbox 3235 4572 3307 4617; x_wconf 89' lang='lat' dir='ltr'><strong>est</strong></span> <span class='ocrx_word' id='word_1_764' title='bbox 3320 4563 3365 4617; x_wconf 85' lang='lat' dir='ltr'><strong>ei</strong></span> <span class='ocrx_word' id='word_1_765' title='bbox 3380 4562 3451 4617; x_wconf 83' lang='lat' dir='ltr'><strong>ad</strong></span> <span class='ocrx_word' id='word_1_766' title='bbox 3460 4563 3702 4635; x_wconf 80' lang='lat' dir='ltr'><strong>justitiam</strong></span> <span class='ocrx_word' id='word_1_767' title='bbox 3717 4555 3777 4629; x_wconf 78' lang='lat'><strong>(5)</strong></span> 
     </span>
    </p>
   </div>
   <div class='ocr_carea' id='block_1_93' title="bbox 509 4663 2107 4739">
    <p class='ocr_par' dir='ltr' id='par_1_93' title="bbox 509 4663 2107 4739">
     <span class='ocr_line' id='line_1_93' title="bbox 509 4663 2107 4739; baseline -0.003 -16"><span class='ocrx_word' id='word_1_768' title='bbox 509 4668 814 4724; x_wconf 89' lang='lat' dir='ltr'><strong>ﬁeationem</strong></span> <span class='ocrx_word' id='word_1_769' title='bbox 844 4679 1110 4734; x_wconf 89' lang='lat' dir='ltr'><strong>vestram,</strong></span> <span class='ocrx_word' id='word_1_770' title='bbox 1141 4667 1282 4739; x_wconf 90' lang='lat' dir='ltr'><strong>quod</strong></span> <span class='ocrx_word' id='word_1_771' title='bbox 1306 4676 1389 4724; x_wconf 91' lang='lat' dir='ltr'><strong>est</strong></span> <span class='ocrx_word' id='word_1_772' title='bbox 1426 4663 1720 4721; x_wconf 90' lang='lat' dir='ltr'><strong>secundum</strong></span> <span class='ocrx_word' id='word_1_773' title='bbox 1759 4679 1974 4719; x_wconf 89' lang='lat' dir='ltr'><strong>carnem</strong></span> <span class='ocrx_word' id='word_1_774' title='bbox 2016 4678 2107 4719; x_wconf 88' lang='lat' dir='ltr'><strong>sa-</strong></span> 
     </span>
    </p>
   </div>
   <div class='ocr_carea' id='block_1_94' title="bbox 508 4758 2113 4833">
    <p class='ocr_par' dir='ltr' id='par_1_94' title="bbox 508 4758 2113 4833">
     <span class='ocr_line' id='line_1_94' title="bbox 508 4758 2113 4833; baseline -0.001 -18"><span class='ocrx_word' id='word_1_775' title='bbox 508 4775 660 4833; x_wconf 87' lang='lat' dir='ltr'><strong>pere,</strong></span> <span class='ocrx_word' id='word_1_776' title='bbox 681 4770 737 4816; x_wconf 91' lang='lat' dir='ltr'><strong>ut</strong></span> <span class='ocrx_word' id='word_1_777' title='bbox 755 4777 875 4817; x_wconf 90' lang='lat' dir='ltr'><strong>cum</strong></span> <span class='ocrx_word' id='word_1_778' title='bbox 898 4763 1086 4831; x_wconf 85' lang='lat' dir='ltr'><strong>spiritu</strong></span> <span class='ocrx_word' id='word_1_779' title='bbox 1108 4761 1495 4833; x_wconf 72' lang='lat' dir='ltr'><strong>cmperitisper</strong></span> <span class='ocrx_word' id='word_1_780' title='bbox 1509 4758 1845 4830; x_wconf 88' lang='lat' dir='ltr'><strong>evangelium</strong></span> <span class='ocrx_word' id='word_1_781' title='bbox 1868 4774 1897 4813; x_wconf 90' lang='lat' dir='ltr'><strong>a</strong></span> <span class='ocrx_word' id='word_1_782' title='bbox 1917 4774 2000 4814; x_wconf 91' lang='lat' dir='ltr'><strong>me</strong></span> <span class='ocrx_word' id='word_1_783' title='bbox 2017 4758 2113 4814; x_wconf 90' lang='lat' dir='ltr'><strong>da-</strong></span> 
     </span>
    </p>
   </div>
   <div class='ocr_carea' id='block_1_95' title="bbox 513 4851 2108 4923">
    <p class='ocr_par' dir='ltr' id='par_1_95' title="bbox 513 4851 2108 4923">
     <span class='ocr_line' id='line_1_95' title="bbox 513 4851 2108 4923; baseline -0.003 -13"><span class='ocrx_word' id='word_1_784' title='bbox 513 4864 650 4923; x_wconf 90' lang='lat' dir='ltr'><strong>tum,</strong></span> <span class='ocrx_word' id='word_1_785' title='bbox 667 4863 798 4910; x_wconf 83' lang='lat' dir='ltr'><strong>utex</strong></span> <span class='ocrx_word' id='word_1_786' title='bbox 823 4855 1003 4909; x_wconf 87' lang='lat' dir='ltr'><strong>auditu</strong></span> <span class='ocrx_word' id='word_1_787' title='bbox 1018 4854 1137 4911; x_wconf 87' lang='lat' dir='ltr'><strong>ﬁdei</strong></span> <span class='ocrx_word' id='word_1_788' title='bbox 1157 4856 1209 4911; x_wconf 91' lang='lat' dir='ltr'><strong>in</strong></span> <span class='ocrx_word' id='word_1_789' title='bbox 1222 4854 1493 4911; x_wconf 88' lang='lat' dir='ltr'><strong>Christum</strong></span> <span class='ocrx_word' id='word_1_790' title='bbox 1508 4853 1823 4922; x_wconf 88' lang='lat' dir='ltr'><strong>acceperitis</strong></span> <span class='ocrx_word' id='word_1_791' title='bbox 1839 4851 2108 4923; x_wconf 87' lang='lat' dir='ltr'><strong>spiritum,</strong></span> 
     </span>
    </p>
   </div>
   <div class='ocr_carea' id='block_1_96' title="bbox 508 4943 2110 5010">
    <p class='ocr_par' dir='ltr' id='par_1_96' title="bbox 508 4943 2110 5010">
     <span class='ocr_line' id='line_1_96' title="bbox 508 4943 2110 5010; baseline -0.004 -5"><span class='ocrx_word' id='word_1_792' title='bbox 508 4964 652 5006; x_wconf 91' lang='lat' dir='ltr'><strong>nunc</strong></span> <span class='ocrx_word' id='word_1_793' title='bbox 672 4947 875 5003; x_wconf 85' lang='lat' dir='ltr'><strong>exitum</strong></span> <span class='ocrx_word' id='word_1_794' title='bbox 907 4959 1059 5002; x_wconf 88' lang='lat' dir='ltr'><strong>actus</strong></span> <span class='ocrx_word' id='word_1_795' title='bbox 1083 4947 1248 5003; x_wconf 89' lang='lat' dir='ltr'><strong>vestri</strong></span> <span class='ocrx_word' id='word_1_796' title='bbox 1270 4956 1324 5004; x_wconf 91' lang='lat' dir='ltr'><strong>et</strong></span> <span class='ocrx_word' id='word_1_797' title='bbox 1348 4946 1472 5003; x_wconf 69' lang='lat' dir='ltr'><strong>vita:</strong></span> <span class='ocrx_word' id='word_1_798' title='bbox 1492 4962 1654 5002; x_wconf 89' lang='lat' dir='ltr'><strong>carne</strong></span> <span class='ocrx_word' id='word_1_799' title='bbox 1675 4946 2005 5002; x_wconf 89' lang='lat' dir='ltr'><strong>consumetis</strong></span> <span class='ocrx_word' id='word_1_800' title='bbox 2022 4960 2036 5010; x_wconf 93' lang='lat'><strong>;</strong></span> <span class='ocrx_word' id='word_1_801' title='bbox 2056 4943 2110 4999; x_wconf 90' lang='lat' dir='ltr'><strong>id</strong></span> 
     </span>
    </p>
   </div>
   <div class='ocr_carea' id='block_1_97' title="bbox 510 5038 2113 5113">
    <p class='ocr_par' dir='ltr' id='par_1_97' title="bbox 510 5038 2113 5113">
     <span class='ocr_line' id='line_1_97' title="bbox 510 5038 2113 5113; baseline -0.006 -12"><span class='ocrx_word' id='word_1_802' title='bbox 510 5051 597 5101; x_wconf 88' lang='lat' dir='ltr'><strong>est</strong></span> <span class='ocrx_word' id='word_1_803' title='bbox 610 5041 864 5113; x_wconf 91' lang='lat' dir='ltr'><strong>operibus</strong></span> <span class='ocrx_word' id='word_1_804' title='bbox 884 5041 948 5095; x_wconf 88' lang='lat' dir='ltr'><strong>ad</strong></span> <span class='ocrx_word' id='word_1_805' title='bbox 962 5056 1177 5097; x_wconf 88' lang='lat' dir='ltr'><strong>carnem</strong></span> <span class='ocrx_word' id='word_1_806' title='bbox 1191 5050 1245 5096; x_wconf 93' lang='lat' dir='ltr'><strong>et</strong></span> <span class='ocrx_word' id='word_1_807' title='bbox 1265 5040 1559 5096; x_wconf 88' lang='lat' dir='ltr'><strong>secundum</strong></span> <span class='ocrx_word' id='word_1_808' title='bbox 1582 5055 1798 5097; x_wconf 89' lang='lat' dir='ltr'><strong>carnem</strong></span> <span class='ocrx_word' id='word_1_809' title='bbox 1814 5038 2113 5109; x_wconf 85' lang='lat' dir='ltr'><strong>susceptis?</strong></span> 
     </span>
    </p>
   </div>
   <div class='ocr_carea' id='block_1_98' title="bbox 584 5130 2114 5204">
    <p class='ocr_par' dir='ltr' id='par_1_98' title="bbox 584 5130 2114 5204">
     <span class='ocr_line' id='line_1_98' title="bbox 584 5130 2114 5204; baseline -0.003 -12"><span class='ocrx_word' id='word_1_810' title='bbox 584 5134 751 5192; x_wconf 65' lang='lat' dir='ltr'><strong>Vens.</strong></span> <span class='ocrx_word' id='word_1_811' title='bbox 801 5136 949 5190; x_wconf 74' lang='grc'><strong>4.-</strong></span> <span class='ocrx_word' id='word_1_812' title='bbox 998 5132 1162 5187; x_wconf 86' lang='lat' dir='ltr'><strong>Tanta</strong></span> <span class='ocrx_word' id='word_1_813' title='bbox 1210 5133 1347 5204; x_wconf 86' lang='lat' dir='ltr'><strong>passi</strong></span> <span class='ocrx_word' id='word_1_814' title='bbox 1391 5133 1507 5189; x_wconf 87' lang='lat' dir='ltr'><strong>estis</strong></span> <span class='ocrx_word' id='word_1_815' title='bbox 1552 5134 1662 5188; x_wconf 87' lang='lat' dir='ltr'><strong>sine</strong></span> <span class='ocrx_word' id='word_1_816' title='bbox 1706 5134 1895 5188; x_wconf 87' lang='lat' dir='ltr'><strong>causa?</strong></span> <span class='ocrx_word' id='word_1_817' title='bbox 1935 5130 2114 5188; x_wconf 86' lang='lat' dir='ltr'><strong>Facile</strong></span> 
     </span>
    </p>
   </div>
   <div class='ocr_carea' id='block_1_99' title="bbox 511 5223 2116 5297">
    <p class='ocr_par' dir='ltr' id='par_1_99' title="bbox 511 5223 2116 5297">
     <span class='ocr_line' id='line_1_99' title="bbox 511 5223 2116 5297; baseline -0.001 -15"><span class='ocrx_word' id='word_1_818' title='bbox 511 5226 729 5283; x_wconf 90' lang='lat' dir='ltr'><strong>adducit</strong></span> <span class='ocrx_word' id='word_1_819' title='bbox 771 5225 838 5281; x_wconf 89' lang='lat' dir='ltr'><strong>ad</strong></span> <span class='ocrx_word' id='word_1_820' title='bbox 868 5223 1178 5297; x_wconf 88' lang='lat' dir='ltr'><strong>patientiam</strong></span> <span class='ocrx_word' id='word_1_821' title='bbox 1208 5224 1329 5279; x_wconf 89' lang='lat' dir='ltr'><strong>talis</strong></span> <span class='ocrx_word' id='word_1_822' title='bbox 1379 5223 1569 5290; x_wconf 86' lang='lat' dir='ltr'><strong>oratio,</strong></span> <span class='ocrx_word' id='word_1_823' title='bbox 1613 5242 1730 5296; x_wconf 88' lang='lat' dir='ltr'><strong>quae</strong></span> <span class='ocrx_word' id='word_1_824' title='bbox 1767 5224 2116 5296; x_wconf 90' lang='lat' dir='ltr'><strong>reprehendit</strong></span> 
     </span>
    </p>
   </div>
   <div class='ocr_carea' id='block_1_100' title="bbox 508 5317 2111 5389">
    <p class='ocr_par' dir='ltr' id='par_1_100' title="bbox 508 5317 2111 5389">
     <span class='ocr_line' id='line_1_100' title="bbox 508 5317 2111 5389; baseline -0.001 -13"><span class='ocrx_word' id='word_1_825' title='bbox 508 5329 564 5376; x_wconf 90' lang='lat' dir='ltr'><strong>et</strong></span> <span class='ocrx_word' id='word_1_826' title='bbox 611 5327 824 5387; x_wconf 90' lang='lat' dir='ltr'><strong>monet,</strong></span> <span class='ocrx_word' id='word_1_827' title='bbox 864 5327 919 5374; x_wconf 92' lang='lat' dir='ltr'><strong>et</strong></span> <span class='ocrx_word' id='word_1_828' title='bbox 967 5325 1143 5373; x_wconf 89' lang='lat' dir='ltr'><strong>tamen</strong></span> <span class='ocrx_word' id='word_1_829' title='bbox 1185 5317 1355 5388; x_wconf 90' lang='lat' dir='ltr'><strong>ipsam</strong></span> <span class='ocrx_word' id='word_1_830' title='bbox 1399 5317 1874 5389; x_wconf 78' lang='lat' dir='ltr'><strong>reprehensionem</strong></span> <span class='ocrx_word' id='word_1_831' title='bbox 1925 5334 2111 5374; x_wconf 88' lang='lat' dir='ltr'><strong>rursus</strong></span> 
     </span>
    </p>
   </div>
   <div class='ocr_carea' id='block_1_101' title="bbox 510 5409 2109 5482">
    <p class='ocr_par' dir='ltr' id='par_1_101' title="bbox 510 5409 2109 5482">
     <span class='ocr_line' id='line_1_101' title="bbox 510 5409 2109 5482; baseline 0.001 -15"><span class='ocrx_word' id='word_1_832' title='bbox 510 5412 859 5482; x_wconf 89' lang='lat' dir='ltr'><strong>reprehendit</strong></span> <span class='ocrx_word' id='word_1_833' title='bbox 893 5430 906 5468; x_wconf 91' lang='lat'><strong>:</strong></span> <span class='ocrx_word' id='word_1_834' title='bbox 948 5427 1180 5482; x_wconf 87' lang='lat' dir='ltr'><strong>namque</strong></span> <span class='ocrx_word' id='word_1_835' title='bbox 1220 5409 1567 5482; x_wconf 89' lang='lat' dir='ltr'><strong>reprehendit</strong></span> <span class='ocrx_word' id='word_1_836' title='bbox 1601 5413 1743 5482; x_wconf 91' lang='lat' dir='ltr'><strong>quod</strong></span> <span class='ocrx_word' id='word_1_837' title='bbox 1778 5412 1931 5480; x_wconf 89' lang='lat' dir='ltr'><strong>dixit,</strong></span> <span class='ocrx_word' id='word_1_838' title='bbox 1967 5422 2109 5469; x_wconf 87' lang='lat' dir='ltr'><strong>tanta</strong></span> 
     </span>
    </p>
   </div>
   <div class='ocr_carea' id='block_1_102' title="bbox 508 5504 2107 5581">
    <p class='ocr_par' dir='ltr' id='par_1_102' title="bbox 508 5504 2107 5581">
     <span class='ocr_line' id='line_1_102' title="bbox 508 5504 2107 5581; baseline 0 -18"><span class='ocrx_word' id='word_1_839' title='bbox 508 5509 649 5579; x_wconf 83' lang='lat' dir='ltr'><strong>passi</strong></span> <span class='ocrx_word' id='word_1_840' title='bbox 690 5515 813 5581; x_wconf 24' lang='lat' dir='ltr'><strong>estis.</strong></span> <span class='ocrx_word' id='word_1_841' title='bbox 844 5507 952 5563; x_wconf 84' lang='lat' dir='ltr'><strong>sine</strong></span> <span class='ocrx_word' id='word_1_842' title='bbox 990 5522 1167 5573; x_wconf 87' lang='lat' dir='ltr'><strong>causa,</strong></span> <span class='ocrx_word' id='word_1_843' title='bbox 1204 5504 1442 5562; x_wconf 88' lang='lat' dir='ltr'><strong>subdens</strong></span> <span class='ocrx_word' id='word_1_844' title='bbox 1487 5509 1530 5559; x_wconf 85' lang='lat' dir='ltr'><strong>st</strong></span> <span class='ocrx_word' id='word_1_845' title='bbox 1575 5515 1740 5560; x_wconf 87' lang='lat' dir='ltr'><strong>tamen</strong></span> <span class='ocrx_word' id='word_1_846' title='bbox 1784 5506 1895 5561; x_wconf 89' lang='lat' dir='ltr'><strong>sine</strong></span> <span class='ocrx_word' id='word_1_847' title='bbox 1933 5524 2107 5563; x_wconf 83' lang='lat' dir='ltr'><strong>causa.</strong></span> 
     </span>
    </p>
   </div>
   <div class='ocr_carea' id='block_1_103' title="bbox 510 5598 2106 5672">
    <p class='ocr_par' dir='ltr' id='par_1_103' title="bbox 510 5598 2106 5672">
     <span class='ocr_line' id='line_1_103' title="bbox 510 5598 2106 5672; baseline 0.001 -17"><span class='ocrx_word' id='word_1_848' title='bbox 510 5599 694 5656; x_wconf 85' lang='lat' dir='ltr'><strong>Monet</strong></span> <span class='ocrx_word' id='word_1_849' title='bbox 713 5608 890 5657; x_wconf 86' lang='lat' dir='ltr'><strong>autem</strong></span> <span class='ocrx_word' id='word_1_850' title='bbox 918 5615 1043 5656; x_wconf 87' lang='lat' dir='ltr'><strong>cum</strong></span> <span class='ocrx_word' id='word_1_851' title='bbox 1071 5598 1223 5669; x_wconf 89' lang='lat' dir='ltr'><strong>dicit,</strong></span> <span class='ocrx_word' id='word_1_852' title='bbox 1255 5608 1400 5655; x_wconf 88' lang='lat' dir='ltr'><strong>tanta</strong></span> <span class='ocrx_word' id='word_1_853' title='bbox 1419 5598 1560 5672; x_wconf 85' lang='lat' dir='ltr'><strong>passi</strong></span> <span class='ocrx_word' id='word_1_854' title='bbox 1588 5598 1736 5665; x_wconf 88' lang='lat' dir='ltr'><strong>estis,</strong></span> <span class='ocrx_word' id='word_1_855' title='bbox 1770 5606 1829 5655; x_wconf 90' lang='lat' dir='ltr'><strong>nt</strong></span> <span class='ocrx_word' id='word_1_856' title='bbox 1854 5614 1975 5655; x_wconf 91' lang='lat' dir='ltr'><strong>eum</strong></span> <span class='ocrx_word' id='word_1_857' title='bbox 2020 5609 2106 5657; x_wconf 87' lang='lat' dir='ltr'><strong>to-</strong></span> 
     </span>
    </p>
   </div>
   <div class='ocr_carea' id='block_1_104' title="bbox 578 5759 1377 5847">
    <p class='ocr_par' dir='ltr' id='par_1_104' title="bbox 578 5759 1377 5847">
     <span class='ocr_line' id='line_1_104' title="bbox 578 5759 1377 5847; baseline 0.003 -33"><span class='ocrx_word' id='word_1_858' title='bbox 578 5759 659 5835; x_wconf 88' lang='lat' dir='ltr'><strong>(l)</strong></span> <span class='ocrx_word' id='word_1_859' title='bbox 686 5760 745 5818; x_wconf 88' lang='lat' dir='ltr'><strong>lu</strong></span> <span class='ocrx_word' id='word_1_860' title='bbox 773 5759 917 5833; x_wconf 87' lang='lat' dir='ltr'><strong>vulg.</strong></span> <span class='ocrx_word' id='word_1_861' title='bbox 939 5760 1377 5847; x_wconf 65' lang='lat' dir='ltr'><strong>consummemipi.</strong></span> 
     </span>
    </p>
   </div>
   <div class='ocr_carea' id='block_1_105' title="bbox 2214 4646 3778 4724">
    <p class='ocr_par' dir='ltr' id='par_1_105' title="bbox 2214 4646 3778 4724">
     <span class='ocr_line' id='line_1_105' title="bbox 2214 4646 3778 4724; baseline 0.002 -22"><span class='ocrx_word' id='word_1_862' title='bbox 2214 4646 2285 4702; x_wconf 92' lang='lat' dir='ltr'><strong>ita</strong></span> <span class='ocrx_word' id='word_1_863' title='bbox 2311 4647 2452 4704; x_wconf 90' lang='lat' dir='ltr'><strong>Deus</strong></span> <span class='ocrx_word' id='word_1_864' title='bbox 2474 4657 2731 4719; x_wconf 89' lang='lat' dir='ltr'><strong>operatur</strong></span> <span class='ocrx_word' id='word_1_865' title='bbox 2757 4651 2985 4707; x_wconf 91' lang='lat' dir='ltr'><strong>virtutes</strong></span> <span class='ocrx_word' id='word_1_866' title='bbox 3010 4653 3293 4709; x_wconf 87' lang='lat' dir='ltr'><strong>eum-ﬁdes</strong></span> <span class='ocrx_word' id='word_1_867' title='bbox 3315 4656 3622 4724; x_wconf 89' lang='lat' dir='ltr'><strong>provenerit</strong></span> <span class='ocrx_word' id='word_1_868' title='bbox 3642 4654 3687 4709; x_wconf 90' lang='lat' dir='ltr'><strong>in</strong></span> <span class='ocrx_word' id='word_1_869' title='bbox 3703 4654 3778 4706; x_wconf 81' lang='lat' dir='ltr'><strong>lio-</strong></span> 
     </span>
    </p>
   </div>
   <div class='ocr_carea' id='block_1_106' title="bbox 2218 4740 3776 4821">
    <p class='ocr_par' dir='ltr' id='par_1_106' title="bbox 2218 4740 3776 4821">
     <span class='ocr_line' id='line_1_106' title="bbox 2218 4740 3776 4821; baseline 0.003 -25"><span class='ocrx_word' id='word_1_870' title='bbox 2218 4740 2421 4796; x_wconf 89' lang='lat' dir='ltr'><strong>minum</strong></span> <span class='ocrx_word' id='word_1_871' title='bbox 2445 4742 2726 4810; x_wconf 86' lang='lat' dir='ltr'><strong>animis,et</strong></span> <span class='ocrx_word' id='word_1_872' title='bbox 2747 4744 2878 4801; x_wconf 89' lang='lat' dir='ltr'><strong>ﬁdes</strong></span> <span class='ocrx_word' id='word_1_873' title='bbox 2901 4752 2960 4801; x_wconf 92' lang='lat' dir='ltr'><strong>ut</strong></span> <span class='ocrx_word' id='word_1_874' title='bbox 2977 4744 3032 4801; x_wconf 92' lang='lat' dir='ltr'><strong>in</strong></span> <span class='ocrx_word' id='word_1_875' title='bbox 3055 4746 3219 4803; x_wconf 90' lang='lat' dir='ltr'><strong>Demn</strong></span> <span class='ocrx_word' id='word_1_876' title='bbox 3246 4748 3491 4804; x_wconf 91' lang='lat' dir='ltr'><strong>credant.</strong></span> <span class='ocrx_word' id='word_1_877' title='bbox 3508 4748 3776 4821; x_wconf 76' lang='lat' dir='ltr'><strong>Reputatuttt</strong></span> 
     </span>
    </p>
   </div>
   <div class='ocr_carea' id='block_1_107' title="bbox 2219 4834 3776 4913">
    <p class='ocr_par' dir='ltr' id='par_1_107' title="bbox 2219 4834 3776 4913">
     <span class='ocr_line' id='line_1_107' title="bbox 2219 4834 3776 4913; baseline 0.004 -24"><span class='ocrx_word' id='word_1_878' title='bbox 2219 4845 2313 4897; x_wconf 88' lang='lat' dir='ltr'><strong>est,</strong></span> <span class='ocrx_word' id='word_1_879' title='bbox 2330 4834 2523 4905; x_wconf 88' lang='lat' dir='ltr'><strong>iuqttit,</strong></span> <span class='ocrx_word' id='word_1_880' title='bbox 2539 4835 2760 4891; x_wconf 74' lang='lat' dir='ltr'><strong>Abraltw</strong></span> <span class='ocrx_word' id='word_1_881' title='bbox 2779 4838 2848 4891; x_wconf 88' lang='lat' dir='ltr'><strong>ad</strong></span> <span class='ocrx_word' id='word_1_882' title='bbox 2857 4840 3116 4910; x_wconf 85' lang='lat' dir='ltr'><strong>justitiam</strong></span> <span class='ocrx_word' id='word_1_883' title='bbox 3132 4842 3275 4913; x_wconf 86' lang='lat' dir='ltr'><strong>,quia</strong></span> <span class='ocrx_word' id='word_1_884' title='bbox 3290 4842 3508 4899; x_wconf 79' lang='lat' dir='ltr'><strong>credidit</strong></span> <span class='ocrx_word' id='word_1_885' title='bbox 3522 4841 3645 4897; x_wconf 86' lang='lat' dir='ltr'><strong>Deo.</strong></span> <span class='ocrx_word' id='word_1_886' title='bbox 3663 4840 3776 4908; x_wconf 75' lang='lat' dir='ltr'><strong>Ergo</strong></span> 
     </span>
    </p>
   </div>
   <div class='ocr_carea' id='block_1_108' title="bbox 2222 4930 3772 5008">
    <p class='ocr_par' dir='ltr' id='par_1_108' title="bbox 2222 4930 3772 5008">
     <span class='ocr_line' id='line_1_108' title="bbox 2222 4930 3772 5008; baseline 0.004 -28"><span class='ocrx_word' id='word_1_887' title='bbox 2222 4935 2278 4981; x_wconf 91' lang='lat' dir='ltr'><strong>et</strong></span> <span class='ocrx_word' id='word_1_888' title='bbox 2303 4942 2398 4983; x_wconf 87' lang='lat' dir='ltr'><strong>vos</strong></span> <span class='ocrx_word' id='word_1_889' title='bbox 2421 4936 2564 4983; x_wconf 87' lang='lat' dir='ltr'><strong>tanta</strong></span> <span class='ocrx_word' id='word_1_890' title='bbox 2596 4930 2836 5000; x_wconf 88' lang='lat' dir='ltr'><strong>perpessi</strong></span> <span class='ocrx_word' id='word_1_891' title='bbox 2860 4933 2991 4988; x_wconf 90' lang='lat' dir='ltr'><strong>estis</strong></span> <span class='ocrx_word' id='word_1_892' title='bbox 3018 4944 3073 4989; x_wconf 90' lang='lat' dir='ltr'><strong>et</strong></span> <span class='ocrx_word' id='word_1_893' title='bbox 3096 4936 3364 4991; x_wconf 89' lang='lat' dir='ltr'><strong>tolerastis</strong></span> <span class='ocrx_word' id='word_1_894' title='bbox 3386 4946 3550 5008; x_wconf 88' lang='lat' dir='ltr'><strong>atque</strong></span> <span class='ocrx_word' id='word_1_895' title='bbox 3569 4934 3772 4993; x_wconf 84' lang='lat' dir='ltr'><strong>vicistis:</strong></span> 
     </span>
    </p>
   </div>
   <div class='ocr_carea' id='block_1_109' title="bbox 2217 5021 3771 5102">
    <p class='ocr_par' dir='ltr' id='par_1_109' title="bbox 2217 5021 3771 5102">
     <span class='ocr_line' id='line_1_109' title="bbox 2217 5021 3771 5102; baseline 0.01 -26"><span class='ocrx_word' id='word_1_896' title='bbox 2217 5031 2270 5076; x_wconf 91' lang='lat' dir='ltr'><strong>et</strong></span> <span class='ocrx_word' id='word_1_897' title='bbox 2297 5021 2522 5079; x_wconf 90' lang='lat' dir='ltr'><strong>virtutes</strong></span> <span class='ocrx_word' id='word_1_898' title='bbox 2553 5023 2607 5079; x_wconf 91' lang='lat' dir='ltr'><strong>in</strong></span> <span class='ocrx_word' id='word_1_899' title='bbox 2633 5025 2786 5081; x_wconf 90' lang='lat' dir='ltr'><strong>vobis</strong></span> <span class='ocrx_word' id='word_1_900' title='bbox 2806 5036 3060 5097; x_wconf 84' lang='lat' dir='ltr'><strong>operatus</strong></span> <span class='ocrx_word' id='word_1_901' title='bbox 3082 5037 3167 5084; x_wconf 91' lang='lat' dir='ltr'><strong>est</strong></span> <span class='ocrx_word' id='word_1_902' title='bbox 3191 5029 3331 5086; x_wconf 91' lang='lat' dir='ltr'><strong>Deus</strong></span> <span class='ocrx_word' id='word_1_903' title='bbox 3349 5040 3514 5102; x_wconf 88' lang='lat' dir='ltr'><strong>atque</strong></span> <span class='ocrx_word' id='word_1_904' title='bbox 3534 5036 3771 5102; x_wconf 64' lang='lat' dir='ltr'><strong>operatur.</strong></span> 
     </span>
    </p>
   </div>
   <div class='ocr_carea' id='block_1_110' title="bbox 2215 5116 3775 5193">
    <p class='ocr_par' dir='ltr' id='par_1_110' title="bbox 2215 5116 3775 5193">
     <span class='ocr_line' id='line_1_110' title="bbox 2215 5116 3775 5193; baseline 0.004 -25"><span class='ocrx_word' id='word_1_905' title='bbox 2215 5116 2340 5186; x_wconf 91' lang='lat' dir='ltr'><strong>quia</strong></span> <span class='ocrx_word' id='word_1_906' title='bbox 2389 5132 2485 5187; x_wconf 91' lang='lat' dir='ltr'><strong>per</strong></span> <span class='ocrx_word' id='word_1_907' title='bbox 2515 5117 2757 5173; x_wconf 91' lang='lat' dir='ltr'><strong>auditum</strong></span> <span class='ocrx_word' id='word_1_908' title='bbox 2792 5118 2914 5176; x_wconf 91' lang='lat' dir='ltr'><strong>ﬁdei</strong></span> <span class='ocrx_word' id='word_1_909' title='bbox 2958 5121 3265 5179; x_wconf 90' lang='lat' dir='ltr'><strong>credidistis</strong></span> <span class='ocrx_word' id='word_1_910' title='bbox 3310 5123 3440 5181; x_wconf 91' lang='lat' dir='ltr'><strong>Deo.</strong></span> <span class='ocrx_word' id='word_1_911' title='bbox 3484 5124 3775 5193; x_wconf 78' lang='lat' dir='ltr'><strong>Intellegittr</strong></span> 
     </span>
    </p>
   </div>
   <div class='ocr_carea' id='block_1_111' title="bbox 2217 5210 3075 5282">
    <p class='ocr_par' dir='ltr' id='par_1_111' title="bbox 2217 5210 3075 5282">
     <span class='ocr_line' id='line_1_111' title="bbox 2217 5210 3075 5282; baseline 0.007 -20"><span class='ocrx_word' id='word_1_912' title='bbox 2217 5222 2348 5277; x_wconf 90' lang='lat' dir='ltr'><strong>ergo</strong></span> <span class='ocrx_word' id='word_1_913' title='bbox 2395 5210 2648 5279; x_wconf 89' lang='lat' dir='ltr'><strong>quoniam</strong></span> <span class='ocrx_word' id='word_1_914' title='bbox 2698 5211 2788 5282; x_wconf 91' lang='lat' dir='ltr'><strong>qui</strong></span> <span class='ocrx_word' id='word_1_915' title='bbox 2834 5227 2901 5267; x_wconf 81' lang='lat' dir='ltr'><strong>ex</strong></span> <span class='ocrx_word' id='word_1_916' title='bbox 2948 5211 3075 5269; x_wconf 91' lang='lat' dir='ltr'><strong>ﬁde.</strong></span> 
     </span>
    </p>
   </div>
   <div class='ocr_carea' id='block_1_112' title="bbox 2292 5298 3773 5374">
    <p class='ocr_par' dir='ltr' id='par_1_112' title="bbox 2292 5298 3773 5374">
     <span class='ocr_line' id='line_1_112' title="bbox 2292 5298 3773 5374; baseline 0.006 -20"><span class='ocrx_word' id='word_1_917' title='bbox 2292 5298 2453 5356; x_wconf 71' lang='lat' dir='ltr'><strong>Vens.</strong></span> <span class='ocrx_word' id='word_1_918' title='bbox 2472 5302 2599 5356; x_wconf 89' lang='lat'><strong>7.-—</strong></span> <span class='ocrx_word' id='word_1_919' title='bbox 2612 5300 2663 5358; x_wconf 85' lang='lat' dir='ltr'><strong>Ii</strong></span> <span class='ocrx_word' id='word_1_920' title='bbox 2678 5304 2776 5374; x_wconf 76' lang='lat' dir='ltr'><strong>ﬁlii</strong></span> <span class='ocrx_word' id='word_1_921' title='bbox 2794 5315 2915 5361; x_wconf 85' lang='lat' dir='ltr'><strong>sunt</strong></span> <span class='ocrx_word' id='word_1_922' title='bbox 2939 5305 3176 5363; x_wconf 80' lang='lat' dir='ltr'><strong>Abrahte.</strong></span> <span class='ocrx_word' id='word_1_923' title='bbox 3193 5305 3396 5365; x_wconf 87' lang='lat' dir='ltr'><strong>Semiui</strong></span> <span class='ocrx_word' id='word_1_924' title='bbox 3419 5310 3563 5366; x_wconf 90' lang='lat' dir='ltr'><strong>enim</strong></span> <span class='ocrx_word' id='word_1_925' title='bbox 3580 5303 3773 5365; x_wconf 69' lang='lat' dir='ltr'><strong>Abt-ah:</strong></span> 
     </span>
    </p>
   </div>
   <div class='ocr_carea' id='block_1_113' title="bbox 2292 5410 3769 5554">
    <p class='ocr_par' dir='ltr' id='par_1_113' title="bbox 2292 5410 3769 5554">
     <span class='ocr_line' id='line_1_113' title="bbox 2292 5410 3769 5554; baseline -0.001 -77"><span class='ocrx_word' id='word_1_926' title='bbox 2292 5410 2370 5554; x_wconf 55' lang='lat'><strong>(1}</strong></span> <span class='ocrx_word' id='word_1_927' title='bbox 2394 5410 2509 5467; x_wconf 85' lang='lat' dir='ltr'><strong>Non</strong></span> <span class='ocrx_word' id='word_1_928' title='bbox 2542 5415 2794 5486; x_wconf 90' lang='lat' dir='ltr'><strong>leguntur</strong></span> <span class='ocrx_word' id='word_1_929' title='bbox 2821 5417 2873 5472; x_wconf 92' lang='lat' dir='ltr'><strong>in</strong></span> <span class='ocrx_word' id='word_1_930' title='bbox 2905 5420 3051 5492; x_wconf 87' lang='lat' dir='ltr'><strong>vulg.</strong></span> <span class='ocrx_word' id='word_1_931' title='bbox 3082 5420 3199 5477; x_wconf 74' lang='lat' dir='ltr'><strong>haec</strong></span> <span class='ocrx_word' id='word_1_932' title='bbox 3237 5423 3400 5480; x_wconf 88' lang='lat' dir='ltr'><strong>verba</strong></span> <span class='ocrx_word' id='word_1_933' title='bbox 3421 5432 3675 5495; x_wconf 82' lang='lat' dir='ltr'><strong>:operatus</strong></span> <span class='ocrx_word' id='word_1_934' title='bbox 3696 5426 3769 5475; x_wconf 78' lang='lat' dir='ltr'><strong>est.</strong></span> 
     </span>
     <span class='ocr_line' id='line_1_114' title="bbox 2292 5483 3769 5554; baseline 0.009 -17"><span class='ocrx_word' id='word_1_935' title='bbox 2292 5483 2345 5552; x_wconf 73' lang='grc'><strong>[2</strong></span> <span class='ocrx_word' id='word_1_936' title='bbox 2400 5484 2530 5539; x_wconf 79' lang='lat' dir='ltr'><strong>Nota</strong></span> <span class='ocrx_word' id='word_1_937' title='bbox 2562 5503 2722 5554; x_wconf 88' lang='lat' dir='ltr'><strong>quare</strong></span> <span class='ocrx_word' id='word_1_938' title='bbox 2748 5489 3142 5547; x_wconf 89' lang='lat' dir='ltr'><strong>substantivum</strong></span> <span class='ocrx_word' id='word_1_939' title='bbox 3169 5495 3315 5554; x_wconf 81' lang='lat' dir='ltr'><strong>quod</strong></span> <span class='ocrx_word' id='word_1_940' title='bbox 3340 5508 3523 5554; x_wconf 84' lang='lat' dir='ltr'><strong>postea</strong></span> <span class='ocrx_word' id='word_1_941' title='bbox 3564 5490 3769 5550; x_wconf 70' lang='lat' dir='ltr'><strong>barbari.</strong></span> 
     </span>
    </p>
   </div>
   <div class='ocr_carea' id='block_1_114' title="bbox 2286 5483 3769 5567">
    <p class='ocr_par' dir='ltr' id='par_1_114' title="bbox 2286 5483 3769 5567">
     <span class='ocr_line' id='line_1_115' title="bbox 2286 5483 3769 5567; baseline 0.009 -30"><span class='ocrx_word' id='word_1_942' title='bbox 2286 5483 2375 5567; x_wconf 45' lang='grc' dir='ltr'><strong>(β).</strong></span> <span class='ocrx_word' id='word_1_943' title='bbox 2400 5484 2530 5567; x_wconf 68' lang='lat' dir='ltr'><strong>Npta</strong></span> <span class='ocrx_word' id='word_1_944' title='bbox 2562 5483 2722 5567; x_wconf 80' lang='lat' dir='ltr'><strong>quare</strong></span> <span class='ocrx_word' id='word_1_945' title='bbox 2748 5483 3142 5547; x_wconf 66' lang='lat' dir='ltr'><strong>substantivum</strong></span> <span class='ocrx_word' id='word_1_946' title='bbox 3169 5495 3315 5567; x_wconf 87' lang='lat' dir='ltr'><strong>quod</strong></span> <span class='ocrx_word' id='word_1_947' title='bbox 3339 5483 3523 5567; x_wconf 71' lang='lat' dir='ltr'><strong>postea</strong></span> <span class='ocrx_word' id='word_1_948' title='bbox 3564 5490 3769 5567; x_wconf 68' lang='lat' dir='ltr'><strong>barbari.</strong></span> 
     </span>
    </p>
   </div>
   <div class='ocr_carea' id='block_1_115' title="bbox 2213 5555 3770 5639">
    <p class='ocr_par' dir='ltr' id='par_1_115' title="bbox 2213 5555 3770 5639">
     <span class='ocr_line' id='line_1_116' title="bbox 2213 5555 3770 5639; baseline 0.017 -33"><span class='ocrx_word' id='word_1_949' title='bbox 2213 5568 2242 5639; x_wconf 64' lang='grc' dir='ltr'><strong>ξι</strong></span> <span class='ocrx_word' id='word_1_950' title='bbox 2272 5555 2480 5639; x_wconf 85' lang='lat' dir='ltr'><strong>plebeia</strong></span> <span class='ocrx_word' id='word_1_951' title='bbox 2507 5557 2771 5616; x_wconf 89' lang='lat' dir='ltr'><strong>latinitate</strong></span> <span class='ocrx_word' id='word_1_952' title='bbox 2806 5572 3114 5634; x_wconf 88' lang='lat' dir='ltr'><strong>acceptum,</strong></span> <span class='ocrx_word' id='word_1_953' title='bbox 3147 5555 3356 5636; x_wconf 47' lang='lat' dir='ltr'><strong>passim.</strong></span> <span class='ocrx_word' id='word_1_954' title='bbox 3377 5569 3431 5625; x_wconf 91' lang='lat' dir='ltr'><strong>in</strong></span> <span class='ocrx_word' id='word_1_955' title='bbox 3457 5568 3659 5639; x_wconf 70' lang='lat' dir='ltr'><strong>scriptis</strong></span> <span class='ocrx_word' id='word_1_956' title='bbox 3680 5558 3770 5616; x_wconf 68' lang='grc' dir='ltr'><strong>δαῖε</strong></span> 
     </span>
    </p>
   </div>
   <div class='ocr_carea' id='block_1_116' title="bbox 2212 5624 2711 5694">
    <p class='ocr_par' dir='ltr' id='par_1_116' title="bbox 2212 5624 2711 5694">
     <span class='ocr_line' id='line_1_117' title="bbox 2212 5624 2711 5694; baseline 0.018 -15"><span class='ocrx_word' id='word_1_957' title='bbox 2212 5624 2711 5694; x_wconf 78' lang='lat' dir='ltr'><strong>frequentaverant.</strong></span> 
     </span>
    </p>
   </div>
   <div class='ocr_carea' id='block_1_117' title="bbox 2210 5696 3771 5835">
    <p class='ocr_par' dir='ltr' id='par_1_117' title="bbox 2210 5696 3771 5835">
     <span class='ocr_line' id='line_1_118' title="bbox 2210 5696 3771 5835; baseline 0.004 -77"><span class='ocrx_word' id='word_1_958' title='bbox 2210 5696 2582 5835; x_wconf 46' lang='grc' dir='ltr'><strong>ωιεόἐιὲῗηῐθι·</strong></span> <span class='ocrx_word' id='word_1_959' title='bbox 2609 5702 2760 5777; x_wconf 79' lang='lat' dir='ltr'><strong>Vulg.</strong></span> <span class='ocrx_word' id='word_1_960' title='bbox 2790 5706 3096 5778; x_wconf 60' lang='lat' dir='ltr'><strong>quahabet</strong></span> <span class='ocrx_word' id='word_1_961' title='bbox 3126 5718 3369 5767; x_wconf 83' lang='lat' dir='ltr'><strong>tantum:</strong></span> <span class='ocrx_word' id='word_1_962' title='bbox 3391 5709 3537 5766; x_wconf 76' lang='lat' dir='ltr'><strong>Sicut</strong></span> <span class='ocrx_word' id='word_1_963' title='bbox 3565 5707 3771 5778; x_wconf 65' lang='lat' dir='ltr'><strong>scriptu</strong></span> 
     </span>
    </p>
   </div>
  </div>
