4024 6306
332 290 475 348 I169
1186 288 1251 346 IN
1290 289 1677 350 EPISTOLAM
1719 287 1923 351 PAULI
1962 281 2054 340 AD
2094 282 2416 339 GALA'I‘AS
2454 283 2657 342 LIBER
2696 287 2737 343 I.
3485 290 3633 373 11⁸10.

328 405 593 478 promissa
619 413 741 462 sunt
770 405 970 483 multa;
996 405 1109 478 ipse
1131 417 1308 463 autem
1331 426 1395 466 ex
1425 409 1530 466 ﬁde
1566 419 1818 483 acceptus
1840 413 1925 465 est
1948 405 2002 465 A
2027 401 2259 456 maxime
2318 401 2409 457 illa
2450 417 2570 493 qum
2627 417 2773 475 smne
2823 404 3110 477 Apostolus
3176 406 3436 477 mandat,
3482 409 3625 465 sicut

328 501 397 555 ad
415 498 698 571 justitiam.
725 499 865 570 Ergo
890 500 1208 573 quicumque
1237 511 1364 557 sunt
1390 519 1457 559 ex
1482 502 1606 569 ﬁde,
1631 504 1670 558 ti
1690 512 1807 558 sunt
1828 501 1927 572 ﬁlii
2026 492 2130 549 sibi
2167 494 2473 550 mandatum
2504 495 2600 563 ait,
2627 515 2913 569 pauperum
2945 518 3191 557 memores
3237 503 3397 559 simus
3437 514 3490 559 et
3517 518 3624 560 ca:-

327 590 805 662 Abrabw,ntsche
820 592 1406 651 admonuimus.0mne
1429 592 1923 669 mysterium,quod
2026 592 2139 641 lem
2170 602 2288 655 (ιιιω
2311 588 2363 642 in
2389 588 2489 642 1³οο
2515 591 2773 659 Αροειοιο
2800 592 2879 665 (Ι)
2914 594 2982 650 ad
3020 594 3310 651 Vivcndum
3351 606 3621 667 praecepta

327 699 358 740 a
390 686 614 740 Domino
640 696 821 741 nostro
842 685 970 741 λεμυ
999 683 1214 741 Christo
1239 694 1417 741 actum
1443 693 1545 756 est,
1566 686 1723 743 ﬁdem
1750 687 1919 743 solam

326 780 523 851 quaerit
545 796 559 834 :
581 778 838 835 fuitenim
872 795 968 848 pro
998 779 1152 835 nobis
1180 787 1380 846 actum,
1410 787 1465 836 et
1492 781 1542 835 in
1567 789 1802 835 nostram
1831 793 1919 835 re-

326 872 718 930 surrectionem
747 882 925 927 actum
955 881 1009 927 et
1040 871 1430 939 liberationem,
1463 875 1505 927 si
1536 870 1694 927 iidem
1725 873 1775 925 in
1801 888 1917 944 my-

326 965 552 1021 sterium
582 963 782 1021 Christi
813 972 869 1020 et
890 965 941 1019 in
964 963 1239 1021 Christum
1282 964 1599 1021 habeamus.
1636 965 1748 1020 Hoc
1775 967 1918 1021 enim

327 1057 567 1128 prmlusit
586 1055 835 1113 divinitas
864 1065 918 1112 et
931 1056 1209 1128 prtemisit,
1237 1066 1295 1111 ut
1315 1073 1383 1112 ex
1409 1056 1513 1113 ﬁde
1535 1058 1699 1113 homo
1721 1058 1921 1128 justiﬁ-

325 1163 559 1206 caretur.
591 1149 658 1207 Ut
680 1158 985 1222 reputatum
1005 1159 1089 1208 est
1111 1152 1270 1222 igitur
1296 1150 1524 1207 Abralne
1542 1152 1608 1208 ad
1627 1152 1917 1224 justitiam,

324 1245 451 1314 quia
476 1244 635 1302 ﬁdem
658 1244 873 1312 habuit;
919 1245 999 1300 sic
1041 1253 1097 1300 et
1125 1260 1243 1313 nos,
1269 1247 1312 1300 si
1365 1245 1523 1301 Iidem
1557 1246 1817 1302 halemns
1864 1245 1916 1302 in

322 1332 592 1391 Christum
625 1334 850 1407 ejusque
864 1335 1205 1408 mysterium,
1236 1337 1437 1392 erimus
1469 1337 1561 1392 ﬁlii
1589 1337 1836 1403 Abrahw,
1865 1336 1915 1392 id

322 1438 407 1486 est
432 1429 768 1501 reputabitur
791 1430 948 1487 nobis
976 1431 1154 1486 omnis
1174 1429 1280 1486 vita
1307 1431 1386 1504 (l)
1410 1430 1475 1488 ad
1494 1431 1779 1502 justitiam.
1813 1432 1916 1488 De-

324 1522 487 1593 nique
511 1522 590 1578 sic
627 1521 908 1594 adjnngit:
935 1531 992 1578 et
1011 1524 1321 1596 mysterium
1352 1524 1492 1579 circa
1520 1523 1791 1600 Abraham
1837 1523 1915 1580 id-

319 1615 465 1685 circo
486 1623 694 1687 gestum
722 1626 806 1673 est
826 1624 970 1683 utex
996 1616 1098 1673 ﬁde
1115 1617 1538 1689 justilicarentur
1563 1617 1831 1689 homines,
1849 1633 1915 1675 ex

320 1706 426 1764 ﬁde
449 1707 655 1765 scilicet
676 1708 729 1765 in
754 1709 1053 1775 Christum.

390 1800 553 1856 Vens.
578 1799 632 1858 8.
663 1832 734 1842 —-
757 1798 1044 1859 Providens
1070 1812 1240 1858 autem
1268 1802 1542 1876 Scriptura
1571 1803 1689 1874 quia
1711 1820 1773 1859 ea:
1808 1804 1911 1875 [ide
1939 1796 1986 1856 B

2023 676 2345 741 retinentur,
2391 693 2619 751 qumque
2660 696 2825 751 opera
2871 684 2940 739 ab
2976 684 3241 754 Apostolo
3281 686 3430 741 omni
3476 686 3625 742 chri-

2022 769 2197 824 stiano
2220 769 2486 840 implenda
2509 773 2947 848 m:indantur(‘2).
2969 775 3083 831 Alia
3098 777 3257 849 igitur
3278 793 3439 848 opera
3462 779 3615 850 legis,

2022 861 2231 918 scilicet
2271 864 2699 932 observationes,
2744 868 3142 935 immolationes
3184 871 3306 942 agni
3343 887 3466 928 cum
3505 874 3620 941 jam

2022 954 2222 1024 pascha
2246 957 2572 1027 completum
2603 959 2671 1014 sit
2697 974 2792 1030 per
2815 961 3095 1018 Christum
3128 972 3430 1035 cmteraque
3451 978 3619 1035 opera

2020 1063 2140 1121 quae
2182 1049 2385 1107 faciunt
2410 1053 2569 1108 etiam
2594 1054 2736 1110 circa
2767 1055 3234 1113 circumcisionem
3274 1066 3331 1113 et
3358 1058 3510 1114 cibos
3532 1059 3619 1115 vel

2024 1141 2299 1198 habendos
2344 1144 2427 1199 vel
2461 1147 2793 1215 praestandus
2829 1147 3209 1219 intelligamus.
3254 1148 3418 1221 Igitur
3450 1133 3636 1221 opera.

2021 1233 2153 1305 legis
2180 1252 2302 1292 eum
2332 1239 2625 1303 nescimus,
2666 1237 2915 1296 Christus
2958 1241 3050 1312 qui
3086 1242 3138 1297 in
3174 1244 3325 1300 caelis
3348 1254 3431 1300 est
3459 1251 3516 1299 et
3549 1244 3618 1300 ad

2019 1344 2239 1385 carnem
2264 1345 2432 1401 usque
2458 1331 2757 1401 descendit,
2789 1344 3072 1408 utramque
3094 1338 3375 1394 ecclesiam
3400 1339 3625 1410 copulat

2019 1430 2075 1477 et
2095 1422 2289 1495 jungit.
2321 1424 2418 1480 Est
2441 1440 2569 1496 ergo
2593 1427 2888 1494 mediator,
2915 1439 2972 1485 et
2993 1429 3253 1503 mysterio
3277 1445 3378 1487 suo
3403 1446 3498 1503 per
3517 1447 3619 1488 an-

2018 1513 2169 1585 gelus
2199 1517 2482 1587 disposito,
2513 1520 2664 1591 quasi
2713 1520 2978 1577 mediator
3001 1522 3194 1579 liberat
3241 1524 3399 1579 istam
3436 1526 3620 1582 eccle-

2019 1608 2177 1674 siam,
2205 1608 2256 1664 id
2282 1619 2364 1665 est
2388 1613 2626 1668 membra
2650 1613 2912 1683 ecclesim,
2951 1624 3005 1670 et
3041 1626 3263 1672 revocat
3285 1617 3351 1672 ad
3375 1619 3622 1690 superio-

2017 1714 2132 1757 rem
2182 1701 2498 1759 Ecclesiam.
2547 1706 2689 1777 Ergo
2749 1707 3018 1764 mediator
3070 1725 3192 1765 cum
3234 1711 3308 1767 sit
3343 1709 3611 1770 Christus.

2092 1795 2253 1852 Vens.
2268 1796 2437 1853 ευ..-
2456 1797 2578 1853 Non
2598 1810 2670 1855 est
2690 1811 2861 1856 autem
2878 1803 3031 1857 unius
3053 1804 3303 1860 mediator
3321 1807 3411 1878 qui
3432 1805 3620 1862 media-

308 1897 569 1971 justiﬁeat
593 1907 767 1970 gentes
798 1898 969 1967 Deus,
1011 1900 1249 1971 prtedixit
1294 1898 1375 1972 (2)
1406 1899 1645 1968 Abrahae,
1694 1898 1799 1955 hoc
1833 1908 1909 1955 est

2020 1898 2100 1945 tor
2120 1901 2232 1946 est:
2262 1890 2398 1947 Deus
2420 1901 2592 1948 autem
2613 1911 2747 1950 unus
2769 1905 2862 1951 est.
2885 1896 3131 1954 Christus
3171 1909 3256 1955 est
3282 1901 3371 1971 qui
3399 1911 3620 1957 revocat

318 1992 627 2065 propheta),
676 2005 735 2051 ut
760 1996 814 2052 id
861 1995 1004 2067 quod
1046 1996 1337 2067 gerebatur
1363 1997 1507 2052 circa
1548 2012 1736 2059 unum,
1772 1995 1914 2051 circa
2019 1991 2075 2040 ει
2109 1984 2566 2057 jungitEcclesize
2608 1988 2850 2045 membra
2872 2004 2989 2045 sua.
3017 1990 3154 2046 Num
3196 1991 3356 2064 igillll'
3393 1994 3477 2049 lex
3517 1994 3620 2051 hoc

314 2087 451 2142 alios
478 2089 916 2159 pronuntiaretur
944 2089 1011 2145 ad
1038 2088 1213 2145 futura
1254 2089 1473 2145 sascula.
1502 2087 1809 2154 Providens,
1835 2087 1909 2144 in.

2019 2075 2173 2132 facit?
2204 2076 2469 2149 Numquid
2496 2080 2580 2136 lex
2605 2081 2866 2138 mediator
2881 2084 2998 2138 est?
3022 2083 3078 2141 Si
3100 2099 3230 2155 ergo
3246 2085 3328 2141 lex
3351 2086 3617 2143 mediator

313 2180 453 2252 quit,
486 2182 783 2251 Scriptura,
810 2182 861 2238 id
882 2191 967 2239 est
984 2197 1105 2255 qua:
1134 2182 1310 2238 lutura
1336 2190 1463 2239 sunt
1484 2183 1704 2247 videns;
1731 2181 1916 2254 Scrip-
2018 2184 2125 2225 non
2150 2181 2264 2237 est;
2294 2186 2467 2243 neque
2490 2174 2632 2228 enim
2656 2188 2778 2230 cum
2805 2176 2894 2232 lex
2922 2177 2993 2232 sit
3013 2177 3299 2246 factorum,
3320 2179 3498 2252 jungit
3515 2180 3616 2236 ali-

320 2283 463 2339 tura,
492 2273 543 2329 id
589 2282 674 2330 est
716 2275 994 2346 prophetia
1018 2292 1139 2346 quae
1182 2276 1380 2346 scripta
1427 2284 1528 2331 est.
1557 2274 1695 2344 Quid
1729 2274 1912 2346 provi-

312 2362 487 2422 dens?
506 2368 627 2435 quia
644 2367 934 2440 justi/itare
953 2369 1101 2423 habet
1122 2366 1262 2424 Deus
1282 2379 1456 2440 gentes
1484 2384 1550 2424 ea:
1567 2369 1693 2437 ﬁde,
1711 2367 1913 2424 idcirco

312 2457 505 2515 eadem
528 2458 804 2530 Scriptura
834 2462 1080 2532 praedixit
1102 2462 1352 2517 Abrahae.
1386 2461 1524 2529 Quid
1553 2470 1734 2518 autem
1768 2478 1909 2533 pra:-

309 2552 484 2610 dixit?
525 2570 592 2610 ex
640 2554 745 2611 ﬁde
790 2555 1076 2627 justiﬁcari
1112 2565 1319 2629 gentes.
1360 2556 1602 2627 Denique
1638 2555 1913 2627 subjungit

311 2648 620 2717 exemplum
659 2648 975 2719 Scriptum,
1005 2649 1149 2720 quod
1199 2648 1612 2715 benedicentur;
1660 2648 1710 2703 id
1741 2658 1825 2704 est
1853 2647 1909 2703 in

309 2755 419 2812 quo
438 2739 704 2796 Abraham
727 2741 793 2796 ad
808 2740 1072 2810 justitiam
1092 2748 1370 2812 repulatus
1402 2741 1481 2815 (5)
1502 2749 1607 2809 est,
1625 2739 1906 2797 scilicetex

308 2831 431 2888 ﬁde.
442 2832 553 2888 Hoc
564 2833 868 2904 exemplum
885 2832 954 2890 de
964 2833 1161 2890 Genesi
1180 2842 1282 2890 est.
1295 2831 1440 2905 Ergo
1454 2833 1544 2905 qni
1561 2850 1626 2890 ex
1644 2832 1745 2887 ﬁde
1759 2839 1907 2899 sunt,

314 2923 702 2982 benedicentur
724 2969 740 2995 ,
764 2926 906 2999 quod
930 2938 1012 2983 est
1038 2926 1104 2981 ad
1121 2927 1381 2999 justitiam
1401 2927 1510 2982 illis
1535 2924 1872 2998 reputabitur
1889 2966 1906 2991 ,

305 3027 363 3075 et
382 3035 411 3074 a
427 3020 535 3076 Deo
552 3019 964 3088 benedicentur;
982 3021 1370 3079 benedicentur
1381 3032 1561 3079 autem
1581 3038 1610 3078 a
1628 3022 1739 3078 Deo
1744 3023 1908 3095 justi-

307 3114 451 3170 ﬁcati
476 3133 489 3170 :
510 3115 794 3185 jnstiﬁcari
819 3125 1000 3174 autem
1029 3126 1112 3174 est
1144 3117 1361 3173 liberari
1384 3134 1413 3172 a
1439 3120 1555 3189 lege
1596 3123 1899 3179 servitutis.

2016 2278 2120 2333 qua
2166 2279 2285 2335 qua:
2313 2273 2443 2321 sunt
2472 2276 2751 2337 separata;
2791 2267 2858 2324 de
2888 2268 3044 2326 factis
3074 2270 3216 2327 enim
3248 2274 3619 2329 tantummodo

2011 2356 2218 2426 judicat
2259 2374 2273 2413 :
2314 2372 2435 2427 quae
2473 2358 2677 2416 idcirco
2712 2360 3050 2431 interposita,
3089 2364 3284 2435 inquit,
3332 2381 3617 2437 quousque

2018 2449 2230 2505 veniret
2255 2449 2520 2517 Christus,
2541 2451 2591 2507 id
2618 2460 2702 2507 est
2724 2467 2911 2510 semen
2941 2455 3026 2510 cui
3052 2456 3313 2526 promissa
3336 2466 3421 2513 est
3444 2459 3617 2514 hmre~

2014 2546 2175 2613 ditas,
2204 2548 2257 2603 in
2280 2548 2434 2618 cujus
2460 2564 2622 2605 manu
2653 2550 2972 2621 dispositum
2996 2563 3100 2619 εει,
3126 2552 3267 2622 quod
3293 2552 3612 2624 dispositum

2015 2651 2096 2699 est
2122 2657 2217 2713 per
2241 2643 2480 2713 angelos,
2512 2643 2603 2714 qui
2636 2643 2902 2699 mediator
2926 2652 3030 2707 est,
3063 2652 3119 2699 et
3142 2644 3407 2701 mediator
3429 2646 3612 2717 utique

2016 2737 2158 2792 inter
2176 2736 2309 2791 duo.
2333 2736 2555 2808 Dixique
2583 2736 2719 2802 duo;
2761 2736 2902 2793 Deus
2935 2748 3116 2793 autem
3144 2751 3285 2793 unus
3320 2748 3444 2794 est:
3480 2751 3611 2810 ergo

2013 2829 2280 2886 mediator
2330 2830 2426 2885 Dei
2479 2839 2684 2885 tantum
2727 2845 2850 2886 esse
2893 2845 2999 2887 non
3044 2840 3241 2901 potest,
3298 2832 3424 2903 quia
3464 2847 3604 2888 unus

2015 2924 2174 2980 Deus.
2210 2923 2286 2980 ita
2320 2923 2468 2979 nullo
2509 2924 2669 2979 modo
2708 2924 2795 2981 lex
2825 2925 3104 2995 justiﬁeat,
3144 2926 3292 2982 nullo
3326 2926 3488 2984 modo
3524 2927 3611 2983 lex

2012 3015 2273 3073 factorum
2328 3017 2691 3073 haereditatem
2746 3019 3096 3090 consequitur
3143 3036 3159 3076 :
3203 3019 3323 3090 quia
3365 3019 3610 3076 hmredcs

2010 3109 2087 3164 illi
2150 3118 2276 3165 sunt
2330 3110 2419 3181 qui
2463 3109 2586 3166 inde
2625 3111 2885 3182 originem
2937 3110 3171 3180 ducunt,
3214 3121 3269 3167 et
3327 3112 3451 3169 inde
3502 3113 3610 3184 spi-

305 3206 448 3280 Ergo
462 3208 499 3265 ii
514 3208 604 3281 qui
621 3224 687 3266 ex
705 3209 809 3280 ﬁde
824 3210 1234 3276 benedicentur,
1253 3213 1375 3279 quia
1390 3226 1456 3267 ex
1470 3210 1575 3267 ﬁde
1589 3211 1904 3270 benedictus

2014 3202 2169 3283 ritum
2234 3204 2533 3273 accipiant,
2599 3202 2744 3260 unde
2797 3203 3081 3262 luereditas
3130 3205 3342 3273 veniet;
3402 3206 3610 3263 scilicet

306 3311 389 3357 est
413 3300 680 3359 Abraham
707 3345 723 3371 ,
752 3303 1164 3362 benedicentur.
1196 3305 1390 3361 'l'otnm
1424 3307 1584 3378 igitur
1630 3306 1762 3365 ﬁdes
1793 3319 1895 3366 est.

305 3392 420 3450 Hoc
435 3395 501 3451 ad
519 3396 733 3454 Galatas
750 3397 1201 3470 quemadmodum
1216 3408 1501 3455 revocatur
1517 3399 1910 3473 iscilicetqum.

303 3487 449 3543 niam
482 3497 687 3545 tantum
713 3505 779 3546 ex
808 3490 911 3548 ﬁde
942 3507 1047 3546 non
1073 3507 1138 3547 ex
1167 3492 1421 3561 operibus
1452 3491 1756 3548 benedictio
1781 3510 1906 3564 pro-

302 3584 453 3634 venit
477 3590 530 3635 et
554 3579 888 3652 justiﬁcatio.
914 3581 994 3636 Illi
1025 3581 1188 3652 igitur
1217 3592 1557 3648 erraverunt,
1582 3584 1670 3653 qui
1704 3593 1902 3654 praeter

302 3670 466 3728 ﬁdem
485 3689 643 3744 quam
667 3684 993 3745 acceperunt
1014 3675 1066 3729 in
1095 3674 1280 3730 Iesum
1307 3674 1582 3741 Christum
1615 3677 1895 3733 dominum

303 3777 569 3839 nostrum,
615 3769 1008 3842 adjungendam
1055 3771 1215 3826 etiam
1262 3771 1432 3841 legem
1482 3780 1805 3841 putaverunt
1849 3782 1906 3829 et

302 3871 569 3934 prazcepta
599 3863 763 3935 legis,
807 3863 946 3920 idest
969 3871 1027 3918 ut
1066 3878 1133 3919 ex
1172 3864 1429 3932 operibus
1461 3863 1904 3936 jnsﬁﬁcationem

301 3955 608 4012 crederent.
635 3955 878 4031 Denique
905 3957 978 4011 ita
1004 3954 1265 4027 adjungit,
1291 3964 1348 4010 ut
1373 3965 1428 4012 et
1448 3941 1777 4012 contrarium
1801 3957 1903 4013 do-

302 4057 444 4114 ceat,
470 4064 536 4105 ex
568 4049 822 4120 operibus
841 4049 967 4121 quid
992 4050 1309 4120 proveniat;
1340 4065 1408 4106 ne
1438 4048 1601 4106 veluti
1633 4048 1738 4105 hoc
1757 4051 1905 4107 testi-

301 4149 451 4197 ment
476 4140 698 4208 Galatae,
723 4150 778 4197 et
801 4141 959 4198 ﬁdem
999 4142 1238 4199 retinere
1272 4142 1497 4198 credant
1520 4142 1572 4198 in
1601 4141 1896 4213 Christum;

301 4240 357 4288 et
381 4232 732 4289 nihilominus
760 4232 1020 4304 prodesse
1043 4233 1143 4290 sibi
1177 4233 1409 4306 amplius
1445 4248 1602 4305 posse
1628 4276 1643 4302 ,
1667 4234 1712 4290 si
1742 4244 1905 4307 agant

301 4326 501 4398 aliquid
524 4335 580 4383 et
606 4342 676 4382 ex
701 4327 973 4399 operibus.

322 4478 333 4489 ι
372 4422 444 4477 At
485 4430 670 4476 contra
698 4421 986 4491 Apostolus
1020 4431 1177 4493 negat
1201 4435 1267 4477 ex
1291 4420 1548 4493 operibus
1569 4420 1902 4478 benedictio.

2002 3295 2262 3366 jungente
2308 3292 2526 3351 Christo
2572 3311 2635 3352 ea
2687 3312 2807 3368 quas
2864 3307 2993 3353 sunt
3033 3306 3318 3370 separata,
3367 3307 3423 3354 et
3468 3299 3608 3354 libe-

2007 3398 2160 3445 rante
2208 3399 2409 3460 partem
2459 3390 2704 3447 ecclesia:
2750 3406 2871 3463 quas
2920 3393 3005 3449 hic
3044 3409 3143 3465 per
3169 3408 3385 3450 errores
3422 3393 3609 3449 mundi

2009 3492 2262 3551 tenetur,
2318 3492 2374 3539 et
2437 3493 2729 3540 revocante
2794 3484 2859 3541 ad
2923 3486 3208 3543 ecclesiam
3261 3488 3540 3545 cmlestem
3588 3506 3602 3543 :

2007 3576 2123 3646 ipse
2143 3586 2224 3631 est
2253 3577 2395 3632 enim
2422 3578 2574 3632 solus
2597 3577 2880 3634 mediator.
2909 3579 3171 3636 Mediator
3195 3590 3398 3648 autem,
3423 3590 3484 3636 ut
3507 3580 3606 3637 do-

2006 3671 2237 3739 cuimus,
2283 3685 2389 3726 non
2426 3672 2585 3727 unius
2617 3690 2631 3727 :
2676 3672 2866 3742 reliqui
2892 3673 3035 3729 enim
3066 3681 3187 3743 post
3214 3674 3404 3740 Deum,
3437 3689 3621 3730 unum‘

2006 3779 2113 3819 non
2138 3773 2264 3819 sunt
2290 3782 2305 3819 :
2329 3764 2475 3819 solus
2499 3775 2678 3820 autem
2713 3765 2855 3820 Deus
2880 3781 3019 3822 unus
3040 3776 3125 3822 est
3146 3785 3159 3822 :
3186 3782 3315 3838 ergo
3344 3767 3603 3839 quidquid

2005 3866 2155 3913 extra
2195 3856 2359 3911 Deum
2401 3865 2484 3910 est
2527 3856 2693 3911 multa
2739 3866 2885 3924 sunt,
2932 3872 3054 3929 quae
3095 3857 3310 3930 adjungi
3336 3856 3620 3930 possunt,

2005 3948 2129 4020 quia
2161 3947 2284 4004 inde
2310 3956 2453 4014 sunt,
2481 3958 2573 4003 aut
2597 3958 2844 4020 separata
2866 3959 3013 4014 sunt,
3033 3952 3158 4022 quia
3184 3954 3256 4006 ita
3281 3946 3601 4025 mysterium

2006 4044 2123 4110 fuit,
2168 4054 2224 4099 et
2252 4043 2323 4099 ita
2346 4052 2432 4099 est
2458 4044 2618 4099 etiam
2654 4059 2828 4112 nunc,
2851 4053 2910 4101 ut
2930 4046 3253 4117 iungantur;
3280 4047 3402 4116 quia
3446 4047 3606 4119 longe

2005 4136 2265 4193 aliasunt
2305 4143 2360 4191 ct
2378 4134 2548 4191 divisa
2576 4144 2633 4192 et
2674 4137 2891 4194 hostilia
2920 4147 2978 4194 et
3003 4139 3260 4210 peritura.
3287 4139 3450 4196 Solus
3475 4154 3606 4212 ergo

2007 4231 2149 4288 Deus
2170 4245 2291 4287 cum
2317 4229 2408 4297 sit,
2443 4238 2640 4300 praeter
2683 4230 2850 4287 Deum
2894 4231 3159 4288 mediator
3178 4239 3284 4299 est,
3309 4232 3400 4305 qui
3424 4243 3605 4288 tamen

2005 4366 2112 4424 ﬁde
2129 4368 2331 4435 vivere,
2354 4375 2407 4423 et
2426 4382 2533 4423 non
2553 4384 2617 4424 ex
2648 4367 2922 4438 cperihus,
2943 4367 3012 4425 de
3041 4367 3291 4425 Habacuc
3323 4369 3461 4437 tulit,
3498 4379 3606 4429 etc.

2003 4439 2468 4511 Considerandum
2488 4440 2668 4511 itaque
2688 4441 2810 4511 quia
2840 4457 2947 4495 non
2977 4441 3193 4505 dixerit,
3222 4440 3385 4496 homo
3407 4451 3500 4497 aut
3522 4443 3605 4497 vir

303 4528 425 4570 nem
471 4514 755 4584 provenire
780 4532 793 4569 :
823 4515 919 4571 sed
949 4515 1091 4587 quod
1118 4523 1201 4571 est
1231 4515 1391 4571 etiam
1421 4514 1661 4587 gravius,
1686 4523 1742 4571 et
1769 4530 1902 4572 con-
1934 4586 1953 4587 γ
2002 4528 2072 4567 cx
2109 4511 2215 4568 ﬁde
2251 4510 2404 4579 vivit,
2443 4528 2512 4568 ne
2551 4510 2896 4587 occasionem
2943 4512 3207 4587 tribueret
3248 4513 3315 4587 ad
3346 4514 3605 4587 virtutum

302 4583 524 4661 trarium
552 4606 935 4677 bcnedictioni,
968 4583 1070 4663 sub
1095 4583 1473 4663 maledictione
1500 4623 1622 4664 esse
1666 4623 1782 4678 eos,
1807 4608 1901 4680 qui
1924 4586 1978 4648 Ῑ)
2003 4583 3612 4680 9933;302‘fme'19ﬁﬁéjﬁf‘fgef,f§f__'jivii{9&3ij

301 4701 645 4777 cx'operibns
669 4710 852 4772 agunt.

316 4840 319 4843 λ
376 4790 538 4847 Vens.
592 4792 680 4848 10.
736 4823 808 4834 —
850 4792 1178 4876 Quicumque
1216 4795 1351 4849 enim
1391 4810 1456 4850 ea:
1497 4793 1734 4866 aperibus
1779 4793 1903 4866 legis

297 4895 441 4952 sunt,
483 4886 578 4941 sub
630 4886 985 4941 ntalcdictione
1028 4896 1147 4940 sunt
1195 4884 1298 4957 (4).
1346 4883 1710 4943 Vehementer
1744 4887 1905 4958 igitur

300 4978 544 5049 adjunxit
587 4994 693 5034 non
752 4978 915 5034 modo
960 4993 1065 5034 non
1108 4977 1353 5033 benedici
1400 4990 1496 5034 eos
1536 4979 1625 5050 qui
1676 4994 1739 5032 ea:
1773 4994 1907 5050 opes

298 5074 439 5129 ribus
494 5083 611 5128 sunt
639 5115 655 5140 ,
714 5072 808 5128 sed
859 5073 1020 5129 etiam
1077 5089 1172 5128 eos
1223 5086 1343 5128 esse
1391 5071 1483 5127 sub
1545 5072 1902 5127 maledictione

297 5166 389 5238 qui
413 5182 475 5221 ea:
495 5166 730 5238 aperibus
752 5165 875 5237 legis
895 5173 1031 5221 sunt.
1048 5164 1203 5235 Quod
1217 5172 1396 5220 autem
1416 5163 1570 5229 dixit,
1585 5180 1647 5218 ea:
1664 5164 1901 5236 aperibus

298 5259 444 5330 legis,
472 5258 830 5330 intelligamus
850 5272 973 5313 esse
993 5258 1159 5325 etiam
1180 5272 1341 5328 opera
1365 5253 1770 5312 christianitatis
1792 5252 1898 5328 (5),

369 5370 449 5444 (l)
480 5373 560 5429 En
590 5372 895 5428 Victorinus
922 5372 1166 5443 agnoscit
1206 5370 1275 5444 ad
1300 5371 1564 5442 justitiam
1613 5368 1772 5425 nobis
1800 5384 1893 5428 rc-

295 5446 473 5517 putari
498 5447 658 5517 vitam
690 5447 831 5517 bene,
854 5451 1026 5517 actam
1058 5452 1179 5515 post
1201 5443 1360 5499 tidem
1382 5451 1711 5513 susceptam.

370 5516 449 5585 (2)
468 5516 625 5587 Vulg.
652 5516 1034 5587 praenuntiavit.

371 5588 547 5661 (5)19
565 5587 723 5661 codd-

373 5588 430 5661 (5
462 5589 547 5642 'lta
565 5588 723 5642 codd.

492 5657 650 5733 Yulg.
673 5657 989 5733 maledicto.)

373 5726 456 5803 (δ’)
497 5726 860 5803 Hieronymo;
879 5730 932 5783 in
963 5731 1105 5803 hunc
1136 5728 1310 5798 ipsum
1331 5727 1579 5803 Apostoll
1606 5728 1790 5803 locum
1819 5727 1898 5803 sic

298 5795 742 5863 commentatur't
770 5812 790 5853 ς
820 5795 1277 5870 Exemplumque
1311 5795 1568 5869 probatur
1601 5797 1779 5866 justus
1829 5802 1897 5853 ex

2007 4669 2241 4727 cumque
2283 4654 2457 4727 ﬁdelis
2499 4669 2641 4711 esset
2680 4654 2776 4726 per
2807 4655 2967 4710 ﬁdem
3006 4655 3270 4723 victurus,
3309 4672 3417 4711 non
3449 4657 3608 4714 aliter

1902 4743 1906 4751 '
2008 4726 2193 4799 posset
2229 4726 2295 4799 ad
2328 4726 2488 4782 ﬁdem
2521 4728 2728 4794 venire,
2761 4728 2843 4782 vel
2877 4729 2928 4782 in
2968 4742 3030 4782 ea
3080 4728 3282 4799 vivere,
3314 4727 3416 4783 nisi
3461 4729 3611 4798 prius

2003 4797 2184 4870 justus
2227 4797 2439 4870 fuisset,
2477 4807 2533 4854 et
2564 4800 2793 4870 puritate
2824 4800 2948 4853 vitro
2994 4798 3149 4870 quasi
3177 4797 3497 4869 quihusdam
3542 4799 3611 4855 ad

2009 4870 2171 4926 ﬁdem
2200 4869 2461 4941 gradibus
2487 4869 2843 4935 ascendisset.
2872 4869 3061 4926 Puteal
3077 4885 3208 4942 ergo
3230 4873 3345 4942 ﬁeri
3376 4882 3433 4926 ut
3454 4873 3498 4926 si
3519 4872 3614 4927 ali-

2008 4942 2130 5014 quis
2159 4942 2361 5017 justus,
2393 4950 2448 4996 et
2480 4950 2657 4997 tamen
2691 4957 2796 5017 non
2831 4945 2978 5017 vivat
3013 4941 3343 5017 absqueﬁde
3380 4942 3620 5017 (ΞᾲιιιοῇειίἸ

2005 5012 2112 5070 etc.
2162 5012 2446 5068 Faciamus
2474 5024 2530 5067 et
2561 5028 2659 5068 nos
2686 5013 2885 5083 aliquid
2917 5015 3098 5084 simile
3138 5013 3264 5069 huic
3292 5015 3432 5084 quod
3471 5015 3607 5071 dici-

2008 5096 2095 5158 tur
2114 5087 2292 5158 justus
2316 5099 2380 5139 ea:
2407 5085 2511 5158 ﬁde
2534 5084 2657 5158 uiuit
2683 5082 3017 5158 et_dicamus
3036 5082 3264 5158 :_Caslus
3291 5082 3362 5141 ex
3393 5085 3511 5158 ﬁde
3530 5088 3608 5142 vi-

2007 5155 2338 5226 vit,‘sapiens
2359 5170 2423 5211 ex
2445 5155 2549 5211 ﬁde
2560 5157 2711 5223 vivit,
2735 5155 2889 5210 fortis
2906 5171 2973 5212 ex
2992 5155 3098 5211 ﬁde
3117 5158 3266 5222 vivit,
3281 5169 3387 5214 etc.
3402 5176 3421 5210 ι
3445 5155 3608 5215 Certe

2005 5228 2149 5300 quod
2168 5229 2280 5283 sola
2306 5226 2437 5283 ﬁdes
2459 5226 2740 5298 justiﬁcet,
2760 5226 2812 5281 id
2844 5227 3144 5300 theologica
3162 5227 3432 5296 doctrina,
3457 5229 3501 5284 si
3520 5245 3609 5285 se-

2004 5297 2134 5355 vere
2164 5300 2466 5372 loquamur,
2490 5316 2594 5372 non
2620 5297 3055 5372 patitur.‘Nonne
3084 5300 3226 5372 enim
3248 5315 3372 5372 spes
3392 5316 3606 5372 quoque

2003 5370 2805 5514 neggsiigactismirtecipueque
2816 5369 3047 5426 charitas
3058 5370 3124 5426 ad
3136 5369 3611 5442 jnstiﬁcationem?

2024 5451 2159 5496 'Hl
2200 5451 2276 5496 Ila
2304 5451 2464 5496 codd.
3044 5468 3047 5471 ‘

2198 5441 2601 5588 ISlilnfgggantur
2618 5512 2688 5568 ab
2705 5513 2955 5588 apostolo
2975 5468 3115 5569 bona
3141 5528 3341 5588 operat
3358 5515 3608 5588 sequitur

1902 5598 1907 5609 ‘
2004 5593 2067 5642 ut
2087 5584 2172 5641 ad
2189 5584 2654 5656 _consequendam
2686 5584 2925 5656 salutem
2957 5585 3263 5641 necessaria
3298 5584 3609 5653 sint.'Quid

2002 5656 2149 5728 quod
2175 5653 2428 5728 Christus
2451 5672 2517 5728 ex
2547 5653 2822 5728 operibus,
2853 5658 3156 5728 praesertim
3188 5658 3604 5726 ηιίεθνίεοτὰίω,

2002 5726 2348 5855 εϐἐῦἓιῑεβέξι
2376 5726 2593 5785 omissis
2616 5726 2879 5797 judicium
2911 5727 3133 5784 humani
3170 5730 3387 5800 generis
3417 5743 3604 5799 perac‘
