4024 6306
516 308 650 365 ΗΠ

1797 302 1987 359 MAR"
2040 299 2380 359 YlCTORINl
2424 302 2582 359 ΑΒΜ

3659 317 3771 373 Ηῖὲ

510 444 619 482 non
661 435 744 484 est
784 428 947 487 unius
990 430 1278 487 mediator.
1299 426 1426 500 Ipse
1465 431 1644 479 autem
1679 420 1966 487 mediator,
2006 421 2109 475 alia
2140 424 2184 482 Α
2215 422 2355 492 quod
2388 422 2471 477 lex
2502 437 2530 475 a
2563 421 2744 493 Moyse
2773 422 2919 489 data,
2946 421 3079 478 nihil
3106 423 3249 479 aliud
3276 440 3436 496 quam
3468 440 3669 498 peccata
3693 436 3772 486 «ιο.

511 534 632 589 qua:
656 520 801 577 inter
822 536 883 578 se
908 524 1168 595 mysterio
1188 520 1421 594 quodam
1445 517 1678 572 discreta
1699 522 1844 576 sunt,
1877 513 2111 583 qundam

509 626 701 668 rursus
740 615 1000 687 mysterio
1043 613 1353 670 recnnciliat
1389 619 1551 681 atque
1588 606 1883 677 conjungit.
1913 607 2114 660 Sumus

510 716 691 761 autem
715 721 831 773 nos,
858 718 913 763 et
932 710 1022 780 qui
1044 707 1274 778 separati
1296 720 1483 760 sumus
1507 718 1601 774 per
1616 701 1850 771 majores
1872 709 2108 765 nostros,

512 807 569 855 et
592 798 768 869 juncti
797 815 984 855 rursus
1013 815 1111 872 per
1137 802 1369 871 majores
1393 796 1630 867 quidem,
1673 794 1769 850 aed
1814 792 2111 850 secundum

514 890 808 961 Christum,
842 894 891 948 id
914 904 1000 950 est
1021 895 1315 950 secundum
1345 893 1507 948 ﬁdem
1541 908 1556 945 :
1581 890 1721 945 unde
1744 899 1969 960 apparet
1992 889 2112 943 sine

510 987 808 1044 mediatore
855 1005 952 1044 nos
998 1004 1101 1044 non
1145 1004 1305 1061 posse
1349 986 1591 1042 liberari.
1635 984 1790 1052 Quod
1828 982 1873 1038 si
1901 984 1970 1036 ita
2001 990 2109 1048 est,

510 1095 645 1135 vana
670 1096 794 1151 spes
814 1091 895 1136 est
919 1080 987 1136 de
1004 1080 1268 1136 factorum
1292 1082 1410 1151 lege
1432 1078 1653 1134 credere
1671 1075 2109 1148 justiticationem

509 1183 562 1228 et
589 1174 971 1239 saltationem;
1000 1189 1141 1243 quia,
1184 1183 1246 1228 ut
1265 1173 1518 1236 diximus,
1554 1186 1660 1225 non
1694 1168 1961 1224 mediator
1983 1177 2065 1221 est
2094 1183 2108 1221 :

509 1264 657 1319 solus
678 1265 820 1319 enim
841 1263 1090 1322 Christus
1106 1264 1392 1329 mediator,
1414 1264 1503 1336 qui
1525 1263 1705 1335 jungit
1725 1261 1813 1315 illa
1836 1260 1976 1315 inter
1987 1275 2110 1330 quzc

510 1357 777 1413 mediator
795 1369 898 1415 est.
925 1359 1065 1431 Ergo
1090 1374 1185 1429 per
1204 1357 1479 1413 Christum
1499 1352 1811 1426 justiticatio
1833 1360 1888 1408 ει
1915 1352 2111 1408 libera-

507 1451 604 1521 tio,
632 1466 736 1506 non
762 1466 859 1523 per
882 1453 1055 1533 legem
1080 1450 1370 1507 factorum.

990 1587 1197 1653 LIBER
1235 1582 1619 1651 SECUNDUS.

574 1700 785 1769 Omnis,
819 1710 878 1757 ut
916 1702 1173 1770 diximus,
1214 1701 1316 1758 ista
1344 1699 1577 1771 epistola
1618 1697 1685 1753 ad
1722 1696 1940 1754 Galatas
1977 1693 2107 1749 illud

2216 524 2304 571 cet
2342 531 2463 586 que
2490 525 2708 585 peracta
2739 516 2870 582 sint,
2900 525 2957 572 et
2983 518 3432 587 quemadmodum
3461 522 3661 579 vitanda
3685 528 3772 584 sint
3874 588 3875 595 η

2218 614 2424 673 monet,
2448 605 2689 677 nihilque
2714 607 2858 662 aliud
2880 607 3153 679 Scriptura
3180 611 3466 679 conclusit,
3490 615 3590 668 nisi
3617 625 3670 670 ut
3692 619 3771 674 sub

2217 706 2438 767 peccato
2461 699 2644 754 omnia
2692 708 2957 770 praecepta
3004 711 3228 771 poneret
3252 711 3309 757 et
3334 704 3404 759 de
3442 716 3657 776 peccato
3689 710 3770 781 (ι).

2217 791 2363 858 Haec,
2395 792 2586 863 inquit,
2620 807 2727 848 non
2757 792 2879 849 ideo
2905 792 3026 849 dat-i
3062 794 3143 849 lex
3175 803 3278 861 est,
3318 812 3437 866 qua:
3464 809 3640 867 posset
3665 802 3755 858 vivi

2214 884 2378 940 licare
2406 903 2418 938 :
2453 900 2574 940 nam
2618 888 2662 941 si
2693 884 2770 940 ita
2791 887 2911 941 data
2943 896 3106 952 esset,
3138 903 3264 943 vere
3292 904 3358 944 ex
3386 890 3500 961 lege
3528 902 3663 947 esset
3683 896 3774 965 jus-

2213 977 2363 1041 titia;
2412 992 2559 1033 nunc
2595 987 2775 1034 autem
2807 993 2916 1035 non
2948 980 3019 1035 ita
3048 980 3168 1034 data
3197 990 3301 1048 est,
3352 990 3412 1037 ut
3438 983 3524 1058 (Ξ)
3552 992 3649 1041 vita
3678 990 3777 1046 inde

2212 1077 2505 1140 quaeratur,
2528 1071 2620 1125 sed
2650 1070 2770 1126 data
2793 1078 2897 1139 est,
2918 1079 2977 1126 ut
2990 1074 3251 1143 scriptura
3274 1089 3366 1128 sua
3390 1074 3470 1148 (ὅ)
3489 1079 3659 1132 oumia
3679 1095 3778 1149 pec.

2213 1170 2329 1217 cata
2350 1172 2403 1217 et
2422 1162 2617 1219 doceat
2638 1171 2696 1218 et
2717 1164 2928 1219 vitanda
2947 1164 3300 1221 demonstret.
3321 1166 3435 1222 Non
3458 1184 3587 1239 ergo
3605 1187 3664 1224 ex
3685 1172 3778 1241 lege

2208 1252 2412 1324 justiti:
2435 1262 2539 1321 est,
2555 1253 2608 1309 id
2626 1263 2711 1311 est
2735 1271 2843 1311 non
2863 1266 2948 1311 est
2976 1256 3099 1313 inde
3114 1257 3449 1328 iustiﬁcatio,
3472 1276 3641 1331 neque
3662 1265 3779 1320 saltis

2211 1345 2307 1401 sed
2327 1361 2392 1403 ex
2417 1347 2543 1414 tide,
2569 1349 2724 1404 sicuti
2751 1352 3072 1419 promissum
3100 1358 3207 1407 est.

2282 1437 2524 1509 Denique
2539 1441 2621 1496 sic
2647 1440 2940 1513 subiungit,
2972 1442 3133 1498 Vsus.
3186 1442 3259 1498 22
3303 1460 3319 1498 :
3349 1474 3420 1486 —-
3447 1445 3555 1502 Sed
3606 1448 3782 1502 concla-

2210 1531 2277 1582 ait
2330 1528 2606 1601 Scriptura
2649 1534 2822 1586 omnia
2870 1534 2962 1586 sub
3015 1545 3225 1605 peccato
3250 1577 3266 1602 ,
3320 1546 3381 1591 ut
3428 1541 3691 1609 promissio
3733 1559 3783 1596 es

2210 1622 2315 1693 ﬁde
2357 1623 2485 1679 Just
2528 1626 2723 1682 Christi
2763 1627 2974 1684 daretur
3018 1628 3363 1688 credentibus.
3413 1632 3529 1689 Hoc
3552 1675 3567 1700 ,
3617 1635 3777 1706 inquit.

2210 1723 2389 1771 actum
2419 1725 2504 1773 est
2545 1733 2640 1788 per
2668 1719 2909 1791 Moysen,
2947 1728 3008 1777 ut
3049 1722 3166 1792 ipse
3206 1723 3423 1795 quidem
3472 1725 3544 1782 de
3596 1738 3784 1798 peccato

502 1805 781 1865 operatur,
806 1795 936 1851 illud
960 1806 1253 1867 expugnat,
1284 1794 1428 1865 quod
1459 1792 1559 1848 sibi
1581 1788 1971 1847 assumendum
2000 1804 2101 1892 pu—

2212 1810 2384 1881 legem
2414 1788 2788 1880 constituerei,
2834 1822 2893 1871 et
2916 1788 3095 1872 omnis
3133 1788 3394 1888 scriptura
3422 1822 3493 1876 de
3518 1788 3720 1892 peccato
3738 1834 3783 1879 et

503 1896 751 1944 laverunt
776 1887 981 1949 Galatae
1006 1890 1081 1945 uti
1110 1904 1233 1945 cum
1259 1887 1474 1960 judaica
1502 1884 1784 1958 disciplina
1817 1893 1980 1953 atque
2007 1879 2106 1937 ob—
2139 1879 2177 1885 "
2377 1914 2505 1961 sum
2550 1907 2655 1963 θυι)
2676 1917 2901 1977 ρωποιο
2936 1879 3382 1981 εοηειιιαετέιιιη
3415 1924 3478 1971 ιι
3681 1934 3789 1987 pro.

503 1985 835 2051 servatione,
854 1984 1053 2039 Christi
1074 1980 1233 2041 tidem
1253 1993 1536 2042 servarent
1550 1994 1601 2038 et
1624 1981 1965 2051 evangelium
1989 1988 2108 2034 tue-

501 2085 713 2133 rentur.
765 2078 878 2133 lloe
926 2093 1100 2150 neque
1133 2078 1204 2134 ita
1238 2092 1361 2134 esse
1408 2090 1584 2147 neque
1623 2090 1683 2131 se
1721 2075 1791 2130 ita
1819 2069 2109 2127 mandasse

510 2168 803 2239 Apostolus
822 2168 999 2236 docet,
1018 2178 1180 2240 atque
1201 2169 1426 2225 omnino
1447 2167 1647 2223 frustra
1670 2164 1800 2222 illud
1820 2179 1942 2221 esse
1963 2160 2107 2234 quod

501 2276 568 2317 ex
600 2261 722 2334 lege
745 2264 1061 2333 justiticatio
1087 2273 1143 2319 et
1168 2264 1315 2320 salus
1342 2272 1607 2334 speratur.
1641 2259 1832 2317 Omnia
1864 2258 2008 2315 enim
2039 2271 2107 2312 ex

502 2359 612 2427 ﬁde
636 2364 987 2431 proveniunt:
1023 2362 1309 2432 promissio
1333 2361 1532 2433 quippe
1559 2356 1893 2415 liberationis
1916 2365 1969 2411 et
1990 2359 2108 2423 jus-

502 2451 817 2508 tilicatiouis
860 2463 915 2509 et
950 2453 1280 2509 hereditatis
1320 2453 1373 2509 in
1421 2453 1564 2510 coelo
1607 2461 1658 2507 et
1706 2464 1868 2519 supra
1907 2446 2109 2503 omium

504 2542 737 2600 Abrahae
758 2544 882 2599 data
921 2560 989 2609 ea
1022 2544 1126 2601 lida
1155 2554 1258 2610 est,
1291 2544 1363 2600 ita
1389 2554 1443 2599 et
1489 2544 1607 2614 ejus
1633 2540 1846 2598 semini.
1878 2537 2031 2606 Quod
2063 2537 2110 2595 si

501 2637 579 2694 ita
607 2649 710 2707 est,
740 2639 903 2697 docet
930 2641 1154 2696 omnino
1178 2657 1245 2696 ex
1274 2641 1396 2711 lege
1421 2649 1584 2711 atque
1609 2653 1679 2695 ex
1702 2635 1960 2707 aperibus
1989 2633 2109 2704 ejus

503 2731 802 2791 secundum
821 2745 1087 2804 pracepta
1110 2734 1395 2804 completis
1417 2733 1621 2789 nullam
1640 2729 2107 2802 justiﬁcalionem,

504 2826 708 2881 nullam
737 2827 1135 2894 liberationem,
1163 2827 1532 2883 haereditatem
1557 2826 1757 2880 nullam
1783 2824 2105 2909 provenire:

504 2919 576 2975 ob
595 2935 754 2991 quam
777 2935 993 2976 causam
1016 2937 1138 2978 cum
1164 2923 1480 2992 impugnare
1503 2920 1676 2991 legem
1702 2919 1970 2985 videatur,
1992 2932 2109 2975 me-

502 3013 612 3068 rito
632 3014 859 3081 quaestio
884 3015 1223 3084 praponitur.

579 3105 744 3160 Vens.
770 3105 942 3162 il.-—
969 3106 1107 3174 Quid
1132 3122 1279 3176 ergo,
1328 3106 1520 3176 inquit,
1576 3104 1661 3159 lea:
1689 3105 1958 3160 adversum
1989 3120 2110 3174 pro-

2211 2000 2437 2053 missum
2457 2009 2594 2063 erat.
2620 2014 2686 2055 ex
2712 2003 2817 2057 tide
2847 2004 3019 2071 lieres,
3049 2014 3106 2063 et
3142 2006 3433 2065 uredinis
3459 2024 3529 2066 ex
3561 2011 3661 2067 ﬁde
3679 2012 3785 2068 ictu

2210 2087 2411 2149 Christi
2456 2092 2697 2155 daretur.
2714 2095 3085 2155 credentibus.
3114 2101 3254 2172 Ergo
3278 2102 3364 2158 his
3389 2106 3642 2163 omnibus
3681 2106 3783 2177 quid

2210 2184 2322 2255 agit
2342 2185 2426 2241 vel
2466 2186 2614 2258 egit?
2655 2198 2716 2244 ut
2756 2188 2890 2245 ﬁdes
2927 2191 3041 2247 sola
3065 2191 3195 2248 Jesu
3227 2193 3430 2252 Christi
3474 2198 3698 2254 sufﬁciat
3731 2199 3783 2254 ad

2207 2276 2651 2349 justiticationeni
2699 2281 3185 2356 liberationemth
3213 2294 3476 2345 nostram.

2292 2369 2449 2426 Vna.
2476 2369 2567 2428 Q5.
2607 2401 2681 2415 --
2708 2372 2865 2429 Prius
2909 2385 3082 2430 autem
3121 2393 3276 2450 quam
3313 2381 3507 2441 veniret
3538 2382 3677 2451 ﬁdes,
3714 2382 3787 2437 sub

2213 2462 2324 2534 lege
2369 2466 2779 2523 custodiebantur
2807 2469 3036 2525 conclusi
3064 2472 3117 2526 in
3148 2488 3261 2527 εαιιι
3298 2474 3456 2541 ﬁdem
3481 2492 3598 2546 quin
3633 2482 3781 2549 fatim

2212 2569 2339 2626 erat,
2365 2569 2422 2616 et
2450 2562 2758 2619 revelantur
2783 2561 2860 2636 (ι)
2886 2580 2952 2620 ne
2976 2580 3144 2622 vacua
3169 2567 3257 2623 lex
3277 2567 3455 2637 ﬂeret,
3479 2572 3564 2627 vel
3591 2572 3781 2628 adversa

2215 2654 2513 2724 promissis.
2544 2654 2826 2723 Quomodo
2854 2658 2986 2714 dicit
3010 2662 3408 2717 necessariam?
3436 2666 3684 2735 quoniam
3707 2681 3784 2721 ex-

2216 2750 2447 2820 pectatio
2469 2750 2537 2806 de
2566 2749 2674 2806 [ide
2702 2748 2877 2806 futura
2918 2760 3056 2817 erat,
3101 2761 3159 2808 et
3185 2755 3474 2823 promissio
3501 2772 3599 2828 per
3625 2756 3777 2813 ﬁdem.

2217 2842 2395 2909 Prius,
2429 2844 2619 2916 inquit,
2648 2854 2767 2903 ante
2797 2862 2951 2915 quam
2978 2849 3162 2903 veniret
3191 2848 3340 2917 ﬁdes,
3381 2854 3783 2918 custodiebantur,

2214 2936 2268 2992 id
2285 2945 2369 2992 est
2393 2937 2790 3007 quodammodo
2813 2939 2950 2995 duce
2972 2939 3089 3010 lege
3110 2948 3273 3011 atque
3287 2944 3518 3000 custode
3536 2946 3691 2999 vitam
3708 2959 3781 2999 cn-

2214 3032 2457 3087 lehamus
2483 3032 2745 3103 integram
2772 3049 2835 3088 ex
2867 3033 3033 3089 vitato
3063 3043 3283 3103 peccato
3309 3046 3366 3091 et
3388 3053 3455 3092 ex
3479 3042 3711 3111 cognito;
3738 3047 3783 3093 ut

2214 3137 2337 3179 cum
2367 3124 2617 3183 Christus
2643 3124 2872 3190 veniret,
2906 3140 3006 3181 nos
3033 3127 3199 3182 veluti
3227 3130 3461 3184 conclusi
3501 3131 3557 3185 in
3583 3133 3711 3187 illam
3734 3133 3785 3197 ﬁo

504 3198 662 3252 missa
686 3198 795 3267 (l)?
818 3197 1030 3253 Etenim
1053 3198 1101 3253 si
1122 3200 1207 3253 lex
1237 3196 1364 3252 nihil
1396 3198 1505 3268 agit
1526 3213 1591 3251 ex
1616 3196 1870 3267 operibus
1896 3196 2029 3261 Suis,
2054 3204 2108 3250 et

2215 3215 2350 3281 dem,
2386 3231 2501 3285 qua:
2526 3219 2704 3287 futura
2744 3227 2871 3281 erat,
2914 3227 3327 3288 expectaremus
3363 3223 3655 3280 adventum
3685 3242 3697 3279 :
3736 3196 3784 3278 in

504 3296 591 3343 est
628 3288 743 3342 haec
788 3293 1091 3358 posterior;
1122 3289 1385 3358 promissa
1415 3290 1558 3343 enim
1595 3287 1772 3357 priora
1804 3289 1938 3387 iacta
1985 3296 2111 3343 sunt
2154 3287 2183 3290 ⁷
2215 3312 2371 3378 cuius
2418 3308 2583 3364 ﬁdem
2633 3309 2937 3377 credentes,
2981 3315 3266 3382 pmpan“
3304 3329 3402 3385 pm.
3456 3318 3652 3387 legem,
3688 3332 3786 3371 cum

507 3380 739 3434 Abrahae
766 3381 911 3451 (quia
937 3380 1018 3435 lex
1048 3396 1141 3449 per
1156 3380 1379 3452 Moysen
1409 3379 1531 3435 data
1553 3378 1820 3437 factorum
1845 3378 2109 3449 justitiam

510 3474 716 3542 tenet);
740 3471 1139 3541 quodaminodo
1163 3472 1371 3527 videtur
1399 3478 1491 3531 aut
1510 3475 1704 3529 [rnatra
1733 3471 1854 3526 data
1876 3477 1970 3531 aut
1987 3486 2110 3527 esse

507 3564 777 3621 contraria
806 3564 1144 3634 promissioni
1161 3562 1404 3624 lesbium
1429 3565 1471 3618 si
1496 3562 2107 3633 nihiloperanturopera

506 3672 573 3715 es
614 3659 751 3729 lege,
780 3666 837 3719 et
864 3658 994 3716 nihil
1024 3666 1304 3729 praestant,
1335 3669 1522 3715 contra
1554 3658 1816 3726 promissa
1848 3660 1932 3715 lex
1977 3669 2060 3715 Cal
2093 3678 2106 3715 z

502 3749 769 3819 promissa
798 3751 941 3816 enim
971 3767 1094 3813 cum
1123 3751 1492 3813 hmrcditatem
1527 3752 1880 3823 polliceantur
1907 3760 1963 3807 et
1995 3752 2113 3824 jus-

503 3842 875 3913 titicatiouetn;
896 3844 1013 3903 hinc
1042 3845 1124 3903 les
1146 3861 1341 3919 quaeet
1371 3845 1627 3917 operibus
1645 3854 1748 3911 est,
1772 3845 1901 3901 dum
1923 3856 2114 3907 avocat

507 3950 538 3993 a
558 3934 686 4003 lida,
701 3935 829 3997 dum
849 3938 901 3995 in
917 3937 1027 3997 alio
1043 3947 1332 4008 occupatas
1347 3939 1555 3995 animas
1590 3945 1759 4004 tenet,
1773 3946 1833 3993 ut
1844 3938 2111 4009 promissa

506 4042 619 4089 non
648 4044 714 4084 ex
741 4029 846 4091 tida
874 4022 1246 4101 expectantur,
1293 4031 1389 4091 sed
1418 4048 1484 4089 ex
1508 4032 1636 4096 alio.
1654 4031 1708 4089 id
1732 4040 1815 4088 est
1834 4048 1900 4088 ex
1930 4034 2111 4102 operi-

502 4119 627 4203 bus,
651 4120 936 4183 adversum
954 4126 1219 4193 promissa
1242 4124 1328 4181 lex
1350 4133 1451 4185 est.
1476 4124 1594 4183 Non
1616 4133 1794 4183 autem
1818 4127 2111 4185 verisimile

504 4223 611 4281 est,
634 4222 695 4277 ut
715 4230 837 4275 cum
870 4216 1043 4288 legem
1068 4217 1207 4278 Deus
1237 4218 1467 4286 dederit,
1488 4219 1677 4277 eadem
1700 4236 1887 4279 rursus
1903 4219 1988 4277 lex
2010 4220 2109 4279 ud-

503 4323 720 4373 versum
748 4312 1011 4389 promissa
1043 4312 1166 4377 data
1195 4327 1318 4371 esse
1349 4314 1629 4369 videatur:
1655 4330 1774 4391 qua:
1804 4314 1990 4386 utique
2018 4314 2111 4375 ad-

502 4416 722 4463 versum
760 4404 1025 4477 promissa
1067 4414 1172 4473 cst,
1212 4406 1257 4463 si
1283 4406 1334 4461 in
1363 4405 1468 4462 alio
1498 4413 1725 4477 occupat
1747 4421 1877 4471 nos,
1903 4406 2115 4469 scilicet

502 4503 565 4557 ιιι
582 4510 745 4567 opera
762 4499 1129 4569 compleamus
1152 4512 1221 4555 ex
1250 4497 1369 4569 lege
1393 4506 1683 4570 praecepta,
1709 4508 1891 4563 etnon
1916 4514 2112 4569 expec-

502 4595 685 4642 temus
718 4604 785 4644 ex
813 4590 939 4657 ﬁde,
982 4590 1126 4661 quod
1157 4592 1486 4661 promissum
1518 4599 1621 4658 est,
1651 4600 1711 4647 ut
1741 4592 2109 4650 hmreditatem
2136 4623 2189 4684 Β
2216 4616 2458 4673 ιοίιίριηι

501 4680 764 4741 caelorum
795 4681 898 4751 ﬁde
927 4699 1321 4763 consequamur
1350 4685 1403 4749 in
1429 4687 1618 4743 Deum.

579 4772 774 4837 Verum
797 4775 1082 4839 adversum
1115 4779 1218 4836 hoc
1244 4780 1371 4851 quid
1396 4781 1742 4852 respondeat,
1773 4782 1853 4839 sic
1878 4783 2112 4854 accipie-

502 4882 661 4923 mus:
692 4868 767 4922 ait
792 4869 934 4923 enim
960 4870 1191 4940 primum
1224 4873 1582 4943 generaliter:
1609 4875 1775 4941 absit;
1810 4874 1861 4929 id
1889 4884 1972 4930 est
2000 4890 2108 4931 non

500 4964 758 5027 convenit
786 4972 844 5019 ut
872 4963 926 5031 id
956 4979 986 5020 a
1019 4967 1128 5029 Deo
1157 4966 1354 5022 factum
1384 4983 1505 5026 esse
1536 4968 1801 5039 videatur,
1834 4978 1889 5027 et
1915 4969 2107 5026 adver-

500 5071 622 5113 sum
651 5059 916 5128 protulisse
942 5060 1032 5126 sit,
1062 5060 1204 5130 quod
1234 5061 1382 5117 dedit
1412 5063 1604 5133 legent,
1637 5079 1757 5135 qua:
1783 5073 2103 5134 occupatum

501 5150 779 5207 hominem
822 5154 873 5207 in
908 5152 1028 5208 aliis
1057 5154 1217 5209 rebus
1246 5170 1368 5210 cum
1400 5164 1566 5222 tenet,
1611 5166 1837 5213 evacuat
1866 5160 2102 5230 promis-

501 5245 732 5314 sionem,
766 5244 998 5319 facitque
1045 5247 1293 5305 meritum
1323 5262 1463 5316 esse,
1498 5263 1604 5305 non
1637 5251 1796 5307 tidem
1817 5269 1833 5317 ;
1858 5250 1909 5307 id
1933 5260 2016 5308 est
2043 5260 2104 5309 ut

501 5339 755 5410 operibus
783 5340 1034 5403 ominibus
1064 5340 1221 5402 factis
1252 5340 1690 5412 iustiﬁcationem
1728 5346 1926 5410 merito
1965 5361 2101 5401 cono

500 5445 811 5502 sequamur,
843 5448 949 5488 non
980 5433 1084 5488 ﬁde
1110 5434 1246 5489 sola.
1284 5434 1425 5505 Ergo
1453 5435 1613 5501 absit,
1648 5437 1819 5507 inquit
1850 5456 1862 5491 :
1905 5438 2100 5496 deinde

500 5525 758 5595 supponit
786 5526 1073 5583 rationem.
1111 5525 1169 5583 Si
1193 5528 1335 5583 enim
1363 5527 1484 5582 data
1518 5536 1666 5584 esset
1695 5529 1802 5597 lex,
1834 5545 1951 5601 qua:
1980 5547 2105 5602 pos-

498 5622 584 5671 set
627 5615 918 5686 vivilicare,
951 5634 1081 5677 vere
1124 5634 1191 5679 ex
1237 5619 1356 5690 lege
1397 5627 1547 5679 esset
1586 5619 1815 5691 iustitia.
1859 5622 2103 5687 Diximus

480 5737 648 5895 De?)
690 5771 746 5828 In
772 5770 929 5845 Vulg.
964 5774 1161 5861 legitur
1195 5794 1210 5832 :
1248 5775 1359 5833 Lea:
1395 5793 1517 5853 ergo
1553 5779 1800 5836 adversus
1842 5778 2113 5852 promissa

2214 3412 2432 3474 peccata
2460 3403 2755 3457 vitaremus
2782 3410 2944 3473 atque
2969 3418 3135 3474 opera
3167 3406 3302 3477 legis
3338 3408 3697 3474 eiliceremus,
3724 3410 3787 3462 fa-

2212 3495 2315 3551 cile
2338 3494 2659 3564 promissum
2674 3510 2740 3549 ex
2761 3494 3017 3562 adventu,
3036 3495 3193 3553 ﬁdem
3218 3498 3425 3555 scilicet
3447 3502 3501 3555 in
3526 3499 3785 3566 Christum,

2214 3586 2414 3643 habere
2454 3602 2755 3658 possemus.
2787 3588 2901 3643 Non
2930 3602 3061 3659 ergo
3102 3589 3260 3647 tidem
3292 3591 3345 3645 in
3394 3594 3572 3664 legem
3624 3595 3787 3649 habere

2213 3680 2478 3737 debemus
2499 3680 2592 3736 sed
2616 3681 2671 3736 in
2690 3682 2980 3738 adventum
3012 3701 3024 3738 ι
3057 3699 3179 3745 nam
3201 3687 3452 3751 conclusi,
3491 3689 3675 3757 inquit,
3694 3702 3789 3741 cra.

2214 3790 2335 3830 mus
2356 3792 2446 3846 per
2462 3776 2639 3844 ﬁdem;
2662 3776 2715 3830 in
2736 3792 2869 3841 eam,
2892 3778 3082 3847 inquit,
3102 3778 3386 3850 ﬁdemque
3414 3781 3598 3850 futuro
3631 3792 3723 3836 erat
3748 3777 3787 3833 id

2213 3876 2297 3924 est
2307 3867 2506 3924 Christi
2523 3884 2537 3933 ;
2558 3876 2617 3925 ut
2630 3870 2958 3929 revelaretur
2972 3870 3159 3927 eadem
3176 3872 3331 3938 ﬁdos,
3345 3889 3468 3929 cum
3482 3875 3576 3931 ille
3590 3875 3790 3931 venisset

2212 3979 2239 4029 ε
2287 3961 2450 4018 Vsus.
2506 3991 2576 4005 —-
2628 3962 2721 4017 24.
2781 3962 2967 4033 Itaque
3020 3963 3104 4021 lea:
3149 3966 3465 4037 padagogo:
3512 3976 3676 4022 norm
3712 3965 3792 4039 [ait

2212 4056 2267 4111 iu
2303 4052 2524 4111 Christo.
2570 4056 2852 4124 Quomodo
2892 4058 3037 4113 enim
3080 4060 3171 4128 qui
3215 4075 3412 4129 pueros
3443 4060 3661 4128 docent,
3696 4076 3789 4113 mo-

2214 4157 2347 4204 nent
2388 4148 2553 4216 viam,
2585 4158 2844 4220 quantum
2877 4160 3122 4220 possunt,
3155 4151 3376 4208 vivendi
3403 4164 3460 4208 et
3508 4152 3784 4217 ostendunt,

2213 4256 2322 4296 non
2353 4248 2536 4298 tamen
2564 4242 2664 4312 ipsi
2693 4242 2935 4314 magistri
2964 4252 3090 4300 sunt
3119 4244 3295 4315 plenae
3324 4248 3447 4302 vitae
3483 4266 3498 4301 :
3539 4250 3617 4304 sic
3641 4260 3690 4302 et
3720 4248 3785 4301 let

2215 4336 2368 4406 quasi
2401 4336 2721 4406 paedagogus
2752 4334 2883 4400 fuit,
2930 4336 3026 4392 sed
3047 4351 3154 4392 non
3177 4338 3280 4393 sibi
3304 4339 3622 4408 profuturus
3646 4352 3787 4409 neque

2216 4429 2408 4500 plenus
2471 4428 2795 4500 paedagogus
2855 4429 2925 4485 ad
2975 4432 3136 4487 vitam
3187 4431 3493 4490 docendam
3545 4455 3559 4491 :
3615 4433 3702 4489 sed
3738 4432 3785 4485 in

2216 4522 2443 4589 Christo,
2476 4524 2664 4594 inquit,
2698 4523 2750 4578 id
2775 4534 2858 4579 est
2884 4538 3056 4595 usque
3070 4525 3137 4581 ad
3162 4524 3436 4583 Christum
3467 4546 3482 4583 :
3515 4537 3573 4584 et
3598 4529 3671 4584 sic
3689 4539 3789 4582 cus-

2482 4618 2567 4673 lex
2589 4632 2688 4673 nos
2709 4620 2853 4673 circa
2880 4628 3101 4690 peccata
3128 4620 3421 4687 monendo,
3448 4629 3510 4677 ut
3530 4626 3584 4676 in
3604 4621 3787 4677 Christo

2215 4725 2431 4767 omnem
2461 4726 2614 4781 spem
2659 4711 2851 4766 salutis
2908 4727 2973 4767 ac
3014 4713 3139 4769 vitte
3191 4714 3392 4770 habere
3440 4729 3709 4785 possemus
3743 4719 3787 4765 at

2210 4819 2276 4858 ea:
2327 4804 2430 4872 ﬁde
2471 4804 2841 4873 justi/ﬁcorum.
2872 4803 2990 4860 Non
3042 4820 3107 4862 ex
3160 4798 3430 4876 lege,‘sed
3478 4825 3545 4864 ea:
3582 4805 3785 4877 Μωυ-

2212 4896 2349 4966 quit,
2384 4906 2440 4950 ut
2471 4895 2784 4963 liberemur,
2812 4896 2916 4952 hoc
2943 4905 3032 4953 est
3057 4906 3120 4953 ut
3145 4899 3526 4969 justiﬁeemur,
3559 4912 3612 4958 et
3639 4902 3785 4957 hatre-

2211 4988 2430 5044 ditatem
2481 4990 3005 5061 promissionemque
3047 4993 3345 5063 capiamus.

2285 5082 2447 5138 Vsus.
2469 5082 2902 5140 25.-Veniente
2914 5094 3090 5141 autem
3115 5086 3242 5153 title,
3275 5088 3431 5144 idest
3457 5089 3666 5145 Christo
3690 5087 3784 5157 ipso

2212 5174 2363 5247 (tunc
2374 5177 2518 5231 enim
2531 5183 2648 5230 orta
2673 5175 2804 5232 ildes
2824 5190 2925 5245 εει,
2945 5178 3084 5234 ἰιΙεει
3108 5187 3319 5250 tempus
3345 5182 3545 5239 habere
3563 5184 3727 5253 coepit,
3739 5186 3783 5234 ut

2206 5268 2341 5326 ﬁdes
2367 5278 2531 5333 esset.
2563 5278 2723 5341 atque
2768 5272 2823 5326 in
2852 5286 2974 5327 eum
3006 5271 3354 5330 crederemus
3390 5276 3483 5331 ubi
3512 5287 3620 5333 tota
3663 5276 3781 5333 salus

2207 5371 2318 5433 est;
2349 5374 2404 5420 et
2448 5364 2649 5420 iudicis
2692 5372 2904 5435 contra,
2929 5367 3018 5437 qui
3042 5382 3150 5424 non
3172 5366 3544 5442 crediderunt)
3576 5371 3779 5441 jantnol

2283 5486 2366 5562 (l)
2400 5486 2479 5543 Ita
2508 5487 2668 5562 codd.
2694 5488 3008 5547 Duliitabam
3040 5502 3221 5553 autem
3250 5509 3378 5551 num
3410 5493 3554 5557 forte
3581 5495 3721 5555 verba
3741 5498 3779 5544 et

2210 5561 2273 5616 de
2292 5560 2497 5633 peccato
2515 5560 2583 5616 ad
2602 5573 2916 5630 sequentem
2940 5565 3220 5629 periodum
3244 5565 3577 5625 devolvcuda
3604 5572 3773 5627 essent.

2282 5633 2368 5704 (2)
2395 5632 2566 5704 Codd.
2598 5649 2702 5687 non
2726 5644 2803 5687 ut.

2552 5671 2566 5685 .
2598 5649 2702 5687 non
2726 5649 2803 5687 ut.

2281 5635 2361 5775 lii

2214 5703 2474 5843 «£5203:
2492 5704 2652 5763 codd.
2677 5720 2775 5765 sua
2795 5706 2849 5765 id
2874 5718 2958 5765 est
2985 5707 3252 5780 legi.."VCi
3275 5725 3377 5781 pro
3405 5727 3503 5777 suo
3526 5705 3774 5783 [egelidam

2576 5846 2775 5907 habet:
2810 5849 2941 5937 Qua!
2966 5820 3243 5911 revelanda
3261 5820 3390 5915 erat.
