4024 6306
283 275 425 334 1173

1168 274 1233 331 ΞΝ
1263 270 1653 331 EPISTOLAM
1691 270 1896 329 PAULI
1931 270 2026 327 AD
2053 268 2380 328 GALATAS
2419 270 2622 327 LIBER
2650 270 2712 326 11.

3438 274 3576 331 lli"

257 383 369 451 sub
390 392 674 467 pwdugogo
699 409 893 459 sumus,
910 392 962 449 id
983 401 1067 449 est
1090 391 1201 464 jam
1221 406 1325 447 non
1349 390 1449 447 sub
1471 390 1586 461 lege
1615 388 1871 455 vivimus,
1900 391 1953 449 Α
2048 385 2203 444 CAP.
2227 386 2315 443 IV.
2336 385 2583 444 —Vr.as.
2612 388 2741 443 l.--
2758 386 2888 451 Dico
2914 396 3085 449 autem
3108 386 3353 467 quamdiu
3377 388 3576 465 (1)]ιηυ-

279 487 401 559 quia
426 486 814 542 custodivimus
836 494 1101 557 przeeepta
1140 485 1270 555 legis
1288 499 1408 556 quae
1429 483 1495 537 ad
1520 483 1689 554 ipsam
1714 480 1873 541 iidem

278 588 541 652 spectant.
566 579 656 652 qui
680 581 999 652 parabamur
1017 578 1303 653 ptedagogo
1318 576 1735 648 legis.Vettietite
1758 575 1876 643 ipso

277 674 511 740 Christo,
541 674 592 729 id
615 682 697 730 est
722 675 832 745 ipsa
862 673 986 742 lide,
1012 672 1122 745 jam
1161 688 1265 727 non
1294 671 1393 727 sub
1425 668 1714 740 padagogo
1740 666 1875 722 vivi-

277 783 416 831 mus,
447 766 540 822 sed
578 781 646 823 ex
675 767 778 822 llde
803 766 1030 822 vivimus
1058 765 1139 820 vel
1164 766 1423 820 vivemus.

348 861 513 916 Vens.
533 858 897 916 ﬂii—Omnes
918 858 1050 913 enim
1073 858 1193 912 estis
1214 857 1311 926 [itii
1339 856 1451 922 Dei,
1473 852 1576 924 ﬁde
1595 853 1650 907 in
1672 849 1876 906 Christo

276 951 403 1008 Iesu
426 952 527 1024 (1)-
555 951 681 1007 Hice
702 958 786 1006 est
813 951 954 1006 enim
983 949 1274 1004 haereditas
1301 955 1361 1002 ιιι
1383 958 1779 1017 consequamur
1805 944 1879 999 vi-

280 1053 386 1099 tam
429 1052 721 1099 aeternam:
752 1052 880 1098 tunc
918 1042 1064 1099 enim
1092 1040 1281 1095 sumn‘s
1310 1038 1403 1094 lilii
1436 1036 1551 1093 Dei.
1586 1036 1693 1092 Sed
1734 1034 1877 1091 unde

275 1137 453 1195 istud?
474 1138 578 1194 llde
600 1138 651 1193 in
677 1137 893 1193 Christo
918 1133 1066 1191 Iesu.
1084 1134 1235 1193 Tunc
1261 1133 1420 1189 ﬁdem
1440 1132 1694 1187 inlesum
1718 1128 1869 1185 Chnic

276 1238 417 1287 stum
434 1230 715 1295 habemus,
733 1230 782 1285 id
801 1229 1023 1285 estdum
1036 1229 1089 1283 in
1106 1228 1253 1282 illum
1268 1224 1560 1289 credimus,
1573 1223 1713 1293 quod
1733 1220 1874 1277 illius

275 1327 368 1383 Dei
393 1328 483 1394 sit,
503 1334 559 1382 et
574 1326 714 1399 quod
735 1327 847 1396 ipse
863 1338 960 1379 nos
980 1322 1170 1389 salvet,
1190 1318 1397 1391 etquod
1412 1317 1539 1374 illud
1557 1316 1872 1390 mysterium

272 1435 371 1492 pro
397 1420 550 1477 nobis
580 1422 767 1493 egerit,
789 1426 844 1474 et
872 1417 960 1472 illa
990 1416 1169 1471 omnia
1197 1430 1317 1485 qua:
1346 1414 1396 1467 in
1426 1410 1707 1481 evangelio
1736 1409 1878 1464 disi-

272 1529 412 1573 mus.
438 1513 635 1569 Verum
665 1511 794 1568 illud
816 1512 900 1566 hic
930 1504 1777 1576 animadvertendum,quodcum
1808 1501 1875 1557 de

272 1605 434 1662 rebus
478 1605 808 1678 loqueretur,
835 1602 901 1657 ad
934 1614 1217 1672 personam
1242 1613 1302 1653 se
1323 1598 1503 1663 vertit,
1536 1596 1627 1651 ubi
1661 1593 1875 1649 blandi-

276 1706 514 1754 mentum
560 1696 798 1754 ostendit
842 1710 951 1766 quo
1000 1693 1210 1749 facilius
1258 1690 1625 1764 persuaderet.
1662 1687 1872 1756 Omnes,

1977 496 2058 537 res
2086 483 2328 554 parvulus
2352 492 2443 543 est,
2470 482 2597 537 nihil
2625 481 2797 551 iii/fert
2825 498 2855 535 a
2882 498 3049 548 servo,
3072 498 3188 546 cum
3218 480 3470 538 Dominus
3508 484 3576 547 sit

1978 575 2224 628 omnium.
2258 574 2360 628 Per
2387 574 2691 644 adjunctam
2724 575 3130 657 similitudinem
3163 588 3493 653 perseverat,
3521 588 3579 635 ut

1976 664 2104 735 quid
2135 664 2393 720 fuerimus
2432 677 2557 720 ante
2595 669 2881 721 adventum
2921 666 3124 722 Christi
3175 668 3277 727 sub
3306 669 3443 743 lege,
3473 670 3574 724 do-

1976 770 2131 825 ceat;
2157 759 2306 831 quid,
2334 774 2514 832 postea
2538 776 2697 829 quam
2727 761 2953 816 venerit.
2982 761 3210 819 Solvens
3230 762 3373 818 enim
3401 779 3579 834 quais-

1978 850 2179 906 tionem
2214 852 2381 918 illam,
2413 868 2480 907 an
2509 852 2795 908 adversum
2826 854 3088 922 promissa
3116 853 3201 909 lex
3232 852 3423 917 fuerit.
3448 857 3583 917 dicit

1976 945 2043 1000 ad
2073 958 2282 1016 tempus
2314 948 2483 1018 legem
2525 947 2700 1001 datam
2726 988 2740 1014 ,
2770 961 2891 1018 quae
2921 962 3019 1002 nos
3046 949 3147 1002 sub
3176 948 3417 1007 custodia
3448 966 3581 1005 con-

1976 1040 2211 1096 tineret:
2242 1055 2305 1095 ac
2331 1052 2597 1111 praecepta
2646 1041 2868 1096 tradens
2910 1041 3207 1099 custodiret
3235 1058 3262 1095 a
3308 1045 3576 1113 peccatis,

1975 1149 2256 1207 quousque
2274 1145 2485 1206 tempus
2512 1135 2717 1197 veniret
2747 1136 2802 1195 in
2825 1134 3113 1191 adventum
3139 1135 3359 1202 Christi,
3387 1147 3442 1191 ut
3470 1140 3579 1191 ha:-

1976 1228 2133 1284 redes
2182 1228 2594 1298 promissionum
2640 1242 2763 1283 esse
2811 1243 3113 1297 possemus.
3175 1229 3340 1303 Ergo,
3372 1229 3574 1311 inquit,

1979 1325 2224 1381 haeredes
2252 1340 2373 1391 cum
2403 1323 2608 1396 parvuli
2630 1332 2785 1389 sunt,
2807 1323 2947 1403 quod
2979 1334 3062 1379 est
3094 1332 3308 1392 tempus
3329 1324 3431 1381 sub
3460 1326 3578 1395 lego

1977 1427 2103 1474 ante
2128 1419 2419 1474 adventum
2452 1418 2684 1485 Christi,
2730 1434 2877 1487 cum,
2924 1418 3164 1489 inquam,
3200 1417 3408 1488 Parvuli
3447 1429 3574 1473 sunt

1980 1512 2240 1579 haeredes,
2272 1512 2403 1567 nihil
2452 1511 2703 1566 dill‘erunt
2737 1526 2767 1565 a
2800 1513 3008 1565 servis:
3042 1510 3170 1565 licet
3201 1510 3343 1565 enim
3373 1509 3576 1567 domini

1977 1607 2137 1671 futuri
2166 1606 2273 1661 sint
2296 1606 2553 1673 omnium,
2581 1603 2723 1676 quod
2751 1603 2994 1658 harredes
3025 1601 3208 1667 futuri,
3240 1611 3417 1657 tamen
3444 1602 3571 1669 dum

1980 1716 2084 1754 non
2146 1699 2289 1753 venit
2338 1708 2583 1783 tempus,
2630 1711 2736 1768 quo
2783 1707 3026 1769 tempore
3071 1706 3296 1751 eserant
3360 1696 3575 1767 plenum

275 1793 465 1865 inquit.
512 1791 609 1861 βίίῖ
656 1792 794 1846 93m-
824 1790 1018 1858 Supra.
1053 1787 1145 1842 ενδ
1172 1786 1452 1857 padagogo
1502 1799 1696 1848 σκηηιεν
1730 1795 1872 1837 ἰυηο
1901 1787 1948 1847 Β
1978 1792 2181 1848 (1‹)ηιίηἰ
2214 1807 2409 1851 nomen
2433 1833 2447 1857 ,
2479 1791 2629 1863 quasi
2677 1790 2905 1863 quodam
2960 1787 3147 1849 ofﬁcio
3194 1789 3467 1845 servitutis
3496 1800 3580 1843 te.

272 1885 418 1940 velut
446 1881 743 1954 apostrolat
776 1881 855 1953 (2)
883 1881 948 1936 ad
993 1881 1138 1948 ipsos
1167 1897 1182 1936 :
1214 1879 1314 1948 ﬁlii
1339 1879 1479 1945 estis,
1514 1877 1706 1948 inquit,
1740 1874 1876 1941 Dei;

279 1974 372 2031 sed
399 1972 495 2029 lilii
525 1991 589 2029 ex
621 1974 726 2029 lide
752 1974 805 2028 in
828 1972 959 2031 Jesu
985 1970 1223 2027 Christo.

340 2067 506 2125 Vens.
534 2067 625 2122 27.
650 2065 867 2122 --Nam
893 2067 1193 2137 quicumque
1214 2064 1268 2117 in
1307 2061 1510 2119 Christo
1529 2061 1606 2133 (ὅ)
1632 2060 1876 2133 boptizati

270 2162 388 2216 estis
408 2202 421 2226 ,
450 2158 709 2216 Christum
750 2159 990 2214 induistis
1022 2174 1041 2213 :
1066 2157 1168 2213 hoc
1201 2165 1285 2212 est
1312 2157 1363 2211 in
1389 2155 1607 2211 Christo
1638 2155 1729 2209 lilii
1779 2154 1875 2210 Dei

275 2254 424 2308 estis.
458 2252 597 2320 Quid
641 2261 725 2308 est
752 2251 883 2307 illud
911 2252 962 2306 in
989 2249 1241 2307 Christo?
1268 2250 1519 2320 quoniam
1550 2246 1875 2319 quicumque

273 2346 576 2415 baptizatur
601 2345 653 2400 in
686 2344 919 2409 Christo,
944 2345 1055 2415 jam
1079 2344 1228 2398 illius
1270 2344 1361 2398 Dei
1390 2351 1473 2397 est
1504 2358 1517 2396 :
1549 2340 1875 2411 quicumque

272 2440 415 2495 enim
438 2439 761 2511 baptizatur,
785 2439 838 2493 in
861 2437 1133 2493 Christum
1156 2436 1235 2509 (4)
1269 2436 1571 2506 baptizatur
1598 2453 1611 2489 :
1637 2435 1874 2506 baptiza-

277 2544 362 2590 tus
398 2542 579 2589 autem
624 2534 679 2589 in
718 2532 957 2598 Christo,
983 2531 1153 2586 induit
1191 2528 1486 2585 Christum.
1531 2528 1704 2583 liabet
1727 2528 1874 2581 enim

272 2626 547 2685 Christum
578 2628 903 2699 quicumque
932 2625 1268 2698 baptizatur;
1298 2633 1353 2680 et
1376 2625 1487 2697 jam
1517 2632 1600 2679 est
1633 2624 1684 2677 in
1712 2621 1871 2679 Chrio

273 2734 381 2791 sto,
407 2724 533 2779 dum
555 2723 716 2779 habet
737 2720 1008 2778 Christum
1041 2738 1055 2775 :
1085 2721 1208 2775 dum
1232 2700 1393 2775 habet
1417 2718 1709 2786 Christum,
1733 2716 1875 2774 illius

275 2817 368 2873 Dei
408 2825 509 2887 est,
535 2816 657 2887 quia
682 2813 939 2871 Christus.
968 2814 1105 2869 lilius
1132 2814 1225 2868 Dei
1254 2820 1358 2868 est.

346 2909 513 2965 Vens.
540 2908 633 2964 28.
655 2906 805 2962 -—ln
828 2905 1030 2963 Christo
1052 2904 1131 2979 (5)
1155 2906 1286 2961 enim
1319 2921 1423 2960 non
1445 2913 1519 2959 est
1537 2903 1753 2959 Judteus
1786 2918 1875 2959 nc-

273 3016 370 3073 que
401 2999 630 3066 Graecus,
661 3015 764 3055 non
785 3015 978 3065 servus,
1009 3014 1168 3068 neque
1196 2997 1341 3064 liber,
1373 3012 1473 3051 non
1493 3006 1567 3052 est
1591 2996 1870 3053 masculus.

274 3113 439 3168 neque
452 3098 660 3169 {trutina
675 3112 693 3151 :
707 3112 878 3151 omnes
891 3095 1022 3149 enim
1040 3108 1127 3147 vos
1144 3108 1302 3146 unum
1314 3092 1432 3146 estis
1443 3092 1495 3145 in
1511 3089 1712 3145 Christo
1724 3089 1755 3143 .I
1762 3107 1868 3146 esu.

1979 1893 2205 1951 nentur;
2238 1883 2333 1939 sed
2381 1898 2484 1937 non
2533 1884 2585 1937 in
2630 1891 2985 1955 perpetuum,
3029 1897 3308 1955 quousque
3331 1897 3442 1937 sum
3472 1883 3581 1938 sint

1977 1977 2150 2034 aetatis
2190 1988 2245 2033 et
2285 1958 2583 2045 libertatis,
2632 1986 2687 2031 et
2729 1976 2961 2032 hzeredis
3010 1976 3216 2047 possint
3268 1975 3494 2047 implere
3524 1986 3579 2045 et

1978 2088 2175 2127 nomen
2199 2080 2253 2126 et
2285 2079 2624 2140 potestatem.
2651 2070 2762 2131 lloc
2792 2079 2873 2125 est
2898 2069 3039 2142 quod
3068 2050 3359 2145 subiungit.
3604 2066 3607 2069 λ

2053 2164 2216 2220 Vens.
2243 2165 2299 2231 2.
2319 2196 2390 2205 —
2413 2162 2517 2217 Sed
2546 2162 2636 2216 sub
2663 2163 2982 2229 curatoribus
3007 2160 3088 2233 (2)
3118 2171 3190 2217 est
3208 2204 3221 2228 ,
3251 2171 3294 2216 et
3322 2162 3579 2231 actoribus

1978 2274 2137 2328 usque
2158 2260 2208 2311 in
2233 2256 2539 2331 prta/initum
2567 2265 2763 2324 tempus
2782 2273 2812 2309 a
2830 2265 2990 2328 patre.
3015 2255 3223 2327 Omnis,
3251 2254 3440 2326 inquit,
3470 2256 3577 2309 hm-

1979 2368 2090 2417 res,
2135 2352 2259 2405 dum
2291 2361 2371 2405 est
2403 2351 2676 2421 parvulus,
2712 2360 2785 2404 est
2814 2349 2906 2404 sub
2958 2349 3296 2404 curatoribus.
3327 2348 3439 2403 Lex
3488 2349 3574 2404 illa

1980 2443 2148 2516 Moysi
2172 2443 2316 2498 velut
2338 2443 2437 2497 sub
2454 2453 2701 2497 curatore
2723 2451 2775 2497 et
2798 2448 2981 2496 actore
2997 2440 3335 2507 custodiebat
3366 2440 3573 2509 laturos

1980 2538 2242 2602 hret‘edes,
2264 2537 2348 2601 vel
2365 2537 2475 2609 jam
2506 2537 2817 2607 quiessent,
2842 2536 2936 2592 sed
2964 2537 3104 2606 pleni
3132 2550 3238 2597 non
3262 2544 3416 2597 erant
3448 2551 3574 2606 pro.-

1980 2639 2097 2702 pter
2126 2640 2368 2696 aetatem;
2393 2631 2643 2701 quoniam
2666 2629 2766 2700 ipsi
2788 2644 2883 2699 per
2910 2643 2970 2684 se
3000 2644 3161 2699 agere
3186 2642 3292 2683 non
3315 2637 3562 2698 possunt,

1980 2740 2079 2782 nec
2098 2740 2291 2796 capere
2324 2724 2573 2781 eﬂ‘eetum
2603 2726 2685 2780 vel
2716 2725 2931 2795 plenum
2951 2740 3149 2779 nomen
3183 2723 3436 2778 luercdis.
3465 2723 3576 2780 Nec

1981 2830 2157 2877 tamen
2189 2820 2284 2877 illo
2333 2828 2577 2889 tempore
2604 2821 2681 2885 sic
2712 2816 2855 2883 serti
2881 2827 3025 2884 sunt,
3054 2818 3129 2875 uti
3160 2833 3286 2874 vere
3314 2818 3574 2885 serviant,

1977 2916 2070 2973 sed
2096 2915 2196 2971 sub
2223 2914 2468 2972 custodia
2509 2919 2671 2983 agunt
2695 2930 2705 2968 :
2726 2923 2785 2967 ut
2814 2914 2953 2968 servi
2981 2913 3088 2967 sint
3114 2912 3166 2968 in
3197 2923 3409 2982 tempus
3434 2927 3573 2979 pra:-

1980 3006 2184 3062 linitum
2211 3022 2240 3061 a
2272 3017 2441 3077 patre.
2487 3005 2575 3060 Sic
2617 2999 2891 3061 enim'vel
2932 3013 3079 3060 actor
3124 3004 3208 3060 vel
3239 3013 3458 3059 curator
3491 3004 3575 3075 vel

1983 3112 2125 3158 tutor
2156 3103 2294 3161 valet
2318 3101 2481 3174 patris
2511 3101 2773 3169 instituto,
2801 3107 2857 3156 ut
2883 3114 3003 3155 cum
3033 3099 3124 3155 ille
3154 3101 3207 3155 in
3241 3098 3575 3171 pubertatem

273 3190 437 3248 Tollit
462 3205 590 3262 ergo
615 3191 846 3262 reliquas
874 3203 1133 3260 personas
1172 3185 1469 3251 hominum,
1506 3199 1626 3257 qum
1650 3192 1875 3256 possunt
1901 3191 1947 3256 ο
1979 3212 2129 3253 suam
2161 3194 2390 3259 venerit,
2422 3200 2544 3262 agat
2569 3191 2692 3260 jure
2727 3206 2846 3255 suo,
2882 3191 3048 3245 libera
3076 3190 3368 3254 voluntate,
3414 3197 3576 3260 atque

274 3283 535 3341 accedere
551 3284 631 3338 vel
653 3299 717 3339 ex
747 3281 1266 3353 conditionehvelex
1295 3289 1483 3334 natura
1511 3278 1766 3345 humana,
1789 3278 1875 3334 vel

276 3393 345 3434 ex
366 3387 544 3449 gente.
564 3377 657 3434 His
684 3376 825 3432 enim
858 3375 1018 3432 rebus
1039 3374 1268 3445 separati
1303 3375 1443 3429 inter
1475 3386 1572 3428 nos
1599 3388 1719 3429 esse
1749 3387 1871 3444 pos-

275 3484 485 3538 sumus,
504 3476 561 3524 nt
581 3467 950 3525 aliusludteos
970 3468 1060 3535 sit,
1081 3468 1215 3521 alius
1240 3465 1482 3533 Graecus,
1505 3480 1694 3521 servus
1715 3467 1872 3532 alius,

274 3561 415 3618 liber
458 3562 614 3618 alios.
647 3560 795 3630 Haec,
827 3561 1132 3617 conditione
1170 3559 1424 3629 veljure;
1448 3568 1502 3613 at
1528 3558 1638 3633 illa,
1664 3568 1874 3614 natura.

279 3653 404 3709 Non
426 3664 530 3721 est,
562 3654 761 3727 inquit,
791 3655 1046 3709 masculus
1074 3669 1232 3721 neque
1277 3651 1503 3722 fwmina.
1533 3652 1671 3722 Quid
1711 3652 1905 3724 ergo?-

277 3750 364 3806 his
388 3749 608 3806 sublatis
647 3750 918 3817 omnibus,
948 3764 1111 3804 unum
1139 3747 1331 3817 inquit,
1355 3762 1442 3801 vos
1473 3748 1591 3801 estis
1618 3763 1790 3802 omnes
1824 3748 1879 3801 in

279 3842 483 3900 Christo
504 3845 627 3900 Iesu
649 3845 824 3916 :quod
853 3845 984 3900 estis
1024 3857 1187 3897 unum
1215 3853 1439 3913 accepto
1459 3842 1647 3913 spiritu
1671 3855 1700 3896 a
1721 3839 1880 3896 Chri-

216 3924 229 3928 ⁴
280 3948 390 4008 sto,
436 3939 682 3995 Christus
731 3939 882 3995 estis.
934 3939 1076 4009 Ergo
1110 3935 1200 3991 lilii
1247 3936 1341 3991 Dei
1374 3935 1505 3992 estis
1534 3938 1584 3989 in
1622 3935 1877 3991 Christo:

354 4033 516 4090 Vsus.
545 4032 713 4090 29.—
734 4030 874 4105 Ergo
894 4032 1113 4086 Abrahae
1132 4046 1299 4086 semen
1322 4030 1438 4085 estis
1460 4030 1735 4084 secundum
1762 4046 1881 4104 pro;

281 4127 575 4182 missionem
620 4126 865 4181 litercdes.
912 4123 1066 4191 Quod
1098 4124 1142 4179 si
1183 4123 1253 4178 ita
1294 4130 1398 4190 est,
1440 4122 1769 4194 completqu
1799 4131 1884 4179 est

282 4218 435 4287 illud,
464 4216 605 4289 quod
646 4216 881 4274 Abrahre
924 4214 1116 4272 semini
1148 4215 1470 4287 promissum
1511 4224 1625 4281 est;
1660 4216 1802 4271 unde
1828 4222 1883 4271 et

279 4324 382 4365 vos
407 4310 537 4366 estis
556 4322 740 4365 semen
779 4308 1032 4374 Abrahae,
1064 4305 1357 4364 secundum
1384 4306 1543 4363 iidem
1571 4323 1585 4373 ;
1619 4316 1675 4364 et
1705 4322 1798 4363 vos
1831 4308 1882 4364 in

283 4400 500 4458 Christo
524 4402 673 4466 estis,
710 4415 773 4457 ac
802 4412 1086 4473 propterea
1135 4416 1304 4456 semen
1350 4402 1471 4457 estis
1506 4399 1727 4455 Abrulue
1753 4417 1771 4456 :
1800 4416 1883 4455 se-

284 4493 507 4548 cundum
536 4494 923 4567 promissionem
956 4494 1184 4549 hteredes
1211 4495 1358 4557 estis,
1389 4494 1510 4565 quia
1540 4493 1769 4550 Abrahm
1799 4509 1884 4549 se-

1981 3297 2254 3360 aceeptzun
2290 3283 2655 3339 Inereditatcm
2683 3282 2965 3353 gubernet.
2992 3281 3139 3346 Haec,
3165 3290 3225 3335 ut
3252 3280 3391 3347 disi,
3420 3280 3576 3335 simi-

1981 3384 2150 3438 litudo
2179 3378 2410 3438 refertur
2440 3378 2505 3432 ad
2538 3392 2649 3443 eos,
2676 3376 2869 3447 quibus
2901 3373 2982 3429 les
3012 3373 3132 3427 data
3159 3382 3260 3428 est.

2053 3476 2217 3532 Vens.
2250 3473 2301 3529 '5.
2344 3469 2502 3527 —Ita
2529 3481 2572 3524 et
2606 3487 2695 3535 nos
2725 3486 2837 3529 cum
2866 3484 3087 3525 essemus
3118 3465 3320 3538 parvuli
3348 3465 3438 3523 sub
3469 3464 3574 3523 ale:

1981 3569 2161 3622 mentis
2193 3566 2344 3633 huius
2375 3565 2454 3637 (ὅ)
2499 3562 2676 3629 mundi
2722 3577 2923 3617 eramus
2967 3561 3255 3615 servientes.
3303 3557 3433 3623 Cum
3475 3573 3574 3615 aue

1982 3670 2081 3713 tem
2112 3658 2191 3732 (4)
2235 3658 2366 3717 venit
2408 3654 2668 3727 plenitudo
2720 3652 2992 3723 temporis,
3036 3652 3174 3706 misit
3222 3650 3362 3703 Deus
3410 3648 3577 3717 ﬁlium

1982 3771 2150 3811 suum.
2184 3753 2256 3808 De
2286 3752 2392 3805 alio
2427 3748 2650 3821 qtlmSlio
2679 3748 2811 3813 fuit;
2844 3755 2898 3801 et
2925 3747 2976 3807 in
3003 3743 3268 3809 reditione
3290 3742 3355 3803 ad
3386 3741 3576 3801 simili-

1979 3844 2222 3900 tudinem
2246 3886 2259 3909 ,
2290 3841 2431 3898 aliud
2460 3839 2754 3910 subiungit,
2788 3837 2837 3892 id
2875 3845 2957 3892 est
2983 3834 3213 3904 amplius
3239 3833 3383 3889 aliud
3415 3846 3575 3903 quam

1984 3938 2158 3995 fuerat
2178 3946 2300 3992 ante
2329 3935 2580 4008 positum.
2613 3932 2744 3987 Nam
2776 3946 2897 3985 cum
2927 3937 3177 4000 ageretur
3202 3927 3270 3984 de
3297 3929 3436 4000 lege,
3460 3939 3580 3997 qtue

1983 4032 2105 4088 data
2137 4030 2331 4096 fuerat,
2365 4027 2509 4084 velut
2551 4026 2866 4097 interposita
2898 4034 3017 4097 post
3048 4024 3331 4095 promissa,
3373 4028 3427 4091 et
3456 4027 3582 4089 ante

1982 4129 2271 4183 adventum
2314 4122 2511 4183 Christi
2552 4121 2827 4177 diceretur
2854 4120 3189 4188 interiectam
3218 4130 3339 4172 esse
3383 4114 3578 4184 legem,

1985 4222 2234 4292 quoniam
2263 4218 2438 4273 adhuc
2482 4210 2688 4287 parvuli
2722 4213 3016 4279 fueramus,
3044 4220 3101 4267 et
3125 4212 3224 4266 sub
3250 4209 3384 4280 legis
3405 4215 3583 4264 custo—

1985 4312 2069 4371 dia
2103 4312 2295 4384 positi;
2328 4322 2381 4365 et
2408 4310 2545 4367 sicut
2590 4306 2707 4378 ipse
2752 4307 2885 4361 dixit
2929 4306 3030 4360 sub
3082 4305 3199 4377 lege
3235 4300 3579 4358 custodieba-

1986 4424 2125 4476 mur,
2157 4415 2209 4463 et
2248 4416 2364 4462 erat
2399 4404 2556 4461 nobis
2601 4404 2683 4469 lex
2728 4403 3083 4474 paedagogus;
3116 4414 3467 4471 quamquam,
3502 4398 3583 4467 in:

1986 4502 2120 4572 quit,
2144 4501 2231 4557 lex
2258 4499 2580 4570 ptedagogus
2599 4506 2734 4565 erat,
2752 4497 2845 4551 sed
2870 4497 2923 4551 in
2945 4494 3159 4551 Christo
3183 4503 3362 4549 tamen
3385 4492 3583 4557 (omnis

285 4587 416 4641 mini
448 4587 708 4657 Promissa
732 4596 816 4642 εει
841 4587 1147 4651 hereditas.
1177 4586 1285 4641 νοῦ
1306 4594 1485 4641 autem
1505 4628 1519 4653 ,
1543 4586 1794 4656 baptizali
1826 4586 1878 4641 in
1906 4587 1959 4647 D
1986 4594 2152 4650 dictio
2182 4592 2427 4664 superior
2450 4592 2518 4647 de
2548 4591 2664 4663 lege
2693 4592 2885 4653 fuerat,
2918 4601 3198 4661 quousque
3218 4585 3425 4641 veniret
3451 4594 3584 4655 tem-

285 4677 504 4735 Christo
540 4678 688 4746 Jesn,
714 4679 988 4739 Christum
1021 4677 1330 4750 accepistis,
1362 4688 1416 4734 et
1442 4677 1690 4737 Christus
1717 4679 1882 4749 estis;

285 4786 473 4828 semen
501 4787 630 4843 ergo
654 4773 787 4829 estis
808 4771 1061 4833 Abrahae.
1104 4771 1161 4828 Si
1198 4772 1392 4829 semini
1422 4774 1683 4842 promissa
1712 4772 1885 4830 haere—

287 4866 458 4933 ditas,
498 4867 653 4923 vobis
697 4882 909 4939 quoque
960 4867 1244 4924 lnereditas
1282 4866 1523 4937 dabitur,
1554 4876 1611 4925 et
1640 4869 1886 4927 lneredes

288 4959 422 5018 estis
447 4960 745 5029 secundum
777 4962 1212 5035 promissionem.

457 5248 845 5339 C'onlegyulg.
876 5263 997 5323 quas
1025 5248 1188 5318 habet
1218 5266 1233 5307 :
1267 5249 1456 5313 Omnes
1481 5266 1572 5325 per
1594 5250 1750 5323 ﬁdem
1776 5267 1893 5339 quia

284 5319 378 5383 est
394 5319 448 5378 in
476 5319 512 5376 J
516 5338 606 5378 esu
628 5319 851 5379 Christo.

362 5393 447 5520 ρ)
474 5392 545 5448 ita
567 5392 725 5450 codd.
755 5394 849 5451 Est
871 5402 1048 5479 autem
1072 5392 1201 5457 Mer
1222 5394 1528 5465 Victorinus
1553 5394 1638 5478 vel
1665 5404 1892 5465 novatur

400 5481 585 5520 uarum
604 5465 777 5520 bonus
798 5466 1079 5520 latinitatts
1100 5477 1307 5520 auctor.
1334 5474 1393 5520 ut
1412 5484 1478 5520 ex
1500 5467 1660 5520 editis
1680 5466 1892 5520 abunde

286 5462 382 5527 vel
397 5462 585 5536 parum
604 5465 777 5522 bonus
798 5465 1079 5535 latinitatis
1100 5477 1307 5535 auctor,
1333 5462 1393 5531 ut
1412 5462 1660 5525 ex'editis
1680 5462 1893 5533 abunde

290 5544 528 5595 CDDSIM.
1140 5542 1143 5547 ’

282 5616 289 5623 ι
368 5608 616 5683 (mmor;
644 5607 801 5683 Vulg.
825 5607 1137 5665 editionem.
1186 5608 1311 5664 Haec
1342 5609 1506 5666 habet
1533 5627 1548 5665 :
1579 5610 1897 5683 Quiath

294 5682 432 5736 enim
459 5681 513 5735 in
543 5679 764 5749 Christo,
791 5690 897 5737 etc.
1732 5682 1735 5687 ’

371 5751 452 5827 (ᾗ)
482 5750 775 5827 ᾖξε-οωᾀά
806 5766 1324 5827 quamquamgsupra
1347 5760 1404 5809 et
1426 5752 1563 5827 intra
1591 5754 1646 5811 iu
1668 5752 1896 5823 Christo.

377 5822 458 5897 (5)
482 5823 640 5895 Vulg.
669 5822 757 5881 ed.
782 5838 889 5883 non
916 5822 1098 5895 habet,
1125 5825 1180 5881 in
1200 5822 1422 5881 Christo.

1992 4705 2110 4757 pus,
2150 4696 2209 4742 ut
2246 4686 2539 4751 secundum
2593 4682 3002 4755 promissionem
3035 4679 3281 4737 hmredes
3310 4693 3432 4741 esse
3464 4693 3587 4751 pos:-

1989 4778 2204 4853 semus)
2256 4778 2399 4844 hmc,
2442 4787 2501 4833 ut
2529 4777 2674 4844 dixi,
2721 4792 2841 4831 cum
2885 4776 2954 4830 de
3007 4774 3124 4845 lege
3171 4773 3503 4845 loqueretur,
3532 4779 3588 4826 et

1990 4872 2393 4931 similitudinem
2427 4870 2772 4942 adjungeret,
2798 4869 3006 4939 integro
3033 4881 3195 4923 sensu
3226 4864 3589 4940 persequeba-

1994 4976 2100 5023 tur.
2125 4966 2195 5022 At
2216 4980 2359 5021 nunc
2381 4964 2432 5021 in
2452 4962 2799 5019 conclusione
2827 4976 2930 5027 non
2953 4960 3020 5016 ad
3042 4962 3238 5033 legem,
3266 4957 3364 5017 sed
3386 4958 3452 5017 ad
3479 4958 3589 5017 ele-

1995 5069 2174 5117 menta
2221 5058 2447 5115 retraxit
2473 5076 2487 5113 :
2511 5066 2556 5111 et
2585 5072 2695 5124 nos,
2736 5056 2929 5126 inquit,
2971 5072 3087 5109 cum
3112 5070 3335 5110 essemus
3365 5051 3589 5124 paruuli.

1994 5151 2128 5220 Quid
2159 5149 2411 5221 subsequi
2432 5149 2732 5205 debuerat?
2761 5147 2862 5202 sub
2887 5148 3004 5218 lege
3029 5147 3359 5202 vivebamus.
3392 5146 3460 5199 At
3485 5157 3592 5199 non

1996 5247 2097 5302 hoc
2140 5245 2449 5316 adiunctum
2500 5253 2613 5313 est;
2660 5244 2755 5300 sed
2799 5244 2889 5301 sub
2929 5243 3187 5309 elementis
3228 5242 3381 5314 hujus
3416 5240 3596 5313 mundi

1997 5357 2197 5399 creticus
2218 5341 2505 5401 servientes.
2538 5339 2653 5407 [loc
2672 5349 2762 5396 aut
2781 5339 3010 5395 alterum
3038 5344 3122 5409 est
3144 5353 3174 5394 a
3197 5336 3593 5409 superioribus.
3626 5336 3629 5341 ’

2133 5609 2153 5679 )
2182 5607 2383 5679 Quanto
2410 5615 2653 5679 tempore,
2679 5607 2731 5673 in
2757 5606 2922 5679 Vulg,

2102 5622 2153 5679 ι)
2182 5622 2383 5675 uuanto
2410 5622 2653 5675 tempore,
2679 5623 2731 5673 tu
2761 5622 2857 5667 vut
2903 5644 2922 5663 .

2102 5679 2157 5752 2)
2196 5678 2345 5752 Y_ulg.
2371 5677 2459 5733 ed.
2488 5678 2680 5752 habet,
2708 5622 2978 5752 tutoribus.

2103 5744 2160 5822 ,5)
2192 5744 2368 5822 Hujus
2397 5766 2505 5805 non
2537 5744 2729 5822 legitur
2756 5744 2813 5805 in
2846 5751 2993 5822 Vulg.

2108 5818 2164 5894 4)
2192 5818 2410 5894 Legitur
2440 5818 2765 5892 apud'Vulg.
2792 5838 2806 5878 :
2830 5818 2895 5875 At
2927 5818 3040 5893 ubi,
3070 5832 3176 5881 etc.
