4024 6306
487 221 628 277 H75

1746 215 1941 275 MAR"
1983 215 2322 276 VICTORINI
2363 218 2524 275 AFRl

3634 227 3749 283 {176

488 348 583 394 aut
627 336 695 395 ad
733 336 1016 410 superiora
1043 338 1123 414 (Ι)
1161 337 1378 412 pendet.
1423 335 1786 408 Qua‘rendum
1816 345 1905 391 est
1949 351 2085 406 quo-
2114 336 2167 397 Α
2194 350 2369 407 neque
2395 336 2598 393 mundo
2626 336 2850 403 serviat,
2893 336 2988 393 sed
3014 337 3235 395 domino
3259 337 3474 396 Christo
3503 340 3749 407 serviens,

486 428 654 486 modo
686 445 792 486 non
831 432 901 486 sil
947 431 1203 487 alienum.
1246 431 1375 489 Sine
1420 430 1583 486 dubio
1628 429 1758 484 ilhtd
1804 436 1889 485 est
1929 441 2091 497 supra

488 524 716 592 dictum,
746 525 888 596 quod
917 526 1241 598 quicumque
1272 526 1327 581 in
1349 524 1567 581 Christo
1597 523 1846 595 baptizati
1877 538 2087 589 sumus,

489 614 767 673 Christum
799 618 1228 687 induimus..Qui
1257 629 1433 675 autem
1477 618 1752 674 induimus
1782 617 2087 684 Christum,

489 726 667 783 neque
706 712 872 783 judaei
919 728 1092 783 neque
1138 711 1302 785 ει·ωεί
1348 726 1556 767 sumus.
1606 711 1661 768 Si
1691 720 1875 766 autem
1916 725 2092 781 neque

490 804 654 876 graeci
706 819 879 876 neque
915 803 1080 874 judaai
1126 820 1312 860 sumus
1339 805 1427 876 qui
1474 804 1745 860 induimus
1779 802 2090 867 Christum,

489 900 602 972 jam
642 916 750 956 non
801 899 983 955 mundi
1034 901 1484 957 sumus:etenim
1534 894 1769 955 mundus
1819 897 2090 954 hominem

493 1002 621 1050 ante
658 992 949 1049 adventum
973 992 1171 1048 Christi
1202 993 1547 1064 autjndzeum
1590 992 1823 1049 habt-bat
1843 999 1935 1047 aut
1956 1008 2093 1063 grte-

493 1101 639 1141 cum.
668 1085 764 1141 Vel
789 1084 1010 1141 Judrens
1048 1086 1135 1141 vel
1165 1084 1408 1151 Grzrcus,
1436 1085 1562 1140 dum
1586 1083 1793 1156 legibus
1823 1085 1939 1140 suis
1964 1098 2093 1155 age-

493 1188 603 1245 ret,
631 1177 733 1232 sub
779 1177 1064 1233 elementis
1110 1179 1296 1234 mundi
1341 1177 1449 1233 vita
1496 1177 1802 1248 gerebatur.
1854 1175 2095 1247 Namque

495 1280 581 1327 est
612 1268 693 1342 (Ξ)
728 1270 868 1340 apud
893 1269 1112 1325 Iudaeos
1165 1271 1339 1340 puniri
1367 1270 1684 1340 sacrilegum
1705 1310 1718 1336 ,
1753 1269 1960 1335 furem,
1989 1268 2092 1324 fat.

497 1377 618 1417 sum
649 1371 838 1417 testem
860 1402 875 1426 ,
919 1369 972 1417 ct
999 1370 1213 1441 cmtera.
1247 1361 1453 1418 Eodem
1506 1362 1666 1417 modo
1696 1369 1752 1417 et
1777 1362 1916 1434 apud
1945 1360 2098 1417 Cra:-

495 1470 609 1521 cos,
633 1456 685 1511 id
707 1466 790 1511 est
818 1455 957 1526 apud
985 1470 1221 1529 paganos
1243 1454 1346 1530 (ὃ),
1381 1457 1481 1511 ista
1509 1456 1713 1527 legibus
1741 1454 2095 1510 vindicaban-

500 1557 587 1605 tur
603 1558 659 1606 et
680 1549 1036 1605 vindicantur.
1064 1550 1340 1605 Elementa
1362 1564 1489 1605 vero
1507 1548 1690 1604 mundi
1716 1548 1872 1604 simul
1897 1547 2100 1603 habent

497 1623 683 1697 secum
706 1683 722 1708 ,
748 1651 802 1696 et
834 1650 1011 1696 motus
1049 1655 1197 1707 suos,
1222 1649 1275 1695 et
1304 1641 1455 1711 quasi
1486 1641 1744 1712 quasdam
1766 1654 1835 1695 ex
1862 1639 2098 1695 motibus

2195 430 2393 486 habeat
2432 430 2626 501 spiritu
2676 439 2893 501 regente
2939 432 2992 486 in
3043 432 3157 487 suis
3202 433 3408 489 actibus
3453 434 3748 492 libertatem.

2194 521 2441 591 Amplius
2463 522 2625 592 igitur
2648 538 2808 593 quam
2829 523 3147 592 sperabatur
3176 524 3380 580 illatum
3407 533 3514 590 est,
3543 533 3597 581 ut
3621 527 3753 583 intel-

2195 615 2427 687 ligerent
2453 615 2766 672 omnimodo
2814 616 3221 687 relinquendam
3270 617 3475 675 Galatae
3511 620 3668 689 legem
3688 621 3756 691 ju-

2193 711 2429 778 daicam,
2453 720 2615 782 atque
2634 712 2753 782 ejus
2782 722 3046 782 praecepta
3076 722 3132 768 et
3154 714 3563 770 observationes
3583 725 3634 770 et
3650 731 3756 785 ope-

2195 818 2255 860 ra
2286 821 2299 858 :
2328 818 2449 859 cum
2481 803 2699 858 videant
2745 804 2908 860 etiam
2959 804 3140 860 mundi
3175 806 3341 877 ipsius
3368 816 3532 875 atque
3554 806 3759 862 elemen-

2196 909 2376 957 torum
2400 900 2574 973 legem
2598 916 2718 958 esse
2741 901 3080 967 subversam,
3111 916 3214 957 nec
3233 903 3414 958 valere
3438 902 3541 958 sub
3557 901 3758 968 Christo,

2195 1005 2254 1053 et
2281 995 2648 1053 conversionis
2678 994 2965 1051 mundame
3003 995 3109 1050 vim
3137 996 3351 1065 penitus
3380 994 3573 1051 everti.

2266 1086 2433 1142 Vens.
2465 1088 2518 1142 4.
2558 1085 2778 1141 —Cum
2823 1097 2992 1141 autem
3034 1087 3168 1141 venit
3209 1087 3475 1156 plenitudo
3518 1088 3755 1158 temporis,

2195 1177 2330 1233 misit
2371 1176 2511 1233 Deus
2536 1178 2700 1247 ﬁlium
2727 1194 2876 1233 suum
2904 1174 3097 1233 editum
3120 1193 3183 1233 ea:
3229 1180 3438 1250 {tantine
3473 1176 3575 1251 (i).
3622 1177 3682 1234 Ut
3720 1181 3760 1233 in

2195 1270 2360 1329 rebus
2385 1281 2469 1328 est
2509 1271 2802 1342 plenitudo,
2843 1274 2916 1327 ita
2954 1279 3012 1326 et
3052 1271 3104 1326 in
3147 1272 3520 1340 temporibus:
3548 1271 3762 1327 estenim

2196 1365 2474 1438 plenitudo
2506 1380 2602 1421 sua
2630 1365 2909 1436 cujusque.
2956 1363 3220 1420 Omnibus
3264 1365 3540 1420 abundant
3563 1376 3615 1420 et
3640 1366 3762 1435 plena

2197 1466 2254 1516 et
2297 1458 2513 1531 cupiosa
2565 1456 2823 1528 perfectio
2877 1472 3056 1513 rerum
3117 1457 3500 1528 plenitudoqne
3555 1456 3762 1512 Christus

2198 1561 2282 1609 est
2327 1570 2343 1607 :
2389 1560 2689 1620 temporum
2746 1550 3020 1619 plenitudo
3090 1550 3485 1606 consummatio
3527 1558 3609 1606 est
3645 1550 3766 1606 libe-

2197 1643 2441 1700 rationis.
2480 1641 2939 1711 Quemadmodum
2985 1650 3164 1696 autem
3202 1642 3487 1711 Christus,
3518 1652 3574 1698 ut
3622 1642 3764 1712 pleni-

498 1733 885 1799 necessitates;
918 1742 975 1788 ut
1020 1734 1071 1789 in
1117 1732 1416 1801 sideribus,
1465 1748 1691 1804 quorum
1738 1732 2095 1788 conversione
2126 1743 2173 1803 Β
2202 1737 2330 1793 tudo
2355 1746 2483 1805 .tota
2525 1738 2597 1792 sit
2624 1745 2680 1794 et
2710 1736 2974 1806 perfecta,
3016 1737 3220 1807 colligit
3263 1737 3507 1792 membra
3549 1753 3660 1807 que
3683 1737 3768 1791 dis-

498 1826 782 1881 hominum
827 1827 934 1882 vita
981 1825 1067 1881 vel
1126 1825 1178 1879 in
1231 1825 1602 1882 necessitatem
1660 1825 1993 1880 ducitur:et
2022 1826 2101 1880 sic

496 1921 741 1976 serviunt
778 1919 1063 1976 elementis
1109 1918 1384 1986 homines,
1426 1929 1487 1974 ut
1528 1927 1672 1975 astra
1716 1919 2011 1988 jusserint,
2043 1927 2102 1972 ut

497 2012 688 2069 mundi
736 2028 927 2068 cursus
959 2014 1300 2085 imperaverit
1328 2011 1405 2086 (4)
1432 2029 1447 2070 :
1470 2012 1660 2083 quibus
1690 2012 1943 2067 omnibus
1986 2013 2099 2065 sol-

501 2108 668 2174 vitur,
703 2108 944 2179 quisquis
975 2107 1027 2163 in
1072 2107 1340 2163 Christum
1373 2106 1533 2162 ﬁdem
1566 2106 1770 2163 habens
1816 2106 2096 2161 dominum

502 2200 629 2255 vitae
678 2214 789 2273 suae
828 2216 859 2256 a
899 2197 1116 2256 Christo
1163 2200 1407 2271 spiritum
1454 2199 1749 2270 acceperit,
1794 2206 1853 2253 ut
1880 2213 2099 2254 omnem

505 2292 694 2350 mundi
726 2294 1099 2349 necessitatem
1121 2336 1137 2362 ,
1164 2291 1525 2375 elementique
1551 2295 1658 2347 vim
1688 2291 1853 2364 fugiat
1873 2300 1930 2349 et
1950 2291 2101 2358 vitet,

576 2410 666 2477 (1)
694 2410 771 2466 Ita
796 2410 955 2466 codd.

579 2411 666 2480 (1)
694 2411 771 2466 Ita
796 2411 955 2466 codd.

579 2482 658 2554 (2)
690 2482 763 2537 Ita
792 2482 950 2538 codd.
977 2480 1210 2537 Verbum
1237 2489 1417 2538 autem
1460 2491 1535 2554 est
1562 2481 1700 2553 regit
1720 2482 1778 2539 τὸ
1799 2481 2108 2554 puniri.Sic

507 2551 821 2608 Victorinus
848 2556 1010 2609 etiam
1045 2554 1096 2608 in
1141 2554 1400 2622 opusculo
1444 2552 1591 2608 edito
1635 2551 1826 2608 contra
1871 2551 2104 2607 Manich.

510 2625 868 2696 cap.72:inde
891 2626 1030 2680 enim
1055 2634 1129 2681 est
1151 2625 1355 2680 Christo
1384 2624 1568 2679 habere
1597 2641 1822 2679 carnem.

576 2695 659 2770 (5)
685 2695 776 2753 Sic
796 2697 1106 2753 Victorinus
1132 2696 1202 2752 de
1225 2697 1481 2770 ὁμοουσίῳ
1511 2697 1679 2768 recip.
1706 2711 1827 2767 cap.
1854 2697 1879 2752 1
1907 2714 1919 2751 :
1943 2695 2110 2752 (ἐνωοὶ

506 2784 647 2840 quos
664 2786 895 2840 paganos
923 2777 1123 2823 vocant.

580 2838 673 2910 (4)
693 2838 826 2895 Cum
859 2840 989 2895 dicit
1016 2840 1263 2895 ethnicos
1302 2839 1370 2893 ab
1413 2839 1575 2894 astris
1613 2839 1757 2910 regi,
1786 2840 2111 2895 christianos

508 2926 873 2981 nequaquam,
908 2913 1148 2966 nundum
1181 2925 1395 2967 omnem
1426 2911 1865 2979 superstitionem
1898 2914 2114 2965 exuisse

505 2982 722 3038 videtur
748 2982 1056 3039 Victorinus
1080 3000 1094 3036 :
1121 2998 1220 3039 nec
1242 2985 1474 3048 mirum;
1504 2998 1626 3037 nam
1673 2991 1863 3038 contra
1889 2984 2116 3047 geneth-

505 3054 977 3127 liacosscribebat
1018 3054 1194 3127 adhuc
1237 3054 1451 3127 Nicetas
1478 3054 1842 3127 Aquileiensis
1860 3053 2113 3127 (centum

2203 1844 2358 1902 persa
2398 1838 2544 1894 sunt,
2587 1838 2643 1885 et
2668 1828 2899 1885 efﬁcitur
2941 1828 3247 1898 plenitudo;
3279 1830 3353 1885 ita
3404 1828 3593 1886 eodem
3640 1827 3767 1884 modo

2203 1934 2260 1981 et
2298 1935 2598 1996 temporum
2640 1925 2921 1995 plenitudo
2952 1936 3079 1982 tunc
3110 1924 3300 1982 effecta
3321 1967 3337 1994 ,
3365 1941 3492 1982 cum
3525 1926 3768 1980 maturatis

2204 2021 2271 2076 ad
2299 2019 2457 2076 ﬁdem
2488 2019 2760 2084 omnibus,
2789 2031 2845 2076 ct
2873 2021 3108 2091 peccatis
3138 2035 3307 2092 usque
3336 2020 3406 2075 ad
3448 2035 3652 2076 summa
3677 2034 3770 2073 sar-

2205 2112 2489 2187 geutibus.
2531 2112 2798 2170 medicina
2849 2116 3159 2191 necessario
3206 2113 3274 2170 ad
3318 2129 3506 2170 rerum
3561 2114 3762 2169 omnium

2208 2218 2435 2263 mortem
2482 2206 2822 2277 quterebatur
2845 2227 2859 2263 :
2886 2208 3031 2264 unde
3077 2208 3329 2263 subvenit
3355 2206 3625 2274 Christus,
3652 2218 3759 2264 tem-

2208 2313 2399 2370 porum
2451 2298 2786 2370 plenitudine
2830 2298 3088 2370 perfecta.
3138 2301 3453 2371 Diciturque
3495 2301 3630 2372 quod
3658 2302 3773 2355 misit

2209 2396 2481 2456 Christum
2513 2413 2670 2454 suum
2694 2415 2708 2452 :
2732 2414 2913 2463 suum,
2943 2400 3182 2471 inquam,
3206 2409 3332 2456 ante
3354 2414 3520 2470 quam
3548 2399 3769 2459 mitteret.

2211 2491 2598 2564 intelligamus,
2619 2501 2743 2563 post
2768 2503 2947 2548 autem
2971 2495 3163 2548 editum
3187 2510 3252 2549 ea:
3277 2495 3509 2564 fmina.
3538 2493 3639 2549 Sed
3663 2493 3775 2547 misit

2211 2584 2380 2641 ﬁlium
2411 2600 2589 2649 suum,
2618 2586 2671 2640 id
2689 2595 2775 2642 est
2801 2588 2889 2657 qui
2917 2586 3017 2641 sibi
3049 2585 3212 2642 fuerit
3238 2586 3412 2642 ﬁlius:
3442 2587 3586 2641 misit
3609 2594 3770 2640 autem.

2211 2677 2497 2745 Quomodo
2521 2677 2703 2733 misit?
2724 2680 2914 2733 editum
2945 2696 3009 2735 ea:
3028 2679 3255 2749 fiumina.
3275 2677 3364 2734 Sic
3389 2680 3539 2735 enim
3562 2677 3774 2751 mysterio

2215 2783 2315 2826 suo
2361 2766 2608 2825 Christus
2656 2770 2748 2825 Dei
2798 2769 2944 2825 ﬁlius
2990 2770 3240 2827 subvenit
3281 2770 3510 2837 mundo,
3560 2770 3777 2838 uobisque

2216 2862 2467 2919 omnibus
2497 2880 2511 2918 :
2541 2878 2640 2919 nos
2664 2862 2809 2919 enim
2842 2863 3073 2918 mundus
3102 2878 3310 2919 sumus.
3344 2862 3484 2918 Cum
3513 2872 3567 2918 et
3594 2862 3695 2933 ipse
3715 2860 3776 2915 iu-

2218 2954 2393 3011 duens
2411 2970 2655 3020 carnem,
2674 2953 2723 3008 id
2750 2963 2834 3010 est
2855 2954 3035 3011 editus
3061 2971 3128 3012 ex
3156 2954 3376 3020 femina,
3405 2956 3587 3012 omnia
3611 2969 3712 3025 quzc
3736 2952 3774 3007 in
3854 3028 3855 3031 η

2220 3048 2479 3121 mysterio
2505 3047 2710 3119 agenda
2743 3046 2952 3104 fuerant
2980 3047 3298 3119 compleret,
3319 3048 3371 3103 id
3399 3055 3493 3104 est
3521 3057 3576 3104 ut
3605 3046 3776 3102 videre-

510 3134 635 3252 gest
659 3125 992 3181 Victorinum
1016 3122 1351 3207 annis)_teste
1381 3122 1680 3190 Gennadio,
1703 3140 1821 3194 cap.
1849 3122 1942 3190 222,
1969 3125 2110 3197 quod
2141 3133 2187 3198 ς
2222 3151 2327 3207 ιω,
2352 3149 2409 3197 ει
2443 3141 2738 3207 audiretur,
2780 3148 2838 3196 ρι
2865 3149 3158 3211 pata-el"...
3198 3152 3254 3196 οι
3300 3148 3621 3205 moreretur,
3645 3148 3693 3194 ει
3709 3151 3775 3192 τε.

562 3206 713 3251 tcetaa
740 3198 1059 3252 opusculum
1105 3211 1362 3251 amissum
1404 3196 1668 3252 dolemus.
1712 3198 1822 3252 Ego
1848 3211 1977 3251 vero
2005 3212 2113 3251 me-
2444 3242 2459 3252 .
2509 3251 2513 3252 ν
3549 3248 3648 3252 -____
3711 3227 3773 3252 ...ε

562 3198 713 3251 ἰεειτε
740 3198 1059 3266 opusculum
1105 3197 1362 3251 amissum
1404 3196 1668 3252 dolemus.
1712 3198 1822 3266 Ego
1848 3211 1977 3251 vero
2005 3212 2113 3251 me-

512 3269 647 3323 mini
676 3283 763 3323 me
791 3269 841 3322 in
871 3268 1226 3339 Attibrosiana
1273 3267 1593 3323 bibliotheca
1623 3268 1752 3323 olim
1785 3268 1967 3339 legere
1989 3283 2113 3335 per-

512 3346 784 3411 vetustum
827 3338 1067 3395 codicem
1115 3338 1222 3411 (Μ.
1266 3340 1355 3394 77.
1389 3339 1461 3409 pl.
1493 3339 1650 3410 sup.)
1691 3338 1919 3411 cuitres
1947 3355 2115 3395 inem-

514 3409 722 3481 hranm,
752 3409 1427 3481 integuutentiinterioris
1472 3409 1657 3477 causa,
1697 3410 1890 3466 addita:
1935 3421 2111 3468 erant.

515 3480 578 3553 In
607 3480 689 3535 his
716 3480 894 3537 autem
925 3481 1253 3537 membranis
1300 3484 1559 3553 scriptura
1604 3483 1972 3552 antiquissima
2003 3498 2115 3536 ma-

510 3552 756 3624 jorisque
798 3555 997 3609 moduli
1034 3554 1202 3608 inerat
1230 3571 1245 3619 ;
1278 3556 1371 3610 sed
1414 3552 1619 3624 passim
1673 3554 2002 3623 palitupsi-sti
2040 3554 2115 3608 fa-

517 3625 698 3681 ciendi
727 3628 897 3696 gratia
926 3627 1140 3696 scalpro
1184 3640 1359 3689 erasa,
1385 3625 1454 3680 ita
1489 3638 1543 3680 ut
1592 3627 1744 3695 pauci
1790 3642 1977 3682 versus
2015 3641 2115 3682 nec

518 3697 637 3768 sine
677 3697 888 3760 lacunis
918 3712 945 3749 a
977 3713 1064 3753 me
1111 3700 1379 3768 potuerint
1424 3698 1675 3752 exscrihi.
1727 3697 1825 3753 Est
1851 3709 2029 3753 autem
2061 3700 2113 3752 in

517 3766 604 3840 his
636 3769 865 3824 invectio
908 3766 1505 3839 contra‘genethliacos
1544 3780 1704 3840 atque
1740 3773 1856 3839 ejus
1902 3769 2116 3840 generis

516 3837 787 3906 hariolos;
812 3858 931 3910 qua:
961 3837 1192 3895 invectio
1221 3851 1397 3895 utrum
1429 3856 1492 3894 cx
1525 3837 1753 3911 cognitis
1771 3837 1843 3893 an
1874 3837 1936 3894 cit
1967 3841 2118 3895 inco-

517 3911 680 3980 gnitis
722 3912 939 3968 Patrum
982 3913 1196 3981 scriptis
1221 3913 1310 3971 sit.
1351 3913 1618 3982 vestigare
1649 3928 1752 3967 non
1784 3922 1867 3968 est
1904 3912 2073 3968 otium
2098 3954 2111 3976 ,

516 3983 817 4051 praesertim
874 3984 995 4053 quia
1050 3984 1405 4054 fragmentum
1458 3985 1803 4054 perexiguum
1856 3985 2117 4054 hiansque

518 4063 622 4107 est.
656 4054 744 4111 Sic
781 4066 958 4110 autem
987 4053 1113 4109 oiitn
1143 4053 1501 4122 legebam.....
1545 4074 1563 4107 ‹
1602 4059 1691 4125 qui
1723 4055 1915 4124 cuique
1942 4070 1972 4111 e
1996 4053 2118 4109 nas-

520 4125 803 4191 centihns,
845 4128 927 4182 vel
958 4127 1228 4197 quomodo
1258 4127 1453 4181 divina:
1486 4127 1834 4196 providentitr
1861 4126 2119 4185 adminis-

521 4199 705 4250 tratio.
730 4197 876 4252 Multi
900 4199 1066 4252 multa
1091 4198 1336 4253 humanis
1358 4199 1754 4267 suspiciombus
1776 4197 2116 4253 tribuendum

521 4278 845 4323 censuerunt.
873 4270 1015 4336 Ergo
1047 4270 1347 4339 conjectata
1375 4270 1683 4324 litteris.....
1708 4271 1867 4324 simul
1896 4269 2118 4326 fulmine

519 4339 723 4409 aliquid
755 4341 1121 4410 percutiatur:
1152 4356 1272 4411 quae
1317 4342 1621 4396 communia
1673 4350 1874 4396 tantum
1909 4344 2114 4405 valent,

521 4419 780 4479 quantum
842 4413 1258 4483 praesumptione
1302 4414 1836 4483 aniniorum,»quasi
1890 4413 2117 4483 quadam

522 4484 795 4555 cummnni
837 4484 1017 4555 lingua
1046 4499 1167 4538 cum
1197 4481 1682 4555 (deviuationibus)
1714 4481 1948 4539 federal—ti
1971 4494 2117 4540 sunt.

524 4550 862 4625 Qtttertamen
896 4550 1051 4625 plena
1092 4550 1219 4610 sunt
1258 4555 1441 4610 omnia
1472 4550 1738 4623 pestifera:
1773 4556 2119 4624 curiositatis,

524 4624 818 4693 cruciantis
861 4624 1239 4682 sollicitudinis
1265 4669 1280 4693 ,
1320 4626 1614 4682 mortifera:
1662 4627 1958 4681 servitutis.
2008 4628 2121 4683 Non

526 4692 672 4769 enim
735 4697 873 4769 quia
913 4700 1099 4768 (certa
1131 4742 1146 4766 ,
1192 4692 1358 4769 ideo)
1402 4697 1808 4762 animadversa;
1863 4699 1956 4753 sed
2006 4702 2124 4754 ani-

525 4763 1141 4841 madvertendumque
1172 4763 1437 4841 signando
1483 4771 1680 4825 factum
1738 4778 1820 4825 est
1861 4779 1917 4824 nt
1976 4772 2126 4826 vale-

524 4845 669 4918 rent.
808 4838 931 4893 ideo
957 4837 1186 4907 diversis
1214 4837 1427 4918 diversa
1454 4841 1803 4918 proveniunt,
1829 4841 2125 4918 secundum

525 4909 876 4981 COgitationes
917 4918 973 4965 et
1032 4909 1477 4981 prmsumptioites
1521 4927 1666 4967 suas.
1710 4912 1786 4967 llli
1835 4913 1976 4967 enim
2028 4914 2127 4980 ipsi

525 4981 615 5048 qui
639 4979 888 5060 decipere
928 4980 1135 5048 volunt,
1159 4979 1285 5060 talia
1309 4995 1611 5060 prtecuraut
1637 4985 1849 5060 cuique,
1882 4979 2129 5060 qualibus

524 5064 653 5125 eum
697 5053 962 5125 irretitum
994 5068 1087 5125 per
1141 5054 1476 5121 suSpiciones
1507 5065 1560 5108 et
1585 5053 1970 5111 con’sensiones
2011 5056 2128 5125 ejus

528 5121 734 5195 vident.
783 5121 934 5178 Sicut
980 5124 1123 5177 enim
1172 5125 1323 5181 verbi
1366 5127 1536 5194 gratia
1567 5142 1667 5179 una
1698 5126 1866 5195 figura
1905 5125 1952 5181 X
1986 5121 2127 5195 ,qitm

531 5193 836 5269 decusatim
891 5200 1127 5269 nctatur,
1182 5195 1313 5249 aliut
1365 5203 1495 5262 aput
1537 5193 1776 5269 Graecos,
1825 5198 1957 5261 aliut,
2002 5193 2129 5269 aput

530 5263 757 5340 Latinus
781 5265 1058 5340 (denotet)
1084 5281 1187 5320 non
1231 5275 1442 5331 natura,
1465 5267 1559 5321 sed
1590 5269 1785 5337 placito
1824 5263 2129 5340 signiﬁcan-

530 5336 704 5392 di.....
737 5336 995 5408 Linguam
1023 5336 1236 5408 quoque
1282 5339 1484 5409 noverit
1509 5336 1601 5409 qui
1627 5336 1899 5409 auguriqu
1928 5341 2121 5408 prodit,

530 5409 579 5463 si
612 5409 812 5463 homini
843 5424 1019 5480 graeco
1068 5410 1196 5463 velit
1224 5408 1426 5479 aliquid
1477 5408 1890 5479 signiﬁcare"...
1918 5410 2034 5466 Non
2070 5414 2121 5467 in

534 5494 655 5534 eam
702 5481 845 5535 enim
896 5480 1341 5552 signiﬁcationem
1398 5480 1586 5552 ponit,
1616 5495 1737 5535 cum
1773 5483 2123 5538 hominis"...

534 5565 647 5605 uno
667 5552 858 5606 eodem
881 5551 1015 5607 sono
1039 5559 1168 5618 aput
1191 5551 1410 5607 Gratcos
1437 5551 1632 5618 littera,
1661 5560 1788 5619 aput
1811 5553 2119 5611 Latinos....

534 5620 603 5694 In
622 5622 705 5677 his
732 5625 939 5677 duabus
977 5624 1199 5694 syllabis
1224 5623 1353 5677 aliut
1382 5620 1601 5678 Graecus
1631 5623 1761 5677 aliut
1787 5624 2010 5679 Latinus
2040 5627 2124 5681 in-

535 5692 745 5766 telligit.
770 5694 919 5750 Sicut
943 5692 1072 5764 ergo
1095 5695 1178 5750 hae
1203 5710 1394 5751 omnes
1421 5694 1859 5766 signiﬁcationes,
1883 5709 1980 5765 pro
2009 5709 2121 5753 sua:

536 5764 799 5835 cujusque
843 5765 1117 5823 societatis
1167 5764 1524 5824 consensione
1573 5766 1784 5823 animos
1834 5764 2115 5839 movente,

2217 3242 2465 3305 surgeret
2504 3251 2518 3288 :
2562 3234 2683 3289 ideo
2735 3234 2881 3288 misit
2913 3232 3105 3288 editum
3151 3249 3217 3288 ea:
3262 3234 3511 3305 fiumina;
3542 3227 3776 3299 euin,qai

2218 3342 2347 3384 suus
2389 3328 2529 3383 ﬁlius
2558 3328 2769 3393 fuisset,
2794 3328 2986 3383 editum
3015 3344 3079 3383 ea:
3106 3327 3337 3398 fiumina.
3362 3328 3592 3396 Quidam
3621 3327 3682 3382 ita
3713 3324 3775 3379 di-

2218 3430 2371 3488 cunt,
2410 3421 2601 3476 editum
2628 3437 2692 3476 ea:
2720 3420 2929 3474 muliere
2953 3436 2972 3474 :
2993 3429 3049 3476 et
3074 3419 3277 3477 habent
3317 3420 3438 3491 ipsi,
3477 3429 3684 3491 prepter
3709 3431 3777 3484 po-

2218 3514 2381 3571 situui
2404 3530 2432 3567 a
2464 3527 2525 3569 se
2551 3512 2800 3580 verbum,
2827 3512 3179 3582 quurstiunem
3203 3530 3218 3579 ;
3242 3527 3364 3567 cum
3394 3513 3548 3582 virgo
3572 3508 3779 3567 Mariasit

2220 3611 2302 3666 vel
2337 3609 2494 3665 fuerit
2523 3608 2626 3680 (ᾖ),
2650 3623 2817 3678 quare
2841 3605 3041 3664 dixerit
3063 3607 3258 3662 editum
3280 3623 3344 3662 ea:
3363 3606 3617 3662 nuntiare?
3639 3604 3777 3658 lnustt

2218 3700 2473 3772 loquendi
2520 3699 2792 3755 foeminam
2823 3699 3074 3765 dicimus,
3097 3698 3240 3770 quod
3265 3697 3440 3754 Graeci
3470 3704 3592 3773 γυνὴ
3613 3686 3776 3752 dicunt.

2220 3794 2426 3850 Deinde
2454 3809 2520 3849 ex
2549 3808 2616 3848 eo
2640 3792 2783 3863 quod
2828 3791 3057 3848 ediderit
3102 3790 3398 3858 Christum,
3440 3808 3541 3847 cur
3567 3806 3660 3845 non
3687 3802 3778 3842 tnu-

2219 3886 2404 3943 licrem
2429 3886 2636 3941 diceret
2652 3886 2675 3939 ?
2691 3884 2878 3941 Omnis
2902 3885 3046 3939 enim
3071 3883 3288 3940 ftemina
3314 3898 3436 3954 qua:
3460 3884 3571 3938 edit
3594 3876 3774 3950 aliquid.

2219 3981 2417 4037 mulier
2442 3980 2640 4035 dicitur
2669 3996 2682 4032 :
2708 3980 2881 4034 virtus
2931 3986 3110 4033 autem
3144 3978 3385 4050 mysterii
3418 3989 3717 4048 quamquam
3738 3979 3778 4025 et

2221 4072 2432 4128 occulta
2472 4080 2527 4127 et
2567 4080 2754 4127 sancta
2796 4071 2895 4135 sit,
2943 4080 3122 4126 tamen
3161 4080 3224 4125 ut
3270 4070 3487 4125 interim
3518 4071 3567 4124 in
3595 4064 3776 4123 transitu

2209 4169 2437 4238 agnosci
2468 4165 2658 4237 possit,
2689 4165 2767 4220 sic
2796 4161 3122 4218 attendenda
3166 4171 3284 4228 est,
3325 4162 3473 4234 quod
3501 4162 3664 4218 omnia
3685 4170 3777 4229 qua:

2222 4258 2456 4331 perfecta
2486 4266 2649 4323 sunt,
2687 4256 2771 4312 vir
2813 4256 3096 4321 dicuntur;
3123 4255 3303 4311 omnia
3335 4270 3458 4325 quae
3495 4251 3775 4325 imperfecta,

2221 4352 2464 4409 fminina.
2483 4351 2724 4416 Denique
2745 4364 2866 4405 cum
2900 4349 3152 4420 perfectis
3176 4348 3429 4405 omnibus
3451 4343 3776 4405 sanctificatu—

2223 4460 2328 4516 que
2352 4452 2407 4499 ct
2437 4442 2748 4513 justilicatis
2766 4456 3093 4498 concurrere
3119 4440 3170 4496 iu
3197 4441 3370 4495 virum
3402 4431 3772 4512 reperituus(5).

2148 4538 2202 4599 D
2224 4537 2315 4593 Sic
2336 4537 2477 4593 enim
2501 4536 2702 4592 dictum
2727 4549 2849 4593 esse
2868 4532 2947 4609 (4)
2972 4533 3198 4605 intelligi
3229 4534 3358 4590 licet
3384 4552 3399 4590 :
3427 4548 3547 4591 cum
3568 4527 3774 4589 mundus,

2229 4694 2443 4751 diverse
2486 4701 2738 4768 movent;
2772 4708 2872 4768 nec
2922 4693 3055 4768 ideo_
3085 4701 3480 4768 consenserunt
3508 4690 3558 4746 in
3599 4684 3770 4768 easint-

2232 4769 2426 4833 mines,
2453 4768 2571 4836 quia
2591 4766 2701 4836 jam
2726 4757 2974 4819 valebant
2992 4763 3060 4819 ad
3085 4762 3557 4837 significationem,
3586 4760 3668 4837 sed
3684 4757 3773 4837 ideo

2231 4832 2419 4895 valent
2455 4832 2699 4909 (Μελ...
2741 4837 3105 4909 (ιιιίεᾶωη.....
3138 4832 3487 4891 daemonibus
3513 4832 3682 4909 partim
3714 4832 3774 4909 itt-

2235 4919 2397 4965 veuta
2420 4897 2697 4966 referenda
2725 4897 2934 4979 cupidis
2975 4897 3663 4979 malorum....."secundum
3688 4897 3774 4970 pul-

2232 4980 2562 5037 cherrimum
2611 4974 2881 5036 ordine—nr
2910 4980 3380 5050 providenti:e.....
3409 4978 3585 5049 generi
3623 4974 3770 5028 huma-

2232 5070 2418 5110 μου...
2451 5055 2645 5122 quibus
2672 5052 2979 5121 impietatis,
3011 5050 3406 5106 curiositatis...
3448 5069 3468 5104 ι

2305 5126 2387 5194 (1)
2417 5111 2519 5180 Pro
2570 5111 2781 5178 Editum
2809 5139 2873 5177 ea:
2898 5111 3138 5194 ﬂemina,
3166 5122 3363 5194 legitur
3387 5122 3441 5177 in
3474 5119 3640 5191 ang.,
3663 5111 3769 5168 Fac-

2234 5208 2344 5252 tum
2370 5213 2433 5251 ea:
2456 5195 2689 5251 muliere.

2302 5249 2515 5351 (εῖναι
2541 5249 2636 5336 pro
2660 5275 2707 5321 et
2734 5281 2840 5351 non
2868 5272 2951 5322 est
2974 5265 3270 5351 insolitum.
3302 5249 3768 5351 ceteroquin-aito"?

2235 5337 2458 5408 Deipara
2522 5354 2629 5393 non
2683 5338 2855 5392 solum
2932 5348 3057 5392 ante
3104 5337 3309 5394 editum
3367 5337 3585 5401 Jesum,
3625 5338 3765 5408 verum

2228 5397 2387 5467 etiam
2441 5420 2660 5483 postea,
2711 5415 2968 5483 perpetua
3017 5397 3609 5483 virgofneritabsoluta
3636 5397 3767 5483 βοάς
3812 5444 3815 5447 -

2228 5482 2323 5538 site
2376 5478 2655 5552 catholicae
2692 5478 2983 5536 auctoritas
3022 5478 3126 5536 est.
3170 5480 3531 5552 Virginitatem
3564 5478 3765 5552 Deipgt't

2211 5552 2546 5679 .mitgoravit
2590 5551 2895 5617 Victorinus
2943 5554 3105 5609 etiam
3136 5553 3189 5609 itt
3220 5540 3418 5608 comm.
3446 5549 3510 5606 ad
3537 5540 3764 5604 rhetJCic.

2225 5640 2266 5679 ι.
2366 5666 2378 5678 .
3118 5669 3125 5673 .

2225 5640 2266 5681 ι.
2288 5626 2378 5681 40.

2251 5666 2381 5765 "(Si
2413 5695 2493 5765 Ad
2520 5693 2660 5765 Eph.
2688 5709 2763 5764 ιν,
2790 5695 2877 5752 ιδ.

2214 5785 2222 5793 υ
2296 5764 2375 5837 (4)
2410 5764 2581 5823 Codd;
2613 5776 2705 5822 est.
