4024 6306
247 301 393 361 ιιι-1

1115 300 1181 356 IN
1221 297 1614 357 EPISTOl.AM
1666 294 1871 355 PAULI
1911 296 2003 353 AD
2042 296 2365 356 GALATAS
2405 300 2610 357 LIBER
2648 299 2715 359 Il.

3404 303 3541 364 M78

246 419 330 473 vel
376 431 474 472 nos
519 416 575 472 in
611 416 730 488 ipso
769 416 970 473 mundo
999 416 1193 488 positi,
1238 431 1343 470 non
1373 412 1835 487 perfectissimus,
1867 416 1920 475 Α
1944 414 2114 470 factus
2140 416 2211 471 sit
2240 417 2340 474 sub
2359 417 2499 490 lege,
2544 430 2598 472 ut
2625 436 2710 475 eos
2739 420 2826 492 qui
2865 421 2956 478 sub
2997 424 3108 495 lege
3137 434 3303 493 erant,
3330 425 3550 480 redinte-

244 510 588 568 fminarum
616 510 777 566 modo
796 518 852 565 et
878 510 1163 565 mulierum
1190 508 1455 578 exigimus
1474 507 1657 561 vitam.

316 605 387 662 Ut
408 605 570 677 igitur
588 602 836 660 Christus
857 605 1085 659 salutem
1107 602 1263 657 nobis
1285 609 1549 673 praestans
1591 600 1678 655 vel
1701 614 1841 669 pras-

243 707 484 757 staturus
503 699 548 772 (l
564 698 658 773 )ad
683 715 781 756 nos
807 699 1037 765 veniret,
1062 706 1219 754 natus
1236 705 1405 754 estex
1428 695 1665 761 flemina,
1687 693 1739 748 id
1762 701 1843 748 cst

245 794 457 864 accepit
482 803 538 850 et
560 794 704 849 illam
729 803 961 865 partem,
1002 808 1122 862 qua:
1161 790 1533 863 imperfectum
1566 804 1690 845 eum
1721 788 1844 844 red-

245 885 420 952 deret,
444 894 500 941 et
518 885 797 941 nobiscum
820 900 882 942 se
904 899 1086 956 parum
1109 883 1329 950 faceret,
1346 883 1397 937 id
1414 891 1496 938 est
1517 882 1600 935 vel
1622 895 1839 935 carnem

243 978 334 1034 vel
378 978 673 1042 mundum;
705 978 758 1033 in
787 992 896 1048 quo
941 976 1145 1032 mundo
1179 976 1262 1032 vel
1312 977 1364 1031 itt
1395 990 1499 1046 qua
1526 989 1689 1030 carne
1717 988 1841 1029 cum

245 1079 392 1129 esset
410 1070 798 1140 edittts,utiQue
825 1085 891 1125 ex
921 1069 1159 1131 hemina,
1176 1068 1228 1123 id
1248 1076 1424 1124 estex
1454 1083 1561 1123 non
1592 1063 1844 1137 perfectis

245 1163 508 1236 mysterio
533 1162 826 1231 completo,
866 1159 1231 1217 sanctiﬁcatus
1271 1161 1431 1215 etiam
1476 1168 1596 1230 post
1636 1158 1843 1231 passio-

247 1274 374 1314 nem
403 1266 458 1313 et
486 1266 607 1328 post
633 1257 1082 1312 resurrectionem
1113 1257 1196 1310 vir
1224 1254 1481 1321 eflectus,
1515 1256 1565 1311 id
1605 1263 1688 1310 est
1720 1269 1842 1324 per-

246 1349 448 1407 fectum
489 1350 739 1421 spiritum
772 1348 977 1404 habens
1006 1357 1169 1419 atque
1208 1348 1498 1419 recipiens,
1530 1346 1841 1402 similitudic

245 1459 372 1501 nem
403 1443 560 1499 nobis
598 1442 773 1504 daret,
802 1450 859 1496 ιιι
884 1451 939 1515 ει
977 1456 1075 1496 nos
1121 1442 1173 1496 in
1199 1440 1368 1496 virum
1396 1453 1844 1511 consurgeremus

245 1552 314 1595 ex
344 1537 587 1603 fmmina,
618 1536 670 1591 id
698 1545 780 1591 est
809 1551 876 1592 ex
909 1534 1008 1590 hac
1030 1535 1158 1601 vita,
1183 1550 1303 1606 qua:
1324 1542 1719 1605 cum~corrupta
1735 1544 1841 1600 est,

247 1632 442 1689 merito
480 1631 562 1686 vel
594 1630 809 1686 ltemina
838 1630 920 1685 vel
953 1629 1146 1684 mulier
1177 1628 1502 1683 nominatur.
1538 1627 1672 1682 Hinc
1700 1626 1842 1682 enim

245 1726 446 1783 malum
469 1742 535 1782 ex
566 1725 782 1783 flemina
799 1743 812 1779 :
830 1739 953 1780 nam
975 1733 1028 1779 et
1054 1724 1105 1778 iu
1132 1723 1305 1794 primo
1333 1722 1551 1778 homine
1576 1737 1680 1777 non
1715 1736 1843 1792 pec-

243 1829 424 1877 catum
451 1820 552 1875 nisi
574 1835 639 1875 ex
662 1818 903 1875 flemina.

316 1913 557 1969 Factum.
598 1912 713 1969 Sub
756 1913 858 1968 hoc
902 1912 1068 1969 verbo
1106 1927 1263 1969 error
1302 1911 1565 1984 plurimus
1610 1911 1852 1966 nascitur

239 2015 305 2063 ut
327 2007 524 2062 exinde
553 2006 855 2077 intelligant
894 2022 999 2061 non
1042 2015 1229 2063 natum
1254 2006 1418 2062 tilium
1441 2048 1455 2071 ,
1487 2005 1580 2060 sed
1610 2006 1807 2061 factum
1828 2046 1844 2072 ,

241 2100 366 2170 quia
388 2099 525 2155 dixit
547 2100 683 2156 misit
706 2099 843 2156 Deus
854 2101 1018 2172 ﬁlium
1042 2118 1191 2156 suum
1211 2100 1402 2156 editum
1423 2118 1486 2155 ea:
1506 2102 1851 2173 [muinaJuc—

243 2201 355 2248 tum
383 2192 477 2248 sub
504 2193 632 2265 lege.
663 2192 770 2251 Sed
802 2195 1028 2250 multum
1062 2195 1307 2263 interest,
1340 2206 1517 2250 utrum
1542 2194 1712 2250 ﬁlium
1742 2193 1850 2250 fac—

244 2296 358 2342 tum
404 2286 628 2356 diceret,
676 2304 743 2343 an
787 2293 978 2359 factum
1005 2288 1098 2343 sub
1127 2288 1446 2361 lege.‘Alind
1491 2296 1575 2343 est
1611 2289 1757 2343 enim
1787 2286 1849 2341 ﬁ~

243 2379 374 2435 lium
403 2382 626 2436 missum
658 2397 800 2449 esse,
839 2381 928 2451 qui
954 2381 1064 2451 jam
1100 2382 1191 2435 fuit
1229 2381 1390 2441 lilius.
1422 2391 1476 2435 et
1512 2380 1697 2451 utique
1724 2395 1848 2436 cum

242 2472 388 2529 ﬁlius
416 2484 572 2529 natus
592 2516 606 2540 ,
646 2490 789 2530 nunc
823 2482 1002 2529 autem
1043 2491 1165 2530 cum
1204 2490 1270 2530 ex
1299 2473 1514 2531 fmmiua
1541 2474 1717 2529 editus
1743 2481 1847 2542 est,

243 2575 425 2640 potest
461 2568 565 2624 dici
594 2569 764 2625 lactus
790 2569 860 2625 ab
900 2569 1001 2624 hoc
1031 2580 1089 2624 ut
1127 2569 1230 2624 sub
1256 2569 1372 2639 lege
1390 2576 1566 2624 esset.
1599 2567 1737 2636 Quid
1768 2575 1851 2623 est

242 2671 423 2717 autem
454 2661 588 2716 dixit
615 2661 807 2730 factum
830 2661 923 2717 sub
953 2662 1104 2733 lege?
1131 2673 1316 2716 utnon
1341 2662 1483 2717 inter
1512 2669 1701 2731 gentes
1726 2676 1850 2716 nas-

239 2760 474 2821 ceretur,
521 2752 615 2809 sed
661 2755 801 2823 apud
840 2753 1079 2820 Iudaeos,
1111 2763 1165 2807 et
1205 2753 1259 2808 in
1301 2753 1580 2822 disciplina
1628 2766 1692 2806 ac
1732 2752 1850 2823 lege

240 2843 433 2916 Moysi.
459 2842 647 2899 Omnis
665 2846 806 2900 enim
828 2844 935 2901 illic
955 2855 1301 2915 poteratesse
1323 2844 1588 2901 correctio
1613 2860 1627 2909 ;
1650 2843 1849 2900 etenim

243 2938 299 2994 in
331 2936 493 2993 Israel
530 2937 758 3008 populus
802 2938 898 2994 Dei
920 2937 1098 2993 dictus
1125 2949 1229 3004 est,
1261 2938 1346 2992 cui
1381 2938 1552 3009 legem
1579 2937 1789 3009 Moyses
1818 2954 1848 2992 a

246 3029 361 3087 Deo
380 3031 608 3100 accepit.
648 3038 704 3085 et
731 3030 883 3085 dedit
913 3032 1012 3102 ip-i
1042 3031 1228 3101 usique
1255 3031 1402 3086 male
1422 3030 1742 3101 intelligettti
1773 3031 1848 3086 le-

242 3139 397 3196 gem;
428 3134 484 3180 et
509 3124 711 3180 idcirco
740 3125 984 3195 peccanti
1017 3126 1278 3182 debuerat
1303 3126 1615 3189 subvenire,
1640 3135 1694 3181 et
1720 3140 1849 3196 pec-

244 3226 362 3273 cata
389 3217 436 3272 ei
468 3215 739 3282 auferret;
763 3217 809 3272 si
841 3218 1003 3272 modo
1033 3218 1176 3273 idem
1208 3218 1326 3288 ipse
1356 3218 1585 3287 populus
1613 3233 1845 3290 cognos-
1873 3211 1920 3276 C

244 3319 395 3367 ceret
439 3311 533 3366 Dei
575 3300 762 3366 lilium.
811 3309 1029 3366 Poterat
1065 3313 1212 3367 enim
1251 3312 1295 3366 si
1335 3311 1462 3366 alibi
1515 3320 1846 3378 nasceretur,

248 3403 303 3459 id
343 3414 425 3459 est
473 3405 613 3459 inter
654 3414 862 3473 gentes,
904 3403 1070 3463 Israel
1101 3404 1301 3460 idcirco
1342 3420 1445 3459 nou
1494 3418 1847 3475 cognoscere,

247 3495 391 3568 quod
422 3510 527 3551 non
571 3496 623 3550 in
655 3512 749 3551 sua
784 3506 945 3567 gente
990 3506 1148 3551 natus
1176 3496 1469 3552 videretur.
1504 3496 1641 3552 Hinc
1669 3504 1849 3551 autem

248 3590 455 3661 majora
504 3599 721 3658 peccata
762 3591 866 3646 iste
923 3591 1151 3662 populus
1194 3591 1434 3656 admisit,
1475 3591 1618 3661 quod
1657 3590 1711 3645 itt
1751 3604 1850 3646 sua

250 3695 431 3757 gente,
456 3684 505 3738 id
527 3684 683 3739 estin
711 3684 831 3755 lege
854 3684 1049 3756 Moysi,
1069 3683 1213 3739 inter
1237 3683 1403 3739 Israel
1431 3690 1611 3747 natus,
1638 3697 1745 3737 non
1769 3690 1854 3736 est

248 3777 520 3846 cognitus,
555 3792 673 3830 cum
705 3777 806 3846 ipsi
832 3778 1001 3847 genti,
1036 3775 1087 3829 id
1112 3786 1192 3830 est
1219 3783 1273 3829 et
1300 3774 1496 3840 David,
1527 3773 1729 3829 dictum
1759 3775 1848 3842 sit,

246 3870 391 3943 quod
415 3870 607 3925 semini
629 3869 746 3938 ejus
765 3869 983 3925 daretur
1005 3867 1291 3923 ltmretlitas
1313 3877 1367 3922 et
1390 3867 1682 3923 :tternitas.
1708 3866 1854 3935 Ergo

247 3979 373 4022 cum
404 3963 566 4018 David
609 3963 681 4017 sit
722 3972 872 4032 pater
923 3962 1112 4030 Israel,
1170 3962 1238 4016 ibi
1268 3972 1425 4014 natus
1455 3969 1558 4026 cst,
1611 3958 1853 4015 utilium

247 4066 627 4129 agnoscerent.
677 4055 832 4113 Untlc
874 4055 1048 4123 majus
1090 4066 1366 4125 peccatum
1399 4062 1504 4121 est,
1560 4054 1702 4126 quod
1744 4069 1853 4110 non

248 4163 590 4223 agnoverunt
619 4151 816 4205 factum
848 4150 950 4205 sub
975 4149 1114 4219 lege.

322 4247 483 4303 Multa
507 4245 610 4302 dici
636 4254 878 4315 possunt,
901 4259 1068 4315 quare
1091 4232 1287 4299 factum
1307 4243 1408 4299 sub
1431 4242 1578 4315 lege;
1601 4241 1693 4297 vel
1711 4240 1854 4313 quod

248 4342 325 4400 ibi
361 4341 474 4412 jatn
521 4341 660 4397 Deus
703 4355 843 4415 unus
878 4339 1178 4404 colebatur,
1210 4338 1294 4393 vel
1324 4337 1465 4408 quod
1492 4337 1604 4409 jam
1631 4351 1857 4406 accepe-

249 4443 376 4489 rant
403 4453 430 4487 a
465 4433 575 4489 Deo
606 4432 820 4489 oracula
849 4441 1010 4503 atque
1041 4443 1333 4502 prtccepta,
1361 4431 1447 4487 vel
1474 4430 1619 4501 quod
1647 4429 1858 4501 Moyses

250 4530 429 4601 imago
474 4536 530 4584 et
555 4537 713 4599 typus
749 4524 852 4581 fuit
891 4524 1124 4591 ChriSti;
1157 4524 1241 4579 vel
1263 4539 1385 4578 cum
1418 4525 1552 4594 ipse,
1590 4537 1712 4578 cum
1755 4521 1858 4576 hoc

1942 518 2059 575 ret,
2092 522 2148 565 ut
2178 510 2405 579 ﬁliorum
2431 513 2760 583 adoptionem
2786 516 3143 584 reciperemus.
3178 515 3323 585 Haec,
3350 518 3546 590 inquit,

1943 618 2102 660 causa
2127 614 2211 661 est
2233 619 2331 660 cur
2359 605 2499 661 Deus
2530 607 2671 663 misit
2701 608 2868 664 ﬁlium
2895 626 3050 665 suum
3070 650 3085 678 ,
3112 620 3164 665 et
3193 613 3339 666 misit
3364 614 3547 684 utique

1939 695 2050 768 jam
2085 696 2272 766 ﬁlium,
2312 697 2407 754 sed
2451 715 2594 756 nunc
2615 700 2805 756 editum
2828 702 3234 772 exfmmina;et
3262 705 3402 760 misit
3438 705 3549 761 fac-

1947 797 2057 844 tum
2083 790 2184 846 sub
2220 790 2356 858 lege.
2385 790 2515 859 Quze
2535 806 2692 848 causa
2720 803 2805 849 est
2832 810 2927 850 cur
2948 797 3051 852 sub
3080 797 3232 869 lege?
3253 808 3307 853 nt
3328 814 3423 855 eos
3461 816 3549 857 re-

1944 884 2172 941 dimeret
2194 885 2281 956 qui
2303 885 2405 941 sub
2431 885 2552 957 lege
2577 896 2751 943 erant.
2779 888 2919 961 Ergo
2950 892 2994 947 si
3024 899 3082 947 ut
3105 892 3397 949 redimeret
3422 894 3550 951 mis-

1944 994 2037 1035 sus
2058 990 2160 1047 est,
2182 981 2349 1051 magis
2374 981 2593 1051 obligati
2618 998 2801 1039 sumus
2821 986 2864 1040 si
2889 1000 2919 1041 a
2944 986 3058 1057 lege
3082 987 3413 1045 redimimur.
3441 988 3548 1046 Sed

1945 1083 2002 1132 et
2033 1076 2148 1145 ipse
2176 1077 2255 1131 sic
2276 1086 2330 1132 et
2357 1075 2460 1131 alio
2485 1077 2537 1132 in
2559 1077 2679 1134 loco
2701 1080 2778 1151 (1)
2800 1094 2919 1135 cum
2943 1080 3010 1137 tle
3033 1081 3249 1138 flemina
3280 1083 3546 1156 loquitur:

1945 1171 2195 1243 quoniam
2218 1184 2339 1224 cum
2363 1169 2444 1225 vir
2463 1170 2582 1239 ejus
2600 1171 2751 1237 vivit,
2770 1172 2995 1244 obligata
3021 1183 3103 1230 est
3126 1178 3267 1241 viro;
3293 1186 3346 1231 at
3364 1177 3406 1231 si
3431 1192 3553 1248 per-

1946 1265 2086 1331 ierit,
2114 1264 2336 1320 liberata
2376 1272 2458 1319 est
2501 1280 2529 1318 a
2554 1264 2688 1319 viro.
2718 1265 2856 1336 Ergo
2878 1266 3127 1336 quoniam
3161 1268 3242 1323 lex
3272 1267 3555 1339 praeceptis

1947 1357 2092 1412 velut
2151 1356 2365 1412 tenebat
2406 1357 2634 1422 vinctos,
2659 1357 2726 1412 ad
2775 1358 2895 1413 vitae
2928 1368 3132 1415 tantum
3174 1360 3554 1432 integritatem,

1945 1465 2051 1506 non
2075 1457 2129 1506 et
2153 1448 2219 1504 ad
2245 1464 2394 1522 spem
2421 1448 2753 1506 liberationis
2779 1460 2832 1506 et
2855 1452 3190 1519 :eternitatis,
3218 1454 3361 1509 misit
3387 1455 3551 1510 lilium

1945 1558 2101 1598 suum
2131 1543 2269 1596 Deus
2288 1584 2304 1609 ,
2331 1550 2386 1597 ει
2404 1542 2513 1609 sub
2531 1543 2645 1612 lege
2672 1542 2813 1597 misit
2835 1585 2849 1608 ,
2879 1542 2935 1597 id
2966 1553 3049 1599 est
3075 1546 3127 1600 in
3161 1544 3352 1614 Israel,
3378 1556 3437 1601 ut
3458 1562 3553 1605 eos

1945 1636 2034 1708 qui
2066 1634 2136 1690 ibi
2179 1636 2404 1703 fuerant,
2429 1652 2492 1692 ac
2514 1636 2613 1693 sub
2636 1638 2752 1708 lege
2782 1636 3051 1706 vivebant,
3084 1639 3393 1695 redimeret.
3421 1639 3555 1710 Mag-

1947 1745 2073 1784 num
2098 1737 2278 1784 autem
2317 1729 2439 1794 hoc,
2478 1737 2662 1785 utnon
2689 1730 2794 1786 illis
2838 1731 2979 1787 viam
3021 1731 3233 1788 vivendi
3271 1741 3555 1803 praestaret

1878 1819 1928 1878 Β
1955 1848 2129 1902 neque
2166 1832 2450 1902 praeceptis
2473 1831 2842 1887 tantummodo
2870 1829 2951 1905 (ξ’.)
2994 1832 3249 1888 excitaret
3298 1832 3365 1887 ad
3396 1840 3555 1888 teter-

1953 1927 2198 1993 uitatem,
2241 1927 2337 1982 sed
2365 1938 2422 1981 ut
2447 1926 2772 1993 redimeret,
2813 1927 3005 1998 inquit.
3050 1926 3161 1982 lloc
3205 1928 3349 1983 enim
3374 1935 3553 1982 actum

1952 2030 2035 2077 est
2075 2022 2331 2093 mysterio
2352 2030 2409 2075 ut
2446 2019 2737 2075 redimeret
2758 2034 2947 2076 omnes
2970 2021 3021 2074 in
3064 2019 3211 2075 illum
3234 2019 3554 2086 credentes,

1953 2127 2011 2173 ut
2039 2115 2165 2171 ﬁant
2196 2129 2385 2170 omnes
2417 2113 2470 2170 in
2497 2113 2646 2169 illum
2672 2114 2980 2181 credentes,
3003 2114 3097 2170 ﬁlii
3126 2113 3452 2185 adoptionis.

2022 2208 2155 2265 Cum
2181 2223 2312 2280 ergo
2336 2216 2541 2264 tantum
2580 2207 2897 2263 beneﬁcium
2927 2217 3207 2278 totumque
3232 2206 3552 2262 beneﬁcium

1952 2319 2019 2359 ex
2050 2301 2269 2358 Christo
2309 2304 2403 2369 sit,
2448 2301 2579 2358 nihil
2624 2300 3019 2373 adjungendum
3067 2310 3347 2371 prteterea,
3386 2313 3560 2369 neque

1950 2398 2056 2469 legi
2077 2395 2421 2452 serviendum
2451 2415 2464 2451 :
2492 2395 2752 2465 redempti
2782 2395 2925 2451 enim
2967 2409 3178 2460 sumus,
3210 2404 3267 2450 et
3292 2393 3560 2463 redempti

1950 2505 1981 2545 a
2014 2492 2163 2561 lege,
2196 2497 2251 2544 et
2290 2488 2550 2559 redempti
2595 2488 2662 2543 ab
2707 2488 2809 2543 hoc
2840 2486 2918 2559 ('5)
2952 2487 3187 2556 tnundo,
3221 2495 3278 2541 ut
3320 2486 3414 2541 ﬁlii
3463 2487 3557 2542 Dci

1952 2586 2121 2643 simus
2145 2628 2160 2653 ,
2189 2584 2283 2641 sed
2313 2593 2368 2640 et
2404 2584 2501 2639 ﬁlii
2529 2582 2836 2653 adoptione.
2870 2581 2985 2638 Non
3018 2582 3161 2637 enim
3194 2579 3322 2645 ﬁlii,
3354 2590 3412 2636 ut
3439 2581 3555 2652 ipse

1953 2680 2119 2744 ﬁlius,
2172 2678 2265 2733 Sed
2310 2694 2405 2749 per
2455 2677 2620 2732 lilium
2670 2676 2787 2731 lilii.
2835 2675 2960 2731 Hzcc
2997 2674 3272 2746 estigitur
3299 2673 3556 2744 adoptio;

1953 2787 2110 2841 quam
2142 2779 2200 2825 ut
2232 2770 2626 2839 reciperemus,
2662 2767 2862 2838 inquit,
2899 2767 3040 2821 Deus
3073 2766 3240 2821 ﬁlium
3270 2780 3426 2820 suum
3455 2765 3560 2820 mi-

1951 2867 2041 2922 sit.
2074 2865 2179 2922 Sed
2202 2866 2444 2937 quoniatn
2468 2865 2566 2935 lilii
2587 2868 2706 2919 estis
2731 2863 2841 2931 Dei,
2867 2863 3004 2918 misit
3034 2861 3171 2918 Deus
3197 2861 3433 2931 spiritum
3463 2860 3562 2930 ﬁlii

1951 2960 2033 3015 sui
2079 2960 2132 3013 in
2181 2960 2339 3013 corda
2378 2969 2564 3013 vestra.
2606 2956 2749 3013 Ecce
2796 2964 2940 3011 totus
2984 2955 3117 3010 ordo
3146 2955 3305 3009 trittm
3334 2953 3555 3008 istarum

1952 3051 2314 3122 potentiorum
2346 3049 2428 3125 (4)
2474 3064 2572 3122 per
2601 3064 2760 3105 unam
2806 3049 3055 3104 virtutem
3088 3061 3359 3117 unamque
3387 3045 3559 3100 deita-

1952 3152 2081 3199 tem.
2110 3142 2281 3211 Nam,
2312 3142 2519 3214 inquit,
2552 3141 2643 3210 qni
2675 3149 2825 3212 pater
2853 3148 2935 3196 est
2956 3182 2971 3208 ,
3005 3139 3149 3194 misit
3176 3137 3341 3192 ﬁlium
3375 3151 3553 3203 suum,

1952 3235 2043 3307 qui
2068 3235 2313 3292 Christus
2335 3244 2437 3291 est.
2464 3234 2778 3304 RursuSque
2806 3233 3053 3289 Christus
3082 3232 3214 3302 ipse,
3241 3229 3438 3301 quiest
3458 3229 3554 3285 Dei

1952 3330 2150 3393 virtus.
2183 3340 2237 3386 et
2281 3330 2398 3399 ipse
2440 3329 2581 3384 Deus
2624 3337 2736 3395 est,
2782 3328 2929 3382 misit
2972 3327 3145 3387 Deus.
3196 3323 3403 3394 inquit;
3447 3323 3558 3393 jam

1952 3423 2096 3478 enim
2130 3423 2342 3478 trinitas
2370 3428 2472 3478 cst.
2500 3422 2569 3477 Et
2594 3421 2839 3476 Christus
2868 3427 2923 3475 ct
2949 3419 3181 3473 maxime
3210 3424 3332 3488 post
3361 3425 3559 3487 myste-

1951 3518 2090 3573 rium
2121 3514 2485 3572 sanctiﬁcatus
2514 3516 2682 3580 misit,
2714 3514 2907 3583 inquit,
2930 3512 3176 3582 Spiritum
3207 3510 3300 3566 lilii
3329 3510 3436 3576 sui,
3465 3508 3558 3580 qui

1953 3620 2039 3668 est
2075 3611 2300 3681 spiritus
2330 3618 2579 3673 sanctus,
2612 3608 2705 3678 qui
2734 3606 2787 3663 in
2817 3606 2980 3661 corda
3013 3614 3194 3660 nostra
3223 3602 3559 3659 descendens

1953 3680 2117 3761 facile
2136 3680 2414 3774 cegnoscit
2443 3711 2673 3775 patrem.
2708 3701 2801 3755 Est
2829 3715 2959 3769 ergo
2987 3714 3016 3753 a
3048 3699 3159 3754 Deo
3189 3698 3383 3752 missus
3417 3695 3567 3775 ﬁlius

1953 3798 2109 3855 Iesus
2139 3798 2386 3853 Christus
2406 3838 2421 3864 ,
2455 3798 2507 3851 in
2538 3811 2696 3867 quem
2728 3794 2971 3859 credunt,
3000 3793 3091 3865 qui
3123 3792 3369 3859 credunt,
3399 3799 3560 3862 atque

1954 3890 2265 3948 efﬁciuntur
2291 3890 2387 3945 lilii
2416 3890 2547 3945 Dei:
2580 3888 2915 3954 ntittiturque
2941 3888 2994 3940 in
3021 3901 3114 3941 eos
3146 3902 3175 3939 a
3206 3885 3315 3940 Deo
3338 3884 3560 3954 spiritus

1894 4038 1896 4040 ,
1955 3982 2071 4049 ﬁlii,
2096 3984 2147 4039 id
2175 3995 2260 4039 est
2286 3983 2507 4052 spiritus
2535 3993 2769 4050 sanctus,
2805 3989 2862 4035 ttt
2886 3981 2995 4050 jam
3030 3986 3338 4050 pmperettt,
3367 3977 3434 4033 ad
3466 3992 3557 4047 pa-

1958 4089 2093 4135 trem
2127 4079 2399 4142 fcstinent,
2424 4079 2658 4133 clament
2685 4075 3083 4147 quodammodo
3111 4072 3373 4129 interiore
3400 4086 3557 4128 sanc-

1956 4171 2251 4229 tiﬁcatione
2276 4179 2332 4226 ct
2359 4171 2615 4226 interiore
2644 4184 2794 4224 voce.
2827 4167 2965 4235 Quid
2994 4165 3250 4231 clament,
3284 4165 3399 4236 ipse
3425 4164 3558 4220 sub-

1954 4250 2149 4336 iungit,
2169 4264 2393 4319 clamant
2413 4262 2544 4318 abba
2556 4271 2724 4332 pater.
2752 4261 2956 4317 Habent
2969 4261 3190 4330 Spiritus
3205 4258 3367 4315 verba
3385 4265 3442 4313 et
3454 4272 3560 4313 ma-

1956 4360 2038 4432 gis
2060 4358 2258 4413 habent
2278 4373 2399 4413 cum
2416 4356 2850 4428 cognoscentium
2874 4355 2950 4429 (5)
2980 4355 3146 4424 patris
3172 4357 3409 4426 capiunt.
3442 4354 3558 4421 Ipsa

1957 4461 2136 4508 autem
2167 4450 2545 4522 cognoscentia
2591 4449 2776 4520 patris,
2825 4447 2876 4503 id
2908 4455 2991 4504 est
3031 4463 3152 4503 cum
3183 4445 3562 4517 cognoscimus
3606 4436 3609 4439 λ

1960 4553 2166 4615 patrem
2189 4586 2204 4609 ,
2250 4544 2362 4614 ipsa
2397 4558 2499 4598 vox
2537 4551 2620 4599 est
2658 4542 2877 4612 spiritus
2906 4540 3076 4596 nostri
3102 4540 3169 4594 ad
3200 4540 3369 4596 Deum
3397 4550 3559 4609 quem

251 4633 401 4680 esset
419 4623 561 4695 quod
591 4622 625 4676 ii
653 4622 745 4693 qui
773 4621 874 4676 sub
898 4620 1015 4691 lege
1038 4626 1184 4685 sunt,
1208 4618 1388 4674 etalio
1410 4618 1571 4674 modo
1594 4615 1852 4689 prmcipe~

1961 4640 2206 4711 spiritum
2237 4638 2394 4693 nobis
2420 4635 2567 4692 dedit
2600 4637 2740 4691 Deus
2773 4654 2786 4688 :
2819 4633 3057 4705 cognitio
3087 4647 3391 4688 consonans
3436 4646 3559 4687 cum

251 4727 339 4775 ret
365 4727 525 4788 atque
554 4730 582 4768 τι
625 4716 741 4786 lege
783 4728 880 4785 pro
922 4713 1098 4769 salute
1137 4712 1441 4768 discederet
1469 4709 1572 4783 (ἓ),
1617 4725 1724 4765 non
1754 4710 1855 4765 oh-

252 4808 522 4866 st~rvando
550 4807 774 4863 sabbato
800 4815 1140 4877 catteraquc;
1175 4803 1373 4860 exinde
1411 4804 1633 4869 scirent,
1667 4816 1768 4856 non
1800 4801 1854 4856 in

253 4903 512 4976 eperibus
540 4900 671 4971 legis
701 4914 876 4972 neque
912 4914 983 4955 ex
1017 4902 1133 4969 lege
1160 4897 1401 4953 ‘salutem
1430 4910 1673 4966 sperare.
1705 4894 1857 4951 Unde

254 5000 416 5054 etiam
448 4996 653 5054 Galatae
682 4995 1042 5066 intelligerent
1073 4993 1158 5066 (5)
1181 5007 1241 5048 εε
1268 4993 1320 5046 itt
1350 5006 1590 5047 errorem
1612 5004 1738 5045 esse
1762 4991 1858 5045 de-

257 5095 459 5164 lapsos,
496 5090 762 5160 siquidem
790 5091 949 5147 etiam
982 5088 1230 5144 Salvator
1258 5085 1396 5158 ipse,
1425 5086 1476 5139 in
1504 5098 1662 5156 quem
1683 5083 1859 5138 credi-

255 5185 483 5251 derunt,
517 5182 617 5238 sub
656 5182 776 5253 lege
802 5182 991 5248 factus,
1026 5196 1133 5236 non
1166 5188 1343 5234 tamen
1371 5176 1592 5233 servivit
1615 5174 1856 5247 legi.Ve-

256 5295 381 5338 rum
412 5280 525 5334 haec
545 5287 601 5334 et
624 5276 727 5331 alia
758 5277 946 5340 multa,
974 5290 1138 5346 quare
1164 5273 1336 5330 factus
1359 5273 1430 5329 sit
1455 5272 1556 5328 sub
1581 5272 1721 5342 lege,
1750 5285 1856 5324 non

258 5372 595 5446 colligenda,
630 5370 884 5445 quoniam
914 5367 992 5443 (4)
1023 5369 1138 5441 ipse
1166 5384 1381 5451 causam
1405 5367 1661 5440 subjecit,
1691 5380 1857 5439 quare

362 5675 418 5758 ἓ)
450 5675 619 5758 est
655 5675 1000 5758 μεεεςμιαρνειο

362 5743 422 5892 5;
445 5745 616 5803 Codd.
650 5743 951 5815 intelligere.

365 5816 398 5874 4
452 5815 624 5876 Codd.
649 5814 887 5887 quoniam
914 5828 944 5870 ιι

364 5604 416 5676 1)
444 5605 523 5661 Ita
554 5602 712 5659 codd.

362 5679 418 5748 ε)
450 5675 619 5732 (ΣιιιΙιΙ.
655 5675 712 5729 de

337 5608 418 5823 is
445 5745 616 5823 smn-
650 5746 712 5799 im

343 5816 398 5892 (4

452 5815 624 5876 Codd.
649 5814 887 5887 quoniam
914 5826 1035 5870 non.

1958 4749 2024 4791 eo
2053 4747 2211 4806 quem
2241 4732 2552 4804 cognoscit,
2584 4730 2735 4802 quasi
2767 4728 3011 4800 qutcdam
3064 4743 3167 4784 vox
3212 4735 3298 4784 est
3343 4728 3394 4783 in
3435 4742 3559 4784 eum

1959 4843 2117 4898 quem
2169 4825 2464 4897 cognoscit.
2516 4823 2662 4894 Ergo
2711 4820 2963 4892 quoniam
3021 4830 3077 4877 et
3137 4830 3231 4891 per
3281 4821 3446 4877 Deum
3508 4829 3565 4877 et

1960 4936 2056 4991 per
2084 4918 2360 4974 Christum
2398 4917 2776 4989 cognoscimus
2824 4917 3019 4981 Deum,
3055 4914 3320 4972 eflicimur
3368 4915 3461 4970 lilii
3509 4923 3565 4969 et

1960 5013 2060 5085 ipsi
2096 5013 2228 5079 Dei,
2261 5021 2316 5068 ct
2345 5012 2458 5082 ipsa
2496 5011 2803 5082 cognitione
2842 5025 3032 5067 vocem
3083 5010 3347 5066 habemus
3373 5007 3439 5063 ad
3467 5022 3562 5079 pa-

2064 5170 2119 5234 l)
2148 5168 2168 5224 1
2195 5168 2321 5223 Cor.
2351 5168 2447 5228 vu'.
2478 5167 2569 5223 59.

2064 5170 2119 5234 l)
2148 5169 2168 5224 1
2195 5169 2321 5223 Cor.
2351 5169 2447 5228 vu'.
2478 5169 2569 5223 59.

2036 5169 2117 5315 ξιξ)
2163 5239 2540 5324 Tantummodo
2586 5240 2820 5310 pertinet
2855 5239 3018 5297 etiam
3058 5239 3124 5296 ad
3164 5235 3560 5310 praecedentem

1963 5325 2307 5369 sententtant.

2038 5383 2118 5459 (5)
2148 5383 2320 5459 Codd.
2348 5384 2601 5459 [totttinent
2625 5399 2729 5459 pro
2756 5383 2872 5459 hoc.

2039 5450 2121 5529 (ί)
2153 5455 2443 5529 Potentiam
2469 5456 2598 5513 dicit
2625 5450 2933 5529 Victorinus
2963 5467 3059 5524 pro
3089 5469 3326 5521 persona.
3352 5450 3562 5529 Siergo

1972 5524 2057 5585 est
2086 5524 2465 5596 intelligendus
2495 5528 2636 5599 apud
2678 5527 2922 5583 Nicetatn
2953 5541 3123 5599 unpe_r
3166 5544 3193 5579 a
3242 5541 3327 5581 me
3358 5524 3562 5581 editum

1970 5601 2158 5656 titulus
2206 5600 2449 5670 opusculi
2479 5596 2545 5654 de
2597 5598 2826 5671 Spiritus
2875 5599 3040 5654 sancti
3070 5596 3331 5667 Potentia,
3362 5611 3558 5668 nempe
3612 5629 3647 5637 ~-

1971 5688 2556 5818 Ρεὶἒῗηιὸρᾳιιοεεεηιξα,
2603 5740 2919 5818 vocabulum
2967 5741 3019 5798 in
3041 5739 3302 5798 Victorini
3350 5736 3565 5811 scriptis

1971 5808 2131 5870 etiam
2155 5808 2314 5870 ediils
2344 5826 2453 5873 non
2485 5808 2781 5879 insolitum.
