4024 6306
497 288 637 347 ηπ

1772 288 1816 343 Μ
1829 293 1859 342 Α
1871 284 1962 343 RII
2004 286 2353 343 VICTORINI
2397 287 2560 345 AFRI

3660 298 3773 353 “86

513 413 672 460 trem.
703 403 988 472 Quomodo
1013 404 1157 459 enim
1188 402 1337 459 solus
1369 411 1473 468 est,
1509 403 1602 472 qui
1631 409 1922 472 cognoscat
1950 402 2114 459 Deum
2145 406 2192 464 Α
2291 401 2457 457 Vens.
2492 401 2545 457 9.
2592 431 2661 443 -—
2689 401 2843 458 Nune
2867 412 3035 459 autem
3063 412 3118 459 ut
3144 407 3446 478 cognovistis
3473 406 3659 476 Deum,
3688 412 3774 467 into

507 496 791 563 Christus,
831 508 885 552 et
923 512 989 552 ex
1030 512 1097 552 eo
1126 496 1267 568 quod
1298 497 1590 566 cognoscit.
1622 495 1981 564 cognitionem
2031 495 2118 548 lia-

507 590 618 656 bet,
649 590 721 646 ita
741 605 864 646 eum
892 602 1048 646 vocat
1075 590 1159 664 (Ι)
1189 600 1350 660 atque
1378 589 1528 644 illum
1559 589 1813 658 appellat,
1837 588 1960 660 quia
1989 604 2113 644 enm

505 684 802 755 cognoscit.
852 683 1057 738 Idcirco
1098 681 1345 738 Christus
1395 682 1485 737 Dei
1535 681 1758 736 verbum
1809 689 1893 736 est
1936 696 1949 734 :
2005 680 2113 736 dixi

512 777 658 831 enim
704 774 845 846 quod
875 774 1212 846 cognitiones
1257 787 1487 845 quicque
1516 787 1636 828 cum
1678 787 1778 826 nos
1819 772 2117 842 intelligere

513 866 710 922 iaciant
726 878 781 922 et
800 866 1082 938 designare
1106 879 1163 923 et
1180 882 1373 937 capere
1398 877 1453 923 et
1479 866 1767 935 concipere
1794 864 1845 920 id
1870 865 2009 935 quod
2033 865 2117 920 in-

513 962 806 1033 telligimus
826 1004 838 1027 ,
871 962 1021 1031 quasi
1054 961 1216 1025 illud,
1249 960 1405 1032 quale
1431 961 1501 1015 sit
1528 960 1837 1031 cognitione
1879 960 2118 1029 appella-

511 1069 663 1120 mus;
694 1054 993 1123 accipimus
1020 1055 1167 1109 enim
1215 1055 1267 1108 iu
1319 1054 1468 1108 illum
1508 1068 1668 1122 quem
1716 1052 2114 1122 cognoscimus,

511 1148 580 1203 de
621 1163 688 1203 eo
717 1163 873 1216 quem
903 1150 1277 1220 cognoscimus
1302 1189 1317 1214 ,
1348 1148 1573 1203 verbum
1620 1145 1703 1218 (Ω)
1741 1161 1861 1201 cum
1894 1147 2019 1216 quid
2049 1149 2119 1207 sit

509 1242 868 1312 appellamus,
909 1244 1034 1309 quia
1076 1244 1456 1316 cognoscimus
1499 1258 1560 1298 ea
1595 1258 1607 1295 :
1650 1257 1772 1312 quae
1817 1251 1900 1297 est
1941 1244 2117 1301 omnis

510 1335 747 1407 cognitio
774 1336 893 1404 ejus
925 1337 1022 1402 rei,
1053 1353 1212 1408 quam
1238 1341 1613 1409 cognoscimus
1641 1336 1741 1417 (3).

582 1426 725 1499 Ergo
750 1428 1001 1484 Christus
1043 1431 1165 1501 quia
1196 1434 1473 1501 cognoscit
1505 1435 1669 1492 Deum
1690 1480 1703 1502 ,
1753 1438 1844 1493 Dei
1895 1436 2114 1491 veritum

510 1533 624 1587 est;
666 1533 724 1580 et
766 1525 985 1596 spiritus
1017 1528 1139 1597 quia
1168 1525 1417 1583 Christus
1448 1532 1603 1586 nobis
1632 1533 1809 1598 datur,
1842 1532 1935 1587 dat
1962 1530 2118 1586 nobis

509 1615 869 1687 cognitionem
905 1619 994 1673 Dei
1024 1634 1120 1689 per
1150 1622 1319 1690 ipsum
1351 1637 1410 1677 se
1446 1640 1457 1681 :
1487 1624 1613 1679 inde
1638 1625 1696 1679 lit
1726 1634 1785 1680 ut
1803 1636 1851 1699 cl
1878 1640 1975 1679 nos
1998 1640 2121 1679 ver-

510 1707 636 1763 bum
668 1708 865 1776 simus,
898 1718 954 1766 et
994 1711 1049 1766 in
1095 1709 1370 1767 Christum
1409 1723 1463 1769 et
1502 1716 1552 1769 in
1593 1716 1794 1781 Deunt;
1828 1725 1883 1772 et
1915 1716 2118 1771 idcirco

2217 496 2404 567 cogniti
2424 497 2542 550 estis
2565 513 2598 549 a
2629 495 2753 561 Deo,
2781 498 3038 566 qumodo
3059 500 3409 554 convertimini
3434 501 3611 555 iterum
3629 504 3689 555 ad
3713 506 3779 558 in-

2217 588 2369 656 ﬁrma
2396 597 2444 641 et
2468 603 2625 659 egena
2649 588 2806 661 hujus
2835 590 3014 643 mundi
3042 590 3328 646 elementa?
3357 594 3439 665 (l)
3466 592 3633 649 Veluti
3659 595 3774 650 aliud

2216 680 2459 751 adiungit
2493 680 2727 748 Galatia,
2771 682 2914 752 quod
2942 683 3105 738 etiam
3135 684 3186 737 in
3217 685 3469 754 gentilem
3502 687 3779 744 transierint

2216 771 2602 841 disciplinam:
2641 782 2734 829 aut
2765 775 2817 828 in
2860 774 3052 830 eadem
3095 778 3437 831 accusatione
3478 789 3775 847 perseverat,

2217 883 2336 938 quae
2388 869 2557 938 prima
2600 869 2724 933 iuit,
2768 868 2911 939 quod
2952 868 3307 940 adiungerent
3353 870 3516 926 etiam
3564 870 3781 927 christia-

2217 963 2395 1018 nismo
2423 964 2593 1033 legem
2615 963 2905 1034 judaicam,
2931 964 3000 1019 de
3027 964 3457 1030 circumcisione,
3481 967 3549 1019 de
3568 966 3779 1031 sabbato,

2217 1054 2286 1109 de
2311 1056 2452 1109 victu
2482 1072 2495 1108 :
2526 1063 2580 1109 et
2609 1055 2733 1110 hinc
2757 1063 2989 1120 accusat,
3022 1069 3077 1109 ttt
3102 1057 3278 1123 dicat,
3306 1065 3491 1127 postea
3514 1073 3665 1129 quam
3709 1073 3783 1113 co-

2218 1147 2474 1217 guovistis
2498 1149 2663 1203 Deum
2687 1163 2781 1217 per
2803 1148 3141 1219 evangelium
3163 1163 3193 1202 a
3220 1164 3306 1203 me
3320 1148 3527 1216 datum,
3551 1152 3785 1220 quomodo

2217 1239 2599 1295 convertimini
2645 1242 2838 1295 iterum
2887 1241 2954 1294 ad
2994 1240 3244 1308 inﬁrma,
3291 1257 3411 1312 qua:
3457 1250 3586 1297 sunt
3612 1243 3782 1311 utique.

2223 1332 2317 1388 Vel
2348 1333 2605 1404 intelligo,
2639 1336 2683 1389 si
2714 1334 2780 1390 ad
2810 1334 3101 1403 judaieant,
3136 1337 3217 1391 vel
3246 1335 3311 1391 ad
3346 1347 3616 1408 paganos,
3645 1340 3721 1407 qui
3744 1348 3787 1393 et

2216 1426 2317 1498 ipsi
2366 1427 2563 1482 ittilrmi
2602 1436 2748 1483 sunt.
2779 1427 2886 1484 Sed
2923 1443 3047 1484 cum
3087 1427 3329 1497 adiunxit
3371 1446 3533 1501 egena
3573 1432 3785 1485 elementa

2218 1523 2378 1596 hujus
2422 1523 2601 1576 mundi
2632 1522 2799 1593 magis
2840 1524 2989 1593 quasi
3039 1537 3272 1594 paganos
3302 1526 3494 1595 tangit,
3537 1527 3787 1595 quietiam

2218 1615 2286 1671 de
2316 1618 2596 1672 elementis
2628 1616 2788 1685 hujus
2819 1616 3005 1672 mundi
3042 1627 3334 1688 operantur
3374 1619 3479 1673 sibi
3530 1620 3678 1687 Deos,
3723 1620 3791 1675 vel

2220 1709 2333 1779 ipsa
2379 1709 2466 1763 illa
2496 1709 2763 1764 elementa
2809 1716 2867 1765 ut
2896 1711 3073 1781 ignem
3113 1710 3327 1777 colant,
3375 1726 3572 1781 aquam
3621 1712 3787 1778 colant,

509 1800 807 1857 clamamus
835 1804 1161 1873 cognitores.
1193 1803 1454 1877 Cognitor
1481 1815 1658 1864 autem
1684 1822 1807 1863 cmn
1836 1819 1918 1867 est
1946 1808 2112 1879 ipsius

2220 1810 2413 1856 terram
2461 1802 2640 1856 colant
2667 1845 2683 1868 ,
2716 1818 2899 1858 aerem
2938 1803 3143 1857 colant.
3194 1802 3347 1857 Nulla
3377 1805 3523 1858 enim
3565 1805 3793 1859 dubitatio

509 1894 741 1965 cogniti,
787 1894 847 1953 iit
894 1905 953 1951 ttt
994 1897 1266 1968 cognitum
1311 1908 1464 1971 pater
1502 1901 1603 1967 sit,
1654 1901 1902 1973 cognitor
1947 1901 2109 1957 tilius.

512 1987 666 2057 Quod
696 1987 741 2044 si
771 1990 840 2045 ita
867 1999 973 2053 est.
1007 1991 1201 2047 merito
1242 2008 1362 2048 cum
1403 1998 1781 2066 cognoscimus
1807 2011 1901 2067 per
1927 1996 2114 2052 .iesum

514 2094 722 2153 patrem
742 2126 759 2151 ,
802 2100 867 2139 es
897 2085 1207 2156 cognitione
1236 2088 1460 2143 verbum
1492 2090 1659 2159 ipsius
1685 2090 1952 2147 efﬁcimur
1985 2090 2067 2162 (4)
2098 2107 2113 2145 :

515 2191 578 2233 ac
602 2188 887 2247 propterea
916 2179 1010 2235 ﬁlii
1031 2180 1154 2236 inde
1176 2183 1472 2239 clamamus
1502 2184 1630 2239 abba
1656 2197 1823 2256 pater.

592 2271 750 2328 Vsus.
776 2273 808 2328 7
815 2273 1089 2344 .—-ltnque
1106 2278 1223 2349 jam
1244 2292 1345 2331 non
1365 2293 1417 2332 es
1439 2278 1516 2351 (5)
1546 2296 1737 2345 servus,
1768 2280 1856 2334 sed
1880 2278 2037 2348 ﬁlius.
2070 2277 2120 2335 ls

514 2363 658 2421 enim
674 2364 761 2435 qui
778 2365 907 2421 dicit
921 2365 1050 2421 abba
1066 2378 1230 2438 pater,
1252 2369 1415 2424 Deum
1435 2372 1615 2442 utique
1635 2382 1837 2443 patrem
1855 2374 2118 2427 nominat.

517 2453 574 2513 Si
599 2465 802 2525 patrem
849 2459 1110 2524 nominat,
1154 2458 1294 2515 iilins
1322 2472 1404 2517 est
1436 2479 1448 2516 :
1475 2463 1585 2533 jam
1613 2480 1719 2518 non
1748 2478 1877 2535 ergo
1901 2478 2118 2520 servus.

515 2548 667 2616 Quod
698 2549 743 2606 si
777 2553 844 2605 ita
871 2563 972 2618 est,
997 2552 1051 2608 in
1075 2552 1290 2610 Christo
1312 2571 1486 2627 neque
1513 2571 1727 2624 servus,
1752 2574 1932 2629 neque
1963 2559 2115 2628 iiber,

518 2655 696 2712 neque
735 2644 1027 2711 masculus,
1060 2661 1234 2717 neque
1262 2648 1479 2704 hemina
1513 2667 1528 2706 ε
1561 2665 1751 2707 omnes
1780 2654 1922 2707 enim
1957 2669 2120 2709 lliilim

516 2749 723 2791 sumus.
749 2735 852 2792 Sed
883 2752 990 2808 quo
1016 2739 1159 2809 cogit
1198 2740 1299 2795 hoc
1326 2749 1494 2797 totum
1518 2741 1540 2796 τ
1569 2742 1630 2799 Si
1657 2754 1826 2799 autem
1856 2745 1996 2813 [ilius
2020 2745 2117 2817 (6),

514 2835 562 2883 et
589 2828 752 2885 meres
773 2846 862 2900 per
879 2828 1065 2887 Deum.
1090 2831 1232 2904 Ergo
1251 2834 1296 2889 si
1328 2834 1467 2890 ﬁlius
1494 2834 1798 2907 appellatur
1824 2838 1927 2910 (7).
1947 2837 2053 2894 erit
2069 2844 2125 2894 et

517 2918 694 2976 haeres
720 2939 734 2976 :
768 2924 940 2979 haeres
970 2936 1150 2981 autem
1197 2944 1301 2984 non
1345 2927 1496 2984 iactis
1517 2971 1531 2994 ,
1567 2946 1671 2985 non
1703 2932 1959 2999 operibus
1987 2933 2121 3000 suis,

519 3016 615 3071 sed
645 3016 741 3072 Dei
771 3018 1121 3076 miseratione
1145 3031 1199 3077 et
1227 3022 1322 3078 Dei
1347 3026 1538 3093 gratia.
1573 3022 1686 3079 Hoc
1712 3034 1795 3080 est
1818 3025 1958 3095 quod
1989 3025 2123 3083 dixit

516 3110 607 3167 sed
638 3126 729 3181 per
758 3109 944 3167 Deum.
976 3113 1143 3171 Sicuti
1174 3115 1355 3170 multis
1390 3115 1670 3185 probatum
1698 3126 1815 3183 est,
1849 3117 1969 3188 quia
2013 3133 2120 3174 non

2217 1894 2342 1965 quin
2369 1895 2575 1965 singula
2598 1896 2711 1949 hate
2734 1894 2866 1950 deos
2893 1893 3094 1960 dicant,
3117 1895 3185 1950 de
3213 1894 3410 1965 quibus
3431 1897 3585 1968 longa
3611 1907 3686 1951 est
3709 1897 3795 1952 dis-

2218 1989 2443 2058 putatio,
2466 1988 2755 2043 dummodo
2790 1999 2995 2043 certum
3028 1990 3095 2044 sit
3125 1997 3180 2045 et
3206 2005 3272 2045 es
3305 1989 3593 2045 elementis
3620 1991 3795 2061 singula

2218 2098 2444 2154 qumque
2462 2098 2698 2155 paganos
2714 2083 2846 2139 deos
2865 2083 3065 2147 dicere.
3080 2083 3164 2138 vel
3183 2084 3422 2155 ipsorum
3440 2084 3795 2141 elementorum

2219 2189 2528 2249 repertores
2550 2177 2681 2232 deos
2708 2177 2918 2242 dicere,
2955 2178 3034 2232 vel
3066 2192 3129 2232 ex
3157 2177 3441 2232 elementis
3466 2178 3596 2233 deos
3622 2177 3712 2231 sibi
3737 2176 3797 2229 ia-

2220 2285 2380 2337 cere,
2413 2279 2470 2325 ut
2501 2278 2554 2324 et
2596 2270 2664 2325 de
2694 2280 2839 2326 terra
2878 2269 3011 2325 deos
3045 2268 3261 2336 faciant,
3288 2270 3383 2324 sed
3417 2269 3499 2341 (9)
3533 2285 3622 2339 per
3650 2270 3793 2340 ignem

2222 2363 2354 2419 deos
2377 2362 2574 2418 iaciant
2600 2381 2614 2416 :
2637 2362 2834 2418 deinde
2855 2363 3015 2417 etiam
3040 2362 3301 2433 quosdam
3332 2363 3611 2417 daemones
3654 2361 3795 2416 aerios

2222 2466 2433 2522 vocent,
2473 2471 2657 2511 rursus
2686 2455 2779 2510 alii
2807 2456 3085 2526 empirios,
3111 2454 3199 2509 alii
3227 2455 3487 2527 enydros,
3512 2456 3600 2510 alii
3621 2454 3792 2523 genios.

2224 2550 2277 2605 id
2306 2557 2390 2605 est
2420 2557 2685 2614 terrenos,
2734 2549 3030 2620 aquaticos,
3073 2547 3271 2611 aerios,
3318 2547 3541 2617 ignitus.
3601 2547 3654 2603 Si
3692 2560 3795 2616 ergo

2227 2643 2342 2698 lucc
2373 2635 2562 2713 pagani
2583 2642 2804 2707 faciunt,
2827 2644 2979 2711 quasi
3011 2648 3066 2696 et
3095 2640 3195 2696 hoc
3219 2656 3437 2712 quoque
3460 2640 3793 2711 reprehendit,

2225 2736 2346 2792 illos
2376 2737 2537 2791 etiam
2577 2736 2642 2790 ad
2679 2736 3045 2806 paganismum
3085 2749 3206 2790 esse
3248 2749 3568 2799 conversos,
3600 2734 3798 2789 maxime

2224 2842 2346 2884 cum
2377 2827 2571 2882 dixerit
2599 2837 2723 2882 ante
2750 2842 2906 2898 quam
2944 2826 3110 2881 Deum
3147 2826 3555 2898 coguosceretis
3587 2836 3638 2882 et
3677 2828 3796 2894 igno-

2226 2921 2419 2976 raretis
2453 2919 2641 2986 Deum,
2675 2918 2991 2975 serviebatis
3022 2919 3105 2974 his
3130 2920 3221 2991 qui
3254 2934 3360 2974 non
3391 2927 3525 2974 sunt
3548 2919 3639 2974 dii.
3663 2917 3789 2986 Quod

2227 3016 2409 3086 utique
2430 3015 2497 3069 de
2515 3015 2740 3087 paganis
2757 3022 2813 3069 et
2833 3015 2884 3067 itt
2904 3014 3272 3083 superioribus
3293 3010 3798 3084 itttelligendttnt.Ve-

2225 3124 2344 3165 rum
2375 3117 2551 3163 tamen
2583 3122 2703 3163 cum
2733 3115 2789 3162 et
2806 3107 2980 3161 omnis
3009 3104 3143 3162 ordo
3163 3116 3217 3162 et
3243 3107 3418 3161 omnis
3442 3107 3546 3161 iste
3572 3114 3796 3162 tractatus

514 3204 782 3259 currentis
808 3206 903 3261 sed
934 3207 1280 3273 miserantis;
1311 3217 1366 3264 et
1394 3210 1571 3265 omnia
1606 3225 1701 3281 per
1728 3211 1821 3266 Dei
1860 3212 2106 3282 gratiam.

2220 3215 2499 3277 propterea
2514 3212 2755 3273 sumptus
2766 3202 2922 3269 sit,ut
2939 3200 3291 3272 reprehendat
3309 3201 3431 3255 illos
3443 3197 3795 3270 Galatas,quod

575 3295 753 3354 Vsus.
783 3300 837 3355 8.
862 3330 935 3342 -—-
957 3301 1065 3356 Sed
1088 3312 1205 3356 ante
1233 3301 1315 3375 (Β)
1342 3304 1545 3371 quidem
1587 3305 1881 3374 ignorantes
1922 3303 2110 3373 Deum,

518 3391 599 3446 Itis
626 3394 712 3463 qui
740 3409 842 3448 non
869 3406 986 3449 sunt
1014 3395 1089 3450 dii
1118 3398 1343 3451 servistis
1384 3398 1486 3468 (9).
1518 3397 1675 3468 Saepe
1712 3398 1820 3453 dixi
1845 3405 1900 3454 et
1929 3397 2118 3453 admo-

519 3485 633 3549 nui,
661 3485 909 3555 ignorare
940 3487 1105 3543 Deum
1135 3498 1218 3544 est
1241 3488 1510 3545 Christum
1539 3491 1787 3559 nescire;
1846 3507 1943 3563 per
1971 3492 2119 3547 Chri-

519 3586 660 3633 stum
689 3580 834 3634 enim
863 3584 1223 3650 cognoscitur.
1253 3583 1403 3639 Nunc
1444 3594 1623 3639 autem
1648 3601 1770 3641 cum
1811 3588 2120 3657 apparuerit

516 3671 766 3728 Christus
791 3675 882 3744 qui
924 3690 1008 3731 me
1033 3675 1218 3735 docuit
1236 3717 1250 3739 ,
1282 3686 1337 3733 et
1366 3693 1462 3750 per
1488 3693 1546 3733 se
1577 3679 1741 3735 Deum
1770 3679 2035 3745 ostendit,
2065 3688 2120 3734 et

517 3781 576 3822 se
608 3767 772 3822 Deum
800 3778 856 3822 et
886 3784 981 3838 per
1006 3784 1066 3826 se
1097 3779 1328 3841 patrem,
1360 3772 1611 3842 ignorare
1640 3787 1745 3828 non
1777 3772 1901 3827 licet
1927 3772 2117 3828 Deum.

516 3866 659 3924 Ante
689 3878 866 3925 autem
902 3886 1024 3928 cum
1065 3873 1409 3944 ignoraretis,
1453 3872 1646 3943 inquit,
1697 3874 1881 3939 Deum,
1932 3889 1965 3926 ο
2010 3872 2121 3927 Ga-

518 3960 659 4027 latre,
696 3965 920 4021 servistis
960 3967 1038 4021 Itis
1075 3971 1161 4036 qui
1210 3984 1313 4022 non
1353 3978 1471 4021 sunt
1499 3967 1594 4023 dii.
1626 3968 1737 4023 Dici
1782 3967 1914 4023 deos
1939 3974 1995 4023 et
2024 3983 2123 4023 utt-

519 4070 672 4111 mcro
704 4058 918 4127 plurali,
950 4068 1004 4115 et
1034 4061 1085 4115 in
1118 4062 1234 4131 lege
1264 4062 1392 4129 dici,
1421 4077 1564 4133 Saepe
1594 4062 1845 4118 admonui
1878 4082 1892 4120 :
1934 4079 2119 4119 verum

519 4165 658 4207 unus
690 4152 829 4209 Dens
861 4168 875 4207 :
910 4155 1103 4227 reliqui
1150 4155 1252 4211 hoc
1295 4158 1512 4213 nomine
1548 4156 1881 4213 honorantur
1920 4157 2119 4229 angeli,

517 4251 834 4315 CiPlel'tl‘llue
873 4246 1131 4315 virtutes,
1174 4257 1235 4303 ut
1272 4247 1474 4304 dictum
1505 4249 1643 4305 Deus
1673 4252 1903 4305 deorum.
1946 4249 2123 4321 Atque

518 4338 721 4393 utinam
771 4340 875 4396 illis
921 4343 1304 4400 scrvivissent!
1355 4346 1521 4401 Porro
1550 4357 1729 4403 autem
1763 4346 1846 4403 bis
1876 4348 2121 4404 servistis

519 4431 613 4500 qui
658 4447 763 4487 non
805 4444 930 4490 sunt
975 4437 1070 4502 dii,
1118 4438 1369 4493 omnibus
1406 4440 1613 4495 scilicet
1647 4440 1932 4497 mundanis
1959 4450 2124 4497 czcte-

518 4524 703 4594 risque
730 4526 877 4584 falsis
907 4530 1194 4589 virtutibus
1238 4533 1569 4605 imaginariis
1594 4543 1650 4592 et
1676 4547 1708 4591 a
1736 4534 1951 4593 diabolo
1978 4536 2118 4593 ﬂetis

520 4627 681 4691 atque
706 4622 994 4681 simulatis.

596 4756 673 4828 (l)
702 4758 873 4817 Codd.
900 4763 953 4819 in
980 4780 1092 4819 eum
1119 4781 1309 4821 vocent.

622 4829 654 4881 Ξ
711 4829 785 4885 ita
816 4832 973 4888 eodd.

598 4828 678 4968 (ὃ)
705 4900 941 4958 Obscura
965 4921 973 4959 ε

624 4900 678 4982 3)
705 4900 949 4982 Obscura
963 4920 1101 4982 sane
1118 4907 1478 4980 impeditaque
1510 4910 1818 4982 legentibus
1851 4908 2125 4969 videbitur

420 4972 429 4975 “
525 4968 630 5027 hoc
656 4971 776 5029 loco
806 4984 858 5028 et
884 4975 1011 5033 alibi
1046 4968 1298 5036 Victorini
1328 4968 1610 5040 elocutio":
1643 4997 1825 5038 verum
1857 4983 1961 5039 hoc
1991 4968 2124 5039 vitio

524 5057 645 5097 eum
673 5044 987 5125 laborarejn
1004 5049 1121 5125 aliis
1148 5068 1358 5123 quoque
1382 5056 1596 5125 scriptis
1619 5055 2118 5123 exploratissimum

525 5126 645 5180 est;
678 5116 747 5205 ita
773 5128 830 5171 ut
854 5132 884 5171 a
908 5119 1127 5177 Pet-avio
1155 5116 1472 5195 appelletur,
1492 5116 1644 5189 'veiut
1667 5116 1803 5185 alter
1825 5126 2127 5196 Heraciius,

525 5208 562 5243 σ
564 5208 673 5247 κοτε
680 5210 776 5250 tvo;
782 5229 795 5244 ο

600 5260 681 5334 (2i)
712 5259 884 5334 Codd.
911 5263 1207 5334 eﬁiciamur.

607 5332 686 5401 (ὅ)
720 5331 794 5387 Ita
822 5331 1006 5402 codd.,
1040 5352 1144 5391 non
1176 5347 1267 5393 est.

700 5402 856 5481 iulg.
887 5405 1069 5463 habet.
1104 5408 1256 5476 Quod
1284 5412 1330 5467 si
1359 5410 1522 5480 ﬁlius.
1632 5476 1635 5481 l

595 5472 887 5559 (7')LCod.tt.
928 5472 1221 5559 appellatur
1263 5472 1387 5559 nam
1422 5476 1689 5559 superiora
1724 5485 1841 5559 erit.
1882 5484 2123 5559 sedes-

523 5554 779 5631 pungilur
824 5554 891 5631 in.
927 5554 1149 5624 antiquo
1192 5555 1381 5613 codice
1410 5556 1535 5612 dum
1564 5557 1829 5625 superiora
1854 5558 1971 5617 erit.
2007 5558 2122 5630 Ego

522 5630 655 5670 vero
682 5626 773 5670 erit
795 5626 1021 5677 retineo.

706 5689 872 5769 Codd.
903 5697 1226 5769 nuneLvulg.
1253 5707 1455 5769 autem,
1478 5710 1619 5759 tunc.

605 5756 933 5849 ᾖξ’)λξςεεῖψιζ
956 5764 1005 5849 ip
1034 5756 1222 5849 Yulgt:
1254 5771 1362 5833 Sed
1388 5756 1578 5831 tunc...
1606 5756 1672 5834 iis
1695 5774 1783 5846 qui
1808 5782 1992 5835 natura
2016 5790 2121 5835 non

531 5837 650 5882 sunt
666 5830 771 5898 dii,
805 5833 1114 5892 serviebatis.

2219 3297 2283 3352 ad
2302 3290 2625 3367 jndaismum
2648 3296 2889 3351 conversi
2909 3297 3034 3360 sint,
3057 3302 3111 3349 et
3130 3294 3199 3349 de
3216 3293 3417 3349 Judmis
3444 3294 3547 3349 ista
3571 3308 3717 3349 omna
3734 3292 3799 3347 iu-

2221 3389 2507 3458 teiligcnda
2538 3388 2643 3443 sint
2663 3429 2676 3453 ,
2709 3387 2981 3459 quomodo
3009 3386 3387 3441 convertimini
3419 3388 3619 3457 iterum
3648 3385 3706 3439 ad
3731 3384 3796 3439 in-

2222 3484 2399 3549 firmo,
2433 3481 2802 3552 intelligimus.
2850 3479 3017 3551 Igitur
3052 3494 3174 3534 cum
3203 3478 3345 3534 dixit
3382 3495 3546 3550 egeno
3582 3480 3795 3533 clamata

2222 3578 2379 3650 hujus
2411 3574 2617 3638 mundi,
2651 3575 3030 3644 intelligamus,
3062 3574 3204 3643 quod
3234 3573 3312 3628 illi
3340 3575 3632 3629 carnaliter
3658 3570 3794 3627 intel-

2222 3671 2447 3741 ligentes
2489 3672 2682 3739 legem,
2715 3669 2779 3723 ad
2815 3671 3081 3725 elementa
3109 3667 3395 3724 videantur
3425 3683 3552 3723 esse
3579 3665 3795 3723 conversi

2223 3779 2341 3835 qua:
2372 3778 2539 3834 egena
2575 3762 2653 3836 (3)
2684 3772 2844 3827 sunt;
2876 3770 2997 3833 eget
3027 3762 3169 3816 enim
3200 3775 3418 3830 semper
3447 3775 3581 3816 caro
3607 3770 3658 3815 et
3683 3756 3801 3813 desi-

2223 3856 2376 3912 derat
2400 3856 2690 3912 sustentari
2717 3854 2852 3911 cibis
2881 3866 2930 3910 et
2964 3854 3169 3926 poculis
3193 3865 3243 3910 et
3274 3853 3675 3921 cupiditatibus,
3701 3863 3799 3921 quc

2224 3956 2400 4004 tamen
2435 3949 2613 4004 omnia
2640 3950 2853 4005 iniirma
2879 3958 3023 4004 sunt.
3060 3948 3203 4019 Ergo
3238 3963 3360 4004 cum
3390 3947 3587 4017 inquit,
3625 3959 3800 4000 conm-

2224 4044 2390 4097 timini
2418 4043 2485 4099 ad
2512 4045 2719 4113 in/irma
2747 4055 2794 4098 et
2825 4060 2983 4114 egena
3019 4042 3286 4108 elementa,
3322 4040 3372 4095 id
3413 4048 3499 4097 est
3524 4057 3642 4111 qum
3683 4052 3795 4093 sent-

2230 4154 2325 4209 per
2348 4148 2560 4210 egeant,
2592 4137 2767 4193 anima
2800 4140 2942 4193 enim
2968 4147 3019 4193 et
3042 4137 3265 4207 Spiritus
3294 4136 3471 4191 nullus
3492 4145 3632 4208 eget,
3654 4145 3798 4203 neque

2223 4233 2422 4303 aliquid
2446 4232 2736 4297 desiderat,
2770 4232 2871 4287 nisi
2899 4231 2988 4285 illa
3016 4246 3136 4302 qua:
3167 4245 3259 4285 sua
3291 4238 3433 4284 sunt.
3467 4230 3621 4298 Quod
3648 4238 3794 4282 autem

2224 4326 2356 4381 dixit
2381 4326 2689 4395 cognovislis
2729 4323 2915 4391 Deum,
2945 4325 3102 4378 immo
3131 4323 3321 4394 cogniti
3340 4323 3457 4377 estis
3489 4339 3520 4376 a
3551 4321 3674 4385 Deo,
3702 4333 3796 4374 scr-

2227 4430 2315 4474 vat
2328 4419 2574 4475 virtutem
2596 4418 2851 4490 praecepti
2870 4418 2973 4483 sui,
2991 4427 3049 4473 ut
3066 4417 3100 4472 ii
3123 4417 3203 4490 (4)
3219 4419 3427 4474 veniant
3451 4416 3521 4472 ad
3538 4416 3795 4474 Christum,

2222 4528 2355 4593 quos
2384 4513 2523 4568 Deus
2552 4513 2735 4578 mittit,
2758 4524 2808 4567 et
2833 4526 2967 4582 quos
2993 4511 3133 4567 Deus
3160 4519 3313 4565 vocat
3331 4550 3345 4575 ,
3369 4510 3480 4565 etii
3504 4515 3798 4580 cognoscant

2150 4603 2205 4665 Ι)
2231 4607 2517 4662 Dominum
2535 4649 2549 4673 ,
2582 4620 2717 4676 quos
2745 4604 3004 4675 cognovit
3035 4603 3174 4658 Deus
3200 4618 3213 4655 :
3248 4602 3315 4658 de
3344 4618 3450 4673 quo
3474 4611 3693 4657 tractatu
3720 4613 3797 4652 su-

2228 4716 2322 4772 pra
2351 4700 2516 4755 multa
2544 4697 2777 4755 diximus
2807 4697 2907 4771 (5).
2940 4696 3157 4767 Cogniti
3183 4696 3327 4751 enim
3358 4709 3388 4751 a
3420 4696 3534 4752 Deo
3560 4694 3799 4765 accipiunt

2224 4792 2504 4864 spiritum,
2540 4804 2648 4861 quo
2676 4790 2841 4844 Deum
2867 4795 3217 4860 cognoscant.
3264 4786 3373 4843 Sed
3400 4787 3587 4860 utique
3609 4796 3664 4840 nt
3688 4797 3798 4853 cogo

2226 4892 2520 4940 noscantur
2552 4897 2582 4938 a
2629 4882 2737 4938 Deo
2765 4882 3079 4952 cognitique
3124 4881 3236 4936 Deo
3265 4881 3402 4946 sint,
3452 4886 3682 4950 aguntur
3708 4876 3796 4944 jam

2225 4978 2506 5050 principali
2552 4976 2645 5032 illo
2690 4976 2913 5046 spiritu,
2946 4976 3037 5047 qui
3081 4974 3238 5030 datus
3274 4984 3360 5031 est
3405 4983 3463 5030 ut
3499 4973 3701 5029 subdita
3729 4967 3797 5042 (0)

2227 5071 2299 5127 sit
2322 5071 2498 5126 anima
2521 5069 2718 5126 divinis
2743 5068 2850 5125 illis
2878 5068 3048 5139 patris
3074 5069 3157 5124 sui
3186 5068 3506 5140 praeceptis;
3552 5081 3666 5140 quae
3698 5074 3796 5119 cum

2300 5272 2379 5345 (i)
2402 5268 2600 5328 Confer
2613 5270 2770 5342 Vulg.
2802 5285 2920 5345 qua:
2950 5268 3093 5345 hunc
3120 5269 3294 5345 locum
3324 5268 3403 5325 sic
3430 5267 3596 5345 habet
3619 5285 3633 5323 :
3664 5263 3797 5345 Nunc

2229 5337 2397 5405 auiam
2435 5361 2555 5417 cum
2580 5337 2911 5417 cognoueritis
2938 5340 3126 5412 Deum,
3157 5344 3265 5399 imo
3300 5342 3487 5413 cogniti
3509 5342 3622 5398 sitis
3639 5355 3670 5395 α
3688 5337 3796 5401 Des,

2228 5416 2513 5489 ςυοηιοειον
2542 5416 2649 5489 θίςεέ

2303 5488 2384 5561 (2)
2414 5486 2488 5561 ita
2518 5487 2679 5561 codd.

2301 5558 2382 5632 (5)
2410 5558 2581 5615 Codd.
2604 5558 2829 5632 agenda.

2304 5628 2386 5705 (ἄ)
2414 5632 2491 5705 ita
2519 5628 2683 5705 codd.
2712 5631 2831 5687 lieic
2856 5639 2912 5686 et
2937 5628 3087 5685 alibi.
3301 5699 3316 5705 _
3466 5698 3478 5705 _
3758 5692 3769 5705 ,

2310 5698 2387 5775 (5)
2440 5704 2746 5781 Victorinus
2793 5716 3001 5757 morem
3029 5716 3201 5781 suum
3250 5699 3319 5765 ad
3366 5698 3798 5781 .scriptatprepria

2238 5769 2389 5839 saepe
2416 5773 2743 5845 provocandi
2762 5784 2948 5829 servat
2969 5773 3134 5837 etiam
3153 5776 3211 5833 in
3228 5769 3680 5845 operibuseditis.

2301 5791 2389 5839 :pe
2432 5791 2743 5829 rorocauut
2762 5791 2948 5829 servat
2969 5791 3134 5837 etiam
3153 5791 3243 5833 tut

2301 5845 2382 5921 (6)
2409 5791 2577 5903 Eodd.
2605 5845 2817 5916 scripta.
3227 5867 3243 5877 ν

3947 2834 3949 2987 η
