4024 6306
252 245 370 305 1181

1096 250 1163 308 ΙΝ
1206 251 1593 309 EPISTULA.“
1623 252 1826 311 PAULI
1874 252 1964 309 AD
2002 252 2328 313 ΕΛΕΑΤΑὲ
2369 255 2571 313 LIBER
2610 259 2674 316 li.

3391 258 3534 315 1189.

253 375 305 416 so
344 360 566 430 excitat,
617 362 893 433 cognoscit
944 362 1188 420 eamdem
1238 364 1397 431 Deus,
1439 372 1493 419 et
1525 365 1603 420 sic
1658 364 1835 419 anima
1865 372 1913 431 Α
1944 367 2130 424 llrmus
2155 383 2317 425 carne
2338 386 2457 426 cum
2490 370 2742 441 fuissem,
2785 371 3285 445 et'angeliz'tt'it'obis
3316 376 3539 448 jampri-

249 455 513 526 cognoscit
547 457 733 511 Deum.
777 456 930 524 Quod
976 467 1154 512 autem
1202 457 1337 511 dixit
1383 458 1632 512 elementa
1681 457 1837 533 hujus

250 547 414 601 utendi
462 564 657 620 egena,
705 565 809 604 non
838 565 947 619 quo
998 551 1106 606 sint
1151 551 1415 606 elementa
1463 550 1588 617 alia,
1640 550 1840 607 idcirco

248 654 401 712 egena
450 640 609 711 hujus
653 642 873 709 mundi,
920 651 974 698 ct
1002 644 1268 699 elementa
1307 658 1429 718 qua:
1457 659 1623 715 egena
1666 654 1837 700 sunt:

247 749 553 804 quamquam
585 750 870 805 possunms
899 736 1058 792 etiam
1092 738 1146 794 iu
1175 739 1542 808 superioribus
1571 739 1837 804 elementa

247 826 416 883 dicere
459 843 472 880 :
526 827 620 883 sed
669 829 829 899 longe
865 839 1133 886 semotum
1172 830 1274 886 hoc
1310 832 1378 886 ab
1406 831 1694 887 usitatione
1731 828 1834 903 (i).

248 920 432 989 Quibus
476 936 683 977 rursum
723 918 801 994 (Ξ)
840 923 1027 978 seruire
1078 924 1249 978 vultis.
1304 923 1517 990 Silicet,
1566 933 1626 979 ut
1677 937 1838 993 supra

245 1016 400 1084 dixit,
432 1026 719 1087 antequam
769 1017 935 1073 Deum
976 1019 1199 1084 noratis,
1244 1018 1562 1074 serviebatis
1600 1019 1698 1085 iis,
1747 1018 1838 1088 qui

243 1110 313 1167 dii
346 1127 453 1166 non
490 1121 647 1177 sunt,
700 1127 844 1177 nunc
882 1126 1013 1182 ergo
1048 1112 1128 1167 Itis
1168 1129 1372 1167 rursum
1415 1113 1603 1167 servire
1641 1113 1791 1167 vultis
1819 1128 1839 1168 :

243 1206 392 1263 vultis
413 1206 618 1276 inquit;
639 1216 695 1261 ut
716 1220 903 1262 eorum
926 1206 1214 1261 voluntatis
1232 1206 1322 1272 sit,
1348 1223 1450 1261 non
1477 1207 1832 1262 necessitatis.

309 1298 374 1356 Ut
420 1309 603 1355 autem
650 1298 717 1354 ad
765 1298 983 1355 Judaaos
1021 1299 1121 1355 iSta
1165 1309 1221 1355 et
1261 1299 1329 1356 de
1357 1299 1560 1356 Judaeis
1593 1300 1839 1355 videatur

240 1390 450 1456 dicere,
485 1391 539 1447 id
582 1391 760 1448 estad
799 1390 1015 1447 Galatas
1036 1431 1051 1453 ,
1084 1391 1175 1462 qui
1205 1391 1512 1447 Judaeorum
1546 1392 1648 1449 sibi
1678 1391 1838 1447 disci-

240 1485 431 1556 plinam
456 1485 724 1557 jungunt,
758 1486 839 1541 sic
864 1485 1125 1559 adjungit.

311 1578 466 1635 Vsus.
501 1578 587 1634 10.
606 1606 680 1619 --
699 1576 827 1633 Dies
852 1578 1152 1645 obseruatis,
1201 1587 1248 1632 et
1273 1594 1490 1644 menses,
1513 1587 1562 1632 et
1608 1587 1837 1647 tempora

238 1681 284 1727 et
308 1687 487 1726 annos.
506 1671 641 1727 Cum
665 1681 914 1740 tempora,
941 1686 1114 1743 genus
1139 1672 1207 1726 sit
1233 1670 1297 1725 ad
1327 1671 1529 1737 omnia,
1554 1686 1652 1726 cur
1677 1669 1757 1744 (5)
1789 1679 1837 1724 et

1943 462 2057 515 deni
2083 479 2102 528 ;
2125 472 2177 517 et
2207 461 2311 518 hoc
2335 463 2519 532 utique
2547 466 2716 523 scitis.

2018 553 2184 609 Vens.
2214 553 2376 608 14.--
2398 554 2467 610 Et
2492 559 2816 613 tentationem
2847 567 3063 614 vestram
3084 561 3135 613 in
3154 576 3423 613 rarnenten
3441 576 3542 616 non

1942 647 2200 716 sprevistis
2223 664 2381 717 neque
2407 651 2670 721 respuistis
2699 652 2798 723 (1).
2832 650 2968 720 Quid
2997 653 3322 721 accipiamus
3367 662 3541 708 tenta—

1944 738 2144 793 tionem
2167 748 2419 805 vestram,
2444 741 2751 812 ambiguum
2771 743 2900 797 mihi
2918 753 2994 798 est
3014 743 3183 813 :quod
3205 759 3299 798 vos
3313 761 3397 798 me
3421 754 3542 801 ten-

1944 832 2175 897 tatis,an
2204 834 2347 903 quod
2376 848 2475 904 ego
2505 835 2631 888 vos?
2658 834 2812 904 Quod
2844 850 2938 890 vos
2964 842 3052 890 me
3077 835 3327 901 tentatis,
3359 836 3540 892 nullus

1942 933 2025 980 est
2045 939 2269 991 sensus;
2294 941 2397 982 non
2425 927 2568 983 enim
2603 937 2943 984 tentaverunt
2974 928 3266 999 illumipsi.
3289 928 3394 986 Sed
3415 946 3542 986 rnr:

1942 1031 2035 1072 sus
2067 1019 2322 1090 numquid
2348 1020 2544 1075 Paulus
2582 1021 2702 1090 ipse
2726 1022 2953 1078 tentavit
2975 1023 3113 1086 illos,
3142 1023 3231 1093 qui
3255 1038 3439 1078 verum
3462 1024 3543 1080 di-

1942 1112 2118 1177 cebat,
2151 1122 2204 1169 et
2231 1115 2629 1185 evangelizabat
2647 1113 2916 1171 Christum
2940 1116 2963 1169 ν
2989 1117 3359 1187 evangelizare
3395 1118 3538 1172 enim

1942 1221 2050 1261 non
2078 1214 2161 1262 est
2190 1216 2414 1264 tentare.
2430 1209 2567 1276 Quid
2599 1209 2911 1281 igitur,cnm
2935 1212 3149 1267 tertium
3170 1210 3301 1266 nihil
3328 1211 3434 1266 sit?
3464 1214 3543 1267 An

1943 1300 2325 1372 intelligimus,
2358 1302 2502 1374 quod
2549 1318 2668 1359 cum
2702 1303 2768 1359 ad
2795 1304 3013 1361 Galatas
3042 1306 3278 1361 venisset
3305 1304 3502 1360 Paulus
3525 1346 3542 1371 ,

1941 1393 2084 1464 quod
2113 1394 2187 1449 illi
2217 1410 2339 1451 eum
2368 1403 2577 1451 tentare
2615 1396 2931 1462 voluerunt,
2963 1397 3014 1452 id
3037 1408 3118 1453 est
3162 1397 3500 1469 interrogare
3523 1441 3538 1465 ,

1941 1493 1997 1541 et
2024 1485 2092 1542 de
2122 1486 2338 1542 Christo
2358 1488 2560 1558 aliquid
2590 1488 2887 1565 inquirere,
2921 1506 2988 1545 an
3012 1491 3178 1547 sciret
3206 1509 3221 1546 :
3250 1492 3395 1561 quod
3422 1491 3544 1565 qui—

1940 1577 2067 1633 dem
2099 1578 2269 1636 videri
2297 1589 2508 1650 poterat
2535 1583 2795 1648 tentatio;
2820 1597 2940 1637 cum
2956 1581 3226 1638 inﬁrmum
3250 1584 3546 1652 hominem,

1941 1680 1997 1726 et
2024 1673 2075 1726 in
2107 1687 2271 1728 carne
2316 1672 2589 1728 inﬁrmum
2624 1674 2871 1729 viderent
2901 1676 3104 1731 Galatae
3135 1676 3359 1731 Paulum
3392 1693 3405 1730 τ
3441 1676 3550 1731 sci-

238 1764 359 1829 dies,
384 1773 429 1818 et
454 1779 670 1829 menses,
700 1772 755 1818 et
784 1764 911 1817 anni
968 1763 1382 1835 interpositum?
1410 1764 1572 1832 Quasi
1605 1765 1835 1820 alterum
1867 1774 1914 1834 Β
1944 1766 2070 1821 licet
2099 1776 2156 1819 ut
2184 1780 2310 1821 cum
2351 1767 2462 1821 Deo
2486 1768 2725 1834 serviat,
2755 1768 2922 1823 Deum
2978 1769 3269 1839 praedicet,
3300 1770 3545 1826 intirmus

237 1854 371 1923 quod
393 1854 606 1926 quidem
630 1855 742 1910 lieri
767 1865 943 1931 potest
962 1872 976 1912 :
995 1871 1114 1910 nam
1134 1855 1281 1911 aliud
1297 1865 1381 1911 est
1398 1858 1691 1912 observare
1707 1858 1838 1926 dies,

236 1955 401 2018 utest
425 1958 481 2002 ut
507 1947 731 2002 sabbato
757 1947 1059 2018 requiescat
1081 1965 1095 2001 :
1114 1947 1255 2003 aliud
1278 1957 1363 2003 est
1380 1950 1670 2004 observare
1696 1965 1842 2003 meno

234 2056 313 2096 ses
333 2085 347 2104 ,
378 2048 435 2095 ut
479 2049 565 2095 est
589 2047 647 2094 ut
673 2041 955 2095 neomenia
984 2040 1255 2107 observet,
1286 2055 1409 2095 cum
1442 2042 1557 2095 linit
1602 2041 1727 2096 luna
1760 2042 1842 2096 vel

234 2132 457 2203 incipit,
491 2133 634 2188 aliud
662 2144 748 2189 est
770 2132 1062 2188 observare
1108 2150 1270 2188 annos
1298 2149 1318 2187 :
1346 2134 1491 2189 aliud
1533 2149 1664 2190 vero
1710 2146 1842 2190 tetu-

237 2241 359 2297 pora
391 2225 496 2296 (4),
530 2237 586 2280 ut
613 2224 902 2296 jejunium,
933 2227 1152 2293 pascha,
1180 2240 1400 2298 azyma,
1431 2235 1486 2282 et
1505 2237 1702 2282 caetera
1742 2226 1842 2281 hu-

229 2319 461 2391 jusmodi
514 2334 634 2390 quae
688 2318 828 2390 apud
877 2318 1094 2375 Judmos
1149 2320 1314 2374 multa
1346 2329 1490 2375 sunt.
1539 2320 1656 2376 Non
1696 2322 1843 2376 enim

231 2423 326 2471 aut
350 2414 428 2486 (5)
460 2414 583 2469 anni
611 2424 737 2469 sunt
765 2423 857 2468 aut
884 2429 1100 2469 menses
1138 2424 1229 2468 aut
1254 2414 1396 2481 dies,
1424 2415 1519 2471 sed
1549 2424 1812 2487 tempora.

309 2510 469 2564 Vens.
487 2510 578 2564 11.
607 2538 678 2550 ——-
705 2507 885 2563 Timeo
912 2524 1001 2562 vos
1030 2525 1091 2562 ne
1114 2508 1245 2578 forte
1272 2508 1379 2563 sine
1400 2526 1552 2563 causa
1580 2509 1841 2564 laborare-

233 2602 329 2657 rim
367 2602 422 2656 in
450 2602 613 2657 vobis.
646 2600 701 2657 ω
728 2611 811 2657 est
862 2602 1088 2657 multum
1140 2611 1323 2656 metuo
1368 2616 1435 2658 ne
1466 2601 1617 2657 labor
1664 2603 1843 2659 omnis

238 2711 391 2752 meus
421 2698 475 2750 in
506 2695 786 2764 evangelio
814 2709 921 2765 quo
953 2692 1183 2749 instruxi
1236 2708 1363 2759 vos,
1398 2705 1454 2749 ut
1485 2695 1537 2749 in
1567 2693 1839 2750 Christum

233 2790 393 2846 {idem
427 2790 709 2855 habeatis;
745 2804 810 2845 ne
838 2788 946 2855 hic,
978 2788 1170 2859 inquit,
1199 2788 1352 2844 labor
1392 2788 1446 2843 in
1495 2788 1706 2843 irritum
1752 2802 1845 2844 ve-

232 2884 365 2939 niat.
400 2882 623 2938 Frustra
659 2884 801 2938 enim
829 2883 933 2937 erit
961 2881 1105 2952 quod
1136 2897 1229 2936 vos
1256 2880 1438 2946 docui,
1471 2896 1591 2935 cum
1623 2880 1841 2937 Judaeu-

232 2991 350 3033 rum
379 2990 599 3033 servare
626 2974 966 3044 disciplinam
997 2982 1054 3031 et
1091 2974 1498 3029 observationes
1544 2976 1840 3044 coeperitis.

305 3068 565 3126 Vsus.12.
588 3099 660 3110 --
678 3067 849 3123 Estote
868 3070 998 3123 sicut
1020 3084 1132 3139 ego,
1162 3067 1403 3139 quoniam
1422 3066 1499 3141 (6)
1522 3079 1569 3122 et
1595 3085 1687 3140 ego
1712 3070 1844 3123 sicut

1943 1873 2107 1914 carne
2138 1858 2250 1926 sit,
2282 1860 2554 1930 fueritque
2585 1862 2684 1915 ista
2734 1863 2992 1933 cogitatio
3023 1863 3266 1931 Calatis,
3314 1865 3546 1919 interro-

1943 1964 2130 2023 gemus
2160 1970 2282 2008 eum
2309 1995 2325 2021 ,
2354 1954 2634 2012 videamus
2683 1956 2811 2027 quid
2850 1957 3177 2029 respondeat
3214 1957 3282 2013 de
3334 1958 3550 2014 Christo
3644 1974 3649 1981 '

1945 2047 2046 2103 iste
2074 2049 2163 2121 qui
2191 2047 2432 2104 inﬁrmus
2467 2050 2518 2105 in
2570 2065 2735 2106 carne
2777 2059 2882 2106 est.
2936 2052 3082 2119 lloc,
3128 2052 3339 2127 inquit,
3369 2067 3465 2106 vos
3497 2053 3549 2107 in

1944 2156 2097 2197 carne
2117 2159 2226 2196 mea
2245 2159 2345 2198 non
2368 2145 2625 2217 sprevistis
2653 2186 2669 2210 ,
2716 2154 2768 2200 et
2799 2160 2885 2201 me
2919 2147 3165 2202 tentastis
3211 2161 3384 2217 neque
3413 2163 3547 2201 con-

1945 2235 2242 2305 tempsistis
2271 2216 2629 2292 tentationem
2651 2248 2884 2294 vestram
2920 2240 2972 2295 in
3024 2255 3187 2296 carne
3214 2255 3331 2295 mea
3368 2258 3381 2296 :
3419 2255 3550 2295 cons

1946 2335 2248 2383 temnerent
2277 2336 2491 2395 autem,
2524 2329 2576 2385 id
2599 2340 2682 2387 est
2709 2348 2814 2386 non
2847 2333 3239 2403 interrogarent
3267 2374 3283 2399 ,
3314 2333 3536 2390 falsum-

1948 2436 2056 2490 que
2087 2431 2339 2491 putarent
2387 2436 2444 2477 se
2496 2423 2687 2478 audire
2735 2438 2931 2495 posse,
2986 2426 3128 2496 quod
3196 2428 3544 2494 qllmrebanl,

1946 2513 1997 2568 id
2021 2514 2256 2585 estquod
2276 2516 2697 2587 interrogabant,
2718 2518 2861 2588 quod
2884 2527 2967 2574 est
2991 2519 3298 2575 tentabant:
3326 2520 3540 2587 falsum,

1944 2606 2199 2675 inquam,
2247 2607 2563 2677 responderi
2605 2609 2705 2664 sibi
2758 2609 3046 2666 credentes
3073 2611 3141 2666 ab
3184 2627 3249 2667 eo
3273 2612 3364 2680 qui
3403 2621 3549 2668 esset

1944 2699 2189 2754 infirmus
2220 2700 2272 2755 in
2304 2715 2486 2756 earne.
2542 2701 2739 2767 Verum
2789 2706 3211 2777 perseverustis,
3270 2719 3370 2760 nec
3411 2719 3545 2759 cono

1945 2793 2243 2862 tempsistis
2287 2794 2641 2849 tentalionem
2691 2806 2925 2850 vesnum
2958 2797 3008 2851 in
3051 2811 3214 2853 carne
3255 2812 3416 2861 mea;
3447 2797 3543 2852 sed

1944 2887 2251 2942 accessistis
2283 2885 2349 2941 ad
2383 2902 2469 2941 me
2490 2929 2504 2952 ,
2538 2902 2606 2942 an
2660 2889 2713 2943 in
2771 2888 2874 2943 iide
2923 2904 3043 2944 mea
3075 2905 3250 2945 essem
3282 2900 3441 2960 atque
3489 2890 3542 2944 in

1944 2981 2224 3051 evangelio
2269 2994 2699 3053 perseverat-em.
2746 2980 2910 3053 Igitur
2959 2983 3014 3037 in
3065 2997 3229 3038 carne
3271 2982 3539 3037 inﬁrmum

1945 3076 2198 3130 tentastis
2226 3116 2241 3141 ,
2298 3076 2731 3147 interrogantes,
2783 3077 2828 3131 si
2869 3093 2929 3132 ea
2972 3076 3102 3130 mihi
3140 3074 3545 3145 evangelizandl

230 3180 338 3223 vos.
365 3163 647 3231 Quomodo
665 3163 831 3227 enim,
860 3162 1055 3232 inquit,
1086 3162 1306 3216 transivi
1338 3178 1366 3216 a
1396 3161 1704 3216 Judaeorum
1732 3161 1844 3217 dis-
1868 3171 1913 3235 (ζ
1946 3177 2096 3222 esset
2127 3183 2486 3238 perseverans
2512 3169 2781 3224 sententia
2807 3212 2822 3236 ,
2862 3174 2989 3223 ‘cum
3022 3169 3074 3222 in
3101 3183 3266 3222 carne
3295 3167 3543 3222 inlirmns

229 3257 453 3329 eiplina,
483 3265 537 3312 et
561 3254 766 3312 credidi
796 3255 848 3310 in
875 3252 1168 3319 Christum,
1202 3264 1257 3309 et
1281 3254 1357 3309 illi
1385 3255 1593 3322 servio,
1619 3267 1674 3310 et
1698 3254 1841 3309 aliud

228 3367 355 3423 ago.
385 3360 441 3408 et
472 3350 573 3406 hoc
603 3366 699 3406 vos
727 3349 905 3415 docui,
935 3347 1211 3419 factusque
1235 3363 1353 3404 sum
1385 3350 1505 3405 talis
1534 3351 1719 3421 quales
1747 3364 1845 3405 vos

228 3444 356 3500 feci.
388 3443 563 3499 Vivite
587 3458 737 3514 ergo,
770 3453 824 3496 ut
844 3457 947 3511 ego
996 3442 1114 3496 vivo
1143 3460 1157 3496 :
1188 3451 1243 3497 et
1270 3444 1316 3496 si
1344 3458 1443 3497 vos
1467 3443 1666 3510 vivitis,
1697 3444 1841 3498 vivo.

310 3534 473 3591 Vsus.
504 3536 591 3591 15.
643 3562 716 3575 --
744 3532 957 3589 Fratres
982 3534 1192 3589 obsecro
1220 3550 1338 3601 oos,
1379 3535 1517 3589 nihil
1552 3551 1640 3590 me
1672 3537 1838 3590 laesis-

229 3629 342 3693 tis;
371 3629 513 3682 scitis
536 3629 655 3698 quia
683 3644 773 3700 per
798 3628 1150 3697 inﬁrmitatem
1192 3627 1361 3681 armis
1392 3628 1735 3699 euangelizavi
1757 3643 1845 3681 vo-

230 3720 312 3776 bis
325 3721 663 3794 jampridem.
697 3718 845 3775 Istud
868 3761 882 3785 ,
912 3719 1054 3790 quod
1082 3720 1496 3790 interpositum,
1530 3719 1595 3773 ad
1629 3734 1845 3788 persuao

229 3814 448 3868 sionem
476 3812 746 3881 pertinet,
770 3818 830 3866 ut
858 3810 911 3865 in
943 3811 1195 3865 omnibus
1220 3825 1510 3885 sequamur
1538 3809 1839 3865 Christum.

232 3906 359 3974 Quo
391 3905 600 3960 lacilius
646 3912 825 3959 autem
873 3905 976 3958 hoc
1025 3903 1288 3969 suadeat,
1345 3903 1539 3973 repetit
1583 3904 1843 3975 principia

228 3999 505 4071 evangelii
532 4000 633 4056 sui.
663 3998 901 4053 Primum
956 3998 1300 4054 commendat
1339 3997 1556 4054 labores
1593 4013 1753 4067 suos,
1787 4007 1846 4055 ut

226 4093 349 4164 jam
377 4092 622 4147 inﬁrmus
642 4107 806 4147 carne
857 4106 981 4146 cum
1025 4091 1216 4146 fuisset
1235 4098 1291 4146 et
1334 4091 1638 4155 laboraret.
1665 4101 1841 4148 tamen

231 4186 566 4255 imposuerit
588 4185 697 4241 sibi
722 4184 963 4240 laborem
990 4224 1004 4249 ,
1031 4192 1087 4239 et
1110 4184 1562 4255 evangelizaverit
1585 4184 1792 4242 Calatis
1825 4203 1839 4241 :

228 4280 447 4335 addidit
476 4280 635 4334 etiam
649 4278 961 4351 jampridem
988 4277 1040 4332 id
1095 4285 1210 4341 est,
1263 4278 1426 4353 olim;
1466 4279 1609 4335 unde
1639 4280 1844 4336 firmari

228 4373 381 4443 apud
430 4388 525 4429 vos
576 4372 842 4429 debuerat
887 4373 1125 4428 charitas
1169 4388 1298 4443 erga
1345 4391 1465 4442 me,
1529 4375 1661 4432 lides
1715 4393 1843 4449 erga

228 4467 515 4523 Christum
552 4484 566 4521 :
596 4467 641 4521 si
672 4467 886 4538 quidem
921 4466 1139 4537 longum
1184 4474 1397 4539 tempus
1445 4480 1548 4524 est.
1603 4470 1717 4525 Non
1751 4487 1845 4541 pe-

1949 3277 2125 3317 essem
2152 3307 2166 3332 ,
2212 3263 2316 3319 hoc
2364 3274 2447 3319 est
2496 3279 2597 3317 non
2634 3264 2920 3335 reSpuistis
2966 3263 3118 3334 quasi
3160 3264 3430 3317 inlirmum
3490 3263 3541 3316 in

1947 3370 2110 3412 carne
2135 3399 2150 3425 ,
2201 3358 2379 3413 minus
2409 3358 2659 3414 idoneum
2716 3357 2782 3412 ad
2823 3356 3290 3428 respondendum,
3336 3354 3419 3409 vel
3451 3353 3541 3424 qui

1948 3458 2131 3518 posset
2161 3462 2372 3505 mutare
2397 3451 2752 3514 sententiam,
2783 3452 2871 3520 qui
2922 3449 2975 3503 in
3016 3465 3180 3503 carne
3225 3458 3369 3503 esset
3393 3445 3547 3500 inﬁr—

1947 3558 2066 3596 mus
2099 3561 2113 3598 :
2147 3544 2198 3596 in
2220 3559 2327 3614 quo
2348 3552 2405 3599 et
2435 3545 2696 3600 rationem
2727 3541 2961 3599 reddidit
2982 3584 2995 3609 ,
3028 3558 3123 3596 cur
3150 3540 3262 3596 lleri
3295 3556 3400 3595 non
3422 3555 3546 3609 pos-

1946 3644 2030 3691 set
2053 3636 2133 3691 vel
2168 3651 2273 3691 non
2307 3637 2504 3693 factum
2562 3639 2631 3692 sit
2663 3679 2677 3704 ,
2710 3646 2770 3692 ut
2819 3637 3086 3692 sententia
3141 3632 3542 3706 evangelizandi

1946 3729 2048 3782 alia
2081 3739 2227 3783 esset
2259 3744 2455 3785 :carne
2482 3731 2626 3785 enim
2656 3731 2900 3785 inlirmus
2924 3728 2995 3783 fui
3016 3770 3030 3793 ,
3062 3742 3167 3783 non
3199 3728 3400 3791 animo,
3433 3743 3539 3781 non

1946 3824 2141 3893 spiritu
2177 3844 2191 3879 :
2228 3826 2297 3880 ita
2325 3835 2380 3881 et
2410 3826 2533 3881 illos
2561 3828 2713 3896 quasi
2752 3825 3128 3882 considerasse
3155 3823 3293 3879 dixit
3320 3822 3461 3893 quod
3488 3823 3542 3877 in

1946 3931 2112 3972 carne
2139 3931 2315 3973 essem
2347 3932 2447 3990 ego
2469 3920 2711 3974 intirmus
2736 3963 2750 3987 ,
2797 3934 2903 3975 non
2946 3920 3110 3973 etiam
3148 3917 3200 3970 in
3229 3915 3461 3986 spiritu:
3490 3923 3547 3970 et
3578 3907 3590 3917 ’

1948 4011 2153 4067 idcirco
2226 4023 2616 4081 perseverent,
2669 4021 2727 4067 ut
2794 4020 3064 4067 tentarent
3130 4010 3318 4076 illum,
3363 4022 3538 4077 neque

1947 4115 2298 4176 reSpuerent,
2330 4122 2506 4178 neque
2530 4122 2636 4162 non
2665 4115 2970 4163 tentarent:
3017 4105 3118 4160 hoc
3156 4112 3240 4160 est
3268 4118 3375 4159 non
3405 4117 3542 4159 con-

1948 4202 2248 4272 tetupsistis
2271 4245 2286 4267 ,
2319 4218 2426 4258 non
2451 4202 2732 4274 sprevistis
2758 4201 3110 4257 tentatiouem
3135 4210 3391 4254 vestram.
3441 4196 3544 4251 De-

1948 4294 2110 4366 nique
2140 4304 2193 4351 et
2222 4296 2369 4366 ipsos
2395 4294 2726 4350 intellexisse
2753 4294 2978 4349 Paulum
3002 4294 3054 4348 in
3078 4307 3238 4348 carne
3267 4292 3541 4346 inlirmum

1947 4404 2069 4444 esse
2088 4431 2102 4454 ,
2135 4405 2238 4442 non
2272 4389 2322 4442 in
2350 4388 2572 4459 Spiritu,
2605 4403 2672 4443 ex
2702 4386 2997 4456 sulijunctis
3025 4385 3181 4440 docet
3211 4402 3222 4439 :
3254 4384 3342 4437 sed
3370 4393 3425 4437 ut
3446 4399 3545 4437 an-

1947 4482 2118 4553 gelum
2139 4482 2406 4551 excepistis
2451 4498 2550 4548 me,
2570 4490 2622 4535 ut
2637 4480 2897 4535 Christum
2914 4476 2947 4532 J
2954 4495 3096 4532 esum
3120 4476 3231 4548 l2);
3252 4476 3402 4533 Adeo
3436 4491 3542 4532 non

229 4561 388 4631 perci
416 4601 430 4625 ,
462 4559 663 4630 inquit,
695 4559 842 4614 carni
867 4573 1033 4625 meae;
1068 4558 1162 4614 sed
1190 4577 1279 4629 per
1300 4560 1645 4630 inﬁrmitatem
1667 4564 1841 4618 carnis

1950 4577 2098 4634 vobis
2129 4577 2512 4647 impedimento
2539 4574 2656 4643 fuit,
2680 4574 2821 4647 quod
2846 4574 2899 4629 in
2924 4586 3088 4628 carne
3110 4571 3351 4626 intirmus
3371 4584 3544 4636 eram,

228 4653 584 4724 euangelizan
603 4652 741 4708 vobis
767 4694 781 4717 ,
813 4662 868 4708 et
881 4652 1199 4726 jampridem
1228 4655 1593 4725 evangelizavi
1630 4674 1644 4711 :
1673 4673 1841 4728 quare

226 4762 373 4818 ergo
400 4746 688 4817 adjungitis
727 4747 860 4813 alia,
893 4762 1014 4817 quae
1058 4761 1159 4816 ego
1190 4746 1342 4802 vobis
1366 4762 1475 4803 non
1501 4750 1840 4821 evangeliza-

226 4842 339 4899 vi?
380 4842 511 4896 Cum
538 4850 718 4896 autem
746 4840 883 4896 dixit
930 4841 1061 4895 nihil
1078 4857 1168 4895 me
1208 4841 1409 4896 (resistis
1431 4842 1561 4897 illud
1603 4842 1841 4916 adjecit,

225 4948 347 4989 non
372 4933 575 5002 aliquid
604 4931 756 4988 vobis
784 4931 1027 4987 subtraxi
1050 4974 1064 4998 ,
1090 4947 1196 4987 non
1249 4933 1452 5003 aliquid
1484 4935 1662 4991 minus
1691 4936 1800 4992 dixi
1824 4979 1840 5005 ,

225 5027 386 5100 quod
415 5027 540 5082 facit
564 5027 653 5082 ille
680 5026 770 5097 qui
796 5025 1010 5081 laeditur
1036 5043 1049 5080 :
1084 5042 1147 5082 ac
1172 5043 1240 5083 ne
1261 5028 1549 5084 crederent
1590 5045 1650 5087 se
1676 5032 1842 5087 veluti

224 5122 398 5178 oneri
425 5122 620 5188 fuisse,
648 5134 769 5174 cum
807 5118 1054 5175 infirmus
1107 5119 1188 5193 (7)
1232 5135 1395 5176 carne
1424 5122 1841 5193 evangelizavit,

224 5213 450 5269 idcirco
478 5211 575 5280 ait,
608 5210 739 5266 nihil
762 5226 844 5265 me
876 5212 1101 5280 (resistis,
1130 5221 1185 5269 et
1213 5227 1313 5285 ego
1352 5225 1573 5287 propter
1610 5230 1709 5271 vos
1753 5215 1841 5271 in-

310 5375 397 5447 (1)
425 5376 682 5432 Notemus
706 5372 1047 5429 vocabulum.

342 5379 365 5432 1
425 5376 682 5432 Notemus
706 5375 846 5429 voca]

338 5375 397 5522 ﬂ;
430 5448 610 5522 Yulg.,
644 5446 846 5503 Denuo.

336 5450 397 5579 ξ)
644 5450 701 5573 ’ξι

310 5450 398 5665 ἒιῦ
425 5537 514 5665 Sic
536 5536 701 5665 adli‘ui

336 5526 373 5579 5
425 5526 595 5576 Codd.
627 5527 701 5573 ut.

311 5526 402 5735 ξιξ
425 5593 514 5648 Sic
536 5589 713 5645 adhuc

311 5668 375 5735 (5
430 5662 604 5719 Codd.
637 5671 714 5718 ut.

348 5704 745 5810 635555313an
776 5731 936 5810 Vult.
970 5730 1063 5801 ed.
1131 5704 1135 5708 ’

312 5740 409 5887 fil
430 5740 862 5881 833332⁵κέίὲηὲ

425 5593 514 5648 Sic
536 5589 713 5645 adhuc
739 5588 966 5645 dicimus
995 5587 1047 5651 in
1073 5602 1326 5651 sermone
1355 5590 1748 5659 ecclesiastico.

1945 4668 2041 4725 sed
2071 4669 2353 4739 accepistis
2381 4683 2466 4723 me
2492 4679 2551 4723 ut
2595 4666 2843 4735 angelum
2897 4664 3022 4730 Dei,
3052 4663 3104 4717 id
3131 4670 3215 4717 est
3266 4661 3507 4716 nuntium
3527 4700 3545 4729 ,

1946 4762 2357 4833 praedicatorem
2407 4776 2437 4814 a
2470 4761 2579 4816 Deo
2612 4761 2865 4826 missum;
2899 4760 2984 4814 hic
3032 4767 3113 4813 est
3145 4756 3290 4811 enim
3321 4753 3548 4825 angelus

1948 4855 2077 4920 Dei;
2112 4864 2164 4909 et
2195 4870 2282 4909 me
2313 4853 2625 4923 suscepistis
2668 4863 2724 4907 nt
2775 4851 3049 4908 Christum
3116 4849 3339 4915 Jesom,
3388 4863 3548 4917 quem

1951 4948 2108 5003 vobis
2137 4948 2492 5018 praedicabant
2528 4966 2541 5002 :
2574 4948 2646 5003 ita
2679 4960 2807 5002 vere
2847 4945 3123 5001 Christum
3151 4943 3332 4999 Jesum
3364 4956 3552 4998 susce~

1952 5042 2136 5112 pistis,
2168 5042 2214 5095 si
2243 5056 2328 5095 me
2371 5041 2652 5109 recepistis
2704 5040 2951 5111 angelum
3009 5039 3137 5105 Dei,
3167 5034 3438 5108 quomodo
3467 5048 3553 5089 reo

1953 5134 2172 5206 cepistis
2200 5131 2475 5191 Christum
2508 5132 2716 5189 Jesum.
3579 5195 3593 5202 δ

2023 5227 2189 5283 Vsus.
2247 5225 2333 5281 15.
2393 5257 2462 5269 ——
2493 5227 2620 5294 Qua:
2650 5243 2772 5300 ergo
2802 5226 2880 5300 (2)
2911 5233 3020 5283 erat
3050 5220 3306 5281 beatitudo
3326 5227 3506 5276 ‘vestra
3530 5218 3557 5280 7

1951 5318 2070 5381 iam
2112 5319 2350 5379 ostendit
2388 5319 2511 5383 illos
2562 5335 2702 5379 nunc
2758 5320 3026 5386 miseros,
3081 5314 3346 5387 siquidem
3402 5319 3560 5369 antea

2031 5520 2403 5595 (“Nouimus
2438 5521 2708 5585 divorsum
2754 5535 2783 5574 a
2814 5517 3033 5589 Vulgata
3084 5513 3292 5589 periodi
3335 5510 3558 5575 divisio—

1958 5610 2111 5740 “ea;
2146 5666 2303 5740 Vulg.
2336 5666 2531 5737 habet,
2562 5665 2651 5724 sed
2676 5667 2807 5723 sicut
2850 5660 3204 5736 angelum.....
3233 5659 3363 5715 sicut
3413 5655 3567 5721 Curi?

1961 5748 2118 5883 8mg;
2144 5809 2367 5884 Legitur
2399 5814 2452 5871 in
2484 5809 2645 5884 Vulg.
2668 5809 2755 5867 ubi
2782 5817 2855 5866 est
2881 5824 3023 5886 ergo,
3048 5816 3155 5864 etc.
3516 5771 3526 5776 ἠ
