4024 6306
589 239 734 299 1185

1839 250 2028 308 MAR"
2070 252 2408 312 VICTORINI
2449 258 2610 316 ΛΕΜ

3722 273 3827 331 “Si

589 357 868 417 beatitudo
897 359 1003 416 illis
1034 360 1242 431 fuerat,
1271 364 1394 435 quia
1444 375 1763 437 receperant
1820 365 2003 422 Jesum
2036 368 2191 424 Chri-
2219 373 2269 433 Α
2299 372 2492 427 vidiam
2546 375 2943 435 :emulationem
2994 381 3259 450 positam,
3315 353 3552 456 adjiingit
3594 403 3684 443 non
3721 390 3827 447 bene.

589 465 732 512 stum
759 498 774 524 ,
804 459 929 529 quia
962 459 1182 515 Paulum
1216 471 1274 518 ut
1303 463 1551 533 angelum
1588 465 1702 520 Dei.
1734 464 1944 537 Magna,
1975 468 2188 538 inquit,

587 547 691 605 fuit
717 559 895 605 vestra
930 551 1206 608 beatitudo
1238 575 1252 608 :
1283 563 1428 623 erat,
1454 556 1629 626 inquit
1658 574 1673 610 :
1727 573 1869 614 nunc
1896 559 2057 629 igitur
2088 561 2190 614 uti-

586 658 692 714 que
722 654 908 700 contra
929 686 945 712 ,
970 645 1095 701 dum
1126 646 1414 718 adjungitis
1461 664 1524 704 ea
1563 665 1683 720 qua:
1712 667 1817 707 non
1849 652 2040 719 docui,
2081 669 2187 709 nou

587 736 900 807 insiuttavi,
932 757 1052 808 qua:
1089 751 1237 796 extra
1269 743 1607 812 evangelium
1635 755 1789 809 sunt,
1851 747 1938 802 illa
1984 748 2190 804 scilicet

581 847 704 902 qua:
739 848 896 902 supra
913 834 1045 889 dixi.
1066 835 1440 891 Testimonium
1459 838 1596 894 vobis
1634 841 1892 909 perhibeo,
1917 843 2183 912 quoniam,

577 925 625 979 si
655 925 770 994 ﬁeri
813 937 1004 996 posset,
1055 930 1232 983 oculos
1278 941 1468 985 vestros
1517 933 1775 988 eruissetis
1831 946 1878 989 et
1921 935 2188 992 dedissetis

579 1017 712 1070 milii
748 1018 850 1089 (l).
883 1019 971 1074 Sic
1000 1036 1085 1074 me
1115 1023 1464 1092 suscepistis,
1496 1033 1550 1080 et
1579 1025 1737 1082 talem
1770 1041 1896 1098 erga
1928 1043 2014 1081 me
2068 1029 2187 1083 aui-

580 1125 727 1165 mum
759 1111 1021 1168 habuistis
1043 1156 1056 1180 ,
1086 1115 1248 1170 talem
1297 1119 1662 1184 voluntatem,
1697 1130 1750 1174 ut
1787 1120 1899 1191 jam
1927 1122 2183 1192 quoniam

579 1203 717 1258 nihil
746 1213 830 1259 est
855 1205 1071 1262 charius
1116 1208 1321 1265 homini
1353 1211 1522 1266 oculis
1541 1254 1556 1278 ,
1587 1212 1731 1281 ipsos
1761 1229 1972 1284 quoque
1999 1216 2184 1272 oculos

575 1313 769 1356 eruere
787 1302 947 1357 vobis
978 1303 1187 1359 velletis
1219 1305 1317 1378 (-2),
1355 1317 1407 1361 et
1437 1307 1566 1363 mihi
1596 1307 1746 1364 dare.
1783 1309 1925 1379 Ergo
1951 1325 2071 1365 cum
2103 1311 2182 1367 sic

575 1406 662 1445 me
693 1395 1036 1462 amaveritis,
1071 1405 1128 1450 et
1174 1398 1487 1454 amaveritis
1544 1411 1763 1471 propter
1804 1403 2138 1472 evangelium
2160 1443 2177 1470 ,

575 1484 716 1539 unde
745 1485 896 1541 vobis
927 1487 1031 1542 ista
1059 1491 1326 1545 sententia
1352 1501 1468 1555 est,
1501 1502 1559 1548 ut
1587 1493 1850 1564 adjiciatis
1880 1511 1944 1552 ea
1974 1497 2038 1550 ad
2069 1497 2180 1552 dis-

572 1575 823 1646 ciplinam
842 1619 856 1644 ,
893 1595 1013 1650 qua:
1040 1595 1068 1634 a
1089 1598 1173 1637 me
1200 1585 1566 1654 evangelizata
1598 1603 1704 1641 non
1735 1588 1903 1642 sunt?
1930 1588 1982 1643 id
2012 1597 2095 1644 est
2123 1598 2182 1645 ut

570 1681 769 1741 praeter
799 1672 1074 1729 Christum
1102 1677 1302 1748 aliquid
1350 1679 1418 1736 de
1463 1680 1580 1752 lege
1630 1681 1868 1750 faciatis,
1899 1696 1954 1740 et
1981 1701 2087 1741 non
2120 1697 2178 1744 ut

2293 462 2647 521 /Emulamini
2663 479 2830 523 autem
2853 473 3069 527 meliora
3094 474 3231 529 dona
3250 517 3264 542 ,
3319 491 3423 530 non
3452 478 3538 532 illa
3572 493 3680 550 qum
3701 482 3830 542 Judaei

2295 556 2522 624 habent,
2555 575 2676 630 qua:
2706 561 2844 618 bona
2875 580 2978 620 non
3008 577 3168 634 sunt,
3217 583 3282 624 ac
3309 571 3530 626 meliora
3560 588 3657 628 nou
3702 589 3828 644 sunt;

2292 663 2388 704 vos
2415 661 2594 707 autem
2621 655 2950 710 :nmulemiui
2983 674 3044 712 ea
3088 675 3208 731 quae
3237 662 3376 716 bona
3405 674 3526 718 sunt
3545 707 3561 731 ,
3585 674 3636 720 et
3657 670 3829 724 meliora

2290 741 2461 809 dona,
2495 745 2547 800 id
2598 757 2682 802 est
2721 749 2794 802 uti
2827 751 3092 822 quidquid
3143 754 3194 808 in
3245 754 3350 810 fide
3393 765 3447 810 et
3471 757 3714 816 charitate
3747 772 3831 828 est,

2289 841 2435 896 circa
2458 841 2730 900 Christum
2764 851 3110 919 a-mulemiui,
3129 863 3185 906 et
3207 851 3308 908 hoc
3332 857 3643 924 sequamini.
3673 858 3831 915 Bonum

2289 945 2374 990 est
2397 937 2637 992 aemulari
2667 939 2887 996 meliora
2927 958 3163 1012 semper.
3192 944 3341 1009 Non,
3385 948 3626 1002 aemulari
3673 951 3830 1007 bonum

2287 1038 2404 1094 est;
2438 1029 2531 1084 sed
2585 1031 2809 1089 meliora
2865 1037 3106 1091 ammlari
3155 1046 3212 1092 et
3263 1054 3496 1109 semper,
3538 1041 3719 1097 bonum
3758 1055 3832 1099 est.

2284 1117 2354 1173 Et
2384 1137 2485 1174 non
2511 1122 2674 1177 solum
2697 1141 2810 1178 cum
2843 1144 3064 1195 prwsens
3094 1146 3209 1184 sum
3251 1134 3393 1202 apud
3437 1149 3545 1188 vos.

2358 1211 2521 1268 Vsus.
2554 1215 2640 1271 l9.
2665 1247 2735 1256 —
2751 1216 2878 1272 Filii
2891 1222 2990 1274 mei
3007 1222 3108 1290 (ιι),
3123 1241 3249 1292 quas
3260 1226 3440 1280 iterum
3455 1231 3696 1299 partus-io,
3717 1233 3835 1286 donec

2285 1304 2515 1361 Christus
2530 1312 2856 1386 formeturin
2884 1312 3043 1368 vobis.
3070 1314 3184 1369 Non
3213 1317 3410 1382 solum,
3439 1321 3628 1390 inquit,
3650 1337 3725 1376 me
3743 1339 3836 1393 pre-

2283 1407 2436 1452 seute
2463 1401 2702 1456 cernulari
2732 1403 2964 1469 debetis,
2993 1406 3087 1461 sed
3119 1423 3352 1480 semper.
3375 1411 3456 1466 Ad
3487 1413 3540 1467 id
3565 1415 3712 1485 igitur
3730 1417 3836 1486 quod

2284 1490 2459 1557 posuit
2486 1509 2684 1557 semper
2713 1495 2956 1566 adjuuxit
2983 1509 3029 1554 et
3055 1517 3157 1555 non
3179 1503 3346 1558 solum
3371 1522 3488 1559 cum
3513 1525 3724 1578 prwsens
3746 1527 3831 1564 sunt

2279 1580 2422 1649 apud
2447 1597 2554 1638 vos.
2584 1583 2754 1641 Porro
2799 1599 2982 1644 autem
3035 1592 3179 1662 quod
3231 1595 3476 1665 adjunxit
3507 1599 3607 1668 ﬁlii
3626 1604 3714 1656 mei
3735 1619 3836 1673 quo-

2281 1672 2427 1728 niam
2461 1675 2646 1732 multis
2695 1679 2870 1735 modis
2915 1681 3184 1752 dicuntur,
3218 1702 3360 1742 nunc
3404 1690 3700 1758 charitate,
3729 1672 3837 1752 nunc

570 1762 892 1834 simpliciter
920 1767 1148 1836 tradidi,
1171 1771 1222 1825 in
1243 1771 1462 1828 Christo
1489 1774 1749 1831 habentes
1770 1792 1950 1847 spem,
1986 1778 2160 1848 ﬁdem,

2279 1777 2500 1836 natura,
2548 1787 2690 1827 nunc
2721 1777 3014 1844 sanguine,
3052 1795 3195 1835 nunc
3249 1784 3412 1838 etiam
3455 1786 3834 1860 religione.qua

567 1856 978 1928 credulitatem,
1012 1862 1191 1917 omnia
1237 1864 1501 1933 speretis,
1555 1868 1736 1922 omnia
1793 1871 2051 1938 consequi
2078 1887 2171 1928 vos

569 1962 728 2018 posse
753 1950 991 2006 credatis
1011 1995 1028 2020 ,
1051 1964 1108 2009 et
1131 1956 1503 2012 remissionem
1534 1972 1875 2028 peccatorum
1895 2003 1910 2029 ,
1942 1970 1998 2018 et
2016 1978 2173 2019 sanc-

581 2039 960 2110 tificationem,
993 2055 1046 2100 et
1079 2048 1167 2101 Dei
1197 2048 1459 2118 gloriam?

640 2133 806 2190 Vsus.
841 2138 928 2195 16.
959 2167 1025 2178 -—
1048 2138 1188 2211 Ergo
1237 2143 1474 2199 inimicus
1502 2155 1663 2200 vester
1705 2148 1874 2217 factus
1904 2167 2050 2217 sum,
2081 2169 2165 2208 ve-

563 2244 681 2283 rum
706 2232 993 2299 prwdicans
1019 2234 1155 2291 vobis
1176 2234 1293 2309 (3)?
1314 2237 1368 2294 Si
1395 2241 1538 2294 enim
1561 2240 1662 2295 alia
1692 2241 1868 2298 facere
1891 2246 2129 2316 coepistis
2151 2289 2165 2315 ,

566 2321 805 2379 inimicus
837 2328 973 2381 vobis
1001 2330 1169 2399 [actus
1195 2348 1327 2385 sum.
1355 2333 1461 2389 Sed
1491 2350 1612 2390 cum
1646 2338 1986 2406 prmdixerim
2017 2341 2169 2397 vobis

569 2425 626 2472 et
654 2418 1060 2488 prmdieaverim
1091 2423 1365 2481 Christum
1391 2436 1447 2482 et
1489 2431 1848 2501 evangelium,
1891 2433 2032 2503 quod
2085 2443 2169 2489 est

565 2523 693 2565 vere
718 2529 879 2567 uumn
913 2513 1010 2570 Dei
1039 2515 1205 2571 filium
1228 2533 1348 2574 esse
1379 2519 1649 2576 Christum
1668 2565 1682 2590 ,
1715 2538 1812 2594 per
1840 2524 2017 2594 ipsum
2046 2544 2166 2580 om-

560 2603 672 2671 nia,
703 2615 757 2660 et
787 2606 840 2661 in
869 2607 1084 2664 Christo
1109 2612 1309 2675 omnia,
1334 2612 1509 2681 ipsum
1538 2625 1664 2672 ante
1686 2618 1896 2684 omnia;
1922 2618 2022 2676 hoc
2042 2633 2163 2675 cum

563 2693 635 2750 sit
690 2711 908 2766 verum,
938 2710 992 2755 et
1020 2701 1132 2772 ipsa
1183 2704 1254 2758 sit
1285 2705 1512 2773 veritas;
1543 2723 1712 2778 quare
1739 2710 1892 2766 vobis
1917 2711 2165 2769 inimicus

564 2788 736 2844 factus
775 2793 930 2847 sum?
957 2794 1008 2850 ls
1064 2797 1205 2852 enim
1239 2798 1489 2855 inimicus
1517 2815 1636 2858 esse
1683 2803 1883 2872 debet,
1911 2808 2000 2877 qui
2039 2822 2162 2862 cum

559 2879 922 2955 interrogetur
959 2888 1086 2958 quid
1126 2905 1311 2945 verum
1357 2893 1462 2958 sit,
1494 2895 1654 2950 docet
1691 2894 1884 2952 falsum
1919 2917 1932 2953 :
1965 2912 2020 2954 at
2064 2916 2164 2972 rgo

557 2990 681 3032 cum
736 2995 920 3036 verum
961 2982 1188 3038 dixerim
1247 2985 1454 3058 (verum
1510 2990 1652 3043 enim
1707 2991 1850 3063 dicit.
1887 2994 1976 3064 qui
2029 3012 2164 3064 prm-

557 3071 702 3127 dicat
731 3075 1026 3150 Christum)
1051 3093 1158 3134 non
1185 3088 1270 3137 est
1294 3083 1622 3139 conveniens
1653 3095 1710 3139 ut
1738 3087 1987 3143 inimicus
2012 3090 2162 3146 vobis

552 3165 726 3222 factus
747 3169 868 3225 sim.

628 3259 792 3316 Vens.
848 3264 912 3318 l7
943 3272 1000 3320 et
1031 3265 1118 3321 18.
1175 3297 1247 3307 ——
1277 3267 1620 3325 Emulantur
1650 3286 1737 3326 vos
1768 3289 1869 3327 non
1899 3274 2062 3342 bene;
2111 3287 2157 3331 et

554 3355 827 3412 excludere
857 3375 943 3413 vos
971 3361 1179 3428 volunt,
1213 3374 1267 3416 ut
1295 3366 1413 3420 illos
1439 3367 1748 3422 wmulemini
1781 3386 1799 3424 :
1841 3373 2158 3428 armulumini

553 3460 725 3504 autem
756 3453 973 3507 meliora
1004 3456 1140 3510 dona
1169 3456 1267 3530 (4).
1308 3458 1372 3514 Ut
1421 3477 1568 3529 saepe
1597 3462 1665 3515 ab
1692 3463 1902 3518 insidiis
1931 3477 2157 3522 caveant

553 3553 769 3608 monet,
791 3546 940 3614 quod
973 3547 1046 3604 illi
1075 3551 1163 3619 qui
1198 3553 1748 3620 persuadentGalatis
1783 3559 1856 3613 uti
1885 3559 2045 3614 etiam
2067 3560 2153 3630 ju-

553 3638 758 3694 daica‘m
793 3641 962 3714 legem
1019 3657 1334 3716 sequantur,
1394 3653 1735 3721 mmulantur,
1795 3656 1992 3726 inquit,
2026 3673 2149 3723 vos;

555 3733 608 3788 id
639 3745 720 3790 est
753 3735 994 3793 invident
1039 3739 1231 3807 vobis;
1265 3757 1387 3798 nam
1419 3745 1662 3800 aemulari
1712 3747 1837 3802 dum
1887 3749 2018 3804 duas
2063 3766 2152 3805 res

552 3826 855 3899 significet;
890 3848 1046 3887 unam
1069 3877 1085 3901 ,
1113 3849 1237 3890 cum
1271 3837 1467 3907 aliquis
1526 3841 1834 3908 aemulatur,
1882 3843 2005 3914 quia
2039 3843 2151 3913 pla-

548 3930 666 3987 cet,
701 3923 820 3992 quia
853 3922 1050 3978 bonum
1077 3935 1163 3980 est
1191 3944 1206 3983 :
1233 3928 1392 3983 aliam
1412 3972 1426 3997 ,
1456 3945 1558 4000 qua
1587 3932 1803 4002 quidem
1831 3932 1953 3988 ideo
1983 3951 2150 3990 zeum-

548 4012 750 4079 lantur,
771 4016 894 4086 quia
923 4017 1182 4074 invident.
1234 4020 1273 4074 li
1293 4063 1307 4086 ,
1342 4024 1549 4093 inquit,
1601 4025 1912 4081 writulantur
1932 4044 2019 4082 vos
2046 4047 2147 4084 non

551 4106 716 4173 bene;
747 4124 853 4180 quo
891 4113 1199 4168 ostenderet
1236 4114 1302 4168 de
1331 4115 1528 4171 invidia
1586 4119 1706 4172 illos
1749 4119 1974 4175 aemulos
2003 4136 2144 4177 esse.

546 4199 750 4258 Deinde
771 4203 1012 4272 adjunxit
1037 4207 1306 4263 excludere
1336 4225 1420 4264 vos
1438 4211 1631 4277 volunt,
1656 4211 1708 4267 id
1731 4222 1814 4268 est
1842 4213 1910 4268 ab
1937 4214 2038 4270 ista
2069 4215 2146 4270 fe-

543 4290 744 4348 licitate
765 4302 820 4350 et
848 4297 1207 4366 beatitudine;
1235 4301 1359 4372 quia
1405 4301 1678 4360 Christum
1731 4309 2140 4378 cognoscendo,

543 4385 732 4441 Salutis
763 4387 971 4444 habetis
997 4407 1146 4461 spem
1202 4406 1256 4449 et
1284 4395 1512 4465 gloriam
1565 4398 1880 4455 caelestem:
1937 4401 2029 4456 sed
2075 4403 2143 4457 ah

543 4477 643 4534 hac
677 4497 769 4536 vos
793 4484 1078 4540 excludere
1104 4488 1344 4558 cupiunt.
1372 4491 1525 4557 Quod
1570 4503 1748 4548 autem
1798 4493 2039 4565 adjunxit
2086 4505 2140 4549 ul

2276 1856 2438 1916 hodie
2468 1861 2597 1918 dicit
2626 1864 2825 1922 Paulus
2845 1909 2860 1933 ,
2913 1869 3012 1938 ﬁlii
3057 1873 3158 1925 mei
3180 1888 3200 1927 :
3228 1874 3345 1930 sive
3392 1878 3519 1946 quia
3552 1895 3645 1948 per
3671 1856 3832 1952 baptis-

2274 1968 2456 2021 mum,
2486 1969 2608 2010 cum
2645 1963 2982 2028 regeneratio
3008 1964 3066 2018 lit
3090 2005 3104 2027 ,
3137 1965 3228 2021 ille
3257 1968 3347 2037 qui
3392 1969 3709 2040 baptizatum
3737 1989 3833 2045 per-

2272 2048 2384 2104 ficit
2405 2091 2421 2117 ,
2456 2051 2539 2105 vel
2568 2053 2865 2124 perfectum
2899 2061 3164 2129 suscepit,
3202 2073 3352 2132 pater
3385 2064 3587 2121 dicitur
3611 2066 3688 2140 (ἓ)
3715 2070 3832 2125 :sive

2271 2142 2395 2212 quia
2419 2158 2541 2198 cum
2576 2150 2941 2205 renovatillos
2969 2152 3020 2206 iu
3043 2153 3351 2223 Christum,
3381 2157 3507 2214 facit
3543 2159 3677 2216 ﬁlios
3698 2178 3828 2226 suos;

2272 2235 2477 2292 idcirco
2508 2238 2705 2308 adjecit
2729 2259 2856 2312 quos
2880 2261 2970 2316 ego
3001 2249 3254 2315 parturia,
3286 2251 3337 2304 id
3359 2262 3445 2307 est
3465 2254 3521 2308 in
3549 2255 3712 2312 lucem
3732 2275 3826 2328 pro-

2271 2327 2414 2383 ferre
2445 2333 2603 2401 cupio
2628 2377 2643 2399 ,
2680 2336 2992 2406 magnisque
3018 2339 3297 2396 doloribus
3317 2345 3515 2400 animae
3547 2364 3675 2404 meae
3715 2353 3826 2404 nasci

2269 2419 2336 2474 ad
2362 2422 2521 2476 vitam
2545 2427 2707 2494 cupio
2737 2437 2793 2482 et
2821 2429 2886 2482 ad
2917 2431 3145 2486 salutem
3176 2451 3189 2486 ;
3213 2435 3315 2490 hoc
3343 2447 3428 2492 est
3458 2441 3607 2495 enim
3635 2442 3759 2514 quod
3775 2446 3828 2499 ait

2268 2510 2429 2567 donec
2450 2517 2701 2585 formetur
2718 2516 2953 2576 Christus
3000 2523 3052 2576 in
3093 2524 3251 2579 vobis.
3285 2528 3473 2586 Omnis
3508 2510 3824 2590 enimvanima

2267 2602 2540 2663 Christum
2565 2610 2805 2678 recipere
2836 2624 3050 2684 potest:
3083 2620 3294 2690 anima,
3345 2624 3603 2694 inquam,
3637 2628 3826 2685 hominis

2265 2697 2312 2752 si
2345 2699 2550 2756 ratione
2578 2713 2780 2771 utatur,
2809 2707 2851 2760 si
2880 2723 3168 2780 cognoscat
3199 2714 3454 2771 mundutn
3479 2729 3544 2772 ut
3568 2734 3670 2774 non
3685 2737 3822 2785 suum,

2266 2788 2310 2844 si
2337 2792 2513 2846 omnia
2542 2794 2595 2848 in
2623 2797 2824 2853 mundo
2845 2799 3145 2868 discernat,
3181 2803 3227 2859 si
3255 2817 3564 2865 creatorem
3596 2828 3737 2868 suum
3763 2827 3826 2868 re-

2264 2895 2592 2953 cognoscat,
2627 2889 2868 2960 rccipere
2905 2891 3179 2949 Christum
3233 2907 3447 2967 potest;
3505 2901 3615 2958 imo
3663 2905 3708 2958 in
3737 2904 3823 2973 ipsa

2266 2975 2357 3030 illa
2389 2979 2563 3034 anima
2601 2982 2843 3040 Christus
2867 2984 3148 3057 formatur,
3182 2991 3234 3046 id
3255 3005 3337 3049 est
3359 2995 3616 3064 spiritus;
3649 3013 3742 3070 quo
3763 3001 3823 3054 in-

2265 3069 2370 3124 sito
2399 3081 2453 3124 et
2496 3085 2774 3132 crescente
2826 3093 2919 3147 per
2967 3081 3340 3140 credulitatem
3384 3069 3737 3156 liberatur,et
3773 3092 3820 3145 ad

2187 3157 2231 3220 C
2264 3164 2508 3220 caelestia
2538 3183 2698 3239 regna
2729 3174 3002 3240 pervenit,
3034 3185 3087 3230 et
3115 3178 3340 3234 salutem
3365 3185 3824 3256 consequiturlucis

2262 3265 2503 3315 aeternae.
2540 3262 2726 3333 Magna
2757 3276 2936 3321 autem
2965 3269 3045 3324 vis
3072 3282 3126 3326 et
3157 3276 3392 3341 petentia
3418 3288 3506 3332 est
3531 3321 3547 3345 ,
3583 3278 3714 3350 quod
3737 3281 3818 3344 ait,

2261 3350 2423 3405 donec
2453 3351 2686 3411 Christus
2713 3360 2962 3428 formetur
2983 3361 3036 3416 in
3077 3365 3234 3420 vobis.
3273 3367 3455 3438 Atque
3493 3369 3596 3426 istc
3638 3385 3818 3436 sermo,

2259 3444 2347 3514 qui
2372 3461 2513 3500 nunc
2537 3459 2719 3503 uoster
2747 3460 2861 3520 est,
2911 3455 3302 3524 eXpusitionem
3330 3463 3621 3518 verborum
3651 3465 3820 3534 simpli-

2259 3551 2378 3592 cem
2408 3548 2588 3606 tenet;
2623 3543 2764 3598 unde
2788 3557 3046 3616 quantum
3074 3552 3206 3606 satis
3231 3567 3352 3610 esse
3373 3559 3675 3625 credimus,
3695 3572 3817 3628 supra

2257 3629 2512 3687 diximus.
2542 3633 2678 3703 Quid
2717 3637 2788 3692 sit
2835 3649 3012 3696 autem
3060 3641 3339 3712 Christus,
3383 3649 3586 3716 quidve
3638 3651 3816 3705 fomiari

2255 3718 2571 3792 Christum,
2605 3739 2658 3782 et
2688 3730 2738 3784 in
2787 3732 3002 3790 homine
3049 3734 3308 3803 formari,
3368 3741 3534 3798 altior
3581 3745 3818 3814 veriurque

2254 3818 2522 3886 expositio
2538 3821 2662 3876 alibi
2695 3839 2725 3878 a
2757 3826 2910 3881 nobis
2939 3829 3193 3897 panditur
3219 3847 3282 3887 ac
3304 3837 3630 3905 explicatur.

2331 3912 2492 3969 Vsus.
2525 3914 2612 3972 ΞΟ.
2667 3948 2735 3958 -
2777 3918 2965 3974 Vellent
2995 3934 3166 3978 autem
3211 3943 3346 3980 nunc
3393 3931 3575 3985 adesse
3601 3934 3673 4003 (5)
3710 3931 3819 4003 αριιά

2251 4020 2372 4072 vos,
2404 4019 2448 4060 et
2497 4020 2690 4064 mutare
2730 4028 2898 4067 vocem
2949 4033 3141 4085 meam,
3194 4021 3435 4087 quoniam
3483 4026 3756 4094 confundor
3779 4028 3816 4077 in

2251 4099 2409 4154 vobis.
2442 4101 2541 4157 l’cr
2585 4103 2868 4173 epistolam
2923 4107 3039 4165 Ιιιιό
3088 4124 3390 4182 praecepta,
3447 4126 3506 4171 ut
3555 4121 3815 4183 cernimus,

2249 4192 2465 4248 dantur.
2500 4195 2686 4268 Magna
2718 4208 2898 4255 autem
2953 4203 3322 4274 indignatione
3353 4207 3457 4265 hoc
3497 4221 3750 4283 sumptum
3774 4223 3816 4265 ιιι

2247 4285 2488 4364 diceret,
2519 4290 2722 4346 utinam
2745 4293 2884 4364 apud
2931 4309 3025 4351 vos
3071 4312 3214 4354 nunc
3259 4315 3436 4358 essem
3487 4315 3545 4359 et
3585 4316 3814 4360 inutarem

2246 4395 2434 4436 Vocem
2469 4398 2644 4438 meam
2677 4386 2690 4439 !
2726 4402 2831 4441 non
2863 4403 2970 4458 quo
3022 4393 3361 4462 evangelium
3407 4396 3568 4452 aliter
3613 4414 3814 4469 pronun-

2248 4474 2434 4531 tiarem
2459 4519 2474 4542 ,
2495 4478 2589 4532 sed
2635 4479 2688 4534 in
2721 4480 2991 4536 iracundia
3019 4485 3403 4554 exprimerem.
3450 4489 3602 4546 Nunc
3630 4499 3812 4554 monet,

538 4574 659 4628 illos
697 4579 1010 4634 armulemini
1041 4591 1098 4636 ut
1124 4593 1178 4637 et
1200 4598 1294 4639 vos
1341 4586 1645 4656 sequamini
1676 4587 1832 4654 illos,
1863 4560 1933 4643 ita
1959 4589 2139 4660 d'upli-
2167 4560 2222 4619 D
2248 4585 2344 4640 Pe"
2373 4572 2688 4642 θΡί⁸¹⁰¹³η¹ο
2721 4590 2878 4646 quam
2929 4577 3093 4632 min
3123 4597 3136 4633 ³
3176 4580 3372 4650 “diem
3401 4595 3586 4641 “mem
3631 4600 3812 4641 causam

543 4683 661 4726 cem
690 4670 847 4726 istam
876 4675 1167 4732 annulaudi
1189 4679 1600 4749 significantium
1631 4682 1859 4738 diversis
1881 4685 2014 4739 locis
2045 4700 2140 4755 po-

541 4764 649 4817 suit
673 4807 686 4828 ,
712 4780 834 4820 eum
883 4770 1155 4826 aemulatio
1190 4772 1260 4826 sit
1303 4773 1564 4841 imitatio,
1595 4774 1828 4831 maxime
1853 4791 1972 4831 cmn
2003 4786 2058 4832 et
2086 4778 2137 4832 in

539 4857 740 4914 bonum
772 4870 873 4915 cst.
909 4863 1020 4920 lloc
1047 4875 1128 4920 est
1155 4866 1296 4937 quod
1331 4866 1416 4923 hic
1445 4869 1548 4934 ait,
1578 4878 1632 4923 ut
1661 4870 1778 4924 illos
1804 4872 2135 4938 wnmlemini,

538 4952 592 5007 itl
625 4962 708 5008 est
740 4965 795 5008 ut
819 4956 970 5024 quasi
999 4956 1197 5013 bonum
1246 4961 1461 5017 illorum
1493 4965 1813 5034 sequamini.
1848 4965 2016 5024 Porro
2037 4985 2136 5024 au-

538 5056 645 5101 tem
674 5048 814 5118 quod
845 5049 988 5104 dixit
1012 5053 1334 5110 aemulantur
1358 5071 1452 5112 vos
1481 5097 1496 5122 ,
1529 5068 1586 5113 ut
1615 5059 1926 5117 OStenderet
1960 5063 2026 5118 ad
2055 5065 2136 5119 in-

610 5206 686 5270 (l)
715 5205 912 5264 Confer
931 5208 1087 5279 Vulg.
1115 5225 1234 5280 qua:
1263 5211 1403 5268 lmuc
1424 5215 1602 5272 locum
1627 5219 1704 5274 sic
1721 5218 1936 5276 exhibet
1967 5239 1980 5276 :
2010 5221 2136 5277 Tes-

535 5278 1238 5358 timoniumenini__perliibeo
1267 5285 1436 5358 vobis,
1469 5292 1620 5358 quia.
1647 5301 1751 5346 etc.

628 5350 683 5418 ς2)
709 5349 883 5407 Codd.
910 5353 1110 5416 vellitis,
1137 5370 1256 5410 tuo:
1283 5349 1683 5415 factum'velitis.
1716 5363 1872 5418 Malui
1913 5365 2128 5420 velletis.

628 5352 683 5418 ςὶ)
709 5352 883 5407 Codd.
910 5353 1110 5416 vellitis,
1137 5370 1256 5410 tuo:
1283 5352 1683 5415 factum'velitis.
1716 5363 1872 5418 Malui
1913 5365 2128 5420 velletis.

703 5423 868 5505 liunc
898 5424 1072 5479 locum
1100 5425 1176 5480 sic
1209 5427 1368 5505 habet
1397 5428 1559 5505 Vulg._
1578 5433 1662 5505 ed.
1687 5452 1701 5488 :
1727 5433 1867 5505 Ergo
1895 5438 2131 5493 inimicus

529 5494 670 5564 vobis
695 5494 864 5564 factus
891 5513 1001 5550 sum
1030 5538 1045 5559 ,
1081 5514 1253 5551 verum
1277 5499 1450 5554 dicens
1477 5494 1656 5556 vobis?

605 5563 998 5645 (4)7lli_versus
1043 5569 1122 5645 sic
1173 5570 1422 5645 leguntur
1464 5573 1516 5627 in
1553 5573 1706 5645 Vulg.
1745 5574 2132 5636 :zEmulantur

529 5651 618 5713 vos
646 5653 746 5713 non
773 5637 948 5713 Abene_:
974 5639 1062 5692 sed
1087 5637 1356 5697 excludere
1402 5659 1488 5697 vos
1542 5637 1866 5700 non'volunt
1884 5688 1898 5713 ,
1927 5659 1978 5702 ut
2011 5650 2129 5708 illos

527 5707 858 5762 ientulemini.
887 5707 1087 5763 Bonum
1115 5721 1281 5766 autem
1315 5715 1632 5794 aemulaniini
1671 5717 1722 5771 in
1748 5707 2126 5794 bono'semper,

529 5782 576 5831 ιιι
604 5791 704 5832 non
735 5784 932 5835 tantum
963 5793 1078 5834 cum
1109 5795 1334 5848 primane
1363 5799 1474 5840 sum
1491 5783 1632 5858 apud
1663 5801 1770 5843 vos.
1804 5863 1807 5868 Α

2237 4662 2400 4734 justm
2427 4665 2741 4734 iracundiae,
2769 4671 2891 4739 quia
2940 4673 3074 4727 dixit
3101 4676 3392 4747 confundor
3413 4679 3467 4732 in
3491 4680 3650 4743 vobis,
3680 4679 3726 4734 id
3749 4688 3811 4732 est

2244 4757 2450 4828 pudore
2471 4759 2702 4825 crucior,
2734 4761 2874 4831 quod
2907 4763 3015 4818 cito
3053 4770 3301 4822 conversi
3330 4769 3461 4824 estis
3482 4813 3498 4836 ,
3542 4774 3631 4842 qui
3680 4770 3810 4825 fidem

2244 4861 2445 4904 tantam
2476 4852 2731 4922 perditis,
2762 4854 2852 4923 qui
2875 4853 3118 4912 laborem
3143 4866 3199 4914 et
3237 4862 3580 4932 evangelium
3629 4875 3678 4918 et
3705 4862 3808 4916 insi-

2242 4955 2460 4998 nuatam
2493 4944 2772 5001 veritatem
2801 4964 2906 5002 non
2938 4951 3150 5006 tenetis.
3185 4952 3320 5010 Hinc
3336 4955 3480 5011 enim
3513 4958 3639 5012 mihi
3659 4959 3719 5012 de
3736 4971 3810 5008 vu-

2240 5037 2322 5093 bis
2367 5037 2600 5094 efficitur
2630 5055 2821 5111 magna
2878 5044 3144 5100 confusio.
3204 5047 3444 5119 Denique
3491 5051 3539 5105 si
3591 5047 3807 5106 iracunde

2239 5131 2454 5203 quidem
2485 5149 2606 5188 cum
2629 5135 2943 5202 tentatione,
2970 5148 3148 5194 tamen
3178 5141 3478 5210 subjuuxit.

2311 5225 2476 5280 Vens.
2494 5225 2557 5282 21
2572 5225 2833 5298 .—-l)icite
2854 5230 2978 5285 mihi
2999 5233 3087 5301 qui
3111 5233 3203 5286 sub
3224 5234 3333 5305 lege
3359 5235 3514 5290 vultis
3535 5253 3658 5300 esse.
3675 5237 3805 5306 legem

2235 5321 2540 5394 nonlegistis
2553 5323 2578 5377 ?
2591 5322 2666 5377 Ex
2689 5323 2800 5393 ipsa
2817 5324 2933 5394 lege
2945 5325 3094 5395 cupit
3111 5326 3214 5381 illis
3231 5329 3576 5398 persuadere,
3593 5330 3654 5384 ad
3675 5342 3802 5399 quam

2310 5436 2928 5524 (12Y5t|3.,ﬁllolimei.
3050 5519 3060 5524 Δ
3376 5514 3443 5524 __
3720 5514 3730 5524 _

2313 5509 2396 5582 (2)
2440 5508 2699 5565 Notemus
2749 5527 2953 5567 morem
2977 5519 3214 5594 veterrimi
3247 5514 3572 5594 suscipiendi
3602 5514 3800 5594 baptiza»

2238 5589 2326 5636 tos
2350 5623 2364 5647 ,
2398 5595 2601 5651 eosque
2626 5594 2805 5658 patres
2835 5584 3140 5654 appellandi
3173 5584 3513 5656 habendique
3540 5590 3628 5658 qui
3649 5586 3794 5655 bapti-

2238 5662 2493 5734 saverant
2517 5654 2680 5734 etnqui
2711 5665 3096 5734 susceperant;
3121 5672 3242 5726 qua:
3258 5669 3339 5712 est
3371 5654 3625 5729 spiritalis
3653 5659 3698 5712 in
3716 5654 3793 5710 ec-

2237 5723 2543 5795 clesjastico
2567 5723 2980 5795 juregcognatio.

2311 5789 2394 5866 (ᾗ)
2426 5788 2482 5849 in
2513 5788 2655 5865 vulg.
2676 5788 2826 5854 desit
2853 5809 2988 5852 nunc
3015 5799 3071 5853 et
3125 5804 3222 5866 pro
3251 5795 3432 5856 adem
3458 5795 3663 5870 legitur,
3689 5805 3788 5853 ειμι
