4024 6306
208 236 350 294 1185

1071 240 1138 296 IN
1166 241 1557 298 EPISTOLAM
1597 239 1802 299 PAULl
1843 241 1935 296 AD
1974 239 2296 297 GALA'I‘AS
2325 240 2530 296 LIBER
2567 240 2609 296 ll

3367 241 3511 304 1186

202 352 492 407 transitum
523 352 798 410 fecerunt:
831 355 874 409 si
907 355 1068 410 modo
1107 357 1251 412 enim
1307 357 1477 426 ipsam
1509 357 1681 428 legem
1729 357 1808 412 le-
1834 362 1886 421 Α
1912 356 2118 424 vitatis,
2152 365 2206 412 et
2237 363 2616 412 testamentum
2644 354 2785 426 quod
2814 354 3070 426 scriptum
3113 363 3192 410 est
3221 353 3289 411 de
3319 357 3508 413 eadem

197 455 447 516 gaut,ex
479 447 622 517 ipsa,
656 449 906 518 inquam,
959 449 1075 520 lege
1123 451 1449 521 persuadere
1493 452 1703 518 nititur,
1751 461 1809 507 ut

199 536 513 609 intelligant
547 540 669 609 quia
717 541 977 611 scriptum
1026 542 1098 598 ita
1143 553 1264 610 εει,
1325 553 1384 598 ιιι
1427 544 1476 597 in
1530 543 1805 600 Christum

197 631 460 685 credatur
484 630 588 704 (l),
619 641 674 688 et
711 634 1006 690 credulitas
1049 646 1262 706 sumpta
1307 637 1361 690 in
1389 634 1702 702 Christum,
1737 637 1810 692 sit

203 733 317 780 tota
351 726 598 782 liberatio
619 769 633 793 ,
655 737 710 784 et
740 738 848 784 tota
881 729 1027 785 salus
1047 771 1059 792 ,
1089 741 1143 786 et
1168 732 1344 786 omnis
1370 732 1664 788 beatitudo.
1691 735 1806 800 Qua

202 834 336 891 ergo
376 819 772 892 indignatione,
815 823 924 887 ait,
965 823 1128 878 dicite
1183 824 1354 879 mihi?
1399 823 1516 880 Non
1563 823 1658 880 vos
1707 841 1808 898 ego

206 930 405 971 moneo
430 958 445 980 ,
480 915 576 970 scd
607 931 703 972 vos
729 917 829 986 ipsi
858 917 1186 988 respondete
1219 917 1348 973 mihi
1369 959 1384 984 ,
1429 935 1623 989 nempe
1653 919 1704 974 in
1734 921 1810 975 le-

204 1021 329 1078 gem
363 1008 632 1064 transislis
655 1050 670 1075 ,
701 1019 754 1064 et
784 1010 876 1064 sub
903 1011 1012 1081 lege
1031 1026 1141 1065 esse
1161 1011 1333 1076 vultis,
1366 1021 1422 1065 et
1447 1023 1624 1067 tamen
1647 1013 1808 1083 legem

206 1117 313 1156 non
335 1101 550 1172 legistis,
577 1101 628 1156 in
681 1117 784 1172 qua
839 1102 1096 1172 scriptum
1145 1104 1214 1156 ita
1247 1112 1349 1158 est.
1385 1103 1452 1158 Et
1488 1103 1766 1175 subjungit
1792 1146 1806 1171 ,

210 1195 355 1252 unde
381 1195 574 1266 probet
600 1195 727 1267 quid
750 1196 820 1251 sit
844 1195 929 1251 lex
959 1195 1269 1252 Judmorum
1326 1208 1382 1252 et
1425 1197 1708 1269 diciplina,
1754 1207 1808 1253 et

206 1303 330 1358 quae
361 1303 487 1358 spes
505 1329 520 1355 ,
541 1297 595 1342 et
619 1304 739 1358 quae
763 1287 928 1356 lides,
959 1299 1016 1344 et
1042 1288 1168 1361 quid
1196 1290 1266 1344 sit
1286 1289 1338 1361 in
1356 1289 1626 1346 Christum
1653 1291 1806 1360 ﬁdes,

208 1389 267 1436 et
293 1396 414 1450 quae
433 1395 560 1450 spes
588 1390 642 1436 et
672 1379 967 1436 beatitudo.

287 1473 450 1530 Vens.
484 1473 582 1527 22.
631 1502 704 1516 --
733 1473 994 1544 Scriptum
1036 1485 1110 1529 est
1167 1475 1332 1545 enim,
1371 1477 1510 1548 quod
1549 1477 1810 1533 Abraham

207 1565 340 1619 duos
365 1566 501 1634 ﬁlios
520 1566 727 1634 habuit,
753 1583 911 1620 unum
962 1566 1026 1622 de
1065 1568 1289 1636 ancilla,
1338 1585 1496 1624 unum
1544 1572 1800 1628 delibera.

213 1658 328 1714 Hoc
366 1660 670 1730 exemplum
699 1658 769 1714 de
803 1659 1002 1714 Genesi
1032 1669 1150 1715 est:
1193 1661 1294 1717 hoc
1344 1664 1626 1733 probatum
1660 1666 1806 1735 cupit

206 1749 350 1821 quod
379 1751 461 1806 lex
485 1793 498 1816 ,
523 1766 644 1820 quae
677 1750 987 1807 Judaeorum
1012 1763 1122 1816 est,
1153 1761 1208 1807 et
1225 1753 1402 1808 omnis
1443 1755 1671 1824 [topulus
1696 1757 1808 1812 vel-

208 1846 288 1902 uti
333 1845 400 1902 de
451 1845 646 1901 ancilla
702 1846 844 1902 ﬁlius
867 1846 938 1900 sit
968 1863 980 1898 :
1016 1861 1181 1916 porro
1229 1857 1408 1903 autem
1460 1847 1701 1904 Ecclesia
1755 1857 1810 1905 et

207 1941 532 2006 Christiani,
567 1941 708 1996 ﬁlius
737 1939 804 1997 de
851 1941 1018 1996 libera
1047 1951 1150 1996 est.
1197 1941 1310 1996 lloc
1352 1943 1496 1996 enim
1548 1943 1807 2011 scriptum

208 2045 294 2091 est
317 2077 332 2101 ,
360 2033 502 2101 quod
528 2034 800 2089 Abraham
827 2075 842 2100 ,
873 2034 962 2105 qui
984 2044 1134 2104 pater
1155 2044 1237 2090 est
1261 2033 1389 2089 ﬁdei
1413 2077 1426 2099 ,
1460 2034 1621 2090 habet
1641 2052 1808 2091 unum

209 2127 381 2182 lilium
409 2126 478 2182 de
499 2127 729 2193 ancilla;
762 2127 815 2182 id
831 2138 913 2182 est
941 2128 1010 2183 de
1037 2127 1214 2198 Agar;
1239 2138 1292 2183 et
1313 2129 1476 2183 alium
1510 2131 1576 2184 de
1604 2130 1771 2185 libera
1790 2173 1806 2199 ,

210 2219 264 2276 id
288 2230 368 2277 est
399 2220 466 2276 de
494 2221 625 2278 Sara
651 2221 824 2276 Isaac:
854 2221 1160 2292 signiﬁcans
1182 2223 1367 2293 utique
1392 2222 1525 2278 duos
1558 2224 1806 2292 populos,

207 2313 306 2370 sed
336 2316 495 2370 istum
525 2315 838 2381 meliorem,
879 2313 970 2383 qui
1027 2313 1095 2369 de
1145 2315 1313 2370 libera
1357 2323 1441 2369 est
1488 2332 1500 2368 :
1559 2315 1611 2370 in
1638 2315 1809 2387 ﬁgura

209 2406 356 2464 enim
409 2406 613 2461 Christi
653 2405 820 2462 Isaae.
871 2406 1111 2475 Denique
1161 2407 1239 2460 sic
1270 2406 1565 2479 subjungit.

285 2496 445 2552 Vsus.
461 2497 734 2554 9.3.—Sed
754 2499 797 2552 is
808 2499 1012 2568 quidem
1034 2500 1110 2572 (2)
1133 2499 1215 2568 qui
1230 2498 1294 2552 de
1307 2499 1514 2567 ancilla,
1533 2503 1809 2556 secundum

210 2609 417 2648 carnem
447 2604 597 2648 natus
617 2603 725 2660 est;
753 2595 841 2665 qui
875 2605 1042 2648 autem
1063 2597 1126 2648 (le
1171 2593 1328 2648 libera
1352 2635 1366 2660 ,
1411 2611 1504 2666 per
1530 2597 1808 2666 repromis-

212 2687 426 2742 sionem.
462 2687 676 2742 Etenim
705 2687 794 2757 qui
820 2686 889 2742 de
919 2686 1110 2742 ancilla
1141 2697 1295 2742 natus
1315 2698 1430 2753 est,
1467 2687 1703 2744 carnalis
1725 2695 1810 2743 est

214 2781 392 2847 ﬁlius;
426 2782 514 2851 qui
547 2789 728 2837 autem
745 2781 814 2838 de
835 2781 1002 2838 libera
1025 2821 1041 2849 ,
1062 2781 1320 2850 spiritalis
1340 2791 1420 2837 est
1444 2821 1457 2846 ,
1487 2791 1772 2852 pr0pterea
1791 2823 1806 2849 ,

213 2877 338 2945 quia
369 2889 398 2928 a
432 2875 545 2930 Deo
588 2875 888 2944 promissus
933 2883 1034 2930 est.
1079 2875 1220 2930 Deus
1272 2876 1416 2930 enim
1473 2876 1525 2931 ei
1567 2875 1812 2946 promisit

214 2969 494 3034 credenti,
517 2970 605 3040 qui
635 2985 755 3024 cum
775 2970 886 3038 jam
921 2985 1058 3040 pene
1099 2986 1273 3026 annos
1297 2980 1512 3026 centum
1539 2983 1590 3027 et
1623 2975 1737 3042 ipse
1756 2984 1811 3029 ct

217 3079 356 3119 uxor
402 3065 514 3119 nati
558 3073 739 3120 essent
762 3105 777 3132 ,
810 3064 980 3119 ﬁlium
1019 3064 1252 3119 habituri
1283 3075 1485 3120 essent.
1519 3065 1658 3137 Ergo
1687 3079 1809 3121 cum

1913 450 2131 504 civitate
2151 489 2166 515 ,
2199 447 2252 502 in
2281 449 2541 504 servitute
2567 457 2651 503 est
2675 463 2796 503 cmn
2827 446 2952 501 ﬁliis
2974 446 3107 501 suis.

1987 540 2150 596 Vens.
2182 540 2366 594 εἰεί-ο
2393 540 2521 606 Qua:
2546 551 2716 594 autent
2771 556 2975 594 sursum
3018 549 3091 594 est
3143 539 3502 607 Hierusalem,

1912 633 2070 688 libera
2095 644 2201 698 est,
2230 644 2393 688 muter
2415 635 2638 688 omnium
2665 644 2959 688 nostrorum
2985 633 3092 704 (ι).
3128 633 3208 688 Ad
3233 634 3380 688 illum
3417 651 3512 705 po-

1910 730 2094 799 pulum
2153 727 2330 794 redit,
2380 728 2430 783 id
2461 737 2545 784 est
2571 728 2635 784 ad
2667 729 2804 784 ﬁlios
2829 728 3097 784 Abraham
3123 771 3136 795 ,
3165 728 3256 800 qui
3285 739 3411 784 sunt
3432 729 3502 786 de

1911 821 2079 877 libera
2105 864 2119 887 ,
2151 821 2386 893 dicitque
2413 832 2467 877 et
2488 824 2643 877 istam
2675 823 3007 879 Hierusalem
3029 864 3043 890 ,
3088 839 3246 895 quam
3276 823 3501 879 liberam

1911 915 2186 979 nominat,
2229 930 2350 970 esse
2381 916 2432 970 in
2465 916 2640 971 oculis.
2675 915 2789 972 Hoc
2814 926 2894 970 cst
2926 915 3065 986 quod
3097 917 3174 970 ait
3202 932 3315 988 quae
3338 927 3509 970 autem

1911 1026 2114 1065 sursum
2149 1009 2470 1066 Hierusalem
2507 1021 2560 1066 et
2585 1027 2706 1082 qua:
2762 1026 2922 1082 supra
2962 1011 3130 1067 caelos
3150 1020 3234 1066 est
3261 1053 3274 1077 ,
3325 1011 3507 1082 utique

1909 1104 2032 1175 quia
2066 1120 2171 1159 non
2203 1104 2256 1159 in
2306 1103 2507 1159 nmudo
2529 1112 2611 1160 est
2638 1146 2652 1170 ,
2695 1119 2801 1158 non
2829 1104 3014 1159 servit.
3043 1103 3168 1158 Haec
3188 1103 3350 1173 igitur
3376 1119 3499 1158 cum

1911 1197 2120 1268 p0pulis
2170 1197 2282 1253 suis
2321 1198 2489 1254 libera
2529 1207 2611 1251 cst
2653 1197 2989 1252 Hierusalem
3016 1237 3030 1258 .
3085 1211 3140 1251 et
3182 1197 3318 1251 hanc
3373 1195 3503 1252 dicit

1910 1305 2031 1346 esse
2052 1301 2275 1346 matrem
2300 1291 2537 1346 omnium
2563 1300 2829 1355 nostrum,
2859 1292 2906 1346 id
2939 1302 3020 1345 εει
3049 1290 3499 1358 Christianorum;

1913 1382 2057 1438 illam
2095 1398 2224 1438 vero
2260 1382 2588 1439 .ludaeorum.
2639 1383 2777 1452 Quid
2804 1384 2878 1437 sit
2923 1382 3060 1438 istud
3089 1427 3102 1450 ,
3166 1383 3501 1438 Hierusalem

1912 1491 2035 1532 esse
2067 1491 2230 1546 supra
2274 1476 2443 1532 caelos
2467 1517 2482 1542 ,
2540 1485 2594 1531 et
2635 1491 2758 1532 esse
2785 1486 2837 1532 et
2883 1477 2934 1531 in
2968 1487 3104 1532 terra
3131 1476 3510 1532 Hierusalem?

1914 1569 2066 1626 Unde
2088 1569 2312 1639 intelligi
2356 1570 2514 1634 licet,
2557 1578 2612 1625 et
2643 1568 2729 1624 hic
2779 1577 2974 1625 terram
3001 1577 3054 1624 et
3081 1569 3151 1625 ibi
3181 1578 3378 1625 terram
3407 1585 3502 1623 su-

1912 1675 2006 1731 pra
2035 1661 2202 1715 cmlos
2230 1660 2307 1731 (2)
2335 1677 2348 1713 :
2394 1676 2568 1731 neque
2597 1660 2740 1716 enim
2775 1659 3108 1716 Hierusalem
3128 1702 3142 1726 ,
3174 1677 3291 1732 quzc
3313 1659 3501 1716 civitas

1839 1761 1886 1821 Β
1913 1765 1994 1808 εει
2019 1796 2034 1820 ,
2077 1755 2192 1808 sine
2225 1764 2364 1808 terra
2391 1762 2492 1808 εει.
2525 1753 2666 1825 Ergo
2694 1753 2821 1824 quid
2851 1754 2921 1808 sit
2951 1753 3094 1809 istud
3125 1756 3338 1824 inquam
3361 1769 3503 1821 esse,

1911 1856 1966 1901 et
1995 1846 2082 1901 hic
2115 1856 2170 1901 et
2208 1845 2276 1900 ibi
2327 1855 2525 1900 terram
2559 1861 2680 1902 esse
2705 1887 2720 1912 ,
2769 1855 2826 1901 et
2876 1846 2964 1902 hic
2992 1856 3048 1901 et
3095 1846 3166 1902 ibi
3197 1847 3465 1903 civitatem
3492 1886 3510 1914 ,

1909 1937 2004 1994 sed
2038 1938 2179 1992 illam
2215 1937 2472 2005 liberam,
2514 1938 2650 1994 hanc
2689 1954 2899 1995 servam
2927 1981 2940 2006 ,
2971 1941 3110 1995 alius
3139 1951 3390 1996 tractatus
3428 1947 3512 1996 est

1910 2031 2101 2102 longus
2126 2047 2139 2083 :
2174 2030 2334 2086 modo
2358 2073 2373 2097 ,
2422 2030 2550 2086 illud
2575 2039 2873 2096 teneamus,
2929 2031 3074 2086 illam
3099 2047 3219 2088 esse
3248 2043 3510 2100 nostram,

1909 2123 1976 2177 ad
2008 2123 2156 2178 illam
2183 2139 2304 2179 esse
2331 2122 2712 2178 festinandum.
2735 2123 2926 2178 Moneo
2955 2124 3098 2180 enim
3127 2141 3267 2181 nunc
3295 2126 3509 2182 interim

1910 2215 2056 2270 illam
2087 2231 2210 2272 esse
2235 2215 2529 2286 Spiritalem
2554 2258 2568 2281 ,
2620 2232 2739 2287 quae
2767 2217 3013 2287 superior
3033 2227 3114 2273 est
3141 2233 3156 2284 ;
3207 2219 3344 2274 hanc
3373 2233 3496 2276 esse

1909 2310 2213 2372 carnalem,
2262 2326 2381 2380 qua:
2418 2310 2488 2364 sit
2533 2310 2774 2366 inl'erior.

1982 2401 2147 2457 Vsus.
2175 2401 2612 2474 ‘27.-—Scriptum
2640 2413 2714 2457 est
2732 2403 2867 2457 enim
2894 2418 2912 2457 :
2941 2401 3140 2458 Lcetare
3159 2405 3366 2472 sterilis,
3398 2420 3513 2476 qua:

1913 2510 2016 2547 non
2037 2495 2211 2566 paris;
2233 2511 2438 2567 erumpe
2461 2504 2508 2548 et
2529 2496 2714 2560 clama,
2740 2511 2856 2566 qua:
2878 2512 2978 2550 non
3001 2498 3250 2567 parturis;
3273 2499 3514 2568 quoniam

1911 2587 2060 2640 multi
2085 2587 2182 2654 ﬁlii
2206 2587 2416 2642 deserta:
2436 2589 2600 2659 magis
2619 2603 2733 2658 qua:
2754 2589 2866 2660 ejus
2887 2605 3000 2660 qua:
3021 2590 3166 2645 habet
3189 2591 3372 2645 virum.
3402 2591 3514 2648 Hoc

1911 2679 2216 2749 exemplum
2238 2679 2306 2735 de
2327 2679 2459 2734 Isaia
2482 2689 2584 2746 est,
2603 2679 2671 2735 ad
2691 2681 3081 2738 excludendum
3103 2683 3153 2738 id
3175 2683 3316 2754 quod
3341 2684 3512 2739 maxi-

1913 2785 2000 2824 me
2023 2757 2346 2840 persuadere
2375 2772 2664 2840 cupiebant
2684 2814 2698 2837 ,
2731 2771 2782 2828 id
2813 2783 2895 2828 est
2921 2785 2977 2828 ut
2997 2774 3332 2846 disciplinam
3351 2792 3510 2845 quam

1913 2863 2014 2919 sibi
2059 2863 2262 2920 Galam:
2289 2874 2694 2936 assumpserant
2717 2880 2837 2922 eum
2863 2865 3059 2923 Christi
3088 2869 3432 2926 veneratione
3459 2879 3516 2928 et

1915 2957 2022 3014 ﬁde
2053 2961 2104 3013 in
2137 2959 2427 3022 Christum,
2455 2959 2809 3015 observarent
2841 2969 3016 3016 tamen
3039 2963 3202 3018 etiam
3239 2963 3512 3033 judaicam

1913 3051 2268 3123 disciplinam.
2297 3054 2376 3110 Ad
2411 3055 2543 3122 hoc,
2570 3058 2811 3128 inquam,
2840 3059 3254 3122 excludendum.
3278 3071 3337 3118 ut
3367 3062 3513 3120 illam

217 3155 302 3212 vel
327 3166 574 3212 emortuo
594 3156 832 3222 semine,
855 3157 938 3212 vel
969 3168 1211 3213 emortua
1244 3159 1404 3213 etiam
1435 3157 1621 3225 vulva,
1652 3159 1812 3214 ambo
1837 3148 1883 3212 C
1919 3145 2226 3215 τθιίοενοηι,
2251 3157 2304 3202 Gl
2325 3148 2500 3204 δοιυηι
2535 3150 2869 3221 evangelium
2897 3151 2964 3207 de
2987 3152 3206 3209 C'N‘iS‘O
3231 3153 3514 3224 haberem.

212 3254 589 3325 iungerentur,
621 3271 725 3311 non
745 3256 854 3326 jam
882 3257 948 3313 de
975 3271 1136 3313 carne
1155 3299 1171 3325 ,
1200 3259 1292 3314 sed
1323 3258 1390 3314 de
1436 3259 1661 3329 Spiritu,
1687 3276 1810 3330 pro—

218 3359 540 3404 creaverunt
565 3349 730 3404 ﬁlium
751 3392 765 3416 ,
817 3365 975 3420 quem
1034 3363 1386 3422 procrearunt
1416 3370 1430 3407 :
1486 3362 1540 3409 et
1569 3353 1682 3409 lucc
1714 3353 1814 3410 fuit

219 3445 569 3515 repromissio
590 3486 604 3509 ,
639 3445 759 3500 illos
777 3461 899 3499 eum
925 3447 1225 3502 habituros.
1255 3447 1361 3503 Sed
1392 3462 1490 3503 nos
1518 3447 1651 3502 duos
1683 3447 1816 3503 istos

223 3536 362 3593 ﬁlios
387 3537 818 3606 comparabimus
839 3579 853 3604 ,
878 3539 1145 3608 simulque
1174 3548 1226 3594 et
1253 3550 1456 3594 matres
1487 3539 1665 3609 populi
1689 3581 1702 3605 ,
1727 3555 1816 3595 ec-

220 3632 402 3688 clesiis
428 3632 734 3688 Iudaeorum
761 3643 816 3690 et
855 3633 1307 3688 Christianorum.
1335 3633 1534 3689 Paulus
1565 3649 1691 3689 vero
1717 3633 1816 3688 ali-

224 3724 707 3795 terinterpretatus
737 3725 1011 3796 subjungit
1060 3727 1153 3781 ita.

295 3815 460 3873 Vsus.
491 3817 562 3874 24
581 3829 636 3875 ει
662 3817 753 3874 25.
786 3848 854 3859 --
876 3819 1004 3886 Qua:
1032 3828 1148 3874 sunt
1177 3836 1268 3890 per
1287 3821 1587 3892 allegoriam
1610 3821 1816 3876 dicta...

219 3909 315 3966 Sic
334 3910 516 3981 utique
537 3925 634 3965 nos
661 3909 998 3981 interpretati
1026 3927 1212 3968 sumus
1237 3953 1252 3978 ,
1305 3912 1459 3982 quasi
1493 3929 1586 3981 per
1624 3913 1822 3984 allego-

220 4005 381 4061 riam.
402 4004 533 4060 Cum
555 4004 697 4060 aliud
720 4004 934 4073 dicitur,
957 4005 1101 4060 aliud
1124 4006 1453 4077 signiﬁcatur
1474 4005 1574 4080 (3),
1601 4006 1715 4062 hazc
1740 4008 1821 4062 al-

222 4098 423 4170 legoria
439 4107 540 4164 est,
561 4099 730 4170 ipsam
755 4107 934 4154 tamen
950 4099 1257 4169 allegoriam
1282 4100 1664 4172 interpretatur
1686 4101 1824 4157 Pau-

221 4194 332 4261 lus,
365 4202 422 4248 ut
457 4194 571 4265 ipse
591 4194 866 4264 subjungit
888 4212 900 4247 :
926 4192 1066 4250 Nunt
1095 4194 1204 4248 haec
1227 4203 1347 4248 sunt
1373 4195 1473 4248 duo
1505 4205 1821 4261 testamenta,

224 4301 388 4340 unum
399 4286 603 4356 quidem
613 4302 676 4341 ea:
691 4297 856 4341 monte
868 4285 1019 4350 Sina,
1036 4287 1087 4340 in
1102 4287 1392 4343 servitutem
1403 4304 1673 4358 generatis,
1687 4289 1825 4359 quod

225 4391 304 4438 est
331 4382 492 4452 Agar.
517 4380 650 4437 Sina
677 4382 810 4436 enim
830 4397 974 4436 mons
1005 4392 1076 4435 est
1102 4382 1155 4435 in
1178 4381 1387 4449 Arabia,
1411 4382 1498 4452 qui
1526 4384 1824 4453 conjunctus

227 4485 306 4531 εει
349 4477 392 4529 ei
417 4475 505 4546 qui
537 4473 614 4547 (4)
642 4490 778 4528 nunc
804 4483 876 4528 est
897 4475 1054 4546 juxta
1083 4473 1430 4530 Hierusalem.
1462 4473 1700 4545 Pepulus
1725 4475 1822 4530 Ju-

1918 3250 2286 3308 assumpserat
2314 3241 2564 3311 superius
2583 3244 2919 3314 exemplum,
2967 3260 3074 3315 quo
3100 3245 3320 3302 doceret
3348 3247 3520 3303 Abra-

1919 3329 2039 3384 ham
2073 3329 2210 3385 duos
2245 3332 2384 3387 ﬁlios
2412 3331 2664 3390 habuisse
2687 3376 2701 3400 ,
2726 3350 2889 3390 unum
2928 3337 2996 3392 de
3026 3338 3216 3393 ancilla
3236 3379 3251 3405 ,
3281 3340 3511 3396 alterum

1917 3419 2205 3478 delibera.
2249 3423 2343 3479 llla
2395 3418 2576 3481 autem
2619 3425 2789 3482 libera
2815 3468 2830 3494 ,
2875 3443 2997 3498 qua:
3039 3445 3167 3486 vere
3205 3447 3344 3488 uxor
3388 3432 3516 3500 luit,

1920 3515 2121 3570 sterilis
2147 3527 2262 3570 erat
2289 3558 2302 3581 ,
2345 3532 2520 3588 neque
2551 3518 2695 3573 enim
2749 3518 3009 3576 edidisset
3041 3531 3283 3591 partum,
3335 3523 3380 3580 si
3411 3541 3519 3581 non
3548 3572 3558 3582 .

1922 3605 2066 3661 Deus
2111 3609 2532 3677 repromissione
2581 3610 2765 3686 sua_ei
2812 3610 2976 3666 ﬁlium
3028 3621 3326 3682 praestaret.
3364 3615 3520 3674 Unde

1921 3699 2275 3773 intelligitur,
2335 3720 2441 3758 non
2464 3720 2530 3761 ex
2552 3704 2884 3760 admixtione
2916 3706 2994 3778 (5)
3024 3708 3164 3764 inter
3207 3725 3266 3765 se
3308 3725 3506 3782 corpo-

1922 3811 2064 3864 rum,
2093 3795 2187 3851 sed
2211 3812 2275 3850 ex
2307 3798 2662 3867 promissione
2687 3801 2778 3857 Dei
2813 3801 3084 3857 Abraham
3110 3801 3274 3858 ﬁlium
3305 3803 3520 3859 habuis-

1921 3903 2011 3953 se;
2062 3888 2327 3959 siquidem
2367 3891 2454 3946 hic
2493 3891 2635 3948 ﬁlius
2691 3893 2914 3965 liberm,
2957 3896 3046 3966 qui
3087 3895 3234 3952 Isaac
3283 3896 3376 3952 fuit
3401 3937 3417 3964 ,
3448 3897 3519 3954 de

1923 3981 2096 4037 sterili
2127 3993 2284 4038 natus
2325 3993 2437 4050 est,
2485 3984 2675 4054 Spiritu
2725 3987 2954 4057 quodam
3011 3990 3188 4059 potius
3227 3998 3521 4061 conceptus

1924 4089 2082 4143 quam
2105 4076 2464 4146 c0pulatione.
2498 4077 2624 4132 Haec
2659 4078 2821 4150 igitur
2845 4081 3068 4150 sterilis,
3101 4098 3221 4153 quae
3252 4083 3419 4138 ﬁlium
3441 4082 3522 4140 fe-

1924 4167 2000 4222 cit
2029 4167 2176 4223 Isaac
2201 4209 2216 4235 ,
2247 4171 2340 4240 qui
2378 4169 2446 4225 ad
2474 4171 2757 4242 imaginem
2799 4182 2852 4228 et
2886 4182 3068 4244 typum
3109 4175 3305 4230 Christi
3355 4183 3513 4232 natus

1927 4271 2049 4328 est,
2093 4263 2208 4334 ipse
2236 4272 2320 4318 est
2345 4264 2436 4335 qui
2463 4264 2711 4320 liberavit
2736 4267 3014 4337 populum.
3043 4267 3177 4323 Cum
3234 4269 3393 4338 igitur
3439 4254 3556 4322 (ιμ’

1927 4354 2002 4408 cit
2043 4353 2217 4409 lauare
2235 4355 2424 4414 sterilis
2445 4373 2558 4426 qua:
2582 4374 2684 4412 non
2709 4358 2882 4427 paris,
2907 4359 3029 4429 quia
3055 4359 3149 4415 tibi
3196 4359 3336 4415 Deus
3381 4360 3521 4416 ﬁlios

1928 4446 2085 4514 facit;
2110 4448 2246 4504 item
2279 4465 2400 4505 cum
2427 4449 2561 4506 dicit
2588 4466 2603 4518 ,
2639 4467 2850 4522 erumpe
2889 4467 3006 4520 qua:
3033 4469 3136 4508 non
3167 4453 3432 4525 parturis;
3455 4452 3528 4508 si-

228 4539 496 4635 datorum,
518 4539 707 4639 inquit,
727 4568 808 4622 rel
826 4539 1202 4624 testamentum
1219 4539 1825 4640 vetussigniﬁcatlilium
1852 4557 1906 4617 D
1933 4556 2002 4640 ξτθ
2025 4539 2215 4640 ξιίξίθτθ
2249 4543 2448 4599 eumn“
2482 4544 2575 4599 ubi
2617 4545 2712 4599 nm
2749 4553 3036 4640 (³⁸³³⁸Ψῖ
3070 4546 3334 4640 Parim"?
3353 4546 3520 4616 enim!

227 4677 299 4719 ex
327 4661 518 4716 ancilla
550 4679 565 4715 :
620 4661 812 4717 ancilla
851 4670 1028 4717 autem
1080 4679 1198 4734 qua:
1228 4679 1294 4718 ex
1341 4673 1522 4719 monte
1551 4665 1647 4719 fuit
1675 4663 1825 4721 Sina.

228 4757 389 4826 Quod
415 4768 592 4814 autem
625 4758 676 4812 in
700 4757 957 4813 servitute
981 4766 1100 4814 erat
1125 4757 1318 4812 ancilla
1344 4801 1358 4826 ,
1395 4757 1515 4813 ideo
1541 4767 1595 4814 et
1624 4757 1712 4812 hic
1738 4773 1831 4829 po-

229 4850 391 4923 pulus
422 4851 473 4905 in
503 4851 768 4906 servitute
794 4859 896 4906 est.
929 4850 1083 4918 Quod
1133 4861 1314 4906 autem
1345 4851 1445 4906 fuit
1491 4853 1621 4908 Sina
1670 4867 1827 4908 mons

229 4943 554 5012 coniunctus
585 4943 632 4998 ei
659 4944 890 5007 civitati,
941 4959 1061 5014 qua:
1104 4943 1434 5001 Hierusalem
1480 4955 1592 5010 est,
1623 4962 1689 5002 ex
1715 4947 1832 5017 ipso

229 5045 421 5091 monte
447 5035 669 5107 intelligi
696 5037 968 5091 civitatem
995 5037 1200 5103 voluit,
1248 5046 1302 5092 et
1328 5053 1424 5108 per
1449 5039 1717 5095 civitatem
1739 5040 1834 5095 .lu-

231 5127 384 5185 daaos
417 5147 430 5183 :
464 5144 560 5200 per
590 5139 828 5185 montem
850 5139 1028 5185 autem
1053 5130 1140 5186 illa
1167 5173 1181 5196 ,
1213 5145 1334 5200 quae
1358 5140 1475 5186 erat
1528 5148 1596 5187 ex
1641 5131 1832 5188 eodem

233 5231 423 5278 monte
447 5222 605 5291 Sina,
633 5223 821 5278 ancilla
851 5221 983 5290 fuit,
1037 5231 1092 5279 et
1118 5224 1168 5278 in
1211 5228 1474 5281 servitute
1518 5226 1830 5296 generavit;

234 5315 441 5373 idcirco
457 5317 618 5373 etiam
650 5316 1016 5386 Hierusalem,
1047 5316 1100 5374 id
1122 5326 1204 5374 est
1229 5319 1460 5390 populus
1487 5319 1728 5392 ejusdem
1757 5320 1835 5378 ci-

345 5557 393 5633 !)
422 5557 556 5633 Cod.
586 5562 899 5633 conferatur.

338 5628 398 5704 ἓ)
422 5627 580 5704 iulg.
608 5627 809 5704 omittit
837 5635 880 5688 is
905 5632 1128 5704 quidem.

337 5700 394 5774 ἦ)
435 5699 588 5774 iulg.
623 5703 784 5760 habet
814 5705 880 5759 In
911 5699 1080 5760 monte
1102 5747 1116 5768 ,
1140 5713 1247 5760 etc.

317 5769 400 5844 (4)
444 5769 596 5847 Vulg.
619 5816 638 5846 ,
668 5791 784 5848 qua:
813 5793 949 5834 nunc
978 5786 1053 5835 est
1090 5775 1400 5834 Jerusalem.

1934 4634 1985 4688 in
2010 4633 2198 4690 dolore
2224 4651 2346 4692 esse
2375 4644 2460 4693 est
2485 4678 2500 4704 ,
2545 4653 2668 4694 cum
2701 4648 2884 4709 partus
2911 4639 3204 4695 eﬁunditur
3238 4638 3320 4712 (4)
3346 4659 3359 4695 :
3383 4640 3528 4712 quod

1931 4730 2116 4799 utique
2165 4745 2270 4786 non
2315 4730 2508 4786 eodem
2563 4731 2724 4788 modo
2754 4740 2873 4799 est,
2913 4747 3037 4788 cum
3094 4733 3372 4803 Ecclesia,
3406 4749 3529 4806 qua:

1931 4822 2216 4896 imaginem
2256 4834 2423 4892 tenet,
2454 4825 2534 4882 vel
2564 4827 2720 4896 cujus
2744 4826 2919 4898 imago
2946 4825 3047 4883 fuit
3074 4829 3324 4884 uxorilla
3348 4827 3526 4884 Abra-

1938 4915 2020 4971 hce
2050 4916 2217 4971 libera
2244 4932 2258 4982 ;
2306 4916 2548 4974 Ecclesia
2577 4960 2592 4985 ,
2639 4919 2856 4990 inquam
2879 4961 2894 4986 ,
2926 4928 3010 4976 est
3031 4961 3046 4987 ,
3080 4936 3202 4991 qua:
3228 4921 3370 4976 ﬁlios
3393 4920 3532 4976 mul-

1935 5017 2018 5063 tos
2049 5007 2248 5075 habet,
2279 5025 2414 5080 quos
2447 5011 2537 5066 Dei
2569 5011 2707 5067 ﬁlios
2727 5053 2742 5079 ,
2771 5023 2825 5069 et
2849 5014 3071 5080 spiritus
3103 5014 3241 5069 ﬁlios
3279 5029 3402 5070 cum
3426 5015 3526 5069 la:-

1937 5099 2051 5155 titia
2080 5100 2250 5172 magis
2276 5099 2436 5156 habet
2459 5142 2475 5168 ,
2515 5117 2622 5157 non
2654 5118 2776 5159 cum
2810 5104 3016 5162 dolore.
3077 5105 3187 5162 Hos
3217 5105 3377 5176 igitur
3401 5105 3532 5163 dicit

1937 5205 2059 5248 esse
2100 5195 2289 5248 multos
2317 5193 2457 5264 ﬁlios
2506 5195 2738 5252 deserta.
2774 5196 2984 5253 Etenim
3014 5199 3102 5254 illa
3134 5199 3327 5256 ancilla
3353 5242 3368 5269 ,
3403 5209 3457 5257 et
3487 5199 3537 5259 si

1997 5349 2092 5474 ‘(l)
2134 5349 2293 5424 Vulg.
2317 5392 2332 5417 ,
2381 5351 2488 5410 Illa
2515 5365 2717 5424 autem,
2748 5371 3004 5428 quae......
3038 5374 3153 5431 qua:
3178 5370 3340 5415 mater
3361 5373 3540 5419 nostra

1941 5437 2034 5477 εει.

2015 5492 2094 5566 (2)
2136 5493 2363 5552 Curiosa
2393 5499 2510 5554 sine
2531 5498 2697 5575 dubio
2722 5503 2972 5575 quaestio,
3004 5517 3163 5575 supra
3190 5505 3357 5561 cmlos
3377 5505 3536 5562 aliam

1945 5572 2144 5640 terram
2190 5580 2525 5640 compertum
2577 5571 2665 5626 iri.
2716 5571 2854 5629 Num
2907 5571 3086 5632 innuit
3111 5576 3538 5636 millenariorum

1945 5637 2180 5709 aliquam
2205 5637 2514 5708 Opinionem
2544 5641 2886 5702 Victorinus?

2018 5709 2102 5783 (ὅ)
2140 5711 2312 5783 Codd.
2335 5714 2714 5783 adsumptione.

2021 5781 2102 5856 (4)
2142 5781 2312 5841 Codd.
2341 5786 2388 5842 ei
2415 5781 2672 5858 funditur.
