4024 6306
598 232 741 323 ματ

1820 237 2015 297 itaut!
2058 224 2401 298 VICTORINI
2440 228 2599 301 AFitl

3726 244 3832 306 “88

598 355 784 412 habuit
814 355 983 412 ﬁlium
1005 398 1019 422 ,
1062 355 1250 412 habuit
1272 371 1338 412 ex
1366 354 1578 421 dolore,
1609 355 1798 412 habuit
1822 372 1887 412 ex
1916 358 2057 411 viro.
2094 356 2190 411 Er-
2221 356 2277 416 Α
2299 376 2390 416 nos
2412 361 2666 417 liberavit:
2693 361 2780 417 illa
2798 357 3836 430 scilicetlibertate,quamaterestnostrs

2303 454 2494 520 libera,
2540 470 2660 527 quae
2705 456 2872 511 libera
2916 463 3022 520 est,
3051 455 3154 509 ﬁde
3174 454 3420 509 scilicet:
3449 455 3562 509 lucc
3586 456 3714 510 enim
3739 472 3835 511 vera
3916 472 3917 527 j

595 464 665 519 go
690 464 811 504 cum
844 450 1017 516 dixit,
1066 450 1214 503 multi
1239 449 1338 518 filii
1359 449 1600 514 desertae,
1629 448 1696 503 ad
1721 448 2017 505 Ecclesium
2051 457 2199 503 retu-

597 544 679 609 lit,
705 544 858 614 cujus
887 545 1172 615 imaginem
1194 554 1245 600 et
1282 553 1464 616 typum
1495 544 1745 615 przestitit
1777 559 1959 614 supra.
1990 542 2194 613 Deinde

594 653 716 698 cum
749 637 921 703 dixit,
958 639 1109 693 multi
1130 638 1226 708 filii
1249 638 1497 704 desertis,
1532 638 1694 708 magis
1720 652 1875 708 quam
1918 636 2033 706 ejus
2079 651 2195 707 qua

595 732 745 786 habet
768 730 930 786 virum
952 772 968 799 ,
994 731 1231 787 ostendit
1250 730 1393 801 quod
1416 746 1600 799 supra,
1652 730 1770 785 sine
1802 730 1916 784 viro
1938 728 2035 784 sed
2079 728 2196 799 spi-

598 824 826 880 ritaliter
855 825 1020 879 lilium
1071 824 1277 879 habuit.
1319 823 1618 893 Numquam
1658 824 1801 879 enim
1848 823 1980 877 huic
2016 823 2189 877 virmn

595 917 781 983 daret,
829 917 927 971 nisi
970 916 1054 970 illa
1087 916 1260 971 virum
1294 924 1400 971 nbn
1442 914 1537 969 viri
1572 913 1955 984 conjunctione
1988 913 2193 969 sensis-

594 1018 708 1074 set,
741 1008 834 1064 sed
864 1007 1091 1079 spiritali
1124 1008 1482 1078 promissione
1529 1006 1874 1077 suscepisset.
1926 1005 1997 1064 Et
2044 1015 2191 1061 certe

593 1101 774 1167 multi,
813 1088 1024 1171 inquit,
1049 1098 1147 1169 filii
1176 1098 1407 1153 desertis.
1444 1096 1640 1169 Utique
1667 1113 1789 1154 cum
1841 1095 1970 1153 Sara
2019 1096 2188 1152 lilium

597 1196 871 1260 habuerit,
917 1209 1025 1249 non
1050 1192 1390 1250 referendum
1418 1191 1487 1247 ad
1510 1192 1699 1249 Saram
1722 1233 1738 1260 ,
1769 1191 1863 1247 sed
1906 1189 1971 1246 ad
2005 1189 2195 1247 Eccle-

592 1291 727 1346 siam
762 1307 884 1361 qua:
920 1290 1121 1345 multos
1159 1288 1299 1343 ﬁlios
1328 1287 1530 1343 habet:
1566 1297 1622 1342 ut
1661 1286 1731 1342 sit
1768 1286 1859 1341 illa
1886 1326 1901 1351 ,
1945 1300 2066 1356 qua:
2116 1284 2195 1340 vi-

590 1401 709 1440 rum
739 1383 932 1449 habet,
968 1383 1051 1439 lex
1080 1393 1134 1438 et
1162 1382 1401 1438 Ecclesia
1444 1379 1756 1437 Judteorum
1783 1420 1797 1445 ,
1847 1394 1968 1449 quze
1999 1391 2199 1447 corpo-

593 1479 780 1534 raliter
808 1476 1113 1541 consentit,
1146 1473 1502 1543 corporaliter
1522 1487 1646 1528 cum
1670 1470 1775 1527 sibi
1813 1469 2089 1543 jungitur,
2131 1469 2198 1524 ﬁ-

592 1571 722 1626 lium
755 1569 1069 1641 spiritaliter
1097 1568 1298 1624 habere
1329 1583 1438 1623 non
1465 1577 1661 1639 putest.

668 1664 831 1720 Vsus.
864 1663 960 1719 28.
987 1693 1057 1704 —
1086 1661 1191 1717 Vos
1244 1670 1414 1717 autem
1445 1664 1632 1733 fratres
1677 1658 1959 1714 secundum
2008 1654 2193 1721 Isaac,

2300 546 2521 603 libertas
2571 557 2690 616 est,
2738 548 2901 603 ﬁdem
2955 561 3173 603 servare
3222 547 3274 601 in
3321 545 3778 612 Deum,etDeum
3797 560 3839 604 et

2302 638 2397 694 Dei
2422 641 2681 710 promissa
2710 640 2890 694 omnia
2918 638 3162 695 credere.
3212 638 3351 710 Ergo
3394 637 3678 695 secundum
3714 640 3836 695 ﬁdem
3916 628 3917 679 ἶ

2300 747 2398 787 nos
2422 730 2669 790 Christus
2713 732 2779 788 ad
2810 732 3111 789 libertatem
3138 732 3372 801 reduxit,
3408 742 3463 789 et
3491 732 3724 791 libertate
3744 733 3836 791 ﬁdei

2299 823 2564 881 liberavit.
2942 894 2945 897 Α
3148 818 3153 822 ’

2371 916 2523 972 CAP.
2561 916 2621 972 V.
2645 948 2715 958 —
2742 917 2910 974 Vens.
2945 918 2995 973 1.
3020 918 3255 975 —-State
3282 934 3402 989 ergo
3424 915 3525 990 (l),
3553 928 3598 973 et
3623 918 3760 973 nolite
3778 919 3837 974 iu-

2297 1028 2414 1066 rum
2452 1013 2581 1085 jugo
2627 1014 2881 1068 servitutis
2929 1013 3200 1068 contineri.
3248 1011 3625 1083 Subiungenda
3652 1012 3836 1068 hortatio

2299 1105 2396 1161 fuit
2414 1148 2427 1171 ,
2461 1117 2519 1161 ut
2547 1106 2601 1160 in
2629 1107 2819 1162 iisdem
2838 1146 2854 1173 ,
2887 1121 3007 1176 qute
3031 1121 3128 1177 per
3154 1106 3489 1177 evangelium
3514 1120 3544 1160 a
3566 1120 3623 1160 sc
3645 1120 3831 1175 accepe-

2298 1209 2463 1268 rant,
2508 1209 2900 1272 perseverent,
2956 1216 3022 1257 ne
3050 1209 3389 1256 revertantur
3409 1215 3621 1254 rursum
3660 1194 3719 1254 ad
3742 1200 3835 1270 legis

2305 1293 2389 1365 (2)
2422 1295 2726 1351 servitium.
2752 1296 2929 1362 State,
2959 1294 3166 1367 inquit;
3196 1294 3338 1365 quod
3365 1310 3469 1351 non
3499 1295 3833 1365 permittiturei

2300 1386 2390 1456 qui
2419 1388 2518 1443 sub
2542 1388 2672 1459 jugo
2694 1397 2815 1454 est;
2847 1390 3047 1445 etenim
3075 1389 3164 1445 ille
3186 1389 3409 1461 deponit
3451 1389 3715 1444 cervicem
3737 1389 3831 1443 sub-

2301 1479 2518 1534 tnissam
2552 1480 2665 1553 ('5):
2697 1496 2802 1535 non
2828 1495 2958 1551 ergo
2984 1489 3109 1537 stat.
3151 1479 3249 1536 Vos
3271 1521 3286 1547 ,
3322 1482 3531 1552 inquit,
3573 1496 3685 1553 ergo
3709 1490 3833 1545 state;

2300 1570 2442 1641 quod
2491 1582 2575 1627 est
2626 1558 2809 1629 liberis
2857 1573 3113 1629 membris
3157 1582 3395 1634 erectum
3424 1574 3623 1630 habere
3642 1589 3828 1644 corpus,

2301 1663 2483 1720 Nolite
2505 1707 2518 1731 ,
2550 1665 2727 1736 inquit
2752 1707 2767 1734 ,
2801 1668 2985 1722 iterum
3014 1669 3137 1741 iugo
3161 1669 3417 1723 servitutis
3447 1669 3722 1734 contineri,
3746 1666 3831 1737 qui:

588 1756 942 1831 promissionis
968 1755 1065 1827 filii
1093 1756 1218 1811 estis
1253 1755 1354 1827 (i).
1384 1753 1527 1811 Satis
1567 1761 1753 1820 aperte
1792 1750 2191 1821 comparatione

2302 1770 2460 1816 antea
2486 1760 2568 1816 vel
2594 1760 2700 1831 legi
2721 1761 3040 1817 serviebatis
3068 1760 3146 1834 (ιι)
3192 1760 3276 1816 vel
3304 1762 3614 1831 gentilitati.
3647 1761 3833 1816 ldeoite-

589 1853 690 1907 ista
719 1857 937 1918 separat
957 1892 972 1915 ,
1004 1860 1061 1904 ut
1087 1848 1255 1903 Judaei
1285 1847 1376 1901 lilii
1412 1840 1695 1902 videantur
1720 1842 1946 1909 ancillae,
1981 1850 2037 1896 at;
2064 1856 2193 1897 vero

588 1942 879 1999 Christiani
912 1940 1004 1995 ﬁlii
1032 1940 1235 1996 liberte.
1269 1937 1334 1992 iit
1362 1938 1505 1994 enim
1534 1936 1830 2008 promissus
1878 1934 2028 1989 Sara:
2051 1932 2193 1987 ﬁlius

588 2039 848 2109 Spiritalis
881 2050 998 2102 est;
1027 2041 1104 2093 sic
1126 2038 1288 2092 etiam
1330 2052 1426 2091 vos
1457 2035 1546 2104 qui
1576 2033 1701 2089 ﬁdei
1741 2032 1832 2086 lilii
1881 2029 2044 2095 estis,
2096 2027 2192 2082 ﬁlii

588 2133 773 2189 Ιὼιετςυ
794 2132 1089 2189 secundum
1113 2131 1299 2187 Isaac:
1332 2130 1433 2186 hoc
1460 2139 1545 2186 est
1584 2126 1881 2184 secundum
1927 2125 2083 2178 ﬁdem
2134 2122 2195 2175 ﬁ-

590 2229 719 2283 lium
755 2227 1192 2283 liabueritlsaac.
1229 2224 1312 2279 Fit
1333 2239 1462 2293 ergo
1503 2221 1681 2277 omnis
1730 2220 1870 2275 lilius
1895 2261 1909 2286 ,
1962 2219 2054 2290 qui
2106 2231 2195 2272 se-

591 2320 824 2377 cundum
854 2320 1011 2374 ﬁdem
1037 2301 1123 2373 est
1153 2335 1166 2371 τ
1192 2316 1490 2372 secundum
1515 2314 1672 2369 ﬁdem
1704 2314 1848 2369 enim
1878 2309 2194 2383 spiritaliter

590 2414 780 2484 accipit
808 2413 972 2468 ﬁlium
993 2452 1007 2479 ,
1038 2420 1092 2467 et
1115 2409 1415 2481 spiritalem
1439 2408 1606 2463 ﬁlium
1637 2405 1807 2462 lsaac.

664 2505 829 2562 Vsus.
851 2504 1129 2561 iit—Sed
1155 2504 1309 2559 sicuti
1340 2513 1483 2568 tunc,
1510 2501 1596 2572 qui
1626 2498 1907 2555 secundum
1951 2499 2191 2573 spiritum

592 2611 722 2668 erat,
758 2601 834 2655 sic
864 2609 912 2654 et
942 2615 1078 2653 nunc
1095 2597 1195 2672 (Ξ).
1222 2597 1382 2653 Plena
1407 2594 1744 2665 expositione
1767 2591 2025 2659 ostendit,
2049 2591 2192 2663 quod

589 2698 681 2769 qui
699 2696 992 2754 secundum
1016 2709 1233 2751 carnem
1259 2702 1414 2748 natus
1430 2702 1533 2760 est,
1558 2690 1610 2746 id
1631 2698 1717 2746 est
1743 2704 1811 2745 ex
1832 2687 2047 2752 ancilla,
2069 2702 2190 2757 per-

589 2791 918 2862 sequebatur
942 2804 1089 2852 eum,
1122 2786 1328 2842 scilicet
1346 2785 1518 2851 Isaac,
1559 2783 1651 2855 qui
1681 2780 1980 2838 secundum
2028 2779 2189 2851 spiri-

589 2893 703 2940 tum
751 2892 905 2950 erat,
959 2881 1118 2937 sicuti
1173 2880 1226 2934 in
1248 2878 1447 2935 Genesi
1477 2878 1676 2933 lectum
1699 2885 1821 2930 est:
1852 2882 1907 2929 et
1929 2888 2069 2928 nunc
2098 2871 2188 2927 isti

586 2986 983 3051 persequuntur
1002 3018 1017 3043 ,
1048 2976 1138 3047 qui
1168 2974 1463 3031 secundum
1486 2987 1704 3028 carnem
1729 2969 2061 3026 intellectum
2092 2967 2187 3021 ha-

586 3072 715 3129 bent
739 3114 754 3138 ,
797 3087 892 3128 eos
916 3072 1005 3142 qui
1029 3069 1324 3127 secundum
1348 3066 1594 3137 spiritum
1625 3066 1829 3131 vivunt,
1856 3062 1909 3118 id
1929 3070 2012 3117 est
2031 3058 2189 3116 Chri-

2297 1869 2415 1909 rum
2441 1854 2552 1927 ait,
2580 1869 2647 1909 ne
2680 1851 2761 1925 (5)
2790 1854 2855 1909 ad
2882 1854 3124 1908 eamdem
3154 1863 3514 1910 revertamur.

2375 1948 2538 2005 Vens.
2570 1947 2702 2003 2.-
2724 1948 2854 2003 Ecce
2878 1966 2969 2021 ego
2998 1948 3203 2004 Paulus
3230 1951 3345 2004 dico
3370 1950 3513 2004 vobis
3532 1989 3550 2019 ,
3572 1948 3777 2020 quoniam
3802 1948 3831 1999 si

2296 2044 2767 2111 circuincidamini,
2818 2044 3051 2099 Christus
3078 2046 3214 2100 vobis
3245 2046 3372 2100 nihil
3401 2044 3650 2115 proderit.
3673 2042 3822 2112 Aperit

2297 2139 2554 2206 ostendit,
2581 2155 2687 2194 non
2718 2138 2976 2210 prodesse
3005 2138 3275 2195 Christum
3299 2176 3317 2206 ,
3346 2137 3390 2193 si
3412 2138 3575 2209 aliqui
3605 2136 3676 2209 (6)
3700 2137 3742 2190 in
3761 2135 3831 2190 cir-

2296 2232 2631 2288 cumcisione
2656 2247 2808 2301 spem
2838 2242 3021 2303 ponat,
3052 2240 3107 2287 et
3138 2230 3189 2287 in
3221 2231 3635 2288 circumcisione
3657 2227 3825 2285 carnali.

2297 2325 2439 2397 Ergo
2459 2341 2581 2382 cum
2603 2339 2700 2380 vos
2724 2324 2950 2396 jungitis
2974 2323 3279 2381 Judzeorum
3310 2339 3522 2380 morem
3549 2333 3598 2379 et
3621 2330 3827 2393 praecepta

2295 2428 2351 2475 et
2376 2418 2737 2489 disciplinam,
2765 2418 2809 2473 si
2834 2418 2884 2472 in
2908 2417 2993 2473 his
3022 2416 3216 2486 ponitis
3234 2415 3589 2471 salvatiunem
3612 2424 3663 2471 et
3680 2413 3826 2469 libera-

2297 2511 2519 2575 tionem,
2547 2510 2687 2576 dico,
2718 2510 2910 2582 inquit,
2950 2509 3125 2576 vobis,
3177 2517 3233 2565 et
3259 2507 3382 2563 dico
3414 2507 3611 2562 Paulus
3637 2505 3823 2566 scilicet.

2295 2607 2387 2678 qui
2418 2605 2569 2661 vobis
2593 2612 2718 2661 ante
2748 2604 2995 2675 promisit
3017 2619 3138 2659 cum
3166 2605 3216 2657 in
3247 2602 3589 2673 evangelium
3614 2600 3695 2654 Dei
3717 2611 3826 2651 voca-

2294 2702 2372 2756 vit
2398 2742 2414 2766 ,
2470 2698 2705 2767 Paulus,
2736 2697 2911 2769 inquit
2933 2739 2949 2765 ,
2992 2711 3096 2768 ego
3124 2711 3260 2768 nego
3287 2697 3443 2752 vobis
3472 2695 3712 2766 prodesse
3732 2690 3823 2746 etin

2294 2795 2444 2849 nullo
2473 2792 2734 2848 auxilium
2775 2791 2918 2849 ferre
2962 2790 3234 2847 Christum
3259 2830 3275 2857 ,
3316 2793 3362 2845 si
3408 2782 3823 2847 circumcidatniui,

2294 2886 2341 2943 si
2360 2902 2576 2943 omnem
2604 2901 2756 2959 spem
2786 2886 2840 2942 in
2861 2885 3273 2941 circumcisione
3298 2884 3536 2954 ponatis.
3559 2881 3823 2950 Quamquam

2295 2978 2499 3036 Galatae
2544 2980 2794 3035 videntur
2822 2988 2877 3035 et
2923 2976 3198 3048 accepisse
3234 2960 3535 3043 Christum,
3589 2982 3639 3029 et
3659 2971 3823 3043 iungere

2289 3071 2558 3142 judaicam
2584 3071 2925 3142 disciplinam
2951 3110 2966 3136 ,
2997 3079 3174 3125 tamen
3202 3068 3496 3125 afﬁrmavit
3520 3076 3573 3121 et
3592 3074 3817 3136 personam

585 3165 813 3220 Slianos.
840 3164 1079 3234 Denique
1101 3171 1159 3217 ut
1178 3161 1339 3217 totius
1360 3157 1847 3230 argumentationis
1874 3156 2003 3221 vim,
2026 3168 2185 3226 quam
2216 3143 2265 3209 C
2294 3180 2446 3221 suum
2476 3164 2643 3220 veluti
2667 3164 2956 3235 obligavit,
2985 3162 3037 3218 id
3062 3161 3208 3233 quod
3236 3159 3478 3231 loquitur
3504 3155 3742 3219 dicendo,
3773 3150 3824 3204 ni-

587 3258 874 3328 concepit,
914 3256 1185 3321 ostendat,
1214 3253 1637 3325 subjungitista.
1678 3268 1685 3289 ί
1920 3318 1935 3323 ⁵

660 3349 1108 3408 Vsss.50.—Sed
1127 3348 1249 3421 quid
1270 3349 1393 3403 dicit
1411 3346 1726 3419 Scriptura?
1754 3343 1900 3419 Ejice
1917 3343 2184 3410 ancillam,

589 3456 634 3507 et
678 3445 847 3515 filium
884 3447 1036 3517 ejus;
1066 3460 1167 3498 non
1207 3445 1342 3497 enim
1366 3443 1530 3496 htcres
1556 3441 1651 3495 erit
1683 3441 1822 3509 ﬁlius
1847 3439 2050 3494 ancilla:
2074 3454 2190 3493 cum

554 3598 563 3607 ,
587 3538 698 3608 ﬁlio
724 3554 832 3591 meo
854 3535 1007 3591 Isaac
1036 3533 1135 3608 (5).
1153 3535 1296 3591 Satis
1315 3543 1502 3605 aperte
1527 3520 1766 3588 declarat
1785 3547 1852 3586 cx
1876 3531 1979 3586 hoc
2004 3544 2189 3587 exem-

590 3632 697 3703 plo,
727 3629 869 3700 quod
898 3640 983 3685 est
1027 3629 1078 3683 in
1108 3627 1330 3694 Genesi,
1363 3626 1618 3698 quoniam
1643 3624 1969 3695 quicumque
1998 3622 2184 3685 sentit.

590 3727 834 3796 etlegem
860 3723 1167 3780 Judsenrum
1197 3723 1276 3777 sic
1301 3721 1520 3791 accipit,
1546 3728 1604 3775 nt
1624 3719 1917 3775 carnaliter
1937 3716 2187 3788 accipiat,

588 3819 886 3875 secundum
944 3830 1163 3873 carnem
1192 3823 1277 3871 est
1301 3814 1475 3880 ﬁlius,
1510 3813 1582 3869 de
1609 3828 1716 3884 quo
1736 3811 1897 3866 etiam
1929 3812 2015 3867 lex
2064 3824 2189 3880 pro-

591 3912 856 3966 nuntiavit
874 3909 1129 3979 deditque
1144 3907 1494 3973 sententiam,
1513 3905 1759 3976 ejiciatur
1772 3903 1961 3959 ancilla
1986 3902 2194 3958 etﬁlius

586 4004 736 4074 ejus,
769 4012 1056 4075 pr0pterea
1077 4001 1205 4073 quia
1234 4000 1409 4056 haeres
1431 4014 1554 4056 esse
1594 4015 1703 4054 non
1744 4002 1938 4069 poterit
1977 3995 2191 4052 ancilla:

588 4100 731 4154 titius
754 4113 873 4154 cum
904 4084 1014 4153 ﬁlio
1034 4096 1127 4169 qui
1152 4104 1323 4153 estex
1351 4093 1519 4151 libera
1545 4135 1561 4158 ,
1608 4093 1702 4164 qui
1739 4103 1823 4148 est
1845 4092 2010 4148 Isaac.
2045 4091 2193 4161 Ergo

589 4206 685 4247 vos
712 4205 926 4262 quoque
945 4190 1070 4261 quia
1094 4187 1421 4260 adjunxistis
1470 4186 1871 4242 observmtiam
1929 4184 2062 4255 legis
2104 4199 2192 4239 sc-

587 4284 822 4341 cumlum
846 4298 1064 4340 carnem
1085 4324 1102 4351 ,
1131 4292 1190 4337 ut
1214 4280 1428 4338 facilius
1474 4278 1718 4335 hmredes
1757 4293 1880 4334 esse
1936 4277 2187 4348 possitis,

588 4385 763 4433 estote
794 4375 1116 4438 tiliilibcrte,
1156 4373 1319 4429 idest
1343 4370 1848 4437 christianismum,
1897 4370 2070 4425 solum
2113 4370 2190 4425 le-

585 4483 820 4540 gemque
844 4466 1047 4523 Christi
1073 4475 1233 4538 atque
1260 4464 1597 4536 evangelium
1640 4463 1695 4518 in
1748 4461 2025 4517 Christum
2068 4475 2191 4517 sus-

2294 3260 2368 3314 hil
2393 3260 2616 3330 proderit
2641 3258 2779 3314 vobis
2801 3257 3035 3315 Christus
3060 3297 3078 3322 ,
3103 3256 3148 3310 si
3185 3251 3645 3310 eireumcidamini.
3688 3241 3819 3303 Viden

2292 3369 2422 3424 ergo
2453 3364 2649 3425 putest,
2681 3354 2865 3408 nescio
2887 3351 3015 3424 quid
3038 3350 3305 3406 occultum
3335 3367 3349 3405 :
3376 3349 3577 3420 quippe
3596 3359 3701 3401 cum
3718 3338 3823 3396 ωηο

2293 3458 2436 3501 stum
2470 3455 2765 3517 sequantur
2794 3442 3024 3511 Galatae,
3047 3452 3105 3499 et
3129 3441 3401 3497 Christum
3426 3438 3702 3512 sequentes
3720 3446 3823 3504 spem

2295 3540 2611 3595 salvationis
2637 3540 2692 3595 in
2714 3554 2780 3595 eo
2811 3548 3045 3609 ponant,
3073 3536 3344 3607 quomodo
3383 3536 3490 3591 hoc
3537 3531 3822 3591 conﬁrmave-

2294 3634 2365 3690 rit
2396 3632 2597 3688 Paulus
2622 3674 2637 3698 ,
2668 3604 2824 3703 quod-
2856 3604 3105 3686 Christus
3143 3629 3273 3685 nihil
3305 3627 3550 3700 proderit
3588 3625 3633 3682 si
3656 3624 3824 3679 circvn-

2282 3725 2542 3781 ,cidantur
2571 3724 2819 3781 Galatae?
2851 3724 3079 3781 Servata
3106 3732 3286 3778 autem
3316 3722 3503 3776 animo
3544 3729 3597 3776 et
3638 3715 3723 3771 ﬁde
3750 3711 3823 3766 cir-

2296 3833 2358 3895 ca
2410 3819 2684 3873 Christum
2713 3858 2729 3885 ,
2775 3817 2982 3889 aliquid
3020 3814 3251 3887 amplius
3305 3814 3542 3881 iaciunt,
3584 3816 3824 3867 nontamen

2297 3911 2565 3968 Christum
2587 3911 2990 3984 derelinquunt,
3038 3922 3131 3968 aut
3154 3925 3262 3967 non
3302 3910 3356 3965 in
3377 3908 3593 3965 Christo
3615 3905 3746 3961 ﬁdem
3762 3911 3825 3968 po-

2297 4016 2453 4064 nunt.
2480 4007 2584 4062 Sed
2615 4005 2902 4062 redeamus
2922 4004 2992 4062 ad
3018 4005 3257 4061 animum
3281 4012 3337 4061 et
3362 4001 3683 4076 propositum
3703 4003 3745 4050 et
3762 4004 3825 4045 ro-

2295 4101 2579 4158 luntalem.
2612 4098 2745 4157 Cum
2773 4099 3050 4156 Christum
3078 4115 3108 4154 a
3149 4099 3316 4155 Paulo
3348 4096 3649 4167 acceperint
3668 4133 3681 4157 ,
3703 4096 3749 4144 et
3780 4084 3820 4136 ﬁ°

2296 4196 2418 4251 dem
2447 4197 2499 4250 in
2525 4193 2798 4251 Christum
2826 4193 3175 4265 sumpserint,
3205 4204 3260 4248 et
3285 4193 3387 4247 hoc
3408 4194 3484 4247 sit
3521 4202 3692 4246 verum
3712 4193 3822 4239 eun-

2292 4290 2495 4362 gelium
2518 4331 2532 4356 ,
2561 4291 2745 4359 utique
2771 4304 2802 4343 a
2830 4286 3049 4343 Christo
3076 4289 3253 4344 minus
3289 4296 3604 4355 accepturos
3637 4295 3691 4336 se
3712 4284 3822 4347 puta-

2295 4391 2519 4449 verunt,
2555 4381 2700 4453 quod
2731 4392 2814 4437 est
2840 4381 2950 4450 jam
2981 4380 3368 4451 blaSphemiae,
3399 4391 3453 4435 et
3485 4378 3634 4433 ﬁdem
3658 4367 3845 4428 ποιων

2299 4474 2577 4541 bentium,
2615 4490 2682 4530 ex
2727 4488 2794 4530 eo
2842 4473 2984 4545 quod
3029 4485 3148 4544 post
3177 4483 3458 4543 acceptum
3489 4469 3731 4526 Cbrisuuu
3750 4459 3821 4513 cir-

591 4535 789 4631 cipite,
820 4561 1063 4632 nihilque
1102 4535 1256 4631 quasi
1294 4574 1359 4614 ex
1408 4535 1621 4612 ancillae
1647 4555 1756 4610 ﬁlio
1783 4554 2061 4623 habitata,
2109 4554 2186 4610 id-

2299 4567 2528 4623 cumcidi
2557 4568 2845 4624 voluerunt
2864 4608 2881 4633 ,
2912 4577 2967 4623 et
2992 4568 3198 4623 servire
3228 4566 3333 4635 legi
3362 4576 3417 4620 et
3462 4554 3817 4636 operationibus.

590 4664 677 4709 est
698 4653 984 4723 sequimini
1006 4652 1237 4724 iudaice:
1263 4650 1583 4722 disciplinae.

670 4745 830 4801 Vsus.
857 4746 945 4802 5i.
967 4775 1040 4787 —
1059 4745 1223 4817 Ergo,
1256 4749 1442 4817 fratres
1465 4784 1480 4808 ,
1509 4761 1611 4799 non
1662 4743 1822 4798 simus
1862 4740 1945 4816 (4)
1986 4742 2195 4798 ancilla:

592 4837 715 4909 ﬁlii,
740 4838 827 4892 sed
848 4838 1039 4894 liberae.
1067 4838 1182 4908 Ipse
1201 4838 1377 4908 aptius
1408 4836 1508 4891 hoc
1529 4834 1902 4907 subiungendo
1929 4833 2188 4902 deciarat,

584 4932 737 5005 .qnod
760 4933 873 5004 jam
892 4933 980 5004 qui
1001 4932 1276 4988 Christum
1301 4930 1588 5002 accepistis
1614 4940 1668 4985 et
1692 4946 1864 4986 tineam
1889 4929 2071 4993 ﬁdem,
2094 4944 2194 4984 an-

596 5027 735 5083 cillae
778 5026 871 5081 ﬁlii
916 5041 1023 5081 non
1068 5027 1223 5092 estis,
1273 5025 1326 5081 id
1357 5033 1441 5081 est
1462 5039 1571 5081 non
1600 5025 1891 5080 carnaliter
1943 5024 2192 5092 sentitis,

592 5121 847 5191 quoniam
861 5118 1070 5174 ancillae
1084 5118 1224 5187 filius
1239 5118 1472 5173 carnalis
1483 5125 1596 5183 est;
1616 5116 1713 5173 sed
1726 5116 1857 5173 estis
1872 5116 1966 5172 ﬁlii
1986 5115 2193 5185 libera,

598 5212 653 5269 id
682 5223 764 5268 est
790 5211 912 5267 ﬁdei
944 5210 1062 5266 ﬁlii.
1095 5210 1207 5266 Hoc
1227 5212 1371 5265 enim
1401 5209 1555 5265 [sane
1580 5209 1681 5265 luit
1709 5208 2006 5266 secundum
2028 5207 2190 5264 ﬁdem

596 5317 650 5362 et
669 5303 1100 5376 promissionem,
1120 5301 1262 5357 ﬁlius
1287 5301 1560 5371 spiritalis.
1588 5300 1701 5366 Qua
1714 5299 1947 5357 libertate
1962 5299 2195 5356 Christus

675 5495 758 5569 (l)
791 5493 950 5569 Vulg.
977 5534 993 5558 ,
1018 5508 1205 5569 ρος-η..
1229 5504 1407 5569 sumus

671 5554 752 5639 (2)
790 5554 944 5637 Vulg.
971 5554 990 5618 ε’
1016 5562 1120 5619 Sed
1141 5566 1393 5639 quomodo
1423 5562 1544 5614 tunc
1562 5554 1608 5615 is
1636 5557 1728 5631 qui
1753 5554 2036 5615 secundum
2076 5574 2195 5614 car-

598 5632 715 5693 nem
733 5632 1085 5708 'natus'fueral
1102 5676 1117 5702 ,
1148 5632 1228 5708 ita
1238 5640 1291 5708 el
1313 5647 1474 5708 nunc.

698 5710 754 5780 ὅ)
798 5703 950 5780 Vulg.
979 5747 995 5772 ,
1027 5722 1145 5780 cum
1172 5703 1496 5780 ﬁlio‘liberaa.

698 5712 754 5780 ὅ)
798 5712 950 5776 Vulg.
979 5747 995 5772 ,
1027 5722 1145 5759 cum
1172 5712 1280 5773 filio
1305 5712 1496 5759 liberte.

674 5712 757 5853 (4)
796 5778 984 5847 Vulg.,
1016 5775 1199 5846 Itaque
1218 5814 1237 5844 ,
1266 5775 1471 5846 fratres,
1504 5780 1609 5832 non
1636 5786 1837 5830 sumus.

2299 4660 2453 4729 Quod
2481 4662 2527 4717 si
2553 4661 2626 4717 ita
2654 4671 2767 4728 est,
2801 4660 2935 4717 ﬁdes
2957 4661 3102 4717 nulla
3134 4661 3187 4715 in
3214 4660 3490 4716 Christum
3529 4676 3541 4710 :
3571 4672 3630 4712 es
3651 4640 3819 4719 coqui)tl
3916 4650 3917 4721 ξ

2300 4762 2355 4809 et
2409 4753 2551 4809 aliud
2599 4753 2740 4825 quod
2790 4754 3049 4825 prodesse
3092 4754 3263 4826 possit
3319 4751 3645 4824 adjungitur,
3683 4738 3819 4799 merito

2300 4845 2429 4901 nihil
2450 4847 2587 4901 vobis
2631 4848 2857 4919 proderit
2882 4847 3137 4903 Christus.

2375 4940 2535 4995 Vens.
2563 4939 2621 4997 ὅ.
2669 4969 2741 4982 —-
2760 4938 3029 5011 Tcsti/icor
3068 4950 3238 4996 autem
3261 4939 3342 5013 (7)
3380 4939 3518 4995 omni
3552 4929 3719 4992 homini
3746 4925 3816 4981 cir-

2299 5035 2712 5104 cumcidentise,
2744 5036 2987 5107 quoniam
3029 5035 3228 5091 debitor
3272 5044 3346 5090 est
3371 5035 3613 5088 universa:
3635 5023 3737 5096 ιεείτ
3762 5021 3815 5088 i“
3916 5066 3917 5107 ξ

2297 5128 2513 5185 εἰεηάω.
2534 5127 2613 5183 Ne
2635 5138 2891 5200 putarent
2910 5126 3121 5185 Galatas
3151 5138 3357 5185 tantum
3378 5126 3480 5183 sibi
3508 5140 3572 5181 ex
3597 5122 3716 5191 lege.
3733 5121 3813 5183 ιιυε
3916 5121 3917 5195 ἓ

2400 5270 2450 5344 l)
2491 5270 2684 5342 Vulg.,
2707 5270 2908 5325 omittit
2934 5282 3073 5343 ergo.

2394 5344 2451 5399 2i
2494 5342 2661 5399 Codd.
2696 5343 2952 5399 intelleais
2990 5358 3086 5399 oro
3118 5342 3187 5396 ad
3210 5341 3315 5399 leui

2400 5341 2451 5414 2)
2494 5341 2661 5399 Codd.
2696 5343 2952 5415 intellegis
2990 5341 3086 5413 pro
3118 5342 3187 5396 ad
3210 5341 3362 5413 legis.
3556 5394 3559 5397 Α

2400 5417 2453 5484 5)
2491 5414 2661 5470 Codd.
2692 5413 2803 5469 ulla
2832 5414 3040 5484 deponit
3071 5415 3264 5470 cervice
3290 5411 3577 5469 summissa.

2399 5487 2456 5553 4)
2497 5486 2665 5542 Codd.
2691 5487 2965 5540 servitutis.

2399 5557 2454 5629 5)
2493 5554 2662 5613 Codd.
2692 5558 2737 5612 si
2764 5571 2862 5627 pro
2889 5574 2971 5612 ne.
3210 5606 3217 5609 τ

2374 5608 2457 5701 (ὃ)
2494 5608 2669 5701 ibi};
2695 5608 3009 5700 prb'aliauis
3026 5646 3051 5698 ε
3084 5637 3142 5685 ιιι
3190 5639 3276 5687 est
3318 5629 3379 5688 in
3418 5618 3661 5684 Cicerone
3679 5608 3808 5671 οἰκεῖ’

2299 5710 2500 5757 vatum.

2370 5769 2453 5845 (7)
2493 5772 2651 5846 Vulg.
2681 5771 2830 5830 addit
2853 5788 3056 5837 rursus.
