4024 6306
242 247 367 305 1189

1098 244 1163 302 ΙΝ
1203 241 1588 303 EPISTOLAH
1624 240 1834 301 PAULI
1871 237 1964 295 AD
1999 239 2320 300 GALATAS
2358 240 2565 299 LIBER
2605 230 2670 300 ll.

3390 249 3530 309 H90

232 358 528 416 Jutlznorum
549 399 563 426 ,
592 365 749 416 certa
785 359 1111 416 assumenda
1160 375 1281 417 esse
1303 403 1318 427 ,
1364 368 1421 416 ut
1465 358 1836 417 circumcisio-
1864 357 1916 418 A
1945 370 2040 427 per
2061 373 2182 413 eum
2218 366 2396 415 tamen
2421 398 2438 426 ,
2470 358 2842 432 resurgimus;
2874 366 3022 416 certa
3054 357 3210 418 nobis
3248 362 3384 421 ﬁdes
3410 374 3492 422 est
3520 400 3535 431 ,

238 468 388 519 netu;
417 463 612 509 caetera
641 469 770 508 vero
801 462 1251 522 contemnerent,
1296 455 1382 509 vel
1441 454 1493 508 in
1525 453 1660 509 cibis
1686 493 1702 520 ,
1749 452 1829 507 vel

238 544 287 600 in
338 546 680 602 observantia
718 545 962 612 dierum,
1016 547 1098 603 vel
1146 547 1201 602 in
1241 545 1664 614 coniunctione,
1711 561 1833 617 qua:

246 641 409 709 qualis
430 679 444 703 ,
477 649 532 695 et
554 655 779 709 quarum
805 654 986 695 rerum
1008 639 1116 706 sit,
1163 640 1216 695 in
1251 640 1368 712 lege
1423 639 1724 707 retinetur,
1778 640 1832 695 in

240 733 421 802 quibus
451 731 702 788 omnibus
728 732 974 803 qttmdam
1021 747 1377 805 supervacua,
1412 732 1657 803 qurcdam
1679 732 1834 805 quasi

243 824 496 891 nefanda,
538 825 615 881 sic
655 826 1034 897 relinquuntur
1074 842 1104 882 a
1159 843 1287 883 vero
1331 829 1627 883 christiano
1673 837 1835 897 atque

242 917 555 974 castissimo.
588 917 767 975 Unum
812 928 1018 975 tantum
1041 921 1381 987 memorabo,
1410 936 1531 975 cum
1563 920 1832 976 excitandi

228 1011 451 1077 seminis
498 1027 659 1067 causa
699 1011 854 1068 fratri
891 1012 1134 1083 jungitur
1167 1029 1303 1068 uxor
1351 1012 1533 1068 fratris
1573 1031 1589 1067 ς
1625 1024 1680 1069 et
1729 1029 1837 1090 cae-

241 1112 345 1159 tera
393 1104 697 1173 huiusmodi
743 1114 838 1160 aut
882 1104 1018 1161 ﬁunt
1048 1115 1141 1161 aut
1184 1105 1435 1178 leguntur
1486 1113 1647 1161 acta:
1704 1105 1831 1161 item

238 1207 424 1253 Caetera
457 1213 577 1268 quae
611 1196 722 1253 dixi
747 1196 815 1254 de
840 1197 974 1254 cibis
997 1237 1012 1265 ,
1069 1197 1268 1255 deinde
1317 1198 1384 1254 de
1433 1197 1832 1255 observationi-

238 1289 330 1349 bus
356 1333 370 1360 ,
422 1292 713 1364 multisque
757 1292 918 1349 etiam
949 1294 1072 1349 aliis
1109 1294 1270 1350 rebus
1299 1310 1312 1346 :
1348 1308 1468 1364 quae
1489 1293 1653 1349 etiam
1679 1308 1833 1349 assu-

239 1385 423 1443 menda
450 1395 616 1453 suut,
647 1386 851 1458 inquit,
906 1387 957 1443 ei
1018 1388 1109 1459 qui
1159 1403 1219 1445 se
1268 1384 1625 1445 circumcidit.
1674 1388 1833 1457 Quod

240 1482 281 1534 si
310 1497 412 1535 non
437 1480 610 1537 facitis
633 1481 737 1536 alia
758 1521 773 1548 ,
822 1479 1016 1537 frustra
1057 1482 1531 1539 circutncisiouem
1574 1483 1829 1541 adhibui.

239 1572 349 1628 stis.
375 1570 645 1641 Testi/icor
676 1574 821 1629 enim
847 1573 976 1645 quia
1024 1575 1165 1628 omni
1209 1576 1406 1631 homini
1445 1577 1830 1632 circumcidenti

236 1679 323 1729 se,
371 1661 429 1718 ﬁt
474 1664 797 1729 necessitas,
851 1673 907 1719 ut
931 1664 1002 1720 sit
1042 1664 1253 1721 debitor
1288 1666 1355 1721 ad
1387 1668 1673 1733 universa,
1711 1684 1832 1739 quas

237 1748 362 1826 legis
388 1765 511 1810 sunt
533 1798 547 1820 ,
579 1752 842 1814 facienda.
881 1754 1032 1811 Facit
1060 1744 1222 1827 igitur
1246 1758 1367 1815 illos
1389 1768 1445 1816 et
1472 1759 1527 1814 in
1566 1760 1686 1831 lege
1717 1760 1830 1826 illa,

238 1863 388 1919 quam
433 1858 878 1919 assumpserunt,
923 1861 1238 1921 peccatores
1281 1868 1438 1920 esse,
1470 1870 1535 1909 ex
1582 1869 1649 1909 eo
1683 1854 1828 1926 quod

237 1955 338 1994 non
370 1940 550 1995 omnia
585 1940 822 2009 faciunt,
851 1953 905 1998 et
932 1942 1133 2015 eligunt
1163 1959 1280 2014 qua:
1327 1943 1569 2000 facienda
1595 1964 1607 1999 :
1633 1956 1687 2003 et
1713 1963 1831 2001 rur-

236 2048 324 2089 sus
352 2035 491 2090 circa
538 2034 707 2107 legem
731 2076 746 2102 ,
797 2052 918 2108 qua}
955 2037 1151 2093 Christi
1196 2048 1310 2105 est,
1342 2048 1397 2094 et
1432 2038 1575 2096 circa
1598 2056 1829 2112 cvange-

234 2126 358 2185 lium
389 2128 609 2186 omnino
640 2130 931 2199 aberrant,
964 2141 1020 2188 et
1044 2133 1216 2205 magis
1246 2133 1577 2190 aberrabuut
1601 2176 1617 2202 ,
1647 2136 1691 2189 si
1711 2152 1829 2191 om-

236 2225 319 2280 nia
342 2268 355 2293 ,
382 2241 501 2297 quae
532 2226 665 2295 legis
690 2237 851 2296 sunt,
908 2228 1125 2286 faciant.
1167 2232 1408 2302 Denique
1455 2233 1733 2305 subiungit
1758 2248 1824 2290 ex

235 2312 332 2375 hac
359 2319 640 2391 parteiam
664 2363 679 2387 ,
716 2337 819 2391 qua
846 2334 1011 2394 agunt
1041 2324 1286 2394 quietiam
1338 2340 1459 2395 qua:
1484 2324 1655 2381 Iudaei
1683 2367 1700 2393 ,
1754 2342 1823 2382 ex

241 2413 359 2479 hac,
380 2415 618 2486 inquam,
646 2425 821 2486 parte,
853 2415 994 2486 quod
1025 2431 1057 2471 a
1086 2414 1303 2473 Christo
1329 2418 1614 2473 videantur
1639 2420 1824 2474 alieni.

315 2508 472 2564 Vens.
508 2508 1031 2566 L—Evacuatiestis
1052 2528 1082 2565 a
1105 2509 1328 2578 Christo,
1354 2513 1443 2584 qui
1464 2513 1517 2567 in
1548 2513 1656 2586 lege
1675 2514 1827 2581 justi-

230 2592 488 2670 ﬁcamini,
533 2618 566 2655 a
613 2601 780 2672 gratia
821 2601 1104 2658 excidistis.
1154 2601 1341 2658 Omnis
1384 2602 1527 2659 enim
1575 2604 1748 2660 virtus
1772 2603 1825 2659 in

230 2685 501 2753 Christum
530 2695 800 2752 credentis
828 2738 842 2763 ,
875 2698 929 2752 in
952 2697 1124 2768 gratia
1146 2707 1230 2754 est
1267 2698 1379 2755 Dei.
1415 2697 1598 2755 Gratia
1642 2708 1825 2755 autem

232 2800 339 2846 non
371 2805 434 2846 ex
469 2789 676 2846 meritis
702 2833 718 2858 ,
745 2789 839 2847 sed
864 2808 929 2847 ex
959 2791 1053 2846 Dei
1087 2793 1287 2862 pietate
1327 2801 1410 2848 est
1436 2810 1449 2845 :
1492 2807 1623 2864 ergo
1660 2792 1770 2863 jam
1792 2810 1827 2848 a

230 2887 399 2958 gratia
443 2886 737 2953 εεεὶάὶδιίδ,
780 2885 823 2941 si
880 2886 932 2940 in
962 2886 1081 2957 lege
1116 2886 1559 2957 iustiﬁcatiouem
1589 2897 1824 2943 vestram

219 2983 465 3063 ponitis;
522 2992 577 3038 ιιι
619 2982 746 3054 quia
787 2981 1042 3054 operibus
1082 2982 1334 3050 servitis,
1381 2982 1503 3054 quia
1541 2982 1825 3039 sabbatum

230 3075 561 3143 observatis,
619 3076 871 3147 quoniam
921 3076 1222 3132 circumcisi
1292 3076 1455 3142 estis,
1498 3077 1755 3132 excidistis
1793 3094 1826 3132 α

1939 463 2037 520 per
2062 465 2222 521 quam
2247 450 2406 506 fidem
2435 453 2679 519 operatio
2712 454 2770 507 fit
2795 453 2860 508 ad
2889 454 3118 509 salutem
3145 495 3160 521 ,
3190 463 3245 511 et
3288 472 3385 527 per
3408 457 3538 513 cha-

1940 539 2157 596 ritatetn
2206 544 2455 614 accipere
2511 560 2610 599 nos
2657 557 2944 616 oportere,
2995 562 3155 617 quam
3198 549 3458 606 habemus
3484 552 3537 607 in

1939 632 2212 691 Christum
2244 651 2295 693 et
2324 638 2375 692 in
2408 638 2570 693 Deum
2596 680 2611 705 ,
2642 649 2699 695 et
2720 638 2917 696 exinde
2938 639 3085 698 circa
3112 656 3329 698 omnem
3361 642 3543 699 homi-

1940 742 2083 782 nem.
2114 729 2226 784 [tuo
2251 730 2392 784 enim
2426 730 2541 786 haec
2568 732 2801 787 maxime
2831 747 3047 789 onmem
3077 735 3239 789 vitam
3261 737 3539 806 corrigunt

1938 830 1991 875 et
2016 836 2230 878 omnem
2253 823 2357 877 vim
2389 823 2522 894 legis
2551 824 2793 895 implent,
2825 835 2881 881 et
2906 827 3084 883 omnis
3118 827 3228 895 illa,
3255 845 3376 900 quae
3399 845 3539 900 prae-

1937 923 2093 985 cepta
2116 922 2244 971 sunt
2264 918 2312 970 iu
2332 916 2612 989 deealogo,
2635 921 2916 976 continent
2938 919 3039 993 (I).
3066 920 3122 978 Si
3152 923 3310 978 fidem
3333 926 3423 995 qui
3455 925 3541 998 (ἢ)

1942 1016 2147 1074 servet,
2173 1009 2416 1079 sequitur
2429 1019 2676 1067 utservet
2697 1011 3037 1080 charitatem,
3061 1029 3180 1084 qua}
3202 1015 3308 1070 duo
3323 1017 3546 1087 implent

1936 1098 2145 1164 omnia,
2179 1113 2297 1170 qum
2319 1100 2405 1155 lex
2427 1100 2622 1156 Christi
2647 1102 2922 1173 praecepit.
2953 1104 3029 1159 De
3053 1104 3136 1160 his
3167 1105 3326 1160 rebus
3355 1109 3544 1176 saipis-

1935 1192 2075 1247 sime
2105 1193 2354 1260 tractavi,
2388 1193 2528 1264 quod
2559 1194 2689 1250 ﬁdes
2719 1196 2931 1261 liberet,
2956 1207 3011 1253 et
3031 1196 3265 1255 charitas
3291 1199 3539 1257 aediﬁcet.

2040 1284 2205 1341 Vens.
2264 1287 2319 1342 7.
2369 1316 2440 1329 -—
2505 1284 2798 1343 Currebatis
2868 1290 3032 1357 bene;
3079 1292 3193 1362 quis
3258 1293 3399 1348 vobis
3460 1293 3540 1368 (τι)

1936 1377 2242 1450 impedivit?
2292 1378 2349 1434 Id
2404 1387 2489 1434 est
2535 1380 2727 1436 bonam
2788 1382 2948 1439 tidem
3000 1386 3142 1440 circa
3204 1387 3541 1458 evangelium

1937 1468 2258 1538 habebatis;
2322 1488 2487 1543 quare
2541 1475 2729 1530 mutati
2786 1476 2956 1532 estis?
2999 1493 3204 1549 quare,
3255 1481 3407 1551 quasi
3462 1480 3543 1536 fa-

1941 1563 2095 1619 scino
2141 1563 2415 1637 quodam,
2462 1567 2532 1623 ah
2583 1568 2795 1641 integro
2848 1586 3006 1626 cursu
3076 1574 3354 1630 revocati?
3406 1573 3542 1632 lllttd

1938 1652 2083 1711 enim
2112 1659 2253 1727 quod
2281 1673 2375 1713 vos
2409 1674 2503 1730 per
2531 1661 2868 1732 evangelium
2897 1662 3053 1720 docui
3081 1704 3096 1731 ,
3129 1665 3396 1736 integrum
3447 1682 3542 1724 ve-

1864 1760 1911 1821 B
1938 1766 2055 1805 rum
2087 1750 2224 1817 fuit;
2252 1751 2356 1808 hoc
2383 1761 2439 1808 et
2460 1753 2653 1811 falsum
2683 1766 2737 1811 et
2768 1759 3133 1828 contrarium,
3166 1770 3221 1815 et
3250 1761 3384 1816 nihil
3414 1778 3536 1832 pro-

1932 1843 2193 1901 futurum.
2214 1846 2327 1902 lioc
2355 1858 2439 1903 est
2457 1850 2603 1921 quod
2632 1850 2908 1923 adiungit:
2949 1852 3157 1909 Veritati
3182 1871 3284 1910 non
3309 1858 3535 1915 obedire.

1937 1936 2064 2004 Quis
2092 1955 2178 1995 vos
2199 1981 2214 2008 ,
2247 1941 2419 2013 inquit
2444 1984 2459 2009 ,
2486 1945 2751 2015 impediit,
2785 1947 2987 2002 veritati
3013 1965 3117 2003 non
3162 1950 3368 2007 obedire
3387 1952 3414 2006 ξ’
3442 1954 3536 2008 Et-

1933 2028 2076 2083 enim
2105 2030 2161 2085 in
2184 2031 2340 2086 nobis
2364 2032 2569 2090 veritas
2591 2042 2712 2091 est:
2748 2034 2869 2092 huic
2913 2037 3291 2110 obtemperare
3336 2041 3541 2098 debui-

1933 2124 2063 2189 stis,
2094 2140 2160 2179 ne
2187 2125 2313 2196 quid
2342 2126 2487 2182 aliud
2509 2128 2913 2191 observaveris.
2943 2132 3082 2203 Ergo
3103 2132 3335 2206 primum
3369 2136 3538 2193 veluti

1934 2217 2159 2274 miratur
2183 2233 2307 2275 cum
2332 2219 2500 2288 dixit,
2559 2222 2670 2292 quis
2719 2238 2805 2278 vos
2858 2224 3142 2295 impedivit.
3185 2228 3378 2284 Postea
3422 2228 3534 2298 iatn

1934 2320 2115 2366 monet
2138 2352 2154 2379 ,
2185 2312 2313 2383 quid
2347 2311 2654 2370 faciendum
2685 2356 2699 2382 ,
2728 2317 2919 2370 nemini
2940 2320 3320 2376 consenseritis.
3369 2319 3531 2378 Omni

1930 2418 2130 2471 genere
2166 2414 2399 2475 pugnat,
2431 2421 2499 2462 ne
2525 2417 2735 2464 mutent
2766 2412 3121 2478 sententiam,
3180 2422 3232 2468 et
3279 2414 3533 2484 adiiciant

1931 2484 2134 2565 aliquid
2184 2509 2334 2552 extra
2390 2513 2553 2570 quam
2608 2500 2753 2569 quod
2807 2502 2917 2557 illis
2967 2515 3296 2576 praeceptum
3326 2515 3412 2561 est
3441 2522 3538 2577 per

1931 2590 2271 2660 evangelium
2300 2608 2327 2644 a
2353 2588 2543 2650 Paulo.
2571 2594 2750 2652 Nolite
2772 2635 2790 2665 ,
2818 2596 3032 2668 inquit,
3060 2614 3386 2657 consensum
3417 2602 3538 2658 aliis

1931 2684 2361 2742 accommodare.

2001 2774 2168 2832 Vens.
2203 2780 2256 2832 8.
2284 2809 2350 2817 —
2372 2778 2562 2835 Suasio
2589 2791 2754 2836 vestra
2782 2799 2847 2838 ea:
2892 2782 3000 2840 Deo
3030 2795 3103 2841 est
3127 2827 3142 2854 ,
3169 2788 3259 2858 qui
3303 2805 3398 2845 nos
3444 2805 3535 2846 vo-

1930 2867 2059 2922 cavit
2085 2856 2249 2939 (i).ld
2278 2881 2361 2928 est
2387 2872 2528 2943 quod
2566 2874 2717 2931 vobis
2743 2876 2828 2933 vel
2860 2891 3078 2935 suasum
3110 2896 3140 2936 a
3168 2856 3256 2938 me
3292 2893 3397 2950 est,
3451 2884 3537 2942 vel

1930 2958 2074 3033 quod
2104 2964 2227 3034 'ipsi
2252 2956 2365 3037 iam
2409 2983 2626 3024 suasum
2659 2969 2868 3027 habetis
2889 2987 2920 3027 a
2953 2973 3095 3036 Deo,
3127 2975 3218 3046 qui
3250 2992 3347 3033 vos
3374 2992 3538 3035 voca-

1933 3056 2048 3137 vit,
2085 3052 2242 3111 sicuti
2284 3074 2444 3129 supra
2482 3060 2683 3117 dictum
2711 3072 2794 3118 est
2816 3103 2834 3131 ,
2863 3081 2991 3136 quos
3022 3070 3214 3123 vocavit
3243 3081 3291 3124 et
3339 3072 3542 3141 prcede-

229 3170 397 3241 gratia
424 3212 437 3236 ,
476 3179 532 3225 et
579 3170 809 3224 evacuati
843 3170 963 3225 estis
1005 3187 1037 3225 a
1077 3167 1299 3226 Christo.
1328 3170 1446 3226 .latu
1476 3172 1620 3228 enim
1653 3187 1760 3228 non
1792 3188 1821 3226 a

1942 3147 2133 3241 amavit
2164 3163 2184 3203 :
2212 3160 2406 3241 caetera
2454 3169 2682 3225 qumque
2732 3171 2829 3225 per
2897 3158 3143 3214 ordinem
3206 3160 3348 3218 dicta
3386 3173 3534 3221 sunt.
3630 3214 3639 3225 .

230 3259 445 3317 Christo
474 3278 625 3333 spem
651 3256 859 3318 habetis
881 3304 896 3328 ,
930 3278 1102 3333 neque
1130 3264 1425 3319 secundum
1454 3263 1572 3335 ejus
1620 3264 1825 3336 passio-

232 3369 357 3409 nem
388 3364 441 3409 et
466 3353 920 3411 resurrectionem
951 3359 1182 3425 speratis
1210 3355 1440 3426 gratiam
1488 3357 1639 3413 vobis
1660 3399 1676 3425 ,
1726 3358 1824 3415 sia

229 3440 351 3520 lege
388 3448 824 3520 iustiﬁcationetn
864 3450 1083 3509 creditis
1136 3450 1414 3507 advenire.

234 3606 239 3611 ξ
310 3542 728 3601 Vens.5.-—Nos
741 3546 873 3600 enim
889 3547 940 3600 in
960 3545 1201 3616 spirituet
1223 3544 1302 3618 (l)
1319 3545 1421 3615 [ide
1456 3562 1598 3616 spent
1606 3546 1829 3616 justitite

230 3651 581 3710 expectamus.
615 3638 901 3695 Christiani
926 3681 940 3705 ,
972 3638 1141 3711 inquit
1170 3676 1186 3706 ,
1215 3649 1268 3695 et
1297 3639 1389 3708 qui
1439 3638 1712 3695 Christum
1740 3656 1828 3696 se-

229 3741 490 3803 quuntur,
516 3744 569 3787 et
596 3733 648 3787 in
677 3733 866 3803 spiritu
889 3743 942 3788 et
969 3733 1022 3788 in
1057 3732 1163 3787 ﬁde
1188 3746 1343 3803 spem
1366 3730 1648 3800 habemus,
1680 3740 1738 3789 et
1776 3734 1829 3788 in

230 3816 331 3882 Dei
349 3824 732 3896 iustiﬁcatione
754 3841 862 3882 non
887 3842 953 3882 ex
983 3825 1257 3896 Operibus.
1284 3824 1472 3882 Omnis
1490 3826 1635 3881 enim
1661 3826 1830 3880 virtus

228 3922 479 3991 mysterii
507 3919 609 3977 hoc
635 3929 853 3992 operata
880 3930 985 3988 est,
1006 3930 1064 3975 nt
1085 3920 1240 3976 nobis
1271 3937 1364 3992 per
1390 3920 1615 3992 gratiam
1649 3929 1705 3977 et
1734 3920 1829 3977 Dei

220 4015 491 4094 pietatem
520 4016 781 4072 relaxatio
808 4018 962 4074 fieret
1004 4025 1348 4087 peccatorum
1375 4056 1392 4085 ,
1443 4025 1499 4072 et
1527 4016 1638 4071 vita
1667 4023 1828 4073 teter-

228 4124 301 4164 na
332 4117 677 4179 prmstnretur
698 4151 714 4175 ,
743 4119 799 4166 ut
827 4125 974 4181 stupe
1014 4106 1333 4176 docuimus,
1383 4124 1450 4166 ex
1496 4108 1589 4165 Dei
1618 4109 1788 4181 gratia
1813 4149 1828 4175 ,

228 4218 344 4275 non
374 4219 439 4259 ex
470 4203 724 4274 Operibus
743 4214 837 4259 aut
875 4203 1103 4260 meritis.
1151 4203 1264 4258 lloc
1297 4210 1478 4260 autem
1530 4216 1628 4271 per
1669 4202 1829 4273 spiri-

228 4305 350 4352 tum
379 4298 662 4368 contingit.
685 4295 821 4352 Cum
848 4312 976 4352 vero
1005 4312 1073 4352 ex
1094 4296 1350 4367 operibus
1372 4294 1688 4367 iustiﬁcatio
1708 4310 1830 4365 spe-

228 4399 419 4456 ratur,
449 4405 554 4445 non
582 4405 653 4446 ex
684 4389 873 4460 spiritu
900 4405 1027 4461 spes
1052 4399 1154 4447 est.
1188 4388 1300 4445 Hoc
1326 4404 1426 4464 nos
1455 4400 1829 4460 expectamus,

226 4490 290 4539 et
321 4481 424 4537 hoc
453 4491 535 4538 est
562 4481 897 4554 evangelium
925 4481 1125 4538 Christi
1149 4482 1323 4554 sequi.

2006 3232 2169 3296 Vens.
2188 3240 2242 3297 9.
2276 3272 2341 3283 —
2355 3234 2581 3300 Nescitis
2594 3247 2714 3316 quia
2739 3248 2997 3304 modicum
3022 3254 3326 3322 fermentum
3340 3257 3544 3313 univer-

1929 3347 2041 3387 sam
2056 3350 2277 3389 massam
2305 3339 2625 3410 corrumpit?
2639 3324 2718 3413 (5)
2732 3339 2903 3398 Omne
2924 3344 3246 3403 fermentum
3269 3353 3544 3424 corruptio

1931 3437 2009 3481 est
2026 3422 2177 3497 panis
2193 3436 2247 3483 et
2267 3440 2554 3500 corruptus
2570 3432 2725 3502 panis
2744 3436 2935 3503 farina,
2952 3448 3005 3493 et
3018 3455 3192 3495 massa
3216 3441 3399 3499 farina:
3410 3422 3539 3503 dum

1930 3516 2217 3575 dimittitur
2231 3525 2516 3590 coacescit,
2536 3534 2591 3581 et
2610 3526 2733 3583 hinc
2751 3526 3071 3586 fermentum
3099 3533 3346 3591 efﬁcitur.
3369 3537 3544 3595 Modi-

1933 3620 2055 3666 cum
2072 3623 2249 3669 autem
2272 3614 2546 3685 fermenti,
2561 3633 2683 3675 eum
2706 3620 2756 3675 in
2774 3637 3005 3678 massam
3025 3626 3271 3694 mittitur,
3289 3643 3542 3686 corrum-

1934 3706 2079 3777 pitur
2106 3722 2303 3764 massa.
2336 3707 2583 3779 Oportet,
2618 3711 2809 3784 inquit,
2845 3731 2941 3770 vos
2978 3733 3200 3788 azytnos
3224 3735 3370 3777 esse.
3400 3724 3542 3796 Ergo

1934 3799 2063 3854 illud
2113 3796 2256 3871 quod
2291 3805 2488 3872 putatis
2518 3807 2787 3864 modicum
2830 3825 2925 3865 vos
2953 3812 3240 3882 adiecisse,
3263 3816 3318 3873 id
3344 3827 3448 3886 eet,
3483 3827 3542 3875 ut

1933 3893 2235 3949 observetis
2264 3895 2755 3968 circumcisionem,
2788 3902 2932 3958 istud
2959 3906 3231 3963 modicum
3260 3912 3389 3981 quia
3415 3926 3540 3968 cor-

1934 3995 2148 4054 ruptum
2173 3996 2276 4054 est,
2296 3990 2591 4072 corrumpit
2609 4006 2839 4049 massam
2862 3999 3127 4068 evangelii
3142 4004 3335 4072 nostri,
3353 4011 3412 4059 ut
3431 4019 3541 4061 non

1935 4074 2148 4147 plenam
2166 4092 2315 4149 spem
2338 4068 2392 4133 in
2409 4072 2628 4139 Christo
2648 4084 2908 4155 habeatis,
2926 4105 3062 4146 neve
3084 4107 3179 4148 vos
3194 4068 3463 4163 Christus,
3485 4107 3546 4154 ut

1934 4186 2061 4227 suos
2083 4186 2147 4229 ac
2172 4171 2241 4229 de
2266 4189 2323 4229 se
2344 4189 2493 4245 spem
2512 4175 2779 4235 habentes
2794 4184 3047 4259 respiciat
3064 4204 3079 4242 :
3095 4186 3226 4243 ﬁdes
3238 4188 3383 4245 enim
3406 4189 3545 4249 libe-

1935 4264 2051 4333 rat,’:
2082 4264 2152 4331 et,
2174 4275 2230 4320 ut
2255 4265 2510 4335 diximus,
2537 4269 2693 4327 fidem
2717 4288 2824 4329 non
2853 4272 3035 4344 habet,
3062 4280 3154 4350 qui
3171 4292 3366 4350 praeter
3390 4283 3549 4340 Chri-

1938 4366 2077 4412 stum
2100 4356 2279 4432 aliquo
2302 4356 2461 4417 modo
2480 4362 2762 4455 auxilium,
2786 4366 2911 4425 licet
2930 4386 3052 4426 cum
3074 4371 3316 4444 Christo,
3337 4387 3542 4455 sperat.

2016 4450 2178 4509 Vens.
2234 4451 2318 4509 to.
2350 4485 2422 4495 -
2473 4446 2583 4528 Ego
2632 4460 2835 4530 conﬁdo
2881 4462 2945 4517 de
2992 4462 3071 4538 (6)
3148 4468 3286 4524 vobis
3323 4446 3389 4526 ίιὶ
3433 4469 3551 4529 Do-

310 4574 476 4632 Vnns.
512 4576 565 4632 6.
616 4540 853 4630 ——:Vam
880 4577 935 4629 in
956 4574 1163 4631 Christo
1183 4540 1313 4631 Jesu
1359 4592 1519 4648 neque
1558 4576 1831 4632 circumci-
1858 4553 1912 4616 Ῑ)
1939 4544 2096 4614 "uno,
2171 4546 2308 4648 q'fofl
2368 4540 2961 4648 Ὗίῆίίέαλίαάλδαρίεείδ·
3012 4556 3156 4614 Bene
3188 4559 3303 4631 iam
3348 4561 3421 4620 de
3460 4564 3549 4622 fu-

225 4670 313 4726 sio
341 4666 539 4740 aliquid
559 4667 689 4724 valet
710 4710 725 4736 ,
755 4685 916 4741 neque
938 4670 1248 4740 prwputium
1271 4687 1289 4735 ;
1316 4670 1405 4725 sed
1433 4671 1560 4739 ﬁdes
1603 4687 1718 4740 qua:
1743 4687 1835 4740 per

188 4806 193 4807 κ
227 4763 540 4818 charitatem
568 4774 828 4834 aperatur.
858 4763 1062 4835 Ubique
1084 4764 1229 4835 ponit
1248 4764 1392 4820 circa
1412 4765 1570 4822 ﬁdem
1588 4766 1643 4821 in
1672 4781 1837 4822 evan-

225 4856 436 4929 gelium
462 4853 663 4910 Chriin
692 4898 706 4922 ,
753 4872 928 4926 neque
963 4856 1432 4913 circumcisionem
1483 4856 1560 4928 (2)
1615 4858 1795 4914 valere
1817 4897 1832 4925 ,

226 4966 414 5020 neque
441 4947 576 5005 facta
605 4948 748 5004 circa
777 4963 976 5020 corpus
1001 4991 1017 5015 ,
1047 4960 1137 5004 aut
1169 4949 1305 5004 facta
1328 4944 1396 5005 de
1422 4964 1652 5020 corpore
1674 4990 1689 5016 ,
1741 4958 1836 5003 aut

224 5053 464 5117 propter
493 5058 690 5114 corpus
709 5083 725 5109 ,
752 5052 812 5097 ut
837 5041 1177 5098 circumcisio
1198 5083 1215 5108 ,
1252 5050 1311 5097 ut
1332 5052 1497 5111 opera
1523 5080 1540 5109 ,
1588 5046 1646 5097 ut
1673 5048 1835 5097 caete-

224 5150 292 5191 ra
324 5128 632 5204 huiusmodi
658 5150 673 5190 :
704 5133 837 5189 nihil
866 5133 1056 5189 horum
1076 5176 1090 5201 ,
1114 5133 1306 5204 inquit,
1341 5132 1392 5189 in
1420 5132 1637 5189 Christo
1661 5134 1832 5188 valet:

222 5226 442 5286 frustra
458 5229 796 5286 circumcisio
815 5238 919 5286 est.
950 5229 1133 5301 Neque
1162 5246 1228 5286 ex
1258 5246 1323 5285 eo
1347 5228 1490 5302 quod
1512 5226 1836 5302 praeputium

221 5334 321 5380 est
348 5364 365 5390 ,
394 5325 636 5380 valemus
665 5326 716 5379 in
744 5323 997 5390 Christo;
1024 5325 1119 5380 sed
1140 5325 1265 5396 quin
1294 5325 1452 5380 ﬁdem
1485 5325 1540 5380 in
1563 5340 1686 5381 eum
1717 5339 1843 5381 ausa

220 5418 486 5487 cepimus
508 5459 521 5484 ,
569 5425 623 5472 et
668 5418 790 5488 quia
836 5418 1097 5487 promissa
1131 5417 1247 5486 eius
1275 5416 1586 5484 credimus,
1625 5422 1681 5474 et
1711 5418 1841 5489 quia

220 5526 304 5567 ex
363 5509 761 5566 resurrectione
814 5509 933 5580 eius
984 5524 1082 5566 nos
1110 5525 1326 5581 quoque
1351 5510 1686 5581 resurgimus
1716 5548 1733 5576 ,
1785 5516 1842 5565 et

220 5602 423 5658 omnia
454 5617 575 5656 cum
602 5618 667 5658 eo
700 5602 941 5672 perpessi
965 5616 1151 5658 sumus
1170 5642 1187 5670 ,
1215 5610 1267 5657 et
1294 5616 1417 5659 cum
1441 5617 1508 5658 eo
1533 5600 1602 5656 ad
1628 5601 1793 5657 vitam
1819 5634 1839 5669 ,

312 5728 397 5798 (l)
438 5725 589 5798 Vulg.
626 5725 787 5781 habet
817 5743 880 5782 ea:
908 5726 1030 5796 ﬁde.

313 5796 397 5872 (ί)
440 5796 610 5856 Codd.
642 5798 1001 5856 conditionem.

1941 4647 2064 4695 thro
2104 4638 2341 4707 confido,
2381 4638 2578 4714 inquit,
2622 4646 2745 4715 quia
2810 4647 2944 4704 nihil
2994 4650 3137 4706 aliud
3183 4652 3448 4714 habebitis
3490 4658 3548 4715 in

1939 4732 2103 4789 corde
2144 4744 2199 4789 et
2236 4737 2522 4805 sapientia,
2571 4738 2674 4794 nisi
2727 4751 2785 4796 ut
2835 4742 2997 4800 ﬁdem
3045 4755 3248 4804 tantum
3304 4749 3548 4808 habeatis

1940 4828 1993 4882 in
2019 4827 2290 4884 Christum
2316 4831 2610 4887 secundum
2634 4836 2971 4907 evangelium
3008 4854 3211 4897 meum.
3235 4841 3339 4908 Qui
3379 4854 3550 4901 eum

1939 4922 2207 5011 conturbat
2269 4939 2395 4991 vos,
2463 4925 2685 4998 portabit
2726 4930 3028 5003 judicium,
3077 4937 3384 5008 quicumque
3432 4944 3550 5011 {ue-
3610 4990 3613 4995 .

1938 5017 2006 5069 rit
2030 5008 2130 5088 (7).
2162 5006 2229 5070 Et
2269 5008 2391 5103 illos
2430 5018 2640 5085 terruit,
2666 5020 2757 5091 qui
2799 5021 3149 5095 seducehant,
3175 5037 3232 5085 et
3271 5006 3406 5087 istos
3433 5006 3550 5103 iper

1941 5109 2114 5165 ininas
2134 5100 2321 5181 iudicii
2356 5100 2522 5167 futuri
2542 5130 2557 5166 :
2579 5113 2671 5185 qui
2694 5130 2810 5184 vos,
2830 5117 3026 5191 inquit,
3054 5123 3348 5193 perturbat,
3369 5100 3551 5196 porta-

2017 5223 2097 5296 (i)
2135 5224 2306 5281 Codd.
2334 5228 2680 5283 continentur.

2271 5312 2369 5378 pro
2400 5299 2537 5378 quis,
2568 5309 2625 5354 ut
2645 5303 2805 5374 aliqui
2825 5320 2923 5378 pro
2951 5305 3158 5378 aliquis.

2024 5366 2104 5513 (δέ
2147 5366 2301 5440 Vulg.
2334 5366 2493 5426 habet
2518 5382 2603 5426 vos
2633 5366 2739 5443 pro'
2758 5366 2914 5431 vobis.

2025 5440 2080 5512 (4
2149 5441 2300 5512 Vulg.
2348 5441 2533 5510 habet,
2583 5443 2859 5503 Persuasio
2899 5450 2914 5503 Ι

2025 5440 2102 5528 (4)
2149 5441 2300 5512 Vulg.
2348 5441 2533 5510 habet,
2583 5440 2859 5503 Pcrsuasio
2899 5449 3009 5505 hcc
3034 5463 3139 5506 inst
3167 5459 3241 5507 eu
3279 5469 3348 5509 ex
3374 5468 3432 5511 eo
3457 5458 3547 5528 qui

1946 5524 2325 5671 υθῖῈδυῧξὶιεη
2355 5585 2622 5645 Modicum
2656 5591 2965 5662 im
2998 5595 3291 5653 mm
3322 5606 3547 5658 nauem

1946 5670 2246 5727 corrumpit.

2140 5729 2246 5816 ΞΝ)
2270 5734 2335 5787 de
2366 5730 2523 5816 vulg.
2554 5733 2716 5791 habet
2734 5736 2812 5816 in,

2141 5729 2246 5785 Pro
2270 5734 2335 5787 de
2366 5730 2523 5816 vulg.
2554 5733 2716 5791 habet
2734 5736 2812 5791 in.

1980 5894 1981 5897 η
2140 5792 2321 5874 Vulg.,
2349 5819 2651 5877 quicumque
2667 5816 2744 5864 est
2765 5809 2871 5866 ille.
