4024 6306
469 241 603 299 1191

1707 237 1902 293 MAR“
1949 234 2294 292 VICTORINI
2331 235 2494 291 AFRI

3651 234 3794 288 ΗΕΒ
3871 233 3875 238 ⁴

466 359 537 414 bit
556 358 835 434 judicium.
881 355 1092 415 Sufl‘n-it
1130 365 1310 412 autem
1351 353 1612 426 judicium
1638 353 1968 418 nominasse,
2023 353 2076 406 in
2105 355 2160 413 Α
2185 350 2497 419 implentur,
2526 349 2683 404 siculi
2714 347 2767 402 in
2799 345 3168 418 superioribus
3202 345 3455 401 diximus.
3502 345 3799 414 Subjungit

466 466 575 522 quo
592 451 774 521 utique
798 467 902 505 non
927 451 1030 504 diei
1057 449 1243 504 debuit
1265 448 1403 520 quod
1425 463 1639 518 poenam
1660 447 1951 517 patientur,
1981 445 2077 500 sed

465 559 598 600 vero
626 544 890 614 judicium
930 542 1036 613 (1).
1085 541 1286 596 Deinde
1326 539 1605 611 priemisit,
1632 541 1777 610 quod
1811 538 2078 609 judicium

464 636 702 692 futurmn
746 637 816 691 ah
862 637 979 705 ipso
1019 645 1120 691 est.
1172 633 1456 704 Expressit
1496 642 1674 688 autem
1721 632 1828 702 jam
1874 639 2077 686 metum

470 746 628 802 pene,
655 746 776 785 cum
810 729 944 785 dixit
981 729 1234 800 portabit.

544 821 708 878 Vens.
743 822 829 878 11.
850 821 1230 894 -—Egouutem.
1254 823 1457 893 fratres,
1475 819 1519 872 si
1538 819 1972 872 circumcisionem
2001 817 2078 890 (ἓ)

468 914 715 986 ρνωιιὶεο,
733 914 856 985 quid
878 915 1042 968 adhuc
1065 915 1466 983 persecutionem
1489 912 1655 982 patior
1669 913 1693 964 ?
1709 911 1955 966 Alienum
1975 927 2031 964 se
2049 926 2079 964 a

471 1016 764 1078 praecepto,
779 1007 920 1078 quod
938 1005 1010 1060 illi
1027 1005 1356 1076 jungendum
1373 1003 1865 1075 putaverunt,omni
1881 1016 2081 1073 genere

477 1099 901 1168 prohat.Patitur
915 1100 1343 1169 persecutionem
1366 1114 1393 1151 a
1415 1097 1756 1166 Judrcis.Qua
1770 1111 1928 1151 causa
1943 1097 1964 1147 ?
1979 1095 2080 1151 nisi

470 1191 596 1262 quia
621 1191 1090 1247 circumcisionem
1140 1207 1247 1246 non
1286 1191 1538 1261 przedico.
1562 1191 1700 1260 Ergo
1723 1206 1829 1245 non
1852 1189 2001 1243 vobis
2026 1187 2081 1242 in

473 1285 766 1357 Evangelia
779 1283 1545 1354 circumcisionemprazdicavi
1564 1302 1577 1339 :
1594 1299 1656 1338 ex
1672 1298 1739 1338 eo
1753 1283 1895 1354 quod
1910 1282 1935 1337 J
1945 1281 2079 1337 adici

473 1395 562 1436 me
585 1390 1004 1452 persequuntur.
1032 1379 1288 1450 Adjungit
1309 1388 1363 1433 et
1399 1379 1542 1433 aliud
1579 1387 1982 1450 argumentum,
2024 1385 2084 1432 ut

474 1474 729 1530 ostendat
747 1475 890 1546 quod
907 1476 1373 1530 circumcisionem
1396 1490 1501 1529 non
1520 1474 1794 1544 przedicat.
1815 1472 1955 1544 Ergo
1969 1489 2084 1528 eva-

474 1577 680 1622 cuatum
699 1577 772 1622 est
787 1568 1089 1622 scandalum
1110 1568 1312 1622 crucis?
1337 1565 1553 1621 Frustra
1572 1575 1676 1633 est,
1701 1565 1843 1636 quod
1870 1580 2081 1636 poenam

479 1672 777 1730 merentur,
823 1663 916 1734 qui
961 1667 1013 1718 in
1057 1678 1274 1718 crucem
1317 1660 1594 1717 Christum
1641 1659 1997 1724 sustulerunt,
2024 1667 2080 1714 et

2181 456 2361 498 autem
2413 445 2529 513 ipse
2574 442 2880 512 exemplum
2912 440 2981 495 de
3028 440 3238 496 Exodo.
3271 439 3468 510 Diliges
3498 441 3800 508 proximum

2183 549 2327 589 tuum
2352 536 2482 590 sicut
2510 544 2556 589 te
2585 537 2772 605 ipsum.
2805 534 3032 589 Omnem
3062 541 3240 587 autem
3273 533 3572 596 hominem,
3608 533 3799 598 proxi-

2183 645 2328 683 mum
2379 629 2624 698 accipere
2672 627 2970 690 debemus;
3019 636 3073 681 et
3113 632 3242 680 tunc
3273 625 3434 680 etiam
3487 626 3802 692 proximum

2182 718 2456 774 Christum
2483 719 2820 775 habebimus.
2848 718 2988 788 Ergo
3007 726 3060 772 et
3081 732 3180 772 vos
3203 731 3421 788 quoque
3444 715 3662 786 diligite
3681 731 3800 779 vos,

2184 813 2276 868 sed
2304 813 2355 868 in
2400 813 2612 883 spiritu.
2643 811 2776 866 Hinc
2805 812 2913 881 jam
2943 811 3176 873 videtur,
3205 811 3357 880 quasi
3395 811 3603 864 omissa
3642 825 3806 878 supe-

2186 906 2332 960 riore
2359 905 2658 976 quaestione
2689 910 2847 974 atqhe
2872 913 3123 968 tractatu,
3142 912 3465 972 prmeeptum
3498 901 3567 956 ad
3592 901 3804 956 exhor-

2185 999 2442 1054 tationem
2473 997 2602 1052 dare
2632 1006 2688 1051 ut
2709 995 3034 1052 discordiam
3060 1011 3166 1049 non
3192 1004 3397 1060 ament,
3431 994 3531 1049 sed
3569 1008 3637 1050 se
3670 995 3808 1050 invi-

2184 1110 2301 1150 cem
2328 1095 2574 1166 diligant.
2605 1095 2716 1150 lloc
2758 1104 2939 1149 autem
2967 1094 3081 1150 fieri
3115 1103 3310 1165 potest,
3339 1096 3381 1149 si
3422 1109 3522 1150 vos
3561 1094 3804 1148 invicem

2184 1187 2438 1257 diligatis,
2467 1197 2520 1242 ct
2540 1188 2592 1243 in
2615 1189 2804 1258 spiritu
2831 1189 3060 1258 diligatis
3086 1203 3190 1242 non
3215 1188 3269 1242 in
3295 1203 3482 1253 carne,
3519 1204 3709 1257 nequ:
3755 1187 3807 1242 in

2185 1283 2367 1339 carnis
2389 1298 2576 1353 opera,
2605 1298 2774 1353 neque
2793 1285 2842 1338 in
2868 1286 3244 1340 observatione
3264 1287 3462 1340 carnis.
3481 1284 3635 1340 Nihil
3662 1285 3809 1340 enim

2187 1376 2420 1440 fraudat,
2452 1377 2583 1431 nihil
2615 1378 2768 1432 alteri
2801 1378 2988 1446 eripit,
3023 1393 3195 1449 neque
3239 1390 3415 1445 nocet,
3444 1394 3632 1450 neque
3672 1393 3808 1434 cou-

2188 1472 2399 1538 temnit,
2431 1486 2602 1542 neque
2623 1471 2870 1542 obiurgat
2897 1473 2940 1526 is
2962 1473 3049 1542 qui
3081 1473 3308 1527 alterum
3336 1473 3535 1544 diligit.

2260 1563 2431 1619 Vnus.
2465 1565 2554 1619 15.
2605 1593 2677 1606 -—
2709 1565 2858 1630 Quod
2884 1566 2929 1618 si
2959 1567 3197 1621 mordetis
3218 1578 3263 1619 et
3283 1567 3539 1621 accusatis
3565 1567 3812 1636 int-iectu,

2188 1658 2348 1713 videte
2397 1676 2457 1713 ne
2497 1661 2866 1714 consumamini
2907 1661 2970 1714 ab
2997 1662 3205 1715 invicem
3370 1661 3707 1718 Exhortatio
3751 1664 3815 1720 ad

481 1767 797 1813 evacuatum
843 1767 928 1812 est
952 1756 1107 1824 illud,
1153 1755 1295 1826 quod
1329 1755 1469 1810 male
1493 1753 1686 1809 factum
1731 1762 1836 1809 est.
1862 1751 1976 1808 Hoc
1997 1762 2079 1808 est
2114 1759 2160 1821 Β
2188 1751 2532 1806 concordiam
2577 1752 2660 1824 (2)
2704 1767 2770 1807 ex
2805 1751 2908 1808 hoc
2958 1753 3036 1818 ﬁt,
3069 1754 3195 1807 dum
3228 1754 3453 1810 docetur
3498 1755 3635 1825 quid
3691 1756 3817 1812 mali

476 1851 622 1908 enim
656 1851 971 1907 scandalum
1004 1851 1206 1915 crucis,
1247 1850 1387 1905 unde
1421 1859 1475 1905 ct
1514 1846 1978 1904 conturbabantur
2003 1846 2082 1918 (5)

475 1943 673 2001 Judaei.
704 1943 822 2000 lam
851 1944 953 1999 hoc
995 1960 1100 1999 non
1128 1942 1193 1997 ad
1221 1941 1660 2014 priedicatiuncm
1694 1955 1847 1994 suam
1875 1948 2082 1994 tantum

476 2042 772 2105 revocavit,
800 2039 896 2095 sed
919 2047 975 2094 et
996 2038 1063 2093 ad
1088 2039 1163 2094 rei
1189 2038 1463 2092 virtutem.
1490 2035 1617 2091 Ideo
1641 2036 1786 2090 enim
1810 2049 1917 2089 non
1943 2049 2081 2106 pra:-

479 2133 623 2200 dico,
661 2132 787 2204 quia
821 2131 1125 2188 scandalum
1158 2130 1334 2187 crucis
1366 2139 1570 2196 manet,
1629 2143 1730 2184 nec
1765 2140 2082 2184 cvacuatum

476 2236 581 2283 est.
612 2227 820 2282 Debent
840 2243 970 2299 ergo
1017 2243 1222 2298 poenas.
1258 2225 1412 2295 Quod
1456 2226 1502 2280 si
1543 2224 1742 2280 debent
1765 2223 1962 2290 Judaei,
1989 2226 2080 2295 qui

480 2319 798 2377 scandalum
824 2318 1002 2374 crucis
1033 2318 1347 2385 ell‘ecerunt,
1385 2324 1635 2388 superest
1673 2323 1731 2369 ut
1759 2325 1814 2370 ct
1851 2331 1952 2384 ego
1977 2333 2084 2373 non

479 2412 788 2485 praedicem,
816 2421 870 2468 et
894 2426 994 2468 vos
1014 2411 1479 2467 circumcisionem
1506 2430 1614 2468 non
1639 2415 1790 2485 sequi
1814 2413 2083 2470 debeatis.

552 2507 716 2562 V838.
756 2506 848 2562 12.
893 2535 964 2546 -
1001 2505 1210 2562 Utinam
1243 2507 1592 2574 absciduntur,
1637 2510 1724 2578 qui
1768 2526 1853 2564 vos
1875 2517 2085 2563 contur—

477 2601 639 2656 bant!
670 2600 958 2657 Maledicto
1002 2612 1316 2672 persecutus
1359 2611 1441 2656 est
1464 2618 1560 2657 eos
1600 2603 1690 2673 qui
1738 2603 2089 2673 liisinjiciiint

477 2710 649 2751 novas
674 2695 1074 2765 persuasiones,
1102 2703 1158 2750 ct
1192 2695 1538 2750 conturbant.
1575 2696 1622 2751 Α
1655 2695 1884 2752 veritate
1921 2711 2089 2752 evan-

477 2790 604 2862 gelii
625 2790 993 2856 ahscidantur,
1021 2790 1214 2862 inquit,
1243 2792 1327 2847 vel
1353 2807 1382 2846 a
1410 2805 1470 2846 se
1493 2801 1833 2862 separentur,
1866 2791 1948 2846 vel
1975 2805 2090 2861 pm-

474 2883 560 2938 nis
586 2884 906 2939 lacerentur.
927 2882 1112 2953 Magna
1136 2891 1314 2939 autem
1339 2883 1528 2940 fiducia
1549 2884 1893 2941 maledictum
1917 2884 1971 2938 in
1995 2899 2089 2940 eos

479 2974 728 3046 ingessit,
746 2985 804 3030 ut
818 2976 1065 3031 ostendat
1080 2975 1202 3032 illos
1222 2993 1326 3032 non
1343 2977 1516 3032 timeri
1537 2993 1565 3030 a
1579 2993 1660 3045 se,
1676 2993 1704 3031 a
1719 2979 1912 3049 quibus
1928 2994 2088 3048 supra

477 3068 634 3136 dixit,
654 3070 1082 3140 persecutionem
1100 3070 1350 3141 patiatur.
1370 3071 1444 3125 lta
1461 3087 1559 3127 nec
1577 3071 2007 3141 persecutionem
2025 3072 2091 3127 ti-

2186 1843 2452 1899 discordia
2484 1846 2678 1900 faciat:
2713 1846 2758 1900 si
2785 1847 2925 1900 enim
2959 1862 3054 1900 vos
3081 1847 3308 1903 invicem
3334 1851 3611 1904 accusatis
3637 1859 3810 1919 atque

2192 1939 2477 2007 mordetis,
2505 1941 2682 2006 idest,
2716 1956 2911 1997 nocere
2951 1943 3111 1997 vultis
3158 1944 3241 1997 vel
3283 1946 3516 2012 nucetis,
3569 1945 3814 2001 invicem

2188 2046 2285 2087 vos
2310 2033 2658 2088 consumetis.
2709 2033 2847 2103 Ergo
2871 2043 3049 2088 amate
3095 2051 3190 2090 vos
3219 2045 3272 2090 ct
3298 2035 3507 2107 diligite
3537 2038 3812 2105 invicem,

2193 2136 2247 2180 et
2276 2125 2566 2197 implebitis
2611 2125 2782 2196 legem
2831 2127 2944 2181 sola
2997 2128 3258 2183 charitate
3291 2147 3302 2182 :
3339 2145 3466 2192 non,
3518 2131 3668 2185 sicut
3718 2147 3814 2188 vos

2191 2223 2412 2291 putatis,
2458 2221 2543 2276 vel
2588 2221 3000 2277 circumcisione
3051 2224 3135 2277 vel
3167 2223 3420 2292 operibus
3467 2225 3810 2296 cuiterisque

2188 2315 2352 2370 rebus
2387 2315 2734 2383 pertinenter.
2769 2316 2908 2385 Ergo
2943 2316 3248 2385 appositum
3289 2315 3390 2371 hoc
3416 2316 3485 2371 de
3515 2317 3816 2382 charitate,

2185 2409 2339 2480 juxta
2373 2417 2653 2463 tractatum
2695 2410 3052 2478 superiorem,
3085 2425 3189 2479 quo
3229 2409 3462 2464 docebat
3492 2411 3624 2464 illos
3654 2423 3813 2466 extra

2198 2504 2571 2574 Evangelium,
2596 2504 2739 2574 quod
2771 2505 2838 2558 ab
2867 2505 2982 2574 ipso
3018 2504 3185 2559 Paulo
3215 2504 3320 2560 illis
3361 2504 3540 2559 fuerat
3571 2522 3820 2575 pronun-

2191 2597 2401 2664 tiatutn,
2427 2599 2568 2669 quod
2600 2599 2892 2655 observare
2923 2600 2996 2654 illi
3037 2615 3096 2654 se
3128 2601 3299 2671 legem
3341 2610 3600 2671 putarent
3626 2602 3684 2657 in
3709 2604 3819 2658 cir-

2190 2693 2520 2748 cumcisione
2549 2702 2604 2748 et
2624 2693 2910 2764 operibus;
2943 2710 3064 2750 cum
3094 2696 3212 2750 solo
3257 2695 3360 2750 huc
3399 2695 3562 2766 plena
3605 2696 3701 2752 lex
3725 2700 3815 2766 sit,

2191 2788 2318 2842 sise
2345 2787 2571 2840 invicem
2600 2787 2850 2857 diligant.

2265 2880 2599 2936 Vens.16.—
2621 2879 2751 2936 Dico
2773 2892 2944 2936 autem
2963 2883 3122 2950 vobis,
3143 2884 3327 2952 spiritu
3350 2884 3632 2951 ambulate,
3651 2896 3703 2940 et
3725 2887 3815 2940 dc-

2190 2974 2432 3030 sidcrium
2467 2976 2545 3046 (5)
2594 2977 2764 3030 carnis
2794 2993 2894 3031 non
2921 2978 3214 3047 perﬁcictis.
3242 2978 3377 3033 Tota
3423 2979 3601 3033 virtus
3649 2994 3816 3033 evan-

2190 3070 2315 3140 gelii
2363 3069 2478 3126 hmc
2505 3080 2605 3136 cst,
2654 3070 2950 3125 secundum
2981 3072 3226 3139 spirituum
3261 3069 3464 3138 vivere,
3507 3071 3812 3127 secundum

479 3164 752 3233 meo,quia
767 3157 890 3218 vera
906 3163 1695 3234 praedico,etcircumcisionem
1713 3180 1816 3220 non
1836 3164 2089 3236 prasdico,
2122 3158 2168 3222 C
2199 3165 2444 3234 spiritum
2483 3163 2728 3229 credere,
2758 3165 2891 3220 nihil
2929 3167 3109 3220 carnis
3134 3165 3187 3220 in
3211 3166 3390 3222 animo
3419 3164 3628 3222 habere
3658 3177 3715 3222 et
3762 3168 3813 3223 in

480 3272 580 3314 nec
599 3257 704 3327 pati
722 3258 1150 3328 persecutionem
1175 3260 1358 3312 timeo.
1390 3257 1604 3314 Utinam
1632 3259 1984 3314 absciduntur
2001 3260 2092 3329 qui

484 3363 581 3403 vos
602 3349 944 3405 conturbant!
972 3365 1076 3404 non
1103 3351 1276 3404 solum
1301 3351 1777 3417 circumsecentur,
1802 3352 1895 3409 sed
1919 3351 2095 3407 absci-

486 3440 683 3496 dantur
707 3443 869 3497 etiam
900 3459 913 3494 :
947 3451 1004 3496 ut
1032 3442 1132 3496 hoc
1155 3459 1368 3514 quoque
1390 3444 1615 3500 verbum
1648 3447 1718 3500 ita
1757 3447 1829 3500 sit
1858 3446 2092 3515 positum

483 3535 623 3608 quod
642 3535 709 3591 ad
727 3536 1196 3592 circumcisionem
1221 3539 1476 3608 pertinet,
1501 3549 1556 3594 ut
1574 3540 1642 3595 sit
1665 3549 1718 3595 et
1735 3541 1963 3596 ahscisio
1987 3540 2086 3614 (4).

490 3667 494 3676 ι
560 3627 753 3684 VsnsJ
763 3628 890 3683 5.-
904 3627 1002 3684 Vos
1015 3632 1147 3685 enim
1169 3631 1220 3686 in
1239 3631 1520 3689 libertatem
1542 3635 1700 3688 vocati
1719 3635 1852 3701 estis,
1872 3638 2057 3706 fratres
2071 3651 2091 3689 :

481 3729 680 3777 tantum
708 3737 771 3776 ne
797 3721 1028 3778 libertate
1052 3724 1104 3777 in
1134 3725 1451 3779 occasionem
1479 3727 1649 3780 carnis
1675 3727 1954 3781 abutamiui
1985 3727 2087 3799 (5).

479 3813 692 3869 Etenim
722 3813 810 3868 lex
835 3812 1062 3882 Christi,
1089 3832 1208 3886 qua:
1236 3817 1493 3886 Spiritalis
1517 3830 1620 3884 est,
1652 3819 1951 3874 libertatem
1975 3819 2086 3886 dat,

478 3921 582 3977 qua
613 3920 869 3962 exeamus
900 3923 927 3960 a
961 3908 1186 3974 mundo,
1217 3917 1272 3964 et
1291 3907 1356 3964 ad
1390 3920 1593 3980 patrem
1635 3919 1690 3966 et
1724 3910 1791 3966 ad
1825 3913 2088 3982 originem

477 4010 836 4058 revertamur.
882 4001 989 4059 Sed
1037 4004 1292 4074 quoniam
1322 4004 1500 4060 adhuc
1545 4006 1597 4061 in
1645 4007 1847 4062 mundo
1875 4021 2085 4075 sumus,

478 4095 532 4151 id
551 4106 634 4152 est
660 4097 712 4151 in
741 4111 924 4161 carne,
949 4111 1054 4151 non
1086 4096 1346 4152 debemus
1370 4097 1545 4163 istam,
1567 4115 1727 4170 quam
1754 4100 2084 4170 accepimus,

476 4189 780 4246 libertatem
815 4189 885 4246 ita
913 4205 1191 4258 exercere,
1223 4193 1297 4247 uti
1330 4193 1626 4250 secundum
1649 4210 1869 4250 carnem
1897 4195 2088 4251 ambu-

480 4284 676 4354 lemus;
696 4295 752 4342 et
764 4286 915 4356 quasi
931 4287 1144 4341 occasio
1160 4286 1314 4342 nobis
1327 4287 1394 4342 sit
1411 4288 1572 4344 etiam
1590 4290 1814 4346 faciendi
1832 4290 1882 4345 in
1898 4305 2081 4358 carne,

479 4379 732 4451 quoniam
754 4379 953 4434 liberos
967 4395 1064 4433 nos
1080 4395 1199 4435 esse
1213 4381 1493 4436 conﬁrmat
1511 4382 1612 4437 fide
1625 4385 1766 4438 circa
1785 4384 2056 4439 Christum
2067 4425 2080 4437 .

482 4471 587 4527 Per
605 4473 905 4527 charitatem
927 4471 1155 4543 Spiritus
1181 4475 1360 4528 servile
1383 4475 1615 4531 invicem.
1642 4477 2084 4548 Libertatem,da-

2197 3266 2316 3312 actu
2339 3266 2393 3312 et
2421 3258 2472 3312 in
2503 3258 2635 3324 vita;
2666 3257 2716 3312 id
2740 3267 2823 3312 est
2854 3273 3028 3329 neque
3057 3274 3206 3328 spem
3231 3260 3296 3314 de
3321 3273 3486 3315 carne
3506 3260 3811 3330 suscipere.

2195 3349 2466 3405 Ambulate
2493 3365 2642 3421 ergo,
2677 3351 2868 3421 inquit,
2896 3351 2948 3404 in
2976 3352 3180 3420 spiritu,
3207 3350 3257 3406 id
3283 3360 3387 3417 est,
3418 3353 3587 3406 vitam
3629 3352 3775 3423 agite
3799 3369 3812 3408 :

2194 3444 2335 3514 quod
2362 3445 2406 3499 si
2430 3443 2625 3507 facitis,
2644 3445 2820 3499 carnis
2838 3443 3163 3502 desiderium
3189 3461 3293 3501 non
3315 3447 3611 3516 perlicietis
3633 3463 3650 3513 ;
3671 3447 3722 3502 id
3737 3457 3817 3503 est

2196 3538 2400 3592 nullum
2431 3548 2708 3608 peccatum
2741 3537 3056 3604 admittetis,
3082 3539 3221 3609 quod
3250 3540 3490 3596 nascitur
3516 3557 3583 3596 ex
3608 3556 3815 3597 carne:

2192 3629 2295 3684 alia
2320 3629 2465 3685 enim
2489 3629 2750 3697 cupiditas
2773 3631 2918 3686 nulla
2945 3631 3045 3684 nisi
3071 3631 3138 3686 de
3158 3646 3341 3687 carne.
3368 3632 3497 3686 Ideo
3512 3633 3816 3706 subjungit.

2267 3723 2731 3778 \"i-:ns.|7.-—Nam
2755 3740 2882 3780 caro
2903 3725 3233 3794 concupiscit
3254 3724 3522 3780 adversus
3539 3728 3812 3798 spiritum,

2191 3819 2405 3888 spiritus
2425 3828 2592 3872 autem
2616 3819 2856 3874 adversus
2886 3836 3091 3873 carnem
3123 3819 3226 3891 (4).
3266 3819 3331 3875 Ut
3364 3821 3594 3875 omnino
3624 3823 3712 3877 isti
3740 3823 3819 3877 in-

2193 3911 2457 3982 telligant,
2491 3910 2699 3966 nihilse
2719 3911 2786 3966 de
2813 3927 2974 3966 carne
2989 3912 3228 3982 cogitare
3249 3912 3470 3977 debere,
3494 3913 3645 3983 quod
3669 3917 3819 3970 estin

2191 4005 2602 4060 circumcisione
2620 4015 2672 4059 et
2690 4004 2900 4059 cmteris
2916 4005 3218 4075 exjudaiczc
3235 4005 3540 4075 disciplina:
3558 4008 3823 4064 observa-

2192 4103 2585 4169 tionibus,cum
2611 4101 2754 4158 inter
2778 4116 2838 4157 se
2860 4101 3050 4156 doceat
3077 4102 3174 4157 ista
3207 4101 3465 4156 adversa:
3493 4118 3607 4158 non
3641 4105 3818 4160 solum

2191 4197 2524 4266 concupiscit
2558 4210 2707 4258 caro,
2737 4194 2832 4250 sed
2859 4195 3021 4249 etiam
3045 4193 3302 4249 adversus
3325 4193 3582 4263 spiritum
3611 4211 3818 4252 concu-

2193 4293 2368 4362 piscit.
2404 4291 2574 4346 Habet
2600 4291 2745 4346 enim
2770 4301 2948 4345 motus
2969 4304 3094 4344 suos
3119 4304 3266 4356 caro,
3298 4288 3574 4358 habetque
3599 4306 3816 4357 sensus,

2191 4402 2366 4458 neque
2389 4397 2590 4442 tantum
2610 4386 2676 4441 ab
2690 4386 2867 4441 anima
2892 4387 3220 4441 suscitantur
3241 4403 3252 4439 :
3273 4385 3416 4457 quod
3436 4387 3673 4457 intelligi
3697 4389 3820 4444 licet

2188 4483 2348 4536 etiam
2379 4481 2430 4534 in
2459 4480 2542 4534 his
2565 4496 2685 4550 quzc
2701 4481 2934 4535 animam
2964 4497 3072 4534 non
3104 4479 3333 4545 habent;
3353 4489 3413 4534 ut
3443 4481 3495 4534 in
3525 4498 3820 4552 aqua,qua:

483 4575 590 4622 tam
615 4567 945 4638 accepimus,
967 4575 1146 4622 tamen
1175 4569 1378 4624 servire
1395 4568 1549 4623 nobis
1569 4569 1795 4625 invicem
1825 4570 2085 4628 debemus
2111 4553 2161 4614 Ῐ)
2191 4563 2421 4643 impetus
2447 4586 2574 4627 suos
2605 4572 2764 4628 habet
2794 4573 3085 4627 etvirtutes
3114 4589 3262 4638 suas,
3292 4572 3377 4627 vel
3406 4573 3457 4627 iu
3476 4587 3710 4644 sapore,
3736 4577 3819 4631 vel

483 4674 580 4732 per
622 4661 961 4727 charitatem,
995 4670 1047 4717 et
1094 4661 1316 4732 spiritus
1345 4661 1686 4728 charitatem,
1733 4679 1838 4718 non
1889 4665 2089 4720 carnis.

555 4752 720 4808 Vens.
755 4753 843 4809 M.
895 4785 968 4794 —
1001 4753 1249 4810 Universa
1272 4756 1406 4811 enim
1441 4756 1526 4811 lca:
1562 4757 1616 4811 in
1667 4757 1805 4812 uobis
1832 4775 1935 4812 uno
1981 4775 2092 4814 ser-

484 4862 633 4902 mone
658 4848 917 4916 impletur.
967 4847 1300 4920 Frequenter
1336 4852 1478 4907 hunc
1531 4867 1755 4926 sensum
1796 4864 1850 4908 et
1892 4855 2092 4925 posuit,

485 4948 542 4997 et
567 4953 665 4995 nos
716 4940 1104 5008 tractavimus;
1137 4943 1260 5012 quia
1309 4953 1416 4998 tota
1449 4944 1636 5011 lex,et
1683 4945 1862 5001 omnis
1911 4961 2104 5018 opera-

487 5037 566 5094 tio
612 5035 765 5106 legis,
812 5033 916 5090 hoc
965 5049 1216 5091 sermone
1257 5037 1530 5108 impletur,
1579 5039 1629 5094 id
1665 5051 1749 5097 est
1804 5041 2100 5097 charitatis:

485 5130 579 5201 qui
627 5128 771 5184 enim
806 5126 981 5198 diligit
1027 5127 1289 5192 alterum,
1334 5145 1508 5201 neque
1539 5133 1877 5200 moechatur,
1926 5150 2101 5204 neque

487 5222 699 5278 furatur
727 5239 741 5275 :
771 5231 828 5276 et
855 5219 961 5275 hoc
987 5227 1093 5286 est,
1122 5229 1177 5275 et
1214 5219 1486 5276 Christum
1515 5223 1739 5295 diligere
1770 5243 1783 5280 :
1817 5235 1870 5281 et
1893 5242 1957 5282 ea
1979 5242 2099 5298 qua:

487 5313 1044 5384 ostenditdecalogus,
1068 5311 1533 5384 quodammodoin
1554 5316 1656 5374 hoc
1678 5318 1796 5376 solo
1823 5330 2098 5392 praecepto

559 5428 643 5502 (1)
688 5427 885 5502 Codd..
909 5430 1136 5502 judicio.

562 5501 644 5569 (2)
682 5501 839 5569 Vulg.
873 5501 1023 5557 addit
1046 5502 1236 5556 adhuc.

589 5570 646 5630 5)
683 5570 851 5627 Codd.
885 5574 1345 5630 conturbabuntur.

585 5642 644 5701 4)
683 5643 857 5699 Codd.
885 5645 1075 5701 abscio.

521 5800 551 5838 α
554 5713 648 5839 1(ᾗ)
689 5713 872 5786 Vulg.,
899 5726 1099 5772 tantum
1142 5733 1206 5772 ne
1231 5717 1513 5776 libertatem
1553 5719 1605 5776 in
1629 5721 1941 5778 occasionem
1967 5723 2096 5783 detis

635 5802 679 5839 s.

490 5802 679 5849 carnis.

2196 4666 2248 4720 in
2268 4678 2439 4731 motu,
2458 4665 2542 4719 vel
2566 4665 2616 4719 in
2640 4665 2896 4736 qualitate
2913 4667 2997 4722 vel
3014 4668 3313 4731 quantitate
3335 4685 3348 4722 :
3368 4666 3499 4721 item
3523 4668 3670 4738 ignis
3689 4669 3820 4741 pari—

2199 4770 2387 4830 terque
2412 4769 2552 4814 terra
2581 4767 2636 4814 et
2659 4771 2853 4814 Caetera
2875 4760 3167 4824 elementa,
3184 4761 3466 4831 exquibus
3492 4766 3656 4832 quasi
3676 4782 3822 4836 qua:-

2197 4853 2319 4908 dam
2338 4851 2654 4922 consparsio
2676 4849 2754 4924 (5)
2769 4863 2850 4907 est
2873 4863 2928 4907 et
2949 4868 3076 4908 caro
3103 4852 3241 4908 facta
3259 4864 3342 4909 est
3367 4869 3434 4909 ex
3455 4854 3705 4912 humidis
3723 4859 3820 4928 (6).

2309 5006 2356 5074 Ι)
2396 5004 2595 5080 Vulg.,_
2631 5003 2782 5080 Quod
2816 5006 2861 5058 si
2900 5005 3394 5080 invicemrmordetis
3433 5015 3482 5061 et
3525 5013 3821 5080 comeditis,

2205 5077 2369 5133 videte
2399 5093 2462 5130 ne
2489 5077 2550 5129 ab
2579 5077 2794 5129 invicem
2821 5079 3216 5133 consumamini.

2280 5150 2356 5218 (Ξ)
2396 5147 2886 5227 Codd_._e:cltortat_io
2907 5150 3201 5227 concordia.
3215 5149 3522 5227 Eleganter
3541 5151 3820 5227 llierony-

2206 5235 2348 5285 mus,
2371 5221 2435 5275 ad
2452 5236 2503 5273 v.
2533 5219 2600 5274 15
2627 5237 2640 5272 :
2667 5217 2767 5274 Per
2788 5219 3087 5275 charitatem
3108 5221 3250 5275 nobis
3273 5217 3485 5277 inuicem
3507 5217 3818 5291 servientis,

2202 5303 2258 5419 ult
2287 5293 2545 5416 (taciniosaz
2569 5291 2693 5363 legis
2713 5303 2970 5364 prlecepta
2997 5310 3100 5348 uno
3123 5294 3409 5349 dilectionis
3431 5297 3674 5365 capitulo
3698 5315 3821 5353 con-

2203 5381 2228 5419 c
2254 5381 2286 5417 u
2327 5373 2500 5419 antur.

2203 5373 2500 5419 cludantur.

2278 5436 2360 5505 (5)
2400 5434 2584 5505 Vulg.,
2616 5433 2891 5490 desideria.

2213 5580 2224 5592 .
2280 5503 2358 5634 (it)
2429 5503 2598 5562 Codd.
2649 5522 2746 5577 pro
2791 5508 3034 5564 adversus
3081 5524 3289 5564 carnem
3335 5509 3541 5568 habent
3588 5513 3661 5566 ad
3705 5516 3823 5571 sub-

2213 5597 2326 5634 iunc
2353 5596 2458 5634 um.

2203 5596 2458 5650 junctum.

2505 5649 2902 5802 ﬁggdversiculo
2943 5726 3008 5780 17
3035 5742 3203 5801 usque
3241 5727 3308 5802 ad
3357 5729 3592 5802 primum
3623 5732 3818 5802 capitis

2202 5794 2298 5866 vi,
2341 5794 2477 5851 nihil
2499 5796 2874 5854 commentarii
2903 5807 2987 5856 est
3016 5802 3072 5858 in
3114 5794 3413 5860 codicibus.
3448 5794 3816 5861 Prorsus'au.
