4024 6306
300 204 324 258 1
346 205 440 268 I95

1152 207 1219 278 IN
1252 205 1639 266 EPISTULAM
1675 207 1881 266 PAULI
1913 205 2008 260 AD
2059 205 2384 266 GALATAS
2430 209 2637 266 LIBER
2665 211 2728 268 ll.

3458 214 3602 276 1194'

363 325 493 380 CAP.
526 340 601 379 vt.
631 353 702 366 —
731 323 898 382 Vens.
926 328 978 382 1.
1023 357 1093 368 -—-
1121 327 1170 381 li
1211 329 1297 399 qui
1333 329 1589 399 spiritales
1638 338 1757 383 sunt
1789 327 1890 399 (1).
1925 329 1968 387 A
2001 325 2140 396 apud
2163 343 2221 382 se
2253 328 2449 397 ipsum,
2481 338 2533 383 et
2565 344 2670 384 non
2691 330 2757 384 ab
2787 329 2958 384 altero
2987 339 3253 400 expectat.
3291 332 3590 403 Nonettim,

292 417 455 485 Quasi
471 417 536 473 ad
550 435 714 473 unum
732 434 797 473 ex
823 418 972 489 ipsis,
992 421 1080 490 qui
1101 420 1371 488 spiritales
1387 431 1532 488 sunt,
1550 421 1650 478 hoc
1672 422 1743 475 ita
1775 437 1896 489 pro-

294 512 406 566 tulit
431 510 1494 583 utconsideretunuSquisqueeorum,ne
1531 524 1581 570 et
1628 516 1744 585 ipse
1779 522 1895 569 ten-

292 613 459 660 tetur:
476 610 531 659 et
545 602 743 660 idcirco
753 604 943 661 debeat
959 622 1272 663 succurrere
1282 616 1337 662 et
1349 607 1613 663 instruere
1627 607 1893 676 ejusmodi

291 698 600 765 hominem;
631 699 889 769 etspiritu
914 700 1040 756 dato
1071 717 1166 773 per
1195 711 1478 757 tractatum
1496 701 1561 756 ad
1576 701 1892 758 modestiam

292 791 762 864 aequalitatemque
789 807 1067 850 revocare.

361 885 526 941 Vens.
555 883 610 938 2.
653 912 724 924 -ο
745 885 890 940 Alter
919 886 1130 940 alterius
1157 903 1313 942 onera
1342 895 1558 956 portate.
1601 885 1780 944 Rediit
1824 885 1891 942 ad

290 978 550 1048 pluralem
567 993 870 1045 numerum,
885 989 943 1034 ut
957 980 1135 1034 omnis
1151 979 1312 1035 homo
1330 980 1464 1033 mala
1487 991 1658 1048 portet
1677 980 1849 1036 aliena
1873 997 1888 1047 ;

289 1070 502 1142 etquod
521 1071 658 1126 alter
678 1072 895 1141 patitur,
913 1073 1070 1138 ferat,
1084 1077 1366 1138 sustineat,
1387 1075 1641 1140 corrigat,
1655 1074 1705 1128 in
1724 1090 1893 1143 quan-

292 1177 402 1222 lttlll
454 1176 631 1236 potest
659 1187 672 1221 :
699 1167 800 1221 hoc
853 1177 937 1221 est
985 1168 1127 1222 enim
1163 1175 1379 1238 portare
1409 1182 1594 1234 onera,
1629 1169 1892 1238 patienter

291 1259 430 1315 ferro
460 1261 683 1315 alterius
712 1259 899 1314 vitium
926 1269 979 1314 et
1003 1260 1298 1330 corrigere.
1335 1260 1399 1315 Et
1426 1262 1496 1315 ita
1517 1263 1788 1332 implebitis
1819 1263 1892 1317 le-

289 1370 398 1424 gem
421 1351 631 1406 Christi.
665 1352 755 1408 Sic
800 1353 942 1407 enim
973 1361 1027 1406 et
1070 1352 1181 1423 ipse
1232 1354 1440 1422 patiens
1464 1365 1519 1409 et
1540 1354 1674 1408 mala
1708 1364 1889 1408 nostra

295 1448 545 1518 portavit,
574 1456 630 1501 et
652 1462 748 1516 pro
795 1446 953 1503 malis
998 1448 1197 1501 nostris
1228 1448 1343 1517 ipse
1368 1448 1641 1503 sustinuit.
1669 1448 1890 1519 Legem,

288 1540 479 1610 ittquit,
506 1539 709 1595 Christi
742 1539 1056 1607 implebitis,
1087 1555 1190 1594 nOn
1235 1541 1549 1610 simpliciter
1595 1542 1786 1612 legem.

363 1633 525 1689 Vens.
559 1633 623 1688 ὃς
655 1662 727 1674 -—
751 1630 889 1687 Nam
931 1633 975 1687 si
1023 1631 1212 1705 aliquis
1252 1634 1504 1688 existimat
1552 1651 1606 1689 se
1643 1651 1751 1689 esse
1784 1635 1857 1688 ali
1869 1664 1886 1674 -

1997 419 2189 490 inqttit,
2221 421 2284 474 ab
2317 422 2523 477 homine
2552 422 2757 478 laudari
2795 426 2928 489 volo,
2957 440 3118 496 neque
3149 428 3438 484 hominibus
3470 447 3595 499 pro-

1994 511 2128 578 bari,
2153 514 2243 570 sed
2268 513 2392 570 Deo.
2889 580 2893 584 _

2050 603 2214 661 Vsus.
2235 607 2288 662 5.
2314 606 2531 661 -—Nam
2551 612 2899 684 unusquisque
2921 615 3188 684 proprium
3203 632 3334 671 onus
3351 616 3590 686 portabit.

1994 699 2140 754 Onus
2169 699 2221 754 in
2245 701 2425 757 medio
2454 704 2671 772 ponitur
2689 704 2803 760 sive
2823 706 3021 762 bonum
3048 709 3160 765 sive
3183 711 3400 765 malum.
3449 711 3594 784 Ergo

1995 794 2296 864 proprium,
2324 794 2518 867 inquit,
2540 799 2828 868 portabunt
2843 815 2978 857 onus
2998 817 3207 872 omnes,
3225 806 3596 878 unusquisque

1996 899 2270 954 proprium
2281 928 2293 941 .

2045 975 2206 1032 Vens.
2219 979 2272 1034 6.
2302 980 2496 1036 -Com
2504 1000 2549 1036 m
2557 1000 2620 1038 un
2628 985 2720 1039 icet
2733 997 2900 1041 autem.
2914 989 2998 1057 qui
3012 992 3355 1046 cateehizatur
3368 995 3591 1058 verbum,

1993 1071 2039 1123 ei
2062 1073 2149 1139 qui
2177 1074 2454 1128 catechizitt
2497 1076 2549 1129 in
2607 1079 2840 1132 omnibus
2885 1081 3028 1136 bonis
3075 1083 3176 1153 (1).
3221 1085 3425 1141 Sensus
3453 1087 3592 1143 iste:

1993 1169 2291 1237 κατηχίζειν
2311 1179 2393 1223 est
2432 1169 2832 1227 circumsonare
2863 1175 3114 1244 veljuxta
3140 1192 3417 1245 assonare,
3452 1180 3594 1250 quod

1993 1262 2256 1328 eontingit
2283 1276 2404 1315 cmn
2438 1261 2603 1333 aliqui
2627 1264 2778 1319 initio
2807 1266 3136 1323 christianos
3157 1270 3509 1340 ineipitesse,
3541 1282 3598 1328 et

1994 1349 2070 1404 illi
2118 1351 2258 1405 Deus
2286 1361 2340 1407 et
2370 1355 2616 1410 Christus
2645 1367 2989 1425 assonantur,
3039 1369 3093 1415 et
3140 1360 3336 1418 dicitur
3366 1365 3416 1418 in
3437 1380 3596 1420 aures

1992 1445 2130 1516 ejus,
2149 1456 2308 1518 atque
2331 1450 2635 1504 inanimum
2659 1452 2967 1507 immittitur
2991 1472 3002 1506 :
3023 1455 3126 1510 hoc
3145 1465 3227 1510 est
3245 1456 3335 1524 qui
3353 1457 3595 1513 catechi-

1995 1550 2146 1595 zalur
2182 1542 2404 1596 verbum
2431 1560 2445 1596 :
2479 1544 2530 1598 id
2551 1554 2635 1599 est
2665 1560 2762 1614 per
2787 1547 3006 1600 verbum
3038 1549 3081 1602 si
3103 1550 3191 1619 qui
3212 1550 3595 1618 catechizatur,

1993 1641 2054 1687 ut
2071 1634 2118 1688 ei
2141 1646 2426 1690 assonetur
2447 1652 2543 1708 per
2566 1638 2983 1694 invocationem.
3018 1640 3065 1694 Is
3082 1643 3256 1711 agitur
3271 1645 3358 1713 qui
3375 1645 3595 1698 catechi-

287 1728 426 1799 quid,
473 1746 589 1783 cum
628 1727 760 1782 nihil
815 1729 900 1789 sit,
952 1729 1060 1798 ipse
1097 1745 1150 1782 se
1202 1731 1416 1784 seducit.
1466 1730 1691 1785 Ratione
1745 1744 1888 1784 nunc
1916 1724 1965 1784 B
1988 1733 2138 1778 zatur
2157 1725 2379 1794 uerbum,
2414 1729 2466 1781 in
2487 1729 2720 1783 omnibus
2747 1729 2892 1785 bonis
2913 1734 3246 1787 communicet
3273 1737 3318 1787 ei
3343 1737 3590 1806 quicute-

288 1823 500 1894 probat,
561 1821 680 1876 ideo
726 1821 899 1884 illum,
952 1823 1039 1890 qui
1093 1837 1152 1876 se
1208 1821 1379 1892 jactat
1426 1823 1610 1893 gloria:
1673 1822 1879 1892 cupidi-

289 1924 417 1980 tate,
466 1924 519 1969 et
570 1915 948 1986 corrigendum
989 1929 1111 1969 esse
1151 1924 1206 1970 et
1242 1915 1615 1970 instruendum
1668 1916 1720 1968 in
1773 1914 1883 1984 spi-

287 2007 412 2073 ritu,
445 2007 695 2077 quoniam
728 2006 889 2061 miser
921 2007 1011 2062 ille
1042 2019 1144 2070 est,
1178 2007 1268 2077 qui
1296 2023 1355 2063 se
1397 2009 1510 2077 ipse
1534 2009 1759 2071 inducit,
1792 2009 1883 2062 fal-

285 2101 370 2167 lit,
395 2101 617 2173 detzipit,
648 2102 738 2174 qui
767 2116 827 2156 se
850 2101 1055 2172 aliquid
1102 2116 1222 2157 esse
1257 2103 1550 2167 existimat,
1601 2118 1721 2158 cum
1753 2101 1882 2156 nihil

284 2199 373 2254 sit.
407 2199 617 2254 Etenim
657 2203 699 2252 si
735 2197 850 2252 haec
892 2213 1100 2252 summa
1129 2197 1262 2266 legis
1303 2207 1408 2263 est,
1459 2207 1518 2252 ut
1559 2198 1882 2269 quicumque

285 2291 506 2347 humilis
534 2292 624 2358 sit,
657 2289 916 2360 dejectus,
965 2289 1184 2344 intimus
1212 2289 1329 2357 (2);
1379 2290 1450 2344 ita
1482 2292 1626 2344 enim
1667 2304 1731 2344 ex
1763 2289 1885 2343 inﬁ-

284 2387 386 2440 mis
412 2383 556 2456 eligit
591 2385 731 2439 Deus
759 2399 894 2455 quos
920 2383 1163 2438 sublevet
1188 2391 1349 2452 atque
1377 2383 1516 2437 altos
1540 2382 1732 2448 faciat;
1766 2397 1882 2437 om-

280 2481 366 2535 nis
397 2479 580 2546 homo,
603 2479 692 2550 qui
735 2479 835 2533 sibi
881 2476 1082 2546 aliquid
1127 2477 1384 2538 vindicat,
1411 2485 1466 2532 et
1549 2491 1608 2531 se
1657 2478 1883 2531 extimat

281 2574 484 2646 aliquid
515 2589 654 2636 esse,
699 2572 819 2628 sine
856 2570 1021 2627 dubio
1049 2570 1182 2625 nihil
1221 2580 1324 2627 est.
1353 2571 1491 2640 Quid
1533 2569 1678 2626 enim
1714 2580 1800 2626 est
1825 2571 1880 2626 in

282 2667 485 2723 mundo
509 2666 732 2738 aliquid,
761 2682 883 2722 cum
914 2665 1045 2720 nihil
1074 2668 1146 2719 sit
1169 2664 1222 2718 in
1254 2663 1487 2718 mundo?
1515 2663 1584 2718 Et
1613 2665 1684 2718 ita
1721 2679 1881 2736 agere

279 2776 380 2817 ceu
400 2761 625 2828 (Slnihil
653 2760 724 2815 sit
751 2761 804 2815 in
829 2759 1049 2828 mundo,
1079 2758 1179 2814 hoc
1207 2769 1288 2813 est
1313 2757 1452 2828 apud
1483 2757 1651 2812 Deum
1681 2757 1881 2829 aliquid

280 2869 424 2911 esse.
458 2855 632 2910 Porro
653 2853 696 2908 si
722 2853 812 2924 qui
839 2853 921 2924 (4)
953 2853 1004 2907 in
1033 2851 1235 2906 mundo
1248 2851 1449 2922 aliquid
1480 2865 1540 2906 se
1561 2867 1680 2906 esse
1707 2859 1877 2921 putat,

278 2950 368 3005 vel
394 2949 688 3020 sapientem
718 2950 803 3005 vel
854 2949 1270 3016 intel3igentem,
1322 2946 1407 3001 vel
1449 2945 1746 3011 dominum,
1795 2946 1880 3002 vel

281 3058 488 3114 regem,
505 3043 588 3098 vel
610 3042 850 3110 divitem,
871 3041 956 3095 vel
977 3041 1177 3110 aliquid
1203 3041 1426 3107 borum;
1454 3048 1544 3093 aut
1570 3039 1622 3093 in
1652 3038 1874 3103 divitiis,

1986 1817 2185 1881 chizat;
2215 1818 2266 1873 id
2287 1830 2370 1875 est
2401 1820 2454 1874 in
2487 1822 2629 1875 nulla
2664 1840 2721 1876 re
2752 1840 2858 1877 non
2883 1825 2929 1877 ei
2950 1827 3368 1892 communissit;
3404 1831 3454 1882 in
3476 1845 3593 1884 ont-

1987 1913 2144 1966 nibus
2165 1923 2341 1968 tamen
2363 1917 2666 1970 ronnnunis
2694 1920 2764 1970 sit
2789 1917 2886 1982 illi,
2910 1919 3000 1987 qui
3032 1921 3327 1974 catecbizat
3349 1925 3592 1990 verbum,

1988 2017 2046 2062 ut
2073 2009 2250 2063 omnia
2283 2010 2336 2064 in
2366 2012 2748 2067 communione
2778 2027 2899 2068 cum
2927 2029 2992 2067 eo
3038 2014 3247 2076 habeat,
3283 2015 3376 2069 sed
3411 2019 3592 2072 omnia

1986 2119 2105 2167 quze
2144 2104 2279 2158 bona
2313 2114 2456 2159 sunt.
2490 2106 2625 2160 Cum
2648 2110 2792 2162 enim
2813 2122 2976 2176 supra
3003 2107 3205 2162 dictum
3227 2109 3315 2172 sit,
3343 2108 3594 2166 Instruite

1987 2195 2287 2260 huiusmodi
2312 2197 2567 2252 hominem
2590 2198 2643 2252 in
2668 2199 2848 2268 spiritu
2871 2200 3150 2266 modestiaz,
3184 2201 3367 2272 utique
3395 2203 3596 2258 bonum

1986 2297 2072 2343 est
2098 2290 2240 2359 quod
2263 2290 2591 2354 cateebizat;
2623 2301 2677 2347 et
2707 2293 2753 2346 is
2782 2293 2870 2363 qui
2903 2293 3198 2348 catecbizat
3236 2295 3458 2348 verbum
3494 2296 3597 2350 hoc

1989 2390 2098 2435 tam
2119 2381 2338 2448 bonum,
2379 2383 2432 2436 in
2458 2384 2612 2438 bonis
2640 2387 2961 2440 catecbizat.
2995 2386 3158 2455 Igitur
3197 2385 3284 2455 qui
3309 2387 3594 2443 cates/tisa-

1987 2483 2071 2528 tur
2101 2476 2322 2540 verbum,
2352 2478 2688 2532 communiret
2710 2479 2754 2530 ei
2779 2480 2864 2548 qui
2891 2479 3194 2534 catechizut.

2059 2565 2222 2622 Vnus.
2267 2569 2319 2623 7.
2377 2597 2449 2609 -—
2474 2568 2650 2624 Nolite
2670 2587 2874 2636 errare;
2908 2569 3049 2625 Deus
3074 2588 3175 2625 non
3198 2571 3456 2627 deridetur
3479 2571 3591 2647 (2).

1985 2657 2274 2731 Subjungit
2301 2671 2628 2732 praereptum
2653 2663 2796 2717 aliud
2826 2664 2970 2734 quod
3001 2667 3219 2734 quidem
3250 2669 3502 2736 generale
3522 2668 3592 2723 ad

1986 2755 2189 2815 omnia,
2222 2755 2456 2824 pertinet
2486 2768 2662 2809 tamen
2691 2756 2756 2810 ad
2798 2757 2848 2809 id
2888 2757 3031 2827 quod
3073 2773 3234 2827 supra
3263 2769 3439 2814 artum
3483 2770 3588 2829 est,

1987 2858 2056 2899 ne
2086 2844 2160 2898 illi
2189 2845 2332 2899 aliud
2369 2855 2564 2914 praeter
2593 2848 2935 2917 evangelium
2963 2859 3294 2920 sequantur;
3324 2851 3376 2906 id
3415 2862 3500 2907 est
3525 2869 3593 2910 ne

1987 2938 2282 3010 adiungant
2333 2944 2498 2996 etiam
2537 2941 2849 2997 Judaeorum
2899 2943 3240 3012 disciplinam
3291 2957 3346 3001 et
3400 2963 3589 3018 opera.

1987 3029 2198 3098 Nolite,
2229 3033 2434 3104 inquit,
2469 3051 2678 3102 errare;
2725 3053 2849 3091 nam
2881 3037 2978 3092 ista
3021 3039 3201 3092 omnia
3243 3048 3391 3094 extra
3423 3057 3592 3095 evan-

280 3148 374 3191 aut
399 3139 450 3190 in
481 3138 680 3201 anitno,
711 3148 802 3190 aut
825 3136 876 3190 in
904 3145 1040 3200 arte,
1063 3145 1153 3188 aut
1183 3134 1236 3188 in
1265 3135 1491 3198 virtute;
1522 3134 1592 3199 is,
1620 3133 1874 3202 quoniam
1907 3123 1952 3186 C
1984 3124 2186 3194 gelium
2231 3141 2352 3196 qua:
2394 3140 2778 3195 assumuntur,
2831 3140 3009 3184 errata
3051 3139 3198 3187 sunt.
3247 3133 3314 3185 lit
3347 3133 3594 3202 adjunxit

281 3223 546 3291 sapientia
573 3220 756 3277 tuundi
789 3221 1012 3276 stultitia
1039 3229 1122 3275 est
1147 3219 1288 3289 apud
1316 3219 1504 3282 Deum,
1530 3218 1606 3283 is,
1643 3219 1879 3290 inquam,

282 3315 414 3370 nihil
445 3325 561 3381 est;
593 3328 647 3372 et
673 3330 794 3370 eum
820 3312 950 3368 nihil
974 3312 1065 3379 sit,
1097 3314 1212 3382 ipse
1239 3327 1300 3368 se
1326 3309 1465 3366 fallit
1493 3326 1556 3366 ac
1581 3309 1804 3382 decipit.

358 3407 517 3464 Vens.
549 3407 604 3462 4.
658 3436 730 3447 --
759 3404 906 3478 Opus
935 3416 1105 3458 autent
1129 3419 1279 3457 suum
1307 3403 1482 3473 probet
1513 3404 1878 3473 unusquisque,

281 3513 331 3559 et
359 3512 480 3557 tunc
510 3503 562 3555 in
589 3501 858 3570 semetipso
885 3508 1082 3552 tantum
1112 3495 1311 3551 habebit
1345 3496 1584 3567 gloriam,
1636 3505 1682 3549 et
1705 3496 1881 3549 nonin

281 3600 463 3654 altero.
481 3598 682 3668 Magnae
702 3595 1131 3653 exhortationes,
1148 3607 1342 3662 magna
1366 3592 1524 3646 etiam
1553 3591 1834 3661 disciplina
1863 3593 1875 3645 ε

283 3706 464 3757 nemo,
495 3689 686 3760 inquit,
719 3688 820 3744 sibi
847 3686 1051 3756 aliquid
1081 3685 1338 3748 vindicet,
1371 3700 1542 3754 neque
1568 3684 1877 3752 Opinionem

283 3784 478 3840 habeat
506 3781 650 3854 quod
671 3780 871 3853 aliquid
892 3781 963 3836 sit
989 3799 1002 3835 :
1025 3776 1394 3834 tantummodo
1419 3793 1550 3848 epus
1577 3793 1728 3831 suum
1761 3791 1882 3846 pro-

284 3881 396 3943 bet;
427 3893 614 3934 verum
642 3877 757 3946 ipse
775 3874 980 3945 judicio
1013 3888 1113 3928 suo
1145 3871 1335 3942 probet
1361 3869 1724 3940 unusquisque
1744 3883 1881 3939 opus

283 3987 465 4038 suum,
495 3987 563 4028 ne
603 3968 744 4024 malo
780 3966 963 4038 judice
1000 3981 1152 4028 usus,
1187 3965 1376 4034 probet
1411 3978 1471 4017 se
1500 3963 1640 4018 bene
1661 3961 1877 4026 fecisse,

279 4081 404 4122 cum
433 4065 664 4120 fortasse
706 4077 810 4117 non
853 4061 992 4117 bene
1021 4059 1229 4116 fecerit.
1259 4059 1402 4129 Ergo
1430 4058 1644 4128 probet,
1673 4067 1729 4112 et
1758 4071 1882 4127 pro-

281 4159 464 4216 batum
490 4157 651 4214 faciat
677 4171 812 4226 opus
838 4169 992 4210 suum
1018 4171 1032 4208 :
1058 4168 1168 4224 quo
1197 4151 1424 4223 probato
1450 4166 1632 4219 opere,
1663 4161 1784 4204 tunc
1822 4151 1876 4204 in

278 4252 546 4322 semetipso
601 4260 799 4304 tantttnt
825 4247 1025 4302 habebit
1053 4246 1290 4316 gloriam.
1321 4261 1425 4298 non
1454 4247 1509 4298 in
1535 4244 1718 4298 altera.
1753 4243 1880 4298 Etc-

281 4347 394 4402 nim
423 4345 514 4416 qui
552 4344 819 4400 existimat
839 4339 1037 4411 aliquid
1065 4355 1124 4395 se
1150 4353 1299 4403 esse,
1329 4340 1494 4408 iactat
1523 4352 1583 4392 se
1610 4347 1664 4392 et
1693 4337 1760 4390 ab
1801 4337 1880 4390 al-

283 4441 404 4487 tero
447 4432 670 4503 gloriam
714 4429 885 4497 petit:
914 4427 1003 4497 qui
1032 4436 1209 4482 autem
1259 4439 1394 4495 epus
1435 4440 1588 4479 sumn
1636 4423 1720 4478 vel
1764 4423 1880 4494 ipse

1986 3217 2091 3271 vim
2124 3218 2465 3274 necessitatis
2491 3220 2559 3274 ad
2606 3229 2968 3289 t‘irtrceptum;
3015 3220 3179 3286 Deus,
3237 3223 3430 3293 inquit,
3488 3242 3593 3280 non

1989 3311 2270 3367 deridetur.
2306 3311 2424 3368 Non
2471 3314 2628 3379 dixit,
2663 3314 2801 3370 Deus
2831 3317 2966 3370 enim
2996 3318 3169 3371 omnia
3199 3319 3332 3384 scit;
3363 3335 3430 3372 ne
3468 3335 3593 3390 spe-

1984 3413 2108 3460 rent
2130 3407 2280 3473 quasi
2315 3406 2398 3461 vel
2429 3407 2640 3461 veniam
2685 3407 2890 3462 erroris
2921 3409 3029 3474 sui,
3067 3411 3150 3463 vel
3191 3409 3332 3478 quod
3362 3412 3592 3467 abscon-

1983 3496 2155 3551 ditum
2187 3512 2308 3553 esse
2336 3500 2544 3568 possit:
2575 3517 2696 3562 non,
2732 3501 2925 3570 inquit,
2960 3501 3239 3555 deridetur.
3275 3503 3342 3556 Et
3366 3504 3588 3574 subjun-

1981 3590 2060 3660 git
2100 3591 2226 3659 quid
2271 3591 2504 3648 futurum
2555 3595 2625 3649 sit
2657 3593 2740 3648 bis
2770 3596 2859 3665 qui
2910 3597 2961 3648 in
2993 3603 3134 3650 terra
3177 3598 3339 3650 vit-nt
3381 3605 3587 3652 tenent.

2055 3683 2222 3739 Vens.
2275 3684 2329 3740 8.
2386 3714 2456 3724 ——
2489 3686 2618 3753 Qua:
2662 3692 2796 3741 enim
2825 3688 3146 3742 seminaverit
3199 3690 3370 3750 homo.
3405 3691 3514 3744 haec
3542 3699 3591 3744 et

1983 3786 2152 3832 metet.
2185 3776 2239 3832 Id
2259 3778 2449 3847 estqui
2482 3780 2718 3834 triticum
2747 3779 2995 3839 seminat,
3026 3796 3255 3836 messem
3279 3781 3495 3836 habebit
3521 3782 3589 3838 de

1985 3869 2198 3935 tritico;
2253 3870 2298 3925 si
2340 3878 2520 3926 autem
2565 3872 2798 3926 seminat
2841 3873 3123 3936 zizaniam.
3171 3873 3272 3929 hoc
3297 3885 3352 3929 et
3380 3883 3583 3930 mutet:

1983 3961 2183 4016 malum
2214 3961 2448 4017 seminat
2496 3963 2819 4034 quicmnque
2859 3980 3066 4020 messor
3092 3974 3175 4020 est
3201 3966 3347 4021 mali.
3375 3966 3587 4022 Bomtm

1985 4056 2248 4111 seminat?
2278 4055 2513 4113 fructum
2553 4058 2622 4112 de
2650 4058 2792 4112 bono
2819 4060 3048 4131 accipiet
3075 4077 3090 4117 :
3123 4062 3193 4114 ita
3217 4069 3274 4116 et
3307 4063 3499 4117 meSsis
3527 4070 3588 4118 ut

1983 4162 2169 4203 semen
2200 4157 2302 4202 est.
2335 4148 2468 4214 Quia
2497 4149 2584 4218 qui
2625 4150 2838 4204 seminat
2872 4151 2925 4204 in
2953 4167 3106 4204 carne
3133 4169 3248 4216 sua,
3282 4154 3343 4207 de
3363 4169 3514 4207 carne
3537 4162 3586 4208 et

1987 4249 2129 4294 metet
2175 4241 2594 4307 corruptionem;
2635 4241 2722 4312 qui
2751 4252 2919 4295 autem
2955 4243 3169 4296 srntiuat
3201 4244 3254 4297 in
3274 4245 3486 4312 spiritu,
3521 4245 3586 4301 de

1983 4333 2170 4404 spiritu
2200 4344 2245 4388 et
2268 4343 2418 4388 metet
2441 4336 2595 4388 vitam
2622 4349 2886 4388 (uernam.
2919 4334 3123 4391 Galate
3151 4338 3239 4406 qui
3269 4336 3579 4394 Judaeurutn

1984 4428 2322 4498 disciplinam
2353 4432 2732 4487 assumendum
2777 4433 2877 4488 sibi
2906 4443 3248 4500 putaverunt,
3297 4442 3354 4488 nt
3394 4435 3582 4490 obser-

280 4525 495 4597 probat,
527 4525 612 4578 Vel
637 4521 756 4578 aliis
778 4522 986 4593 probat,
1022 4520 1090 4576 de
1126 4534 1187 4576 se
1207 4520 1324 4590 ipso
1355 4518 1516 4574 habet
1541 4519 1793 4591 gloriam,
1825 4525 1881 4573 et
1907 4520 1958 4580 D
1984 4534 2174 4577 Varent
2200 4523 2418 4578 Sabbata
2443 4531 2498 4578 et
2526 4523 2987 4580 circutucisiouem
3011 4527 3367 4598 susciprrent,
3396 4535 3451 4583 et
3478 4527 3580 4582 alia

282 4701 391 4747 tem
422 4688 736 4745 incredibile
765 4696 848 4742 est
883 4686 1214 4742 Victorinum
1256 4686 1444 4740 decem
1484 4684 1872 4756 propemodum

279 4772 548 4818 commata
574 4761 885 4829 inexplicata
919 4759 1228 4827 reliquisse;
1263 4774 1425 4828 quare
1449 4758 1630 4812 l'oliutn
1659 4757 1873 4825 aliquod

279 4851 346 4890 ex
373 4840 592 4904 antiquo
619 4831 912 4904 exemplari
951 4831 1216 4904 excidisse
1257 4831 1513 4904 arbitror,
1557 4830 1696 4883 unde
1737 4829 1873 4904 vati-_

276 4909 398 4962 cani
440 4899 707 4960 chartacei
753 4901 975 4956 derivati
1026 4899 1266 4963 fuerunt;
1299 4916 1458 4970 quam
1503 4901 1743 4954 lacunam
1788 4900 1871 4955 vel

280 4994 390 5033 non
412 4984 747 5048 agnoverunt
770 4973 852 5028 vel
878 4983 1025 5048 certe
1043 4989 1146 5048 non
1170 4983 1660 5048 contnuemorarunt
1685 4986 1872 5027 recen-

277 5042 852 5104 tiores'amauuenses.
885 5046 950 5100 lit
969 5044 1182 5112 quidem
1213 5042 1264 5096 in
1295 5043 1452 5096 aliam
1479 5057 1600 5098 mox
1629 5045 1872 5098 lacunam

219 5128 236 5143 '
278 5121 437 5177 initio
462 5119 704 5190 epistolis.
729 5117 794 5172 ad
817 5116 1191 5190 Philippenses
1216 5117 1568 5190 incurretnus.

383 5193 436 5265 1)
474 5187 660 5265 _Vn|g,,
693 5205 780 5244 vos
809 5189 896 5265 qui
923 5187 1220 5265 sptt't'tuales
1243 5189 1379 5241 estis.

383 5193 436 5265 1)
481 5193 660 5260 Vulg,
693 5205 780 5244 vos
809 5193 896 5258 qui
923 5193 1214 5260 sptrt'tttates
1243 5193 1379 5241 estis.

351 5193 431 5336 22)
474 5262 738 5336 Prien-lata
757 5261 1032 5336 enimvero
1052 5259 1319 5321 doctrina,
1342 5258 1481 5326 quod
1505 5259 1556 5312 in
1578 5258 1873 5336 christiana

277 5331 580 5390 humilitate
597 5332 762 5388 cardo
783 5332 1058 5402 religionis
1075 5342 1126 5384 et
1147 5344 1355 5402 summa
1378 5332 1656 5386 versetur!
1691 5331 1867 5401 Atque

278 5406 398 5462 haec
424 5405 663 5461 doctrina
683 5404 980 5458 mirabilor
999 5402 1049 5455 iu
1082 5401 1298 5455 homine
1318 5411 1421 5462 est,
1451 5403 1541 5472 qui
1573 5402 1734 5456 tantis
1764 5402 1866 5456 lto-

277 5480 506 5534 noribus
522 5477 869 5540 inclaruerat,
888 5474 1240 5542 etlmicusque
1258 5473 1324 5527 ad
1344 5484 1677 5528 senectutem
1699 5489 1866 5543 usque

276 5550 507 5604 vixerat.
528 5548 996 5603 Consonatautem
1045 5544 1400 5615 Hieronymus
1419 5549 1576 5615 epist.
1604 5544 1814 5602 108.15
1848 5561 1864 5598 :

278 5623 448 5693 prima
471 5620 879 5693 Christianorum
906 5619 1065 5672 uirtus
1087 5615 1369 5669 humilitas.

349 5694 428 5766 (5)
465 5690 637 5766 Codd.
667 5706 802 5744 cum.

350 5761 430 5836 (4)
472 5765 535 5821 Si
551 5763 638 5834 qui
665 5776 764 5833 pro
783 5763 827 5816 si
844 5761 973 5829 quis.

560 5858 836 5920 Punoe.
885 5855 1052 5920 VIII.

1986 4614 2294 4685 huiusmodi
2322 4618 2614 4672 carnaliter
2633 4617 2868 4672 scientes
2889 4627 3131 4688 agerent,
3154 4635 3304 4688 spem
3338 4620 3387 4673 in
3416 4636 3583 4675 carne

1983 4708 2244 4765 haberent
2269 4718 2325 4765 et
2348 4709 2414 4764 de
2441 4726 2624 4765 carne.
2649 4710 2984 4780 Quicumque
3015 4726 3142 4782 ergo
3165 4713 3216 4766 in
3239 4729 3402 4768 carne
3428 4730 3579 4785 spem

1984 4800 2163 4865 habet,
2195 4811 2249 4855 et
2275 4801 2509 4856 seminat
2535 4815 2686 4872 spem
2733 4817 2884 4856 suam
2919 4803 3060 4858 circa
3096 4820 3334 4874 carnem,
3366 4805 3583 4861 habebit

1978 4910 2212 4950 messem
2236 4893 2303 4948 de
2329 4909 2530 4960 carne;
2557 4909 2715 4964 quem
2755 4904 2934 4950 tamen
2979 4896 3211 4953 fructum
3269 4900 3577 4970 corruptio-

1979 5002 2124 5050 nem,
2157 4985 2348 5056 inquil.
2377 4985 2588 5041 Etenim
2610 5001 2738 5041 caro
2763 4989 3147 5058 eorrttmpitur,
3165 4999 3221 5045 et
3247 4990 3334 5046 hic
3351 5002 3433 5046 est
3462 4990 3580 5061 ejus

1977 5079 2154 5133 exitus
2200 5085 2258 5131 ut
2285 5085 2681 5148 corrumpatur,
2733 5087 3026 5147 putrescat,
3078 5092 3283 5151 pereat,
3328 5083 3574 5136 intereat.

1977 5168 2168 5226 Omnia
2193 5185 2321 5238 ergo
2347 5168 2489 5224 enim
2519 5185 2639 5237 qua:
2661 5169 2730 5224 de
2755 5187 2917 5227 carne
2943 5180 3070 5226 sunt
3101 5181 3431 5242 putrescunt,
3461 5189 3582 5228 cor-

1979 5265 2286 5334 ruptionem
2347 5263 2588 5318 habent:
2641 5281 2802 5321 nemo
2856 5266 2999 5320 enim
3053 5267 3120 5320 de
3167 5283 3330 5322 carne
3358 5281 3582 5336 Sperare

1976 5356 2168 5420 debet,
2205 5371 2306 5412 nec
2360 5357 2629 5411 seminare
2661 5357 2714 5411 in
2761 5373 2952 5421 carne,
2989 5357 3039 5412 id
3069 5368 3152 5413 est
3184 5374 3329 5428 spem
3378 5375 3583 5430 ponere

1974 5450 2027 5505 in
2062 5450 2143 5522 (3)
2171 5465 2353 5506 carne.
2389 5448 2520 5504 Nam
2542 5450 2585 5505 si
2618 5449 2689 5504 ibi
2715 5451 2957 5520 posuerit
2983 5468 3158 5521 spem,
3189 5451 3406 5508 habebit
3433 5453 3582 5508 fruc-

2047 5544 2126 5618 (1)
2170 5544 2324 5618 Vulg.
2367 5561 2380 5598 :
2431 5541 2776 5600 Commuuicet
2809 5554 2980 5601 autent
3019 5547 3065 5600 is
3103 5547 3192 5618 qui
3233 5549 3578 5604 catechizatur

1975 5617 2124 5672 verba
2147 5617 2191 5672 ei
2216 5619 2304 5686 qui
2329 5632 2402 5684 se,
2425 5626 2527 5670 etc.

2070 5688 2128 5758 2)
2169 5687 2353 5758 Vulg.,
2381 5688 2643 5744 irridetur.

2048 5688 2131 5831 E3)
2171 5757 2341 5817 Codd.
2371 5759 2453 5815 de.

2077 5757 2131 5832 3)
2171 5757 2341 5817 Codd.
2371 5759 2453 5815 de.

3007 5859 3085 5921 38
