4024 6306
520 252 662 312 1195

1763 246 1957 307 MAR“
1993 242 2342 306 VlC’l‘OlilNl
2378 247 2542 305 AFRI

3691 252 3838 315 “$0

518 381 631 427 tum
671 368 740 425 de
784 378 968 423 came.
998 365 1171 433 Quem
1220 364 1496 422 fructum?
1539 365 1821 421 lnteritum
1847 406 1863 434 ,
1895 380 2121 437 corrup-
2149 366 2199 423 Α
2225 365 2535 435 corrigitur,
2567 378 2689 421 cum
2735 365 2867 422 mihi
2899 375 3105 423 tantum
3138 368 3526 425 conscientiam
3554 369 3835 429 debeatis.

474 490 479 493 -
516 466 742 521 tionem.
775 462 874 518 Hic
898 464 1043 519 enim
1066 462 1271 517 fructus
1302 469 1387 517 est
1407 461 1608 516 carnis.
1639 458 1787 531 Ergo
1814 459 2007 515 melius
2036 467 2120 514 est

520 578 673 632 spem
701 575 903 632 ponere
933 557 1008 630 (l)
1042 560 1094 613 in
1123 557 1338 628 spiritu,
1369 564 1427 611 ut
1447 556 1716 626 possimus
1741 564 1892 626 spem
1920 553 2122 611 habere

523 650 592 711 de
620 655 812 725 spiritu
844 668 858 708 :
887 664 1009 723 qusi
1052 663 1178 721 spes
1217 657 1301 705 est
1342 648 1412 705 de
1438 649 1662 719 spiritu,
1703 657 1759 702 et
1797 648 1886 717 qui
1916 646 2123 702 tinctus

520 751 593 806 de
621 750 845 821 spiritu;
892 746 995 801 hoc
1022 756 1105 801 est
1133 745 1404 800 seminare
1433 744 1484 798 in
1515 744 1741 814 spiritu,
1771 742 1825 797 id
1851 751 1937 799 est
1960 743 2120 797 vitam

522 854 807 903 teternam.
839 842 1055 898 Etenim
1081 841 1196 897 haec
1226 840 1332 895 vita
1360 847 1466 904 est,
1495 850 1601 894 nou
1630 847 1833 893 interna
1859 837 1989 892 vita.
2020 835 2124 903 Qui

430 914 437 919 ’
523 948 702 995 autem
750 938 802 991 in
856 934 1070 1005 spiritu,
1102 933 1190 990 hic
1229 932 1392 997 vivit,
1436 940 1490 987 et
1529 929 1826 987 secundum
1875 929 2122 1000 spiritum

524 1031 653 1103 agit,
698 1027 830 1084 nihil
880 1034 1138 1097 operatur
1175 1026 1492 1089 carnaliter,
1525 1024 1758 1079 seminat
1804 1022 1904 1078 sibi
1957 1023 2122 1077 vitam

524 1134 781 1183 aeternam
803 1164 818 1192 ,
848 1131 902 1180 et
928 1121 1044 1178 haec
1064 1122 1169 1179 erit
1200 1120 1394 1177 messis
1416 1120 1487 1185 ei,
1520 1127 1579 1173 ut
1600 1118 1725 1173 hinc
1753 1116 2013 1173 recedens
2033 1129 2125 1171 ac-

521 1221 688 1293 cipiat
714 1221 880 1274 vitam
909 1226 1188 1273 aeternam.

594 1312 758 1368 Vens.
800 1310 855 1367 9.
898 1339 970 1353 --
993 1310 1195 1365 Bonam
1216 1318 1386 1363 autem
1415 1308 1654 1379 facientes
1681 1319 1786 1359 non
1806 1301 2122 1372 deﬁciamus.

519 1405 718 1462 Parum
764 1413 847 1460 est
896 1402 1098 1460 bonum
1153 1402 1435 1467 iaciamus,
1478 1412 1655 1471 neque
1694 1398 1835 1454 enim
1866 1397 2126 1452 continuo

521 1500 771 1555 meritum
804 1505 1048 1553 nostrum
1075 1497 1188 1553 Deo
1218 1494 1499 1565 probabile
1524 1502 1629 1561 est,
1662 1493 1708 1549 si
1737 1493 1935 1550 bonum
1964 1489 2128 1546 facia-

524 1605 669 1658 mus,
725 1589 823 1647 sed
878 1590 927 1645 si
976 1590 1217 1660 facientes
1265 1604 1367 1642 non
1421 1586 1745 1657 deﬁciamus.
1775 1584 1928 1640 Multi
1978 1582 2125 1638 enim

426 1716 431 1723 -
520 1682 807 1756 incipiunt,
863 1683 1019 1739 multi
1067 1682 1221 1753 quasi
1267 1687 1659 1752 perseverant,
1706 1686 1892 1750 postea
1942 1683 2126 1733 tamen

1667 1774 1863 1830 merito
1917 1770 2128 1826 monuit
2157 1758 2205 1818 Β
2231 1761 2301 1816 sit
2324 1770 2378 1817 et
2405 1762 2474 1818 de
2501 1763 2619 1833 ejus
2641 1765 2812 1836 magis
2832 1781 3016 1833 cruce,
3042 1776 3290 1838 putemus
3318 1771 3481 1824 etiam
3503 1769 3579 1826 de
3606 1769 3852 1826 cii-enm—

517 1779 777 1836 desinunt
814 1777 900 1832 Vel
935 1776 1139 1849 fatigati
1205 1777 1283 1832 vel
1338 1774 1545 1832 seducti
1593 1793 1607 1830 :

516 1882 623 1929 hun
655 1873 973 1929 deficiamus
1003 1872 1246 1943 quolibet
1285 1870 1470 1937 modo,
1510 1880 1580 1926 ne
1616 1867 1933 1924 deficientes
1976 1865 2119 1936 quod

512 1964 781 2035 cupimus
796 1964 1189 2035 relinquamus,
1210 1978 1332 2019 cum
1352 1963 1552 2019 bonum
1575 1961 1752 2017 facere
1771 1959 2118 2031 coeperimus.

518 2057 658 2114 Nam
688 2066 916 2128 tempore
957 2073 1051 2112 suo
1080 2066 1348 2124 metemus,
1390 2071 1494 2111 non
1525 2055 1838 2125 deﬁcientes.
1890 2050 2122 2107 Pulchre

518 2152 808 2222 adjectum.
869 2150 1019 2206 Multi
1068 2152 1212 2205 enim
1245 2151 1298 2205 in
1330 2148 1433 2205 hoc
1477 2148 1605 2203 vitae
1634 2156 1837 2219 genere
1862 2144 2009 2217 quod
2040 2143 2121 2217 (2)

518 2248 719 2302 bonum
749 2245 974 2309 dicitur,
1008 2246 1054 2301 si
1093 2244 1292 2317 aliquid
1323 2244 1452 2301 mali
1488 2244 1791 2315 patientur,
1834 2248 2027 2313 putant
2060 2254 2122 2297 se

517 2341 638 2397 sine
683 2355 843 2396 causa
873 2341 1048 2395 facere
1081 2355 1200 2395 cum
1231 2339 1432 2394 bonum
1478 2338 1696 2395 faciant.
1742 2345 1795 2391 et
1841 2333 2120 2404 defatigati

518 2434 786 2490 desistunt
826 2433 1027 2489 bonum
1073 2432 1271 2488 facere.
1325 2429 1466 2500 Quid
1515 2442 1646 2501 ergo
1671 2427 1955 2499 adiunxit?
2002 2424 2122 2481 Non

516 2527 867 2594 deﬁciamus,
922 2525 1046 2597 quia
1095 2525 1220 2581 licet
1268 2523 1431 2579 hodie
1460 2537 1566 2578 non
1595 2530 1998 2591 consequamur
2041 2518 2117 2589 (ὅ)

512 2620 748 2677 fructum
802 2621 942 2677 bene
990 2618 1255 2683 faciendi;
1297 2628 1525 2689 postea,
1575 2616 1783 2687 inquit,
1835 2620 2123 2677 metemus;

517 2715 571 2773 id
608 2726 687 2772 est
719 2728 953 2770 messem
1008 2711 1327 2768 habebimus
1377 2711 1502 2766 boni
1553 2708 1680 2764 facti
1711 2708 1905 2774 nostri,
1939 2706 1983 2761 si
2013 2712 2121 2760 non

515 2808 873 2865 defeeerimus
914 2809 966 2862 in
1009 2807 1146 2861 bene
1189 2804 1459 2861 faciendo.

590 2901 757 2957 Vens.
776 2901 863 2956 10.
890 2898 1116 2970 ——lt.'rgo
1141 2897 1265 2953 dum
1294 2907 1490 2963 tempus
1519 2896 1794 2963 habemus,
1829 2900 2117 2966 operemur.

518 2998 802 3055 Maximam
832 2994 1206 3051 necessitatem
1226 2991 1373 3047 dedit
1390 2991 1455 3047 ad
1474 2992 1609 3047 bene
1640 2988 1948 3045 faciendum
1976 3004 1990 3042 :
2022 2989 2123 3042 im-

516 3094 683 3149 minet
710 3099 946 3161 tempus,
977 3088 1083 3144 cito
1112 3086 1295 3141 linitur
1338 3085 1468 3151 vita,
1492 3085 1602 3155 jam
1637 3084 1756 3138 linis
1785 3091 1869 3137 est
1897 3079 2117 3136 mundo.

2302 457 2462 516 Vatis.
2521 458 2609 516 19.
2641 488 2716 501 -—-
2762 460 3079 528 Quicumque
3114 462 3294 517 rotant
3337 462 3540 531 placere
3574 465 3634 518 in
3675 478 3847 520 carne

2220 552 2260 606 ii
2318 552 2632 624 compellunt
2672 567 2759 607 vos
2812 554 3130 608 circumcidi.
3203 554 3407 625 llr-eris
3460 556 3641 625 ipsum
3694 556 3845 611 illud

2222 647 2365 716 quod
2421 646 2680 719 arguebat
2747 647 2803 702 in
2856 646 3067 703 Calatis
3127 648 3275 720 quod
3330 651 3629 705 transirent
3677 660 3849 706 tisan-

2224 737 2409 793 datum
2439 739 2730 811 evangelii,
2783 752 2881 810 per
2908 740 3147 810 speciem
3186 739 3417 797 collocat
3441 742 3584 813 quod
3626 755 3692 799 se
3726 746 3844 798 cir-

2225 833 2536 889 cumcidere
2577 834 2885 890 voluerunt.
2942 833 3181 902 Omnes,
3238 836 3440 907 inquit,
3490 838 3585 909 qui
3644 838 3850 895 volunt

2228 925 2440 996 placere
2465 926 2516 981 in
2555 940 2742 994 carne,
2771 928 2806 983 il
2847 928 3003 983 vobis
3032 927 3359 1000 persuadent
3388 941 3446 985 ut
3472 932 3851 988 circumcida-

2226 1018 2377 1081 mini,
2412 1020 2554 1089 quod
2585 1029 2791 1075 tantum
2823 1030 2907 1075 est
2935 1021 2989 1075 in
3021 1023 3139 1091 ipso
3167 1023 3284 1078 solo
3308 1035 3470 1093 opere
3502 1034 3561 1079 ut
3593 1025 3850 1081 circum-

2226 1111 2506 1180 cidamini,
2547 1128 2653 1168 non
2693 1114 2746 1168 in
2776 1113 2979 1169 auxilio
3011 1115 3192 1185 aliquo
3227 1112 3295 1170 ad
3325 1115 3577 1171 salutem.
3609 1115 3850 1173 Tantus

2226 1214 2285 1258 sit
2313 1207 2484 1260 crucis
2514 1206 2707 1262 Christi
2757 1207 3157 1277 persecutionem
3184 1224 3290 1263 non
3334 1210 3617 1277 patiantur.
3666 1209 3852 1266 Esti—

2228 1305 2458 1364 mantes,
2496 1299 2690 1370 inquit,
2722 1314 2912 1371 pmnas
2938 1315 3000 1357 se
3040 1315 3147 1356 non
3174 1302 3416 1371 daturos,
3444 1302 3591 1372 quod
3634 1305 3695 1359 in
3723 1319 3852 1360 uu-

2228 1403 2346 1445 cem
2374 1389 2650 1446 Christum
2691 1393 3030 1449 sustulerunt
3079 1403 3133 1448 et
3183 1396 3450 1464 persecuti
3478 1402 3636 1463 sunt,
3688 1396 3739 1451 si
3780 1398 3849 1452 ad

2229 1485 2588 1554 evangelium,
2632 1486 2685 1542 id
2714 1497 2800 1543 est
2827 1489 2893 1543 ad
2918 1486 3326 1544 confessionem
3374 1489 3445 1545 de
3466 1488 3728 1559 Christo,
3757 1491 3850 1548 ad-

2227 1575 2461 1647 jungatis
2511 1579 2596 1634 vel
2640 1579 2741 1650 ipsi
2792 1580 3089 1652 adjungant
3131 1581 3295 1638 etiam
3338 1583 3850 1640 circumcisionese.

2231 1668 2340 1726 Sed
2366 1677 2423 1727 et
2467 1670 2524 1726 in
2572 1686 2642 1728 eo
2688 1683 2933 1743 peccant,
2965 1684 3023 1729 ut
3067 1689 3191 1730 cum
3219 1688 3344 1747 spes
3372 1685 3484 1731 tota
3511 1675 3586 1732 de
3616 1675 3852 1735 Christo

2230 1853 2457 1922 cisione,
2486 1855 2570 1911 vel
2603 1865 2793 1927 putent
2819 1857 2933 1925 illi;
2965 1868 3021 1914 et
3053 1858 3260 1916 idcirco
3296 1861 3674 1930 persuadeant
3699 1865 3851 1935 quasi

2231 1963 2338 2003 non
2369 1951 2475 2019 pati
2502 1951 2733 2007 habeant
2754 1954 3185 2023 persecutionem
3216 1957 3393 2013 crucis
3420 1955 3655 2027 Christi,
3691 1960 3753 2015 id
3774 1968 3853 2017 est

2223 2040 2366 2112 quod
2395 2041 2673 2099 Christum
2705 2046 2759 2101 in
2783 2061 3001 2103 crucem
3029 2049 3388 2106 sustulerunt.

2296 2134 2461 2192 νω.
2498 2139 2584 2192 15.
2616 2158 2683 2182 -'—-
2716 2137 2899 2207 Neque
2922 2141 3061 2196 enim
3088 2142 3625 2213 qnicircarncisisnnt
3657 2146 3753 2219 (1)
3784 2147 3852 2204 le-

2223 2243 2336 2300 gens
2362 2230 2676 2285 custodiunt.
2695 2232 2754 2287 in
2777 2230 2994 2288 Christo
3023 2234 3167 2290 enim
3191 2249 3367 2306 neque
3384 2239 3731 2308 prmputinsn
3760 2255 3849 2296 ne-

2223 2335 2329 2391 que
2358 2322 2703 2379 circumcisio
2729 2324 2892 2381 valet.
2919 2326 3090 2394 Quam
3126 2327 3288 2399 igitur
3316 2328 3492 2400 legem
3521 2330 3719 2386 dixit?
3752 2332 3846 2390 Vel

2224 2416 2372 2472 illam
2395 2434 2515 2487 quae
2537 2420 2851 2488 spiritaliter
2868 2422 3216 2495 intelligenda
3238 2433 3345 2491 est,
3380 2425 3464 2482 vel
3489 2425 3657 2481 istam
3683 2444 3845 2499 quam

2223 2508 2474 2568 Christus
2485 2511 2653 2581 dedit,
2684 2528 2803 2586 quae
2820 2515 2938 2571 sine
2959 2514 3127 2572 dubio
3145 2519 3471 2589 etspiritalis
3490 2531 3581 2577 est
3601 2531 3657 2578 et
3682 2525 3846 2593 spiri-

2224 2605 2350 2659 talia
2378 2605 2538 2661 docet
2553 2616 2607 2662 et
2623 2608 2936 2676 spiritaliter
2954 2611 3159 2681 agenda
3180 2612 3398 2669 est.8ed
3425 2616 3608 2671 natura
3626 2632 3723 2672 nos
3744 2619 3844 2672 eir-

2223 2698 2466 2765 enmcidi,
2483 2699 2604 2753 utin
2625 2710 2793 2756 vestra
2810 2703 3276 2775 carneglorientar.
3311 2705 3564 2763 Ostendit
3581 2712 3838 2768 matiam

2225 2805 2432 2853 eorum,
2458 2793 2548 2861 qui
2567 2793 2903 2862 persuadent
2922 2795 3279 2852 utvideantur
3296 2798 3450 2855 vobis
3467 2802 3834 2870 persuasisse,

2226 2897 2283 2941 ut
2311 2889 2367 2942 in
2393 2897 2561 2943 vestra
2585 2904 2743 2945 carne
2769 2891 3079 2961 glorientur,
3108 2900 3231 2949 cum
3260 2903 3440 2950 tamen
3482 2894 3622 2949 nihil
3666 2898 3839 2968 posit

2227 2980 2606 3047 circumcisio;
2636 2983 2730 3038 sed
2760 2983 2878 3039 sola
2898 2984 3005 3039 illis
3023 2984 3192 3056 gloria
3209 2986 3493 3057 quaeritur,
3507 2988 3637 3043 utin
3656 2992 3836 3046 vestra

2225 3089 2391 3130 carne
2415 3075 2554 3131 facta
2579 3075 2661 3148 (2)
2716 3091 2776 3133 se
2804 3079 3076 3134 aestiment
3108 3080 3358 3135 obtinere
3394 3082 3540 3152 quod
3581 3083 3707 3139 sine
3736 3084 3833 3139 hac

524 3153 898 3256 Dum,inquit,
920 3153 1115 3253 tempus
1132 3179 1373 3235 habemus
1390 3178 1477 3235 vel
1495 3153 1842 3233 Vvitrenostrte
1859 3174 1946 3231 vel
1966 3174 2124 3229 istius
2148 3153 2194 3216 Ο
2227 3182 2354 3237 Si)”
2384 3168 2527 3223 "‘1".
2555 3170 2657 3234 εῑις
2690 3176 2747 3223 ιιι
2782 3172 2893 3239 ,ἰείη
2942 3171 3139 3226 “eis”
3183 3171 3485 3236 νίάεεηίυτν
3520 3188 3594 3230 ηε
3622 3173 3695 3229 de
3722 3175 3835 3231 ⁸⁶⁵⁰

519 3282 643 3337 vitae
661 3284 711 3335 in
727 3278 1233 3347 mundo,0peremur
1246 3274 1450 3338 bonum,
1469 3280 1521 3327 et
1542 3270 1793 3325 adomnes
1810 3282 2122 3339 operemur,

521 3383 580 3430 ut
611 3372 757 3428 nulla
781 3368 1111 3439 sitexceptio
1128 3378 1506 3437 personarum,
1538 3363 1685 3417 nulla
1698 3363 1799 3416 alia
1827 3360 2004 3426 actio;
2028 3357 2123 3415 sed

517 3465 705 3522 bonum
728 3474 1018 3535 opm'emur,
1032 3460 1164 3515 etad
1182 3472 1351 3512 omnes
1368 3456 1567 3511 bonum
1584 3468 1891 3526 operemur.
1912 3451 2123 3508 Etenim

515 3559 563 3615 si
589 3557 823 3614 charitas
852 3553 1100 3616 aedificat,
1134 3566 1349 3606 omnem
1373 3556 1551 3605 autem
1590 3547 1864 3603 hominem
1897 3546 2122 3601 charum

523 3651 725 3708 habere
757 3649 1037 3713 debemus,
1071 3659 1231 3701 omne
1258 3644 1454 3699 bonum
1511 3640 1654 3712 quod
1695 3652 2007 3714 operamur,
2053 3637 2122 3693 ad

520 3756 710 3802 omnes
742 3754 1049 3815 Operamur.
1097 3738 1321 3793 Maxime
1339 3746 1511 3791 autem
1538 3736 1606 3790 ad
1636 3737 1945 3789 domesticos
1976 3733 2121 3802 ﬁdei.

519 3836 766 3905 Dixit,ad
785 3853 958 3891 oumes
989 3834 1175 3889 bonum
1207 3846 1474 3903 aperemur
1501 3830 1665 3885 :facit
1690 3838 1867 3884 tamen
1897 3828 2120 3897 gradum

524 3945 581 3989 ut
612 3933 808 3988 bonum
838 3929 979 4002 quod
1010 3943 1297 3999 oper-amur
1322 3926 1385 3980 ail
1421 3938 1629 3992 omnes,
1655 3924 1891 3978 maxime
1920 3922 2121 3976 bonum

519 4038 809 4100 operemur
838 4020 904 4079 ad
931 4036 1026 4079 eos
1080 4022 1166 4091 qui
1199 4020 1479 4075 domeStici
1513 4016 1634 4073 ildei
1665 4024 1809 4084 sunt,
1840 4015 1891 4071 id
1920 4024 2000 4072 est
2031 4016 2121 4086 qui

526 4122 689 4178 fidem
720 4120 771 4175 in
820 4117 1095 4174 Christum
1125 4123 1181 4172 et
1224 4116 1275 4170 iu
1306 4114 1474 4169 Deum
1519 4118 1895 4184 susceperunt.
1932 4110 2121 4181 Magna

522 4215 874 4274 conclusione
897 4211 947 4267 id
977 4213 1027 4266 in
1056 4206 1392 4265 exhortando
1422 4207 1619 4277 posuit,
1648 4202 1791 4275 quod
1817 4204 1881 4257 ad
1906 4202 2121 4259 Galatas

526 4308 758 4366 maxime
788 4303 1133 4378 pertinebat:
1185 4302 1387 4357 etenim
1434 4296 1510 4353 illi
1556 4297 1909 4367 adjungentes
1956 4296 2121 4350 etiam

524 4396 768 4472 «putidam
797 4396 860 4454 de
886 4396 1178 4468 judaismo,
1208 4408 1318 4447 non
1341 4408 1403 4447 ex
1420 4389 1523 4446 fide
1544 4390 1795 4462 agebant,
1819 4388 1915 4445 sed
1944 4389 2119 4459 quasi,

525 4510 589 4550 ex
619 4492 874 4564 operibus
897 4486 1188 4545 credebant
1216 4494 1268 4539 et
1292 4499 1357 4540 ex
1389 4483 1767 4538 observatione
1800 4481 2002 4536 carnali
2030 4482 2122 4535 ha-

2228 3260 2446 3316 Christo
2475 3275 2601 3332 spes
2627 3262 2718 3328 sit,
2746 3263 2847 3317 nisi
2872 3262 3123 3334 adjuncta
3163 3265 3327 3320 etiam
3354 3265 3591 3335 judeica
3619 3266 3762 3338 legis
3784 3268 3836 3324 in

2228 3352 2640 3410 circumcisione
2670 3354 2832 3410 fuerit
2856 3354 3165 3425 disciplina.

2301 3444 2468 3502 Vens.
2502 3445 2590 3501 14.
2614 3476 2686 3487 -
2725 3445 2860 3502 Mihi
2879 3457 3050 3502 autem
3075 3448 3205 3503 absit
3220 3442 3439 3520 giariari
3476 3448 3533 3505 in
3556 3451 3711 3508 nulla
3730 3453 3835 3526 (5).

2228 3543 2368 3597 Ante
2394 3542 2622 3613 gloriam
2654 3534 2867 3598 illorum
2903 3542 3297 3614 reprehendit:
3334 3556 3570 3616 nasoque
3616 3548 3836 3604 illorum

2226 3635 2395 3705 glorla
2426 3644 2509 3690 est
2547 3634 2600 3690 in
2632 3649 2797 3691 carne
2822 3635 3043 3706 gloriari
3076 3654 3090 3690 :
3134 3645 3194 3690 at
3221 3644 3349 3707 ego,
3378 3636 3580 3706 inquit,
3606 3639 3665 3694 in
3690 3641 3838 3696 auito

2226 3727 2432 3797 glorior
2456 3740 2632 3796 neque
2662 3726 2715 3780 in
2743 3740 2929 3793 carne,
2965 3740 3141 3796 neque
3181 3728 3235 3781 in
3277 3725 3524 3795 homine,
3555 3744 3745 3802 neque
3785 3732 3838 3788 in

2227 3822 2408 3892 aliquo
2436 3820 2648 3885 horum,
2684 3834 2858 3891 neque
2888 3823 2941 3875 in
2989 3828 3076 3876 me
3115 3820 3252 3890 ipso.
3286 3821 3356 3877 ι
3388 3821 3505 3892 jam
3529 3824 3745 3880 dictum
3787 3835 3841 3882 et

2227 3930 2372 3987 sa-pe
2415 3910 2772 3982 admonitum,
2816 3924 2875 3971 ut
2926 3917 3106 3972 omnis
3160 3918 3250 3985 qui
3292 3918 3581 3989 gloriatur,
3636 3921 3695 3977 in
3730 3923 3840 3979 Deo

2225 4012 2520 4082 glorietur,
2574 4009 2775 4082 dequo
2821 4022 2981 4081 supra
3022 4012 3398 4070 tractavimus.
3440 4012 3567 4068 Nisi
3605 4015 3667 4070 in
3691 4029 3839 4072 cruce

2228 4103 2436 4159 Doiiiim'
2455 4106 2615 4159 nostri
2640 4105 2763 4160 Iesu
2786 4104 2999 4160 Christi.
3021 4102 3076 4160 id
3095 4113 3180 4161 est
3198 4114 3256 4160 ut
3276 4106 3350 4162 ibi
3377 4120 3507 4178 spes
3526 4116 3647 4165 tota
3671 4124 3840 4182 pom-

2229 4206 2333 4263 tur,
2370 4206 2423 4250 et
2454 4196 2578 4251 inde
2604 4197 2675 4251 sit
2697 4196 2865 4266 gloria
2891 4205 2945 4252 et
2970 4196 3231 4268 gaudium
3262 4213 3278 4252 :
3316 4199 3459 4271 quod
3490 4200 3565 4256 ihl
3589 4202 3653 4257 in
3678 4218 3841 4260 cruce

2230 4291 2438 4347 Domini
2471 4292 2639 4345 nostri
2667 4291 2797 4347 Jesu
2823 4291 3024 4347 Christi
3051 4291 3199 4347 salus
3223 4302 3407 4349 nostra
3424 4304 3511 4349 est
3530 4304 3591 4351 et
3619 4298 3840 4353 aeterni-

2230 4391 2311 4438 tas
2339 4384 2583 4454 qumsita.
2620 4382 2720 4438 Per
2751 4398 2901 4454 quem
2939 4384 3067 4438 mihi
3094 4385 3321 4439 mundus
3342 4386 3631 4455 cruciﬁxus
3666 4398 3766 4456 est,
3794 4398 3837 4444 et

2229 4494 2320 4549 ego
2342 4476 2553 4533 mundo.
2570 4476 2687 4547 ipsa
2710 4484 2793 4533 est
2813 4475 3006 4547 gloria,
3031 4490 3168 4532 crux
3183 4476 3394 4533 scilicet
3417 4476 3643 4535 Domini
3668 4481 3835 4537 nostri

530 4556 736 4639 hiturns
758 4600 815 4638 se
842 4582 1100 4646 fructum,
1126 4578 1330 4634 idcirco
1357 4574 1623 4646 adjunxit,
1656 4575 1892 4629 maxime
1916 4573 2122 4629 bonum
2150 4556 2206 4617 Β
2229 4570 2357 4626 Jesu
2401 4569 2621 4634 Christi,
2672 4569 2797 4639 quia
2843 4569 2928 4639 (4)
2961 4568 3220 4640 mysterio
3268 4570 3384 4636 illo,
3433 4568 3565 4625 dum
3612 4586 3836 4631 eamea

525 4693 811 4748 Operemur
838 4675 902 4730 ad
949 4673 1277 4728 domesticos
1308 4669 1457 4736 fidei,
1487 4667 1630 4740 quod
1653 4668 1823 4723 solam
1876 4667 2034 4723 Iidem
2069 4668 2122 4723 in

525 4768 859 4839 etangelium
888 4772 1259 4835 susceperunt,
1296 4764 1347 4817 id
1372 4762 1526 4819 estin
1551 4762 1825 4817 Christum
1853 4766 1905 4814 et
1936 4760 2125 4815 Deum.

604 4860 765 4914 Vens.
817 4858 902 4912 11.
954 4886 1024 4897 ——
1055 4856 1184 4911 Ecce
1210 4855 1414 4926 quantis
1444 4853 1523 4927 (i)
1553 4852 1733 4907 litteris
1771 4851 1954 4920 scripsi
1992 4851 2131 4905 vobis

531 4968 642 5012 utea
668 4952 862 5009 manu!
893 4951 962 5009 Ut
993 4952 1309 5008 ostenderet
1338 4949 1780 5007 familiaritatem.
1814 4956 1871 5002 et
1913 4956 1980 5001 ne
2024 4956 2123 5015 pu-

530 5049 647 5107 dori
679 5046 785 5103 illis
824 5047 894 5101 sit
940 5044 1081 5114 quod
1121 5044 1210 5098 alii
1256 5044 1433 5098 sciunt
1480 5042 1604 5096 illos
1642 5041 1725 5094 vel
1759 5053 2007 5109 peccare,
2038 5037 2126 5093 vel

529 5143 747 5216 corrigi,
771 5156 928 5197 manu
950 5152 1089 5205 mea,
1106 5136 1299 5207 inquit,
1319 5135 1509 5204 scripsi
1523 5132 1694 5196 vobis,
1717 5139 1846 5186 etex
1863 5132 2127 5186 charitatc

528 5240 739 5309 signum
754 5232 916 5291 dedit.
938 5230 1005 5287 Et
1021 5228 1173 5286 vobis
1191 5226 1361 5282 facilis
1377 5236 1459 5282 est
1470 5225 1693 5281 mutatio
1710 5224 1830 5280 vitae
1851 5238 1970 5279 cum
1990 5234 2017 5276 a
2041 5232 2129 5278 me

597 5376 677 5445 (1)
715 5371 885 5428 Codd.
919 5370 1119 5425 habere.

599 5376 647 5445 (1
715 5376 885 5428 Codd.
919 5376 1056 5424 habet

599 5376 677 5518 (2;
719 5444 886 5518 Codd.
921 5460 1056 5496 cum.

602 5512 680 5588 (δ’)
720 5516 889 5571 Codd.
923 5512 1264 5588 consequitur.
1357 5580 1368 5588 -
1813 5576 1870 5588 η
1971 5575 1982 5588 .

605 5522 658 5588 (3
720 5521 889 5571 Codd.
923 5521 1264 5584 consequitur.
1971 5575 1982 5588 .

605 5521 683 5661 (1i;
722 5587 982 5661 Notabiiis
1009 5587 1167 5661 lectio
1189 5580 1397 5661 atlantis
1421 5594 1517 5650 pro
1534 5576 1877 5661 Malitiosam
1899 5574 2115 5661 quidem

530 5646 787 5732 legendus
818 5671 898 5714 est
921 5660 1021 5713 huc
1035 5657 1160 5732 loco
1186 5646 1566 5732 Hieronymus,
1582 5651 1677 5732 _qu_i
1697 5646 2114 5732 θρεψεωιοψί

525 5718 971 5859 li’nieppretationc
1014 5727 1285 5784 dissentit.
1323 5718 1475 5798 Vulg.
1514 5722 1696 5788 habet,
1734 5718 1908 5775 Videte
1945 5719 2112 5789 quali-

558 5820 614 5861 us
662 5813 843 5860 uteris.
1597 5834 1607 5843 .

2229 4663 2511 4733 suspendit
2540 4663 2706 4728 cruci,
2763 4672 2817 4717 et
2860 4663 2913 4716 in
2968 4676 3031 4716 ea
3089 4663 3384 4732 potentiam
3435 4664 3602 4734 hujus
3651 4666 3837 4724 mundi

2230 4756 2602 4828 triumphavit,
2632 4758 2808 4813 omnis
2840 4754 3071 4811 mundus
3105 4770 3201 4826 per
3221 4755 3371 4811 illum
3399 4757 3714 4816 cruciﬁxus
3735 4766 3834 4819 eSt.

2231 4850 2338 4906 Sed
2369 4852 2623 4922 quoniam
2666 4847 2990 4904 catholicum
3036 4848 3129 4904 ille
3157 4860 3350 4919 corpus
3376 4842 3447 4904 ad
3470 4866 3703 4910 omnem
3743 4854 3837 4910 bo-

2230 4944 2430 4998 niinem
2492 4942 2694 5006 habuit,
2745 4955 2907 4996 omne
2958 4940 3103 5011 quod
3145 4952 3332 5009 passus
3369 4951 3455 4997 est
3496 4946 3835 5004 catholicum

2230 5040 2391 5107 fecit;
2423 5039 2475 5096 id
2501 5046 2662 5094 estut
2691 5039 2868 5094 omnis
2898 5053 3026 5093 caro
3053 5037 3105 5092 in
3138 5037 3232 5119 illo
3257 5034 3515 5094 cruciﬁta
3555 5041 3654 5097 sit.
3697 5038 3835 5119 Ergo

2230 5143 2282 5188 et
2308 5148 2408 5202 ego
2435 5130 2724 5186 cruciﬁxus
2752 5145 2895 5196 sum,
2925 5140 2979 5187 et
3003 5118 3206 5185 mundo
3228 5129 3365 5185 ﬁxus
3391 5144 3537 5186 sum.
3584 5130 3733 5206 Ego,
3758 5118 3834 5193 in-

2230 5225 2363 5295 quit,
2396 5223 2629 5278 carnalis
2656 5222 2748 5277 ille
2778 5232 2834 5277 et
2862 5222 2932 5278 de
2958 5237 3124 5278 carne
3151 5222 3245 5292 qui
3272 5223 3601 5292 sentiebam,
3630 5230 3835 5285 mundo

2231 5317 2369 5370 llxus
2411 5322 2563 5380 sdm,
2613 5313 2665 5369 id
2696 5316 2778 5369 est
2818 5326 2940 5369 cum
2981 5313 3184 5369 mundo
3225 5312 3447 5369 Mettus
3486 5306 3561 5370 a‘d
3592 5322 3829 5387 ptﬁaam.

2277 5407 2443 5464 Vens.
2462 5406 2549 5463 15.
2598 5437 2667 5447 -
2690 5400 2755 5461 1η
2782 5396 2986 5461 Christo
3017 5406 3148 5462 enim
3172 5390 3301 5461 Iesu
3327 5410 3489 5476 item
3502 5407 3833 5466 circumcisio

2297 5499 2380 5625 (ιζ
2414 5492 2578 5569 Ὓιιὶε.
2614 5516 2626 5552 :
2654 5498 2749 5625 gat
2767 5497 3223 5582 circumciduntur.

2297 5572 2357 5625 t2
2433 5569 2514 5625 ita
2549 5569 2650 5625 cod
2691 5586 2746 5625 .:
2788 5569 3104 5625 intelligitur
3147 5582 3223 5625 aui

2292 5569 2386 5697 :2)!
2433 5569 2514 5655 ita
2549 5569 2746 5636 codd.;
2788 5569 3104 5640 intelligitur
3147 5578 3327 5626 autem
3372 5570 3457 5629 vel
3498 5572 3827 5630 circumcisio

2224 5659 2286 5699 ve
2334 5659 2519 5713 goria.
2576 5712 2579 5713 ν
2688 5698 2697 5713 ,ν
3019 5700 3025 5707 ,

2294 5698 2373 5785 (ῗῖ)
2417 5714 2470 5785 in
2502 5712 2646 5785 vulg.
2671 5698 2828 5769 deest
2850 5715 2906 5769 in
2934 5700 3099 5769 nullo.

2291 5783 2375 5857 (4)
2412 5783 2583 5844 Codd.
2602 5783 2720 5856 ηαξ.
