4024 6306
521 297 659 352 1199

1761 287 1950 343 MAN]
1998 285 2340 342 \‘ltJTOlllNl
2382 284 2544 338 Αιιιι

3689 278 3836 334 19.00

593 413 755 467 \‘izns.
791 413 878 466 ts.
930 441 998 451 —
1029 408 1165 474 Quid
1197 405 1375 461 enim?
1403 405 1523 458 dum
1549 405 1686 458 omni
1714 404 1864 457 modo
1897 404 1998 457 sive.
2024 402 2117 455 sub
2149 408 2193 464 Α
2223 401 2420 454 cabitnr
2468 397 2702 454 Christus
2749 398 2800 450 in
2839 411 3057 465 corpore
3091 411 3201 448 meo
3223 393 3328 464 (i).
3368 391 3706 463 Sequebatur
3749 395 3831 446 uti

517 508 725 561 obtentu
747 507 850 559 sire
878 500 1178 570 eeritate(l)
1207 500 1439 556 Christus
1462 497 1958 551 mmuntietur.Cum
1987 512 2120 565 qua-

520 610 644 656 tuor
695 615 854 669 supra
909 599 987 653 vel
1048 611 1304 666 personas
1355 594 1434 647 vel
1485 606 1676 645 causas
1739 592 2009 660 posuerit,
2064 597 2120 642 ut

517 692 768 750 Christus
810 691 1173 753 annuntietur,
1227 704 1332 742 non
1373 702 1430 742 se
1473 687 1693 741 omnino
1725 684 1802 756 (δι)
1849 692 2048 736 motum
2087 697 2116 734 a

517 786 770 857 malignis
793 783 916 853 quia
946 780 1218 835 Christum
1249 777 1562 847 pradicant,
1594 775 1835 829 declarat
1863 783 1914 828 et
1937 782 2117 826 osten-

521 879 620 935 dit.
654 879 871 934 Frustra
890 876 1032 931 enim
1051 873 1454 929 illiexislimant
1479 870 1860 926 tribulationem
1884 883 1936 919 se
1951 865 2118 920 susci-

515 983 627 1028 tare
657 972 870 1026 uinculis
898 972 1036 1024 meis.
1073 967 1210 1035 Quid
1236 967 1402 1030 enim,
1433 974 1525 1020 aut
1549 980 1715 1035 quare
1747 961 2002 1016 moveor?
2026 968 2118 1014 aut

511 1081 679 1138 quare
706 1066 758 1120 in
787 1063 1192 1119 ιιίιιιιιιιιίιιιιειιι
1241 1061 1462 1115 mittor?
1512 1075 1634 1114 cum
1678 1058 1822 1112 cnim
1852 1053 2114 1126 gaudeam

508 1159 772 1230 la‘tusque
807 1158 906 1212 sim
940 1157 1081 1227 quod
1127 1173 1218 1226 per
1247 1170 1464 1211 omnem
1507 1153 1722 1209 modum
1769 1154 2117 1205 ιιιιιιιιιιιὶειῐιιι·

509 1250 756 1307 Christus
791 1269 802 1303 :
836 1251 948 1306 sive
977 1253 1102 1305 dun
1138 1249 1214 1304 illi
1245 1248 1424 1319 aliquo
1479 1249 1593 1316 (ὅ),
1625 1260 1724 1300 suo
1755 1245 1977 1298 obtentu
2027 1241 2111 1296 vel

507 1344 687 1415 aliqua
718 1360 812 1398 sua
843 1343 1127 1397 occasione
1158 1341 1241 1396 vel
1277 1339 1504 1395 nocendi
1542 1337 1626 1392 vel
1671 1334 1944 1391 invidendi
1979 1348 2112 1401 pr.c-~

509 1438 692 1494 dicant
719 1435 1010 1502 Christum,
1045 1433 1340 1490 dmnmodo
1387 1431 1712 1504 praedicent,
1744 1430 1857 1483 sive
1889 1427 2112 1481 veritate

511 1530 884 1602 pronuntient.
923 1531 1159 1583 Eventus
1205 1527 1347 1581 enim
1398 1525 1528 1579 mihi
1583 1522 1867 1592 plurimum
1915 1519 2108 1590 plaeet,

506 1623 651 1694 quod
689 1623 755 1677 de
785 1621 1002 1677 Christo
1035 1620 1413 1691 pronuntiant;
1459 1625 1514 1670 et
1550 1614 1825 1668 Chrismm
1855 1623 1906 1666 ct
1941 1613 2111 1665 nomi-

507 1727 660 1784 nant,
687 1726 741 1770 et
773 1717 961 1780 Deum,
993 1717 1094 1770 sub
1121 1714 1229 1767 alio
1261 1713 1381 1766 licet
1411 1711 1591 1763 animo
1621 1751 1632 1770 ,
1667 1709 1901 1761 fatentur
1931 1715 1984 1760 et
2017 1705 2107 1758 Dei

2225 509 2330 548 non
2355 494 2611 547 continuo
2635 492 2685 544 in
2704 490 2934 543 salutem
2957 489 3240 558 provenire
3265 495 3440 556 posset
3467 485 3607 538 istud
3629 489 3832 552 ipsum,

2221 584 2364 655 quod
2404 585 2620 653 maligni
2662 582 2988 650 praedicant,
3029 580 3170 651 quod
3206 595 3298 649 per
3328 579 3584 632 invidiam
3634 577 3838 648 pnedi-

2220 686 2364 744 cant,
2398 678 2538 749 quod
2561 693 2654 748 per
2675 677 3067 732 contumaciam
3097 673 3409 744 pra-dicant,
3438 673 3512 725 uti
3544 683 3735 741 pOSs‘et
3759 669 3835 723 iili

2220 784 2273 830 et
2307 774 2600 844 perniciem
2646 772 2842 828 alierre
2873 780 2927 826 ct
2962 784 3169 840 prunas,
3203 778 3261 823 ιιι
3293 770 3342 822 ιιι
3375 770 3580 823 catenis
3610 780 3839 834 semper

2218 880 2382 935 esset,
2417 883 2600 923 verum
2644 870 2806 922 etiam
2837 876 2890 922 ct
2917 867 2969 920 in
3003 874 3198 928 morte,
3228 864 3321 919 sed
3349 872 3660 931 utrmnque.
3701 861 3837 916 Nam

2216 960 2493 1032 apostolus
2517 961 2852 1031 prospiciens
2875 959 2959 1030 (2)
3007 959 3138 1012 dicit
3158 957 3394 1012 futurum
3417 971 3541 1011 esse
3564 966 3625 1010 ut
3648 953 3840 1011 Chris-

2219 1063 2306 1109 tus
2336 1054 2656 1124 pra-dieetnr
2683 1052 2923 1121 quolibet
2964 1051 3016 1106 in
3047 1059 3242 1106 eventu
3281 1069 3292 1102 :
3327 1065 3600 1119 nunquam
3662 1050 3837 1116 enim,

2217 1148 2411 1218 inquit.
2442 1146 2754 1208 erubescam,
2789 1144 2882 1199 sed
2926 1159 2991 1198 ex
3032 1153 3259 1213 utroque
3288 1151 3341 1197 et
3368 1142 3568 1212 gaudio
3605 1143 3841 1196 lwtahor

2217 1249 2270 1297 et
2293 1241 2629 1312 gratulabor,
2660 1248 2715 1295 et.
2743 1240 2883 1294 sicut
2909 1254 3104 1310 semper
3134 1249 3179 1292 et
3227 1219 3840 1307 nundmagni/icabitur,

2219 1335 2412 1403 inquit,
2450 1335 2686 1390 Christus
2716 1352 2728 1386 :
2758 1335 2810 1388 iu
2851 1349 3085 1402 corpore,
3120 1332 3309 1403 inquit.
3344 1347 3482 1396 meo;
3515 1331 3567 1385 id
3605 1340 3698 1384 est
3719 1347 3840 1385 cum

2217 1446 2397 1486 meum
2429 1446 2627 1496 corpus
2663 1428 2837 1498 [urnis
2867 1428 3166 1496 subjectum
3195 1425 3443 1479 erunibus
3478 1425 3693 1480 tolerat
3724 1424 3844 1478 uni-

2217 1539 2393 1589 versa,
2425 1532 2479 1578 et
2499 1522 2770 1577 Chri~tum
2792 1521 3049 1592 praedii-at
3070 1561 3083 1585 ,
3117 1534 3215 1573 nec
3246 1518 3490 1581 desistit,
3527 1533 3631 1572 nec
3668 1518 3844 1587 pennis

2218 1625 2470 1678 terretur,
2499 1624 2554 1669 et
2576 1616 2826 1668 omnibus
2851 1615 3022 1682 pcenis
3055 1628 3159 1666 non
3181 1611 3339 1666 cedit.
3365 1611 3501 1676 Quid
3535 1622 3622 1663 est
3653 1618 3842 1664 autem

2215 1711 2461 1765 omnibus
2490 1712 2688 1779 pmnis,
2725 1710 2838 1778 ιι)κο
2867 1706 3090 1774 exponit
3115 1704 3487 1775 subjungendo
3513 1705 3620 1758 sive
3654 1721 3754 1773 per
3774 1707 3844 1757 ei-

510 1808 726 1864 Ftlium.
765 1809 875 1863 lloc
894 1808 1036 1864 enim
1070 1823 1188 1860 etim
1221 1804 1549 1866 celebratur,
1583 1811 1886 1865 exercetur,
1920 1802 2113 1869 agitur,
2152 1803 2193 1862 Β
2223 1817 2348 1870 tam,
2379 1806 2482 1858 sive
2520 1822 2609 1876 per
2636 1815 2868 1856 mortem.
2898 1802 3025 1858 Sive
3053 1801 3129 1872 (5)
3160 1803 3301 1855 enim
3336 1799 3623 1856 tolerando
3650 1814 3846 1868 per-nas

510 1905 589 1960 sic
615 1904 966 1959 annuntiatur
1014 1901 1258 1956 Christus
1303 1899 1369 1952 ab
1406 1897 1678 1960 otnnibns,
1712 1903 1765 1948 et
1810 1909 1909 1948 nos
1951 1899 2015 1945 ad
2062 1891 2114 1945 id

517 2000 866 2068 pervenimus
893 1995 1032 2068 quod
1069 1995 1315 2050 volumus
1357 2001 1417 2047 ut
1460 1991 1706 2046 Christus
1743 1991 2112 2042 annuntietur.

508 2089 663 2160 Quod
693 2091 736 2144 si
767 2092 836 2143 ita
878 2097 979 2144 est.
1016 2088 1212 2142 frustra
1259 2085 1636 2140 existimarunt
1669 2099 1751 2137 me
1795 2084 1844 2135 in
1896 2079 2116 2133 tribula-

506 2183 712 2237 tionem
747 2181 905 2235 mitti.
947 2180 1186 2246 Dcnique
1223 2177 1301 2231 sic
1340 2175 1614 2246 subjungit
1644 2193 1656 2229 :
1692 2171 1755 2226 Et
1785 2174 1837 2226 iu
1871 2173 1967 2225 hoc
1993 2188 2114 2243 gra-

507 2275 668 2340 tulor,
700 2273 788 2327 sed
819 2284 862 2326 et
887 2272 1182 2343 gratulabor
1214 2269 1317 2340 (ιι).
1351 2267 1414 2322 Ει
1439 2267 1692 2338 gratulor,
1727 2266 1920 2336 inquit,
1951 2266 2114 2319 etiam

513 2369 570 2424 in
604 2370 704 2424 hoc
734 2369 871 2438 ipso,
921 2367 1060 2437 quod
1101 2366 1451 2420 annuntiatur
1491 2363 1756 2417 Christus.
1809 2362 1922 2416 Non
1971 2362 2113 2416 enim

511 2473 706 2534 negant
723 2463 883 2516 etiam
902 2461 977 2514 illi
993 2461 1080 2531 qni
1101 2456 1326 2514 nocendi
1347 2457 1506 2512 modo
1523 2457 1624 2525 (5),
1643 2465 1699 2509 ιιι
1715 2453 1846 2509 ιιιιΙιί
1866 2463 2112 2520 noceant,

509 2555 780 2613 Christum
801 2559 1119 2608 annuntianl
1146 2568 1350 2622 :In-qne
1367 2551 1442 2604 illi
1465 2550 1556 2619 qui
1581 2567 1672 2619 per
1691 2549 1942 2602 invidiam
1962 2548 2113 2600 Chri-

511 2661 652 2707 stum
682 2651 1023 2713 atnmntiant,
1057 2647 1219 2701 animi
1245 2662 1428 2706 causa,
1453 2653 1507 2698 ct
1527 2646 1773 2702 latenter,
1799 2650 1852 2695 et
1880 2657 1969 2713 per
2001 2657 2114 2695 rna-

514 2744 658 2816 ligna
683 2743 871 2806 verba,
898 2753 1075 2796 t-men
1097 2740 1373 2796 Christum
1399 2738 1745 2792 cenlitcntur.
1771 2745 1826 2790 ct
1846 2734 2117 2790 Christum

513 2840 867 2892 annuntiant:
903 2837 954 2888 iu
988 2835 1101 2895 hoc,
1137 2833 1301 2903 inquit
1331 2873 1344 2898 ,
1397 2830 1627 2902 gratulor
1653 2842 1697 2884 et
1726 2827 2046 2899 gratulabor.

590 2931 754 2988 Vsus.
792 2931 877 2986 19.
927 2960 996 2970 ——
1039 2929 1160 2983 Scio
1207 2927 1339 2981 enim
1387 2925 1630 2996 quoniam
1675 2923 1769 2976 hoc
1818 2923 1941 2976 mihi
1998 2939 2112 2994 pro-

516 3027 678 3083 veniet
729 3026 782 3079 in
837 3024 1054 3077 salutem
1096 3037 1184 3094 per
1222 3019 1504 3073 orationem
1535 3033 1752 3071 vestram
1777 3055 1792 3081 ,
1851 3026 1897 3069 et
1927 3013 2122 3069 submi-

517 3120 875 3176 nistrationem
915 3117 1128 3186 spiritus
1169 3111 1360 3166 Christi
1390 3109 1535 3165 Jesu.
1589 3110 1728 3164 Pene
1758 3107 2032 3164 audaciter
2060 3122 2122 3162 ac

2220 1900 2426 1962 vixi-ro,
2447 1897 2822 1966 pra-dicantur
2839 1894 3088 1950 Christus
3111 1913 3122 1946 :
3143 1895 3258 1948 sive
3275 1895 3573 1963 subpositis
3589 1903 3846 1948 mortuus

2220 1992 2392 2054 luero,
2443 1992 2611 2061 magis
2649 2004 2712 2044 ac
2761 1988 2929 2058 magis
2982 1987 3386 2056 praedicabit-:r;
3439 2001 3564 2041 cmn
3616 1986 3844 2040 videant

2219 2099 2408 2139 omnes
2442 2100 2526 2138 me
2555 2100 2653 2138 nec
2687 2081 2860 2153 pcenis
2891 2081 3233 2147 deterritum,
3271 2096 3366 2136 nec
3399 2091 3575 2135 morte
3610 2097 3844 2134 revoca-

2221 2189 2355 2244 lmn,
2385 2179 2479 2233 sed
2509 2179 2561 2232 in
2585 2177 2975 2247 evangelioaut
3003 2179 3162 2231 vitam
3186 2193 3304 2230 Clllll
3337 2191 3507 2246 pmnis
3538 2176 3803 2246 exegisse
3827 2219 3842 2241 ,

2221 2283 2311 2327 aut
2345 2291 2514 2342 usque
2553 2273 2617 2327 ad
2664 2281 2891 2327 mortem
2930 2287 3116 2342 pinnas
3146 2274 3400 2326 tolerasse
3428 2313 3442 2337 ,
3475 2282 3529 2326 et
3571 2282 3765 2328 tamen
3797 2273 3846 2326 in

2223 2369 2503 2438 evangelio
2554 2367 2894 2436 pra‘dicando
2943 2381 3339 2433 perseverasse.

2295 2460 2458 2514 Vens.
2479 2460 2538 2514 ‘2l
2555 2500 2567 2513 .
2587 2458 2796 2512 -—.llihr
2821 2459 2953 2511 enim
2978 2459 3077 2512 vita
3103 2457 3181 2529 (.5)
3199 2455 3430 2513 Christus
3453 2467 3525 2511 est
3543 2467 3591 2510 et
3605 2458 3750 2511 mori
3765 2457 3846 2508 lu-

2222 2569 2383 2606 crum.
2404 2552 2517 2606 Non
2545 2553 2702 2624 igitur
2723 2561 2948 2606 mortem
2967 2553 3151 2608 timeo.
3169 2553 3290 2622 quia
3307 2551 3443 2605 mori
3468 2550 3602 2605 mihi
3629 2552 3846 2604 lucrum

2221 2654 2304 2700 est
2327 2663 2459 2699 :non
2492 2648 2601 2716 ipsa
2623 2663 2766 2701 mors
2790 2650 3017 2708 lucrum,
3047 2645 3144 2699 sed
3163 2645 3330 2699 mori:
3359 2645 3462 2698 vita
3479 2655 3664 2698 autem
3689 2642 3849 2700 Chri-

2223 2749 2338 2795 stus
2355 2749 2458 2806 est,
2482 2741 2602 2810 quia
2629 2742 2718 2811 qui
2751 2741 2802 2794 in
2837 2740 2927 2794 illo
2949 2750 3153 2811 sperat,
3177 2755 3393 2809 semper
3413 2739 3568 2800 vivit.
3604 2748 3659 2794 et
3698 2754 3845 2793 nunc

2225 2842 2496 2903 ctpo~tea.
2522 2833 2730 2886 Etenim
2755 2849 2874 2888 cum
2895 2832 3110 2897 dixerit,
3133 2833 3183 2885 in
3201 2847 3428 2900 corpore
3450 2847 3578 2886 meo
3596 2832 3852 2899 magniﬁ-

2224 2931 2431 2984 cahitnr
2459 2927 2724 2987 Christus.
2759 2929 2870 2982 sive
2897 2945 2992 2997 per
3021 2930 3183 2980 vitam
3215 2927 3329 2981 sive
3356 2942 3452 2998 per
3477 2936 3747 2991 mortem,
3780 2925 3843 2979 ad

2227 3024 2387 3077 vitam
2442 3023 2597 3075 istam
2643 3021 2914 3083 referens;
2944 3022 2988 3076 si
3032 3021 3196 3075 vincit
3227 3035 3345 3085 eos,
3387 3019 3479 3088 qui
3511 3019 3615 3073 sibi
3649 3030 3852 3088 parant

2228 3117 2470 3180 insidias,
2497 3126 2549 3171 et
2591 3123 2898 3185 perseverat
2929 3115 2979 3167 in
3013 3112 3340 3184 Evangelii),
3369 3112 3703 3184 gloriabitur
3741 3112 3848 3166 vita

521 3223 724 3268 temere
771 3212 1004 3266 libenter
1051 3207 1327 3275 accepisse
1356 3213 1409 3259 et
1442 3205 1491 3257 in
1523 3205 1772 3273 gaudium
1824 3202 2119 3270 accepisse,

2236 3218 2365 3280 ejus,
2397 3211 2518 3281 quia
2545 3211 2595 3264 in
2625 3210 2841 3264 Christo
2872 3209 3153 3278 gloviatur,
3201 3222 3305 3261 non
3352 3207 3404 3260 in
3454 3206 3693 3270 catenis,
3744 3221 3848 3259 non

523 3304 665 3370 quod
693 3319 907 3373 quoque
938 3301 1099 3356 modo
1137 3299 1387 3353 Chrisms
1415 3299 1828 3352 annuntiaretur
1855 3299 2017 3351 etiam
2049 3296 2119 3350 ab

523 3396 805 3467 improbis,
821 3399 981 3450 etiam
1002 3410 1094 3460 per
1108 3392 1523 3453 coiitumaciam,
1542 3390 1700 3445 etiam
1727 3405 1820 3459 per
1838 3388 2123 3442 invidiam:

528 3489 622 3544 sed
655 3491 753 3543 hoc
775 3505 844 3542 ex
881 3487 1073 3541 liducia
1129 3486 1242 3549 ltei,
1277 3493 1332 3539 et
1378 3484 1784 3546 benevolentia,
1817 3491 1899 3546 et,
1931 3490 1988 3536 ut
2016 3483 2128 3550 ipse

525 3582 624 3646 ait,
657 3597 722 3636 ex
754 3579 1252 3635 subministratione
1283 3576 1483 3632 Clu-isni
1504 3587 1556 3630 et
1597 3577 1817 3646 spiritus
1852 3577 1972 3645 ejus
2001 3591 2131 3630 con-

527 3677 686 3733 ﬁrmo
717 3677 982 3740 futurum;
1013 3683 1067 3730 et
1095 3675 1207 3729 scio
1240 3672 1474 3726 futurum
1497 3713 1510 3734 ,
1543 3671 1796 3742 quoniam
1829 3671 1966 3724 istud
1999 3685 2132 3740 quo-

529 3787 637 3842 quo
667 3768 827 3824 modo
854 3768 958 3838 (6),
991 3767 1131 3836 quod
1172 3769 1583 3836 pronuntiatur,
1616 3764 1718 3819 erit
1753 3780 1936 3819 verum
1965 3806 1978 3829 ,
2003 3765 2129 3818 erit-

532 3877 638 3934 que
659 3870 821 3918 etiam
853 3863 921 3915 ita
954 3869 1014 3916 ut
1036 3861 1150 3929 ipse
1173 3861 1262 3915 ille
1288 3860 1482 3914 Paulus
1507 3862 1636 3925 vult,
1662 3859 1896 3930 quivere
1926 3873 2136 3910 annun-

532 3955 631 4009 tiat
662 3970 678 4011 :
717 3965 771 4010 et
813 3954 1014 4010 idcirco
1037 3958 1132 4018 ait,
1165 3953 1278 4008 seio
1313 3953 1457 4007 enim
1489 3951 1631 4022 quod
1659 3953 1757 4006 hoc
1791 3950 1919 4004 mibi
1948 3965 2138 4020 prove-

536 4050 651 4106 niat
679 4050 732 4104 in
760 4049 987 4104 salutem
1028 4066 1040 4101 :
1087 4057 1142 4101 ut
1180 4048 1280 4102 hoc
1309 4047 1452 4117 quod
1485 4047 1592 4110 illi,
1620 4047 1704 4100 vel
1750 4045 1804 4100 in
1845 4044 2136 4116 perniciem

539 4159 712 4199 meam
747 4141 1126 4212 pronuntiant,
1159 4142 1248 4212 qui
1289 4157 1383 4210 per
1421 4139 1815 4195 contumaciam
1866 4139 2138 4194 Christum

539 4239 932 4310 pronuntiant,
963 4237 1046 4290 vel
1079 4235 1154 4289 illi
1189 4235 1278 4304 qui
1315 4251 1407 4303 per
1446 4233 1699 4289 invidiam
1741 4242 1796 4289 et
1842 4234 2143 4288 contentio—

541 4346 668 4386 nem
698 4329 968 4384 Christum
1000 4327 1385 4398 pronuntiant,
1435 4326 1612 4380 omnia
1657 4335 1834 4381 tamen
1885 4326 1956 4381 ita
2005 4325 2140 4390 scio,

544 4423 801 4494 quoniam
831 4421 959 4476 mibi
992 4419 1306 4490 proveniant
1337 4420 1386 4472 in
1409 4420 1634 4474 Salutem
1660 4461 1673 4483 ,
1704 4421 2146 4474 subministrante

542 4515 982 4574 scilicetChristo
1003 4515 1259 4584 ctspiritu
1283 4514 1396 4584 ejus
1424 4532 1436 4568 :
1468 4510 2144 4585 secundum,inqnit,quml

2231 3307 2284 3362 in
2316 3307 2517 3370 salute,
2570 3321 2672 3362 n0a
2709 3305 2755 3361 si
2803 3303 2934 3358 nihil
2985 3305 3236 3373 patiatur.
3289 3301 3346 3358 Si
3397 3313 3580 3356 autem
3629 3301 3850 3355 occisus

2232 3398 2413 3460 fuerit,
2467 3399 2672 3453 lucrum
2727 3407 2810 3453 est
2860 3398 3017 3461 mori,
3052 3412 3174 3451 cum
3209 3394 3282 3449 illi
3322 3395 3427 3448 vita
3470 3395 3542 3448 sit
3570 3392 3849 3448 Christus.

2234 3492 2323 3548 Sic
2342 3491 2417 3563 (ὅ)
2451 3491 2610 3560 igitur
2641 3489 2866 3560 singulis
2888 3490 3094 3558 singula
3121 3486 3388 3543 reddidit:
3422 3494 3480 3540 ut
3511 3485 3578 3539 ad
3615 3496 3850 3540 mortem

2235 3584 2604 3654 reSpondcrit,
2647 3598 2750 3637 non
2798 3583 2961 3636 timeo
3005 3588 3232 3636 mortem
3259 3621 3273 3644 ,
3307 3595 3428 3634 cum
3480 3577 3615 3632 mihi
3651 3577 3760 3631 vim
3789 3579 3855 3632 su

2236 3677 2506 3734 Christus:
2537 3679 2649 3732 sive
2681 3678 2732 3730 in
2773 3677 2879 3730 vita
2904 3717 2918 3740 ,
2951 3676 3065 3729 sive
3112 3675 3164 3728 in
3204 3673 3411 3728 catenis
3444 3672 3577 3726 licet
3609 3687 3698 3726 me
3735 3672 3854 3725 alli-

2238 3781 2388 3842 gent,
2425 3781 2601 3825 tamen
2636 3770 2760 3823 mihi
2789 3771 2891 3822 vita
2923 3766 3156 3822 Christus
3182 3777 3282 3830 est,
3309 3778 3360 3820 cl
3394 3767 3572 3838 ipsum
3605 3767 3748 3820 mori
3784 3769 3856 3820 lu-

2239 3880 2390 3920 crum
2422 3872 2524 3924 est.
2555 3878 2675 3918 cum
2705 3861 2960 3932 pervenio
2991 3861 3054 3914 ad
3082 3858 3379 3914 Chrismm.
3406 3859 3535 3914 Sive
3560 3867 3858 3927 utrumque

2243 3959 2346 4014 hoc
2376 3956 2600 4026 singulis
2631 3955 3000 4025 superioribus
3040 3953 3218 4019 datur,
3251 3969 3356 4007 non
3397 3953 3565 4008 timeo
3602 3963 3857 4016 mortem,

2243 4052 2362 4123 quia
2410 4058 2510 4105 vita
2564 4049 2684 4103 mihi
2743 4046 2976 4104 Christus
3022 4059 3133 4114 est,
3189 4057 3236 4102 et
3279 4047 3408 4101 mori
3451 4046 3662 4100 (iterum
3717 4059 3792 4102 est
3843 4062 3860 4100 :

2244 4145 2363 4202 sive
2416 4160 2537 4199 cum
2583 4146 2708 4200 vita:
2753 4143 2882 4198 mihi
2929 4145 2978 4196 in
3029 4158 3185 4212 poena
3218 4143 3342 4207 erit,
3399 4158 3507 4195 non
3559 4142 3737 4197 timeo
3790 4143 3862 4196 vi-

2246 4245 2377 4302 tam,
2430 4237 2554 4308 quia
2612 4237 2713 4290 vita
2762 4237 2883 4290 mihi
2943 4235 3176 4290 Christus
3230 4244 3323 4290 est.
3386 4234 3529 4303 Ergo
3587 4235 3673 4289 illi
3737 4233 3859 4289 nihil

2248 4341 2452 4404 agunt,
2497 4332 2609 4386 sive
2657 4346 2742 4387 me
2805 4332 2963 4386 morti
3015 4329 3265 4393 tradant,
3307 4328 3421 4383 sive
3469 4329 3523 4383 in
3587 4331 3702 4383 vita
3748 4345 3860 4384 cru-

2248 4426 2476 4481 ciatihns
2511 4425 2760 4480 dedant:
2815 4424 2947 4480 mihi
2992 4425 3134 4479 enim
3182 4433 3468 4490 utrumque
3516 4438 3629 4478 non
3679 4435 3858 4485 nocet,

2250 4521 2374 4588 quia
2437 4535 2540 4574 non
2609 4528 2691 4574 est
2755 4519 2894 4588 apud
2975 4534 3058 4572 me
3122 4517 3173 4571 in
3229 4517 3514 4570 tormentis
3575 4519 3691 4572 vita
3745 4533 3860 4570 cum

549 4619 796 4678 especto,
833 4619 888 4664 et
929 4623 1080 4679 spem
1133 4606 1321 4671 habeo,
1379 4607 1447 4660 ita
1497 4607 1625 4660 mihi
1688 4606 1878 4660 ﬁducia
1935 4615 2038 4669 est,
2092 4619 2124 4657 ιι

2258 4629 2434 4683 ιιωιιιι,
2475 4622 2759 4684 propterea
2797 4611 2917 4677 quia
2949 4613 3048 4666 rita
3062 4612 3141 4684 (6)
3171 4612 3295 4664 mihi
3327 4611 3565 4665 Christus
3596 4623 3678 4666 est
3708 4630 3728 4667 :
3757 4612 3858 4667 sive

551 4718 822 4770 nunquam
864 4703 992 4756 mihi
1016 4701 1115 4770 ipsi
1144 4709 1395 4767 noceant,
1419 4700 1628 4755 etiamsi
1663 4701 1764 4754 alia
1812 4715 1972 4754 causa
2025 4714 2148 4769 pro-

550 4794 1113 4861 nuntiantChristum,
1150 4804 1208 4848 ut
1237 4810 1336 4865 ego
1377 4809 1564 4864 pinnas
1609 4795 1779 4862 patiar
1805 4803 1860 4848 et
1886 4793 2094 4847 crncier
2137 4809 2150 4846 :

554 4898 736 4944 tamen
767 4889 1014 4958 quoniam
1041 4904 1164 4955 Spes
1195 4905 1310 4942 mea
1330 4897 1384 4942 et
1405 4889 1707 4960 expectatio
1729 4897 1811 4944 est
1831 4887 1898 4942 de
1914 4886 2150 4952 Christo,

557 4981 838 5055 proveniet
860 4982 908 5035 id
937 4981 1061 5036 mihi
1097 4984 1147 5036 in
1177 4983 1426 5038 salutem.

631 5073 797 5130 Vens.
829 5073 921 5128 20.
973 5104 1043 5112 ——
1075 5072 1329 5139 Quoniam
1369 5075 1422 5130 in
1458 5077 1599 5130 nullo
1629 5077 1955 5142 erubescam;
1987 5077 2076 5128 sed
2105 5074 2158 5127 in

559 5167 700 5222 omni
730 5166 945 5236 ﬁducia,
974 5165 1402 5236 quemadmodum
1433 5185 1652 5240 semper,
1681 5182 1724 5224 et
1757 5186 1890 5223 nunc
1919 5167 2160 5238 magniﬁ-

635 5321 717 5405 (i)
759 5321 916 5403 Vulg.
950 5339 962 5373 :
998 5322 1136 5386 Quid
1160 5321 1290 5402 enim
1314 5321 1432 5374 dum
1462 5325 1597 5378 omni
1621 5325 1790 5392 modo,
1823 5327 1926 5380 sive
1957 5342 2045 5394 per
2073 5341 2159 5379 oc-

563 5410 840 5458 castanem,
875 5411 976 5447 sive
998 5410 1087 5465 per
1115 5405 1392 5447 veritatem.

640 5465 720 5538 v72)
757 5465 921 5520 Codd.
943 5466 1033 5538 sed
1059 5467 1197 5518 omni
1221 5471 1463 5532 modo;et
1483 5466 1696 5538 quidem
1719 5483 1746 5522 a
1773 5467 1942 5538 prima
1974 5485 2156 5536 manu,

560 5537 652 5592 sed
677 5539 882 5591 omnino
913 5537 1082 5590 modo.

658 5609 714 5680 3)
752 5608 921 5662 Codd.
955 5608 1127 5680 aliquo
1154 5620 1198 5664 et
1226 5611 1414 5680 aliqua.

657 5683 713 5756 ct)
755 5680 1013 5756 }'ulg.,_e_t
1042 5686 1094 5736 in
1125 5683 1220 5736 hoc
1248 5683 1467 5756 gaudeo,
1499 5683 1586 5738 scd
1616 5691 1660 5739 et
1687 5683 1932 5755 gaudebo.

633 5752 715 5822 (5)
760 5751 832 5822 [ta
859 5751 1019 5807 codd.

633 5820 716 5892 (6)
755 5820 926 5879 Codd.
958 5829 1230 5893 quomodo.

2254 4707 2599 4769 interﬁciant,
2635 4722 2738 4761 non
2771 4717 2854 4760 est
2893 4704 3021 4759 mihi
3051 4716 3103 4759 et
3131 4706 3229 4760 ista
3258 4720 3438 4776 pana,
3460 4705 3587 4774 quia
3613 4707 3726 4759 vita
3747 4707 3858 4759 ιιιιέ

2259 4799 2492 4855 Christus
2523 4810 2614 4865 est,
2647 4809 2693 4854 et
2725 4801 2852 4853 mori
2880 4802 3099 4854 lucrum.

2330 4892 2494 4949 Vsus.
2525 4893 2615 4948 22.
2661 4923 2731 4934 --
2757 4893 2905 4959 Quod
2929 4895 2972 4947 si
3001 4893 3164 4947 τίθετε
3189 4892 3240 4946 in
3262 4908 3433 4952 carne.
3462 4892 3549 4946 hic
3572 4895 3710 4948 mihi
3738 4899 3861 4965 [meo

2261 4995 2342 5040 tus
2373 4987 2541 5056 aperis
2567 4996 2658 5040 est.
2693 4985 2956 5054 Quoniam
2986 5000 3143 5055 supra
3167 4984 3322 5050 dixit,
3351 4986 3452 5038 vita
3475 4987 3608 5040 mihi
3638 4986 3861 5042 Christus

2262 5089 2368 5143 est;
2411 5089 2464 5132 et
2505 5081 2764 5135 incertum
2810 5097 2968 5150 (piam
2999 5081 3160 5134 vitam
3204 5079 3424 5142 dixerit.
3475 5090 3668 5137 utrmn
3718 5085 3859 5138 istam

2262 5188 2382 5244 qua:
2411 5172 2463 5228 in
2491 5189 2674 5241 carne,
2710 5189 2777 5228 an
2809 5173 2958 5229 illam
2988 5189 3107 5244 qua:
3140 5185 3358 5244 postea;
3409 5172 3550 5244 adjei
3571 5176 3611 5230 it
3661 5176 3734 5232 de
3777 5177 3859 5232 ista

2335 5325 2412 5397 (Ι)
2449 5323 2602 5394 Vulg.
2636 5343 2649 5378 :
2677 5324 2807 5390 Quia
2832 5324 2883 5378 in
2914 5324 3055 5379 nullo
3081 5326 3368 5395 confundor
3397 5341 3415 5378 :
3442 5325 3533 5378 sed
3561 5327 3614 5397 in
3647 5329 3788 5381 omni
3811 5326 3862 5395 ﬁ-

2268 5396 2416 5450 ducia
2453 5399 2580 5452 sicut
2621 5412 2835 5468 semper,
2863 5408 2909 5451 et
2949 5414 3084 5452 nunc
3113 5397 3528 5469 magniﬁcabitur
3556 5396 3794 5454 Christus
3818 5398 3860 5450 is

2268 5486 2480 5535 corpore
2510 5485 2638 5524 meo.

2338 5541 2414 5608 (2)
2455 5539 2624 5612 Codd.
2661 5558 2748 5612 per
2772 5541 2983 5612 species.

2460 5611 2632 5666 Codd.
2666 5614 2729 5668 si.

2338 5682 2417 5752 (4)
2461 5684 2638 5754 Vulg.,
2671 5686 2847 5741 vivere.

2338 5755 2414 5828 (5)
2655 5757 2777 5811 sive.

2341 5825 2419 5897 (6')
2458 5827 2626 5884 Codd.
2657 5829 2710 5883 in
2735 5829 2823 5885 vit.
