4024 6306
203 225 339 284 ηιιι

1002 226 1069 282 IN
1112 225 1493 284 EPISTOLAM
1534 224 1739 281 PAULI
1776 225 1869 281 AD
1908 225 2407 285 PIIILIPPENSES
2446 228 2669 284 LIBER.

3375 227 3514 284 1102

204 343 339 409 vita,
366 358 487 414 qua:
516 341 603 398 hic
627 342 677 396 in
705 358 865 398 carne
890 352 995 409 est,
1018 352 1072 398 et
1099 343 1233 398 dixit
1260 342 1613 398 nihilominus
1639 341 1803 397 etiam
1832 341 1887 403 A
1911 352 1968 399 ιιι
1995 360 2094 415 ego
2128 359 2368 416 prmseus
2397 345 2624 400 sentiam
2655 343 3110 416 quemadmodum
3139 344 3307 416 gloria
3331 356 3510 403 vestra

202 435 257 490 in
308 435 405 489 ista
457 434 585 500 vita,
631 450 751 488 cum
793 434 878 489 hic
927 435 977 488 iu
1029 449 1190 489 carne
1216 433 1468 500 vivimus,
1502 434 1702 503 [ructus
1733 442 1804 487 cst

202 529 355 592 mihi,
387 529 580 600 inquit,
608 530 792 602 aperis.
825 529 923 597 Qui
970 531 1070 585 iste
1122 530 1303 601 operis
1345 529 1587 584 fructus?
1631 538 1687 582 ut
1724 528 1807 583 la-

202 624 338 679 bore
362 639 480 679 meo
503 633 555 680 et
584 623 870 694 Evangelio
892 624 1202 680 annuntiem
1226 623 1521 691 Christum,
1546 634 1600 680 et
1622 624 1805 679 multis

198 731 353 789 spem
375 719 495 772 vita:
516 726 570 771 ct
591 717 903 772 salvationis
924 716 1173 785 efﬁciam,
1196 734 1317 773 cum
1341 732 1494 787 spera
1507 733 1563 773 re
1587 718 1638 771 in
1654 717 1805 773 Chri-

198 821 344 865 stum
363 810 647 879 emperint,
665 817 720 863 ct
734 808 889 864 ﬁdem
908 810 1197 881 Evangelio
1214 809 1361 866 dare.
1384 810 1481 865 ιιο
1495 820 1601 873 est,
1615 809 1806 880 inquit,

198 903 333 958 mihi
358 902 392 958 it
408 914 558 958 uetus
579 903 758 971 operis
779 902 941 958 etiam
966 904 1016 957 iu
1042 920 1205 959 carne
1227 904 1430 959 vivere.
1465 901 1532 957 Et
1564 902 1685 973 quid
1711 903 1806 957 cli-

194 1012 316 1066 gum
346 995 544 1066 ignoro.
575 994 699 1050 Sive
728 999 871 1050 enim
904 996 1125 1061 moriar,
1153 996 1274 1066 quia
1308 1012 1443 1050 mors
1474 995 1673 1049 lucrum
1703 1008 1805 1061 est,

193 1103 261 1143 ac
287 1088 413 1141 mihi
451 1087 552 1141 vita
580 1086 815 1142 Christus
836 1097 930 1153 est,
954 1095 1008 1142 et
1028 1088 1093 1141 ad
1127 1088 1274 1142 illmn
1314 1088 1493 1158 utique
1532 1088 1806 1157 pervenio,

196 1198 322 1238 cum
345 1183 545 1237 morior
565 1180 643 1256 (I)
676 1181 762 1238 hic
791 1182 841 1235 in
865 1197 1063 1239 carne:
1098 1183 1213 1238 sive
1244 1199 1428 1238 rursus
1449 1182 1535 1236 hic
1566 1184 1616 1236 in
1646 1198 1809 1238 carne

195 1274 409 1338 vivam,
442 1274 563 1345 quiia
596 1274 726 1329 mihi
759 1274 961 1331 fructus
990 1287 1073 1330 est
1111 1277 1288 1342 operis
1317 1278 1636 1331 annuntiare
1654 1273 1810 1331 Chri-

192 1379 339 1422 stum
388 1377 441 1422 et
489 1366 900 1437 evaugelizare;
939 1366 1062 1439 quid
1112 1369 1318 1439 eligam,
1364 1368 1556 1440 inquit,
1588 1367 1806 1434 nescio;

198 1471 377 1516 utrum
409 1472 635 1517 mortem
674 1471 947 1534 appetam,
983 1478 1051 1517 an
1074 1462 1247 1518 adhuc
1290 1463 1342 1518 iu
1391 1464 1498 1518 vita
1542 1478 1804 1518 maneam.

273 1552 444 1610 Vens.
494 1554 700 1621 23,2l.
753 1586 824 1597 —-
871 1553 1115 1610 Coarctor
1135 1568 1387 1611 autemea:
1415 1556 1632 1621 duobus,
1680 1572 1801 1610 con-

197 1647 567 1717 cupiscentiam
635 1647 822 1703 habens
869 1647 1081 1704 dissolvi
1130 1658 1175 1704 et
1240 1666 1347 1705 esse
1394 1667 1512 1704 cum
1565 1648 1802 1715 Christo,

1910 436 2111 490 exultet
2128 446 2183 490 et
2208 435 2446 492 abundet
2474 438 2524 491 in
2545 434 2783 503 Christo,
2809 436 2952 508 quod
2972 434 3245 492 Christum
3264 438 3507 510 diligitis.

1910 531 2050 603 quod
2063 528 2279 586 Christo
2293 531 2675 601 servitis,quod
2691 530 2904 586 Christo
2919 546 3013 586 vos
3028 532 3231 586 servire
3243 531 3506 599 gaudetis.

1983 621 2149 679 Vens.
2216 623 2308 678 ‘27.
2357 651 2429 663 —-
2480 622 2857 677 Tantummodo
2907 623 3060 694 digne
3110 625 3162 678 in
3231 622 3513 696 Evangelia

1910 710 2101 769 Christi
2124 717 2493 770 conversamini
2512 715 2612 788 (l).
2640 715 2775 770 Tela
2807 716 2929 769 vitm
2962 731 3173 769 summa
3202 714 3514 771 christiana:

1911 807 2009 861 ista
2033 817 2136 871 est,
2165 809 2216 861 in
2244 809 2532 880 Evangelio
2565 805 2784 863 Christo
2826 808 3160 875 eottverSari,
3207 809 3379 879 ipsum
3408 809 3512 865 sibi

1910 899 2230 955 aununtiare
2250 907 2307 956 et
2322 901 2553 962 «veteris,
2571 903 2620 955 in
2643 902 2758 971 ipso
2781 916 2931 970 Spem
2955 900 3353 968 habere,omne
3370 901 3516 972 quod

1910 1005 2024 1063 agat
2058 1007 2125 1046 ex
2159 991 2424 1046 nniudatis
2449 991 2565 1061 ejus
2594 1007 2754 1063 agere
2782 1011 2793 1046 :
2827 993 2928 1047 hoc
2944 1002 3024 1047 est
3047 992 3207 1063 digne
3237 990 3290 1046 in
3324 992 3507 1048 Evan-

1909 1084 2050 1154 gelio
2072 1081 2274 1138 Christi
2299 1086 2630 1139 converSnri.
2663 1083 2769 1141 Sed
2801 1095 2854 1139 et
2883 1083 2984 1139 hoc
3013 1100 3197 1153 parum
3227 1093 3312 1139 est
3340 1102 3352 1137 :
3383 1099 3513 1155 ergo

1908 1175 2237 1246 jungendum
2266 1176 2389 1231 utin
2423 1176 2712 1246 Evangeliu
2739 1178 2937 1232 Chriin
2967 1194 3354 1233 conversemur
3385 1189 3513 1235 ante

1912 1272 2111 1331 omnia,
2144 1280 2199 1324 et
2218 1268 2377 1339 digne
2403 1286 2808 1324 eonversemur.
2848 1270 2941 1325 Est
2975 1269 3133 1341 digne
3174 1270 3510 1337 Conversari,

1912 1359 2207 1415 secundum
2254 1362 2371 1430 ejus
2409 1372 2674 1432 pta-cepta
2716 1363 2936 1427 vivere,
2970 1370 3025 1416 et
3075 1377 3137 1418 ea
3176 1362 3352 1418 facere
3394 1377 3516 1434 qua:

1913 1454 2159 1510 Chrisms
2188 1456 2447 1525 praecipit.
2485 1454 2552 1511 Ut
2579 1457 2685 1511 sive
2707 1474 2823 1510 cum
2850 1473 3030 1511 venero
3054 1498 3069 1525 ,
3101 1466 3149 1512 et
3177 1457 3349 1511 videro
3388 1474 3516 1523 vos;

1911 1548 2016 1602 sive
2039 1566 2129 1621 per
2161 1549 2460 1615 absentiam,
2498 1551 2705 1605 audiam
2731 1550 2794 1604 de
2818 1550 2957 1604 vobis
2999 1550 3243 1622 quoniam
3272 1552 3418 1604 statis
3459 1550 3518 1603 in

1913 1658 2016 1694 uno
2042 1642 2248 1713 spiritu,
2281 1658 2385 1696 una
2409 1643 2581 1696 anima
2616 1651 2961 1696 concertantes
2990 1658 3105 1695 cum
3137 1642 3239 1708 [ide
3284 1640 3517 1712 Evange-

200 1749 390 1811 quarto
431 1738 510 1813 (Ξ)
534 1741 697 1813 magis
726 1742 976 1809 optimum
1001 1752 1090 1795 est.
1130 1741 1197 1797 Ut
1224 1758 1341 1797 vero
1379 1753 1547 1797 autem
1572 1744 1625 1796 in
1653 1758 1807 1797 carne
1836 1737 1885 1797 B
1911 1733 1967 1788 lii
1987 1733 2089 1803 (2).
2114 1733 2232 1803 Ipse
2253 1735 2474 1804 exponit
2495 1734 2620 1802 quid
2646 1734 2716 1789 sit
2740 1733 2899 1803 digne
2922 1734 2972 1787 in
2995 1732 3287 1804 Evangelio
3309 1730 3512 1787 ChriSIi

207 1847 556 1900 permaneant,
616 1833 955 1886 necessarium
1012 1843 1221 1906 propter
1274 1850 1358 1889 vos
1411 1834 1510 1904 (5).
1565 1833 1803 1904 Duplex,

204 1923 414 1995 inquit,
469 1939 556 1981 me
604 1925 903 1983 necessitas
959 1934 1014 1981 et
1065 1926 1335 1998 cupiditas
1392 1927 1443 1981 in
1499 1926 1668 1982 divisa
1726 1926 1807 1997 (4)

207 2016 454 2077 deducit:
482 2034 603 2074 nam
634 2029 688 2074 et
708 2019 879 2075 habeo
897 2022 1355 2091 concupiscentiam
1389 2022 1619 2089 dissolvi,
1654 2021 1707 2077 id
1726 2031 1810 2077 est

209 2110 490 2166 discedere
520 2129 548 2165 a
579 2127 827 2183 corpore,
861 2122 907 2167 et
944 2129 1053 2168 esse
1094 2129 1209 2167 cum
1257 2110 1462 2168 Christo
1474 2130 1513 2190 ;⁸
1545 2113 1705 2169 etiam
1748 2113 1811 2168 il-

211 2203 317 2260 lam
340 2205 442 2279 (5),
474 2205 682 2261 lucrum
713 2207 1006 2278 consequi;
1033 2207 1174 2279 quod
1196 2217 1281 2265 est
1300 2206 1515 2280 quidem
1545 2208 1809 2279 optimum

212 2305 267 2351 et
295 2296 619 2367 eligendum.
641 2295 747 2352 Sed
772 2314 959 2353 rursus
981 2307 1060 2354 est
1084 2300 1214 2353 mihi
1244 2300 1294 2353 in
1326 2314 1491 2355 carne
1514 2300 1810 2356 necessitas

214 2397 274 2442 ut
298 2403 543 2444 maneam
573 2399 629 2444 et
657 2404 997 2460 perseverem
1024 2402 1245 2462 propter
1284 2406 1400 2447 vos.
1434 2391 1511 2459 Ita
1540 2393 1807 2464 superiori

213 2482 353 2554 parti
383 2483 875 2554 concupiscentiam
897 2482 1046 2539 dedit
1069 2484 1288 2540 di~solvi
1309 2485 1447 2541 velle
1464 2494 1659 2541 etesse
1685 2501 1809 2541 cum

212 2574 449 2643 Christo,
466 2578 589 2649 quia
618 2592 889 2633 summum
908 2587 992 2634 est
1009 2587 1065 2634 et
1085 2584 1411 2650 praecipuum
1436 2589 1491 2636 et
1506 2580 1771 2651 Optimum
1793 2598 1808 2648 ;

212 2670 300 2725 hic
335 2681 514 2726 autem
563 2682 621 2725 ut
663 2671 716 2727 in
755 2688 917 2728 carne
959 2672 1134 2728 adhuc
1173 2685 1391 2729 maneat
1433 2675 1809 2731 necessitatem

213 2763 377 2833 magis
414 2761 581 2828 dixit,
612 2779 771 2834 quam
800 2763 979 2829 illam;
1013 2775 1069 2819 ιιι
1101 2778 1321 2836 pr0pter
1363 2767 1466 2822 hoc
1498 2767 1709 2833 vivam,
1756 2774 1814 2821 ut

214 2872 313 2912 vos
343 2858 602 2912 instruant
625 2902 638 2918 ,
674 2868 732 2912 ιιι
759 2874 856 2913 vos
898 2857 949 2913 in
989 2859 1278 2931 Evangelia
1308 2862 1646 2917 conﬁrmem.
1676 2860 1809 2917 Cum

213 2952 377 3023 igitur
419 2950 555 3006 duas
584 2951 752 3008 veluti
780 2953 1250 3023 cont-Upisceutias
1285 2954 1500 3017 haheat,
1530 2957 1813 3010 coulirmat

212 3060 248 3099 ιι
272 3060 372 3099 iam
391 3047 533 3118 quod
564 3046 650 3101 hic
679 3045 732 3101 iu
757 3061 922 3102 carne
944 3046 1121 3102 adhuc
1143 3049 1415 3113 manebit;
1437 3059 1493 3105 et
1522 3050 1623 3105 hoc
1640 3051 1812 3104 cnuﬁ-

1909 1827 2241 1890 couvcrsmi,
2259 1843 2359 1880 uno
2383 1826 2570 1895 spiritu
2591 1836 2822 1892 stantes,
2848 1843 2954 1880 una
2980 1826 3152 1880 anima
3169 1836 3518 1880 concertantes

1911 1935 2027 1973 cum
2066 1918 2167 1986 ﬁde
2209 1916 2527 1991 Evangelii:
2568 1918 2771 1990 Spiritu
2826 1931 3029 1984 autem,
3075 1919 3258 1991 inquit,
3310 1927 3519 1973 stantes

1912 2027 2013 2066 uno
2044 2028 2060 2068 :
2093 2012 2216 2081 quia
2249 2028 2389 2067 unus
2432 2020 2516 2067 est
2556 2014 2777 2082 spiritus
2822 2026 2945 2066 cum
2994 2010 3105 2081 jam
3158 2011 3417 2081 SapimuS,
3461 2019 3519 2066 et

1915 2103 2262 2174 Evangelium
2290 2105 2556 2159 sentimus
2584 2144 2599 2169 ,
2623 2112 2678 2159 et
2703 2102 2776 2158 ita
2800 2102 3049 2158 vivimus.
3099 2103 3308 2159 Animae
3333 2113 3518 2158 autem

1912 2208 2050 2266 Opus
2080 2195 2184 2250 huc
2222 2205 2306 2251 est
2326 2238 2340 2259 ,
2373 2204 2430 2251 ut
2458 2194 2682 2251 adversa
2711 2196 2958 2267 corporis
2988 2195 3360 2266 expellamus:
3391 2194 3516 2251 ideo

1916 2305 2043 2355 una,
2074 2290 2264 2360 inquit,
2296 2300 2672 2345 concertantes
2697 2305 2821 2345 cum
2869 2289 3010 2356 ﬁde;
3043 2306 3204 2361 quam
3238 2289 3397 2346 ﬁdem
3427 2305 3525 2344 vo-

1915 2384 1997 2438 bis
2024 2382 2378 2456 EVangelium
2410 2385 2577 2440 dedit.
2608 2384 2748 2456 Ergo
2772 2393 2946 2450 state,
2981 2385 3174 2455 inquit,
3199 2384 3251 2439 in
3280 2399 3387 2439 uno
3413 2384 3525 2455 Spi-

1915 2475 2042 2543 ritu,
2067 2484 2121 2532 et
2159 2476 2520 2532 colluetamini
2566 2492 2669 2531 una
2715 2477 2892 2531 anima
2922 2492 3046 2533 cum
3083 2477 3187 2532 lide
3216 2476 3514 2547 Evangelii.

1991 2567 2187 2623 Verum
2232 2567 2350 2623 haec
2394 2569 2660 2639 expositio
2700 2568 2828 2623 illud
2875 2569 3119 2624 continet.
3157 2568 3301 2640 quod
3353 2582 3520 2639 supra

1914 2662 2068 2729 dixit,
2099 2663 2259 2735 digne
2287 2665 2338 2735 in
2366 2662 2659 2734 Evangelia
2687 2660 2886 2718 Christi
2918 2663 3338 2719 c0uversamiui.
3370 2662 3519 2732 Quo-

1916 2756 2076 2811 modo
2099 2767 2276 2811 autem
2301 2770 2359 2811 se
2383 2756 2615 2811 habeant
2633 2755 2796 2812 verba
2815 2766 2871 2810 ut
2896 2758 3103 2826 integra
3132 2756 3235 2811 sibi
3256 2766 3307 2811 et
3333 2756 3519 2826 juncta

1914 2853 2052 2915 sint,
2084 2851 2163 2906 sic
2191 2851 2533 2906 attendemus
2558 2869 2571 2906 :
2597 2850 3020 2915 conversamini,
3055 2850 3248 2921 inquit,
3281 2850 3441 2920 digne
3461 2848 3518 2903 iu

1915 2944 2242 3012 Evangelia,
2275 2955 2332 3000 ut
2366 2944 2526 3015 digne
2570 2944 2720 2998 vobis
2759 2945 2967 2998 audiant
2997 2945 3237 3015 quoniam
3273 2944 3419 2998 statis
3463 2943 3521 2997 in

1914 3054 2019 3092 uno
2053 3038 2239 3108 spiritu
2272 3048 2317 3092 et
2343 3056 2443 3093 una
2481 3038 2658 3092 anima
2692 3048 3040 3093 concertantes
3073 3055 3187 3092 cum
3219 3038 3322 3108 ﬁde
3347 3036 3520 3093 Evan-

212 3138 401 3194 denter
433 3140 567 3205 scio,
602 3142 854 3210 quoniam
896 3145 1146 3209 manebo,
1189 3153 1244 3199 et
1280 3145 1609 3214 permanebo
1639 3145 1808 3211 vobis,
1840 3131 1886 3194 C
1917 3130 2059 3200 Πείίί·
2100 3129 2330 3186 Audiam
2362 3144 2542 3186 “mem
2577 3133 2659 3185 νθι
2702 3147 2792 3200 Per
2818 3130 3129 3192 αινδεηιὶαηιι
3163 3130 3294 3186 ﬁdes
3334 3140 3517 3185 autem

212 3231 277 3285 ad
308 3242 542 3288 vestrum
578 3232 874 3304 profectum
899 3243 954 3289 et
974 3240 1200 3305 gratiam
1232 3236 1377 3291 ﬁdei.
1407 3236 1541 3292 Vere
1563 3246 1621 3292 ut
1638 3246 1807 3308 pater,

213 3342 339 3382 vere
368 3335 427 3382 ut
457 3327 685 3383 famulus
719 3329 832 3394 Dei,
860 3329 927 3385 de
954 3331 1163 3387 duabus
1197 3332 1585 3402 cupiditatibus
1614 3333 1725 3387 suis
1746 3332 1813 3387 il-

214 3418 319 3473 lam
352 3421 502 3490 qnasi
538 3421 773 3493 reliqut,
797 3440 915 3492 quin
947 3423 1048 3496 ipsi
1081 3433 1282 3479 tantum
1315 3425 1807 3496 fueratprofutura,

221 3520 273 3565 ut
288 3511 400 3581 jam
420 3512 616 3580 abiret,
634 3514 743 3585 jam
759 3514 1146 3570 dissolveretur
1167 3525 1421 3588 essetque
1438 3516 1808 3573 cuntChristo.

288 3604 452 3661 Vsus.
494 3605 587 3664 25.
635 3636 706 3649 -
750 3604 988 3677 Conﬁdo,
1021 3610 1231 3680 inquit,
1262 3619 1309 3663 et
1339 3609 1650 3677 conﬁdenter
1679 3610 1808 3676 scio,

213 3700 455 3772 quoniam
479 3700 614 3757 Deus
641 3718 721 3757 me
745 3704 828 3757 hic
848 3704 1017 3757 adhuc
1042 3719 1152 3758 esse
1171 3704 1347 3775 faciet,
1368 3716 1420 3758 ut
1443 3720 1811 3775 permaneant;

213 3803 260 3847 et
295 3794 620 3863 permanebo,
652 3805 706 3849 ut
736 3796 872 3850 vobis
907 3794 1140 3849 omnibus
1178 3797 1393 3867 prosim,
1435 3806 1480 3850 et
1522 3797 1810 3869 profectum

213 3885 442 3940 habeatis
467 3887 536 3941 ad
562 3888 780 3959 gloriam
800 3888 923 3955 fidei
947 3886 1044 3959 (6).
1070 3886 1316 3955 Manebo,
1347 3887 1520 3958 inquit
1538 3929 1553 3951 ,
1579 3896 1634 3942 et
1663 3887 1811 3958 adje—

212 3979 282 4034 cit
310 3981 562 4052 amplius,
593 3992 641 4036 et
668 3981 989 4052 permanebo,
1025 3982 1075 4037 id
1097 3992 1200 4047 est,
1223 3997 1393 4052 usque
1423 3982 1489 4035 ad
1519 3981 1809 4052 perfectio-

215 4089 336 4131 nem
369 4075 629 4142 mauebo;
669 4075 1050 4146 perfectionem
1098 4083 1276 4129 autem
1325 4076 1595 4145 prolectus
1619 4074 1806 4143 vestri,

215 4178 272 4224 ut
300 4168 595 4239 proﬁciatis
633 4177 690 4223 et
713 4169 938 4240 gratiam
969 4169 1397 4240 consequamiui,
1420 4168 1540 4224 ﬁdei
1565 4170 1807 4236 scilicet;

216 4262 268 4319 id
283 4272 365 4319 est
392 4280 514 4319 eum
545 4264 703 4333 ﬁdem
733 4264 999 4333 prtcstatis
1028 4281 1056 4318 a
1089 4267 1199 4321 Deo
1220 4266 1445 4335 gratiam
1471 4266 1808 4322 mercamini.

286 4357 449 4415 Vsus.
474 4358 566 4416 26.
596 4390 669 4400 -—
693 4358 759 4415 Ut
777 4359 943 4430 gloria
974 4369 1021 4414 et
1041 4359 1287 4415 exultatio
1316 4369 1479 4414 vestra
1507 4361 1728 4414 abundet
1757 4361 1811 4416 in

216 4453 417 4511 Christo
446 4454 569 4510 Jesu
600 4472 753 4528 penes
787 4471 897 4519 me,
944 4471 1035 4525 per
1065 4455 1393 4523 prtesentiant
1439 4470 1601 4510 meant
1644 4454 1812 4510 denuo

1915 3226 2048 3290 erit,
2074 3235 2131 3278 ut
2157 3239 2279 3278 cum
2307 3225 2519 3278 audiam
2538 3263 2554 3287 ,
2579 3222 2833 3289 credam,
2856 3238 2979 3279 cuiu
3005 3238 3204 3278 venero
3228 3222 3294 3278 ad
3321 3237 3437 3285 vos,
3463 3232 3520 3279 et

1915 3316 2103 3372 videro
2137 3332 2253 3372 vos.
2287 3317 2406 3372 .Sive
2433 3334 2522 3391 per
2551 3317 2833 3373 absentiam
2866 3317 3079 3370 audiam
3118 3317 3179 3370 de
3210 3317 3346 3371 vobis
3369 3360 3384 3386 ,
3408 3316 3523 3386 jam

1912 3408 1979 3464 ad
2013 3422 2297 3479 utrmuque
2320 3409 2512 3464 videro
2539 3413 2917 3480 vos,qnnniam
2935 3409 3153 3465 statisin
3176 3424 3282 3463 uno
3304 3408 3519 3479 spiritu.

1984 3500 2148 3556 Vens.
2181 3501 2253 3556 ‘28
2317 3532 2389 3542 —
2412 3498 2476 3555 Et
2534 3518 2624 3557 nec
2671 3503 2723 3555 in
2776 3517 3095 3571 quocumque
3126 3500 3288 3555 territi
3314 3500 3427 3554 sitis
3452 3500 3516 3553 ab

1911 3593 2223 3670 adversariis
2254 3593 2332 3663 ('5)
2358 3610 2373 3648 ς
2399 3603 2452 3648 et
2484 3593 2584 3649 hoc
2610 3609 2745 3662 Opus
2773 3596 3005 3663 pertinet
3034 3592 3101 3647 ad
3129 3594 3522 3662 expositionem

1912 3685 2056 3758 quod
2079 3696 2160 3740 est
2191 3686 2349 3757 digne
2377 3685 2430 3740 in
2465 3686 2755 3758 Evangelio
2777 3684 2979 3741 Christi
3002 3685 3331 3750 conversari,
3361 3699 3517 3740 num-

1912 3796 2073 3852 quam
2108 3780 2298 3835 Ierreri
2328 3780 2396 3833 ah
2426 3780 2780 3846 adversariis,
2819 3793 2917 3835 nec
2957 3778 3011 3834 in
3052 3778 3233 3849 aliquo
3275 3776 3467 3833 terreri
3502 3794 3518 3829 :

1913 3873 2344 3946 quandoquidem
2374 3885 2456 3929 est
2483 3873 2590 3928 illis
2616 3873 2910 3929 declaratio
2940 3873 3211 3928 interitus.
3242 3870 3398 3929 nobis
3423 3886 3522 3926 att-

1916 3977 2020 4025 tem
2066 3968 2274 4023 salutis.
2314 3967 2460 4034 lloc,
2491 3968 2698 4038 inquit,
2733 3984 2839 4022 non
2887 3967 3072 4022 terreri
3105 3965 3184 4039 (4)
3222 3964 3518 4035 Erangelio

1913 4063 2229 4118 servientes.
2264 4061 2320 4117 Id
2363 4070 2447 4116 est
2479 4062 2656 4117 omnis
2701 4072 2852 4115 aetus
2882 4058 3158 4115 christiani
3188 4057 3255 4113 ad
3286 4056 3515 4112 salutem

1913 4166 2017 4217 est.
2049 4173 2154 4211 non
2187 4154 2495 4211 conturbari
2525 4154 2591 4208 ah
2616 4153 2880 4219 adversis,
2911 4152 3068 4207 Iidem
3090 4150 3367 4222 Evangelii
3396 4165 3518 4206 cre-

1913 4250 2042 4306 dere
2069 4251 2120 4305 in
2145 4249 2389 4314 Christo,
2421 4250 2526 4320 pati
2558 4263 2655 4320 pro
2685 4248 2900 4303 Christo
2922 4291 2937 4315 ,
2973 4246 3241 4316 simulque
3267 4245 3428 4299 etiam
3458 4253 3523 4299 ut

1913 4346 2150 4401 sciamus
2178 4361 2248 4400 ex
2281 4344 2372 4398 Dei
2402 4344 2573 4416 gratia
2607 4342 2911 4413 Proveuire.
2946 4340 3086 4406 Ergo
3118 4339 3270 4403 haec,
3300 4337 3519 4406 inquit,

1917 4455 2002 4497 res
2026 4455 2136 4495 non
2160 4439 2351 4495 terreri
2369 4439 2422 4494 in
2435 4439 2616 4509 aliquo
2643 4436 2713 4492 ah
2743 4433 3088 4498 adversariis,
3104 4440 3160 4487 et
3172 4430 3328 4486 nobis
3348 4430 3415 4486 ad
3437 4445 3526 4486 sa-

215 4549 355 4621 apud
382 4566 467 4604 vos
490 4524 693 4623 (7).'Ut
715 4565 836 4604 cum
867 4524 1008 4619 apud
1049 4563 1144 4603 vos
1185 4562 1307 4605 esse
1338 4550 1528 4604 iterum
1569 4563 1808 4619 coepero,
1837 4530 1894 4592 D
1917 4535 2084 4591 lutem
2098 4530 2825 4599 est,etuostrisadversariis
2841 4542 3003 4583 causa
3019 4534 3112 4623 est
3118 4524 3183 4580 ad
3211 4525 3526 4581 interitum:

218 4643 320 4700 hoc
352 4654 436 4701 est
475 4660 566 4715 per
591 4645 913 4715 praesentiam
944 4660 1105 4697 nteant
1138 4643 1306 4698 denuo
1334 4643 1401 4697 ad
1450 4659 1568 4707 vos,
1608 4643 1810 4699 exultet

217 4742 388 4814 gloria
425 4752 622 4805 vestra,
647 4748 703 4797 et
724 4739 945 4794 abundet
968 4740 1080 4809 ipsa
1104 4737 1347 4793 exultatio
1366 4738 1421 4791 in
1451 4736 1657 4793 Christo
1684 4736 1814 4793 Jesu

219 4851 371 4906 penes
394 4851 494 4900 me,
507 4850 598 4905 per
614 4832 939 4905 prasentiam
963 4846 1128 4887 meum
1147 4831 1315 4886 denuo
1335 4830 1477 4901 apud
1500 4847 1587 4888 vos
1609 4848 1629 4886 :
1654 4831 1708 4887 id
1729 4840 1814 4890 est

287 4981 368 5054 (l)
405 4981 576 5037 Codd.
604 4981 801 5054 metior.

292 5055 373 5122 (2)
411 5053 485 5110 ιι..
511 5053 671 5108 codd.

292 5120 371 5197 (5)
418 5126 553 5196 Vulg
600 5143 614 5180 :
647 5123 892 5180 Coarctor
917 5120 1361 5197 autemeduobus,
1387 5120 1699 5197 desiderium
1719 5123 1814 5177 ha-

220 5192 341 5253 bens
371 5192 583 5252 dissolvi
610 5207 657 5250 et
681 5213 792 5251 esse
811 5212 929 5251 cum
953 5194 1175 5252 Christo.
1212 5192 1372 5248 multo
1395 5194 1558 5263 magis
1586 5195 1767 5249 melius
1794 5210 1813 5249 :

220 5286 516 5341 permanere
541 5278 713 5323 autent
740 5270 791 5322 in
816 5284 968 5322 carne
997 5266 1337 5322 necessarium
1365 5274 1573 5339 propter
1592 5280 1701 5327 vos,

314 5340 371 5407 4)
414 5341 487 5397 Ita
517 5340 674 5397 codd.
706 5354 803 5405 pro
832 5341 1051 5394 diversa.

315 5414 371 5484 5)
421 5412 496 5468 Ita
522 5410 679 5469 codd.
712 5411 955 5482 Intelligo
983 5419 1161 5484 autem
1187 5409 1671 5479 concupiscentiam.

293 5481 378 5557 (6⁷)
419 5484 573 5557 vulg.
606 5502 619 5538 :
657 5484 719 5557 Et
764 5484 858 5537 hoc
901 5482 1165 5557 confidens
1204 5484 1343 5546 scio,
1374 5483 1497 5553 quia
1525 5481 1738 5537 manebo
1766 5490 1815 5536 et

221 5552 781 5631 pemtanebo'omnibus
807 5554 946 5609 vobis
970 5552 1039 5607 ad
1068 5558 1351 5627 profectum
1380 5552 1602 5609 vestrum
1620 5565 1667 5609 et
1686 5569 1816 5625 gau-

221 5629 272 5685 di
280 5646 364 5683 nm
393 5629 532 5693 ﬁdei.

301 5701 381 5772 (7)
427 5700 578 5771 Vulg.
622 5697 689 5755 Ut
730 5697 1011 5772 gratulatio
1057 5705 1221 5772 vestra
1250 5696 1472 5772 abundet
1499 5697 1557 5752 in
1611 5692 1815 5754 Christo

221 5768 423 5831 Jes'u'iti
448 5768 634 5843 me'per
655 5768 822 5825 meum
842 5769 1112 5825 adventant
1133 5768 1314 5824 iterum
1334 5768 1402 5823 ad
1421 5784 1528 5823 vos.

1919 4636 1976 4685 et
2002 4627 2103 4683 hoc
2122 4639 2298 4683 tamen
2325 4625 2524 4681 denum
2547 4636 2625 4681 est
2659 4623 2771 4679 Dei.
2796 4620 2865 4676 Et
2895 4622 2991 4675 hoc
3019 4637 3051 4673 a
3073 4617 3182 4675 Deo
3208 4634 3229 4673 :
3246 4634 3314 4674 ne
3340 4633 3524 4686 opera:

1921 4732 2123 4778 nostrae
2139 4729 2387 4792 putemus
2413 4733 2553 4778 esse.
2574 4716 2715 4789 quod
2743 4731 2849 4771 nou
2872 4714 3061 4769 terreri
3079 4726 3241 4767 causa
3269 4709 3426 4766 nobis
3443 4718 3529 4768 est

1919 4812 1987 4868 ad
2003 4812 2228 4869 salutem
2253 4828 2266 4865 :
2294 4826 2415 4866 nam
2433 4810 2604 4866 ethoc
2617 4825 2646 4862 a
2663 4808 2771 4863 Deo
2787 4816 2892 4871 est,
2909 4807 3065 4862 sicuti
3083 4802 3395 4872 frequenter
3407 4816 3526 4858 mo-

1919 4906 2107 4973 nui,ut
2132 4905 2224 4961 Dei
2258 4913 2389 4960 nutu
2412 4914 2466 4959 et
2495 4898 2868 4958 misericordia
2894 4908 2950 4955 et
2974 4897 3145 4971 gratia
3171 4895 3520 4952 ﬁantonmia.

1993 4998 2164 5055 Vens.
2208 4996 2303 5059 29.
2333 4998 2424 5054 50.
2456 5026 2529 5038 —
2565 4996 2822 5065 Quoniam
2875 4991 3013 5049 vobis
3068 4992 3314 5047 donatum
3368 4998 3444 5046 est
3490 5004 3526 5042 a

1910 5093 2128 5150 Christo
2158 5091 2262 5165 (5).
2286 5089 2447 5147 Omni
2484 5089 2863 5147 exhortatione
2909 5095 3175 5158 przecepta
3235 5083 3351 5139 haec
3401 5081 3526 5152 jun-

1917 5194 2032 5266 git:
2061 5192 2294 5265 pertinet
2329 5191 2473 5248 enim
2522 5191 2681 5259 digne
2732 5190 2786 5246 in
2815 5186 3109 5261 Evangelio
3162 5185 3359 5244 Christi
3390 5197 3525 5240 con-

1919 5288 2125 5345 versari
2179 5286 2309 5361 quid
2373 5287 2480 5357 sit,
2533 5286 2612 5345 sic
2665 5284 2955 5342 ostendere
3008 5283 3307 5340 secundum
3359 5294 3525 5352 supe-

1990 5405 2069 5481 (I)
2108 5405 2267 5481 yulg.
2300 5404 2519 5481 Tantum
2547 5404 2701 5477 digne
2726 5401 3054 5481 Evang._etc.

1993 5468 2075 5553 (2)
2107 5468 2283 5553 Vulg.,
2307 5468 2635 5553 siveabsens'.
2655 5468 2967 5553 Δᾳιιιιίίιιιιιίἰε
2989 5470 3273 5553 vobisquid
3299 5469 3444 5553 statis
3462 5468 3518 5524 in

1920 5540 2242 5624 unoispirit'u
2268 5540 2553 5624 unanimes.
2581 5546 2958 5624 collaborantes
2976 5542 3097 5624 ﬁdei
3125 5540 3416 5624 Evangelii.

1996 5613 2095 5692 ('5)
2123 5624 2299 5693 Vulg.,
2322 5619 2389 5675 Et
2416 5621 2470 5674 in
2500 5619 2644 5673 nullo
2670 5616 2958 5693 ιειξνριαιιιὶιιι
2987 5615 3050 5668 ab
3075 5613 3403 5669 adversariis.

1994 5686 2079 5768 (4)
2117 5686 2314 5768 good,
2336 5703 2543 5768 terrere,
2567 5701 2628 5768 _e_t
2656 5688 2872 5768 quidem
2899 5686 3018 5743 sine
3038 5703 3161 5768 non.

1999 5753 2081 5837 (5')
2123 5753 2312 5837 Vulg,
2338 5763 2472 5829 Quia
2497 5753 2636 5818 vobis
2663 5753 2909 5817 donatum
2936 5768 3010 5815 est
3036 5772 3129 5830 pro
3149 5753 3371 5815 Chrisloi
