4024 6306
540 296 680 354 19.05

1787 279 1973 335 MAR"
2022 275 2358 332 VICTORINI
2415 277 2574 332 AFRI

3699 279 3839 334 19m

539 415 684 470 riora
711 415 1008 479 praecepta:
1033 415 1083 459 et
1116 418 1254 458 nunc
1281 419 1400 457 Clllll
1427 399 1732 456 exhortatio
1754 397 2056 467 adjuttgilur
2078 406 2133 449 ut
2167 397 2210 455 Λ
2241 396 2403 464 igitur
2426 396 2467 448 si
2491 406 2572 449 est
2600 394 2896 449 consolatio
2924 393 3258 459 dilectionis,
3286 406 3342 449 ut
3368 395 3488 465 quia
3521 410 3617 450 vos
3643 397 3842 465 diligo,

544 505 762 561 credant
806 503 858 555 in
895 497 1148 561 Christo;
1185 510 1359 566 neque
1403 501 1608 547 tantum
1656 489 1907 555 credanl,
1950 489 2042 542 sed
2085 497 2148 542 ut

549 601 711 653 etiam
743 594 1014 666 patiantur
1043 606 1138 661 pro
1170 589 1281 644 illo.
1320 591 1448 654 Qui:
1489 596 1664 640 autem
1693 585 1980 654 patiantur,
2011 581 2144 637 sub-

541 692 753 762 jungit:
790 686 873 740 vel
895 701 1012 754 qure
1039 685 1095 738 in
1127 697 1210 737 me
1240 683 1456 747 vidistis,
1475 681 1559 734 vel
1588 695 1659 748 qu
1678 696 1706 731 e
1735 680 1801 731 de
1829 691 1912 731 me
1939 674 2022 748 (l)
2051 693 2145 728 au-

549 785 698 839 distis
729 798 747 836 :
774 782 874 833 hoc
902 787 984 832 est
1020 778 1162 831 enim
1191 775 1351 845 digne
1382 776 1432 828 in
1464 772 1757 842 Evangelia
1787 770 1984 824 Christi
2013 784 2143 823 cono

546 873 786 932 versari.
821 881 875 926 et
913 873 1013 924 hoc
1053 867 1196 923 dono
1225 866 1408 920 datum
1449 875 1528 919 est
1571 864 1724 918 nobis
1768 878 1863 933 pro
1887 861 2106 917 Christo
2129 903 2144 926 ,

547 969 798 1042 quoniam
820 967 907 1019 ille
935 965 1248 1034 mysterium
1266 960 1578 1030 complevit,
1603 967 1656 1013 et
1683 957 1748 1011 ad
1774 956 2145 1011 liberationem

548 1074 788 1118 nostram
842 1073 1029 1128 passus
1057 1064 1140 1110 est
1185 1054 1385 1108 omnia.
1431 1053 1532 1106 Pro
1577 1052 1693 1121 ipso
1743 1051 1901 1119 igitur
1947 1047 2147 1103 donum

552 1153 708 1208 nobis
739 1150 908 1212 dedit,
939 1159 996 1201 ut
1025 1146 1310 1200 credamus
1329 1146 1378 1198 itt
1407 1160 1550 1198 eum.
1579 1143 1824 1213 Magnum
1851 1149 2026 1194 autem
2053 1140 2152 1193 do-

550 1261 676 1300 num
705 1287 718 1308 ,
751 1244 794 1297 si
831 1242 948 1295 Sola
990 1241 1040 1294 in
1069 1255 1189 1292 eum
1227 1237 1328 1293 [ide
1358 1247 1558 1290 tantam
1596 1237 1820 1306 gratiam
1854 1247 2146 1288 uteremur.

549 1338 657 1394 Sed
703 1338 776 1390 ita
805 1334 1089 1389 credamus
1115 1374 1129 1398 ,
1156 1342 1209 1385 ut
1245 1331 1403 1385 etiam
1453 1331 1717 1398 patiamur
1747 1344 1843 1396 pro
1884 1327 2014 1391 illo;
2049 1325 2152 1381 hoc

551 1432 694 1486 enim
765 1429 1098 1498 subjungit:
1161 1423 1228 1478 Id
1295 1426 1460 1492 ipsum
1508 1434 1760 1478 certamen
1826 1431 1871 1474 et
1937 1436 2153 1490 agonem

550 1524 790 1578 habentes
807 1564 822 1587 ,
847 1538 994 1589 quem
1020 1531 1064 1574 et
1088 1519 1284 1573 vidistis
1312 1519 1364 1572 in
1413 1535 1508 1584 me,
1541 1527 1586 1572 et
1611 1516 1825 1571 audistis
1851 1515 1915 1570 de
1942 1531 2020 1568 me
2045 1515 2148 1587 (2).

551 1620 622 1674 Ut
643 1632 738 1672 vos
759 1631 973 1687 quoque
1003 1614 1285 1669 credentes
1309 1615 1362 1668 in
1386 1612 1621 1677 Christo,
1653 1611 1925 1681 patiamini
1969 1612 2151 1666 omnia

551 1725 655 1782 pro
685 1711 806 1776 illo,
861 1709 912 1762 id
960 1718 1043 1762 est
1090 1715 1309 1776 propter
1355 1706 1550 1774 ipsum.
1605 1703 1807 1758 Facere
1860 1703 2004 1758 enim
2037 1719 2154 1757 om-

2250 503 2346 542 vos
2375 504 2462 544 me
2491 488 2842 543 consolemini
2875 487 2926 542 in
2955 488 3108 542 malis
3140 489 3189 542 in
3220 490 3417 558 quibus
3440 505 3592 544 sum:
3629 491 3848 561 implete

2252 596 2379 651 ergo
2400 580 2648 650 gaudium
2671 595 2871 636 meum.
2887 579 3124 650 Singulis
3147 595 3275 652 ergo
3293 580 3395 636 hoc
3418 581 3844 652 adjungendmn.

2255 673 2460 728 Deinde
2504 673 2738 740 adjecit,
2767 676 2810 728 si
2839 691 2938 744 qua
2957 676 3170 729 societas
3205 675 3434 743 spiritus.
3470 673 3628 728 Bono
3666 673 3852 730 ordine

2252 777 2304 820 et
2330 765 2432 820 hoc
2464 767 2675 820 tertium
2703 783 2714 818 :
2743 782 2864 821 nam
2893 770 3122 839 primum
3148 775 3233 821 est
3257 765 3509 821 advocari
3539 768 3592 820 in
3616 767 3853 833 Christo,

2251 856 2447 912 deinde
2495 857 2838 914 dilectionem
2887 857 3133 915 habere:
3171 873 3291 914 cum
3341 867 3518 912 autem
3569 868 3856 930 utrumque

2254 950 2433 1015 fuerit,
2461 958 2519 1003 ut
2548 949 2656 1020 jam
2682 960 2736 1005 et
2764 950 3009 1005 advocati
3041 951 3092 1005 in
3119 948 3340 1004 Christo
3368 951 3497 1016 sint,
3529 959 3583 1005 et
3611 953 3859 1006 cnttsola-

2256 1041 2456 1095 tionem
2497 1039 2733 1096 habeant
2776 1043 2914 1096 inter
2957 1056 3014 1097 se
3055 1041 3283 1097 dilectus
3319 1040 3400 1112 (Ι)
3428 1052 3483 1096 et
3512 1039 3857 1109 dilectionis,

2254 1137 2373 1188 sine
2401 1132 2564 1188 dubio
2590 1143 2673 1189 est
2702 1137 2934 1190 societas
2963 1136 3205 1205 spiritus.
3232 1134 3293 1190 Si
3315 1151 3437 1204 qua,
3455 1137 3653 1205 inquit,
3673 1150 3759 1192 ρει
3789 1153 3862 1191 so-

2255 1227 2406 1280 cietas
2427 1226 2655 1294 spiritus.
2681 1225 2976 1282 Audiamus
3000 1227 3151 1293 illud,
3172 1229 3377 1307 implete
3397 1229 3654 1300 gaudium
3679 1247 3859 1285 meum.

2258 1316 2509 1387 Adiungit
2536 1317 2752 1384 deinde,
2781 1320 2825 1372 si
2844 1336 2943 1390 qua
2969 1320 3164 1373 viscera
3190 1330 3238 1374 et
3268 1321 3649 1377 miserationes.
3694 1321 3865 1379 Unum

2255 1411 2398 1464 enim
2447 1424 2643 1477 corpus
2684 1410 2917 1465 ellicitur
2957 1411 3244 1479 Ecclesiae,
3278 1427 3399 1466 cum
3431 1412 3536 1468 sibi
3583 1416 3773 1469 vocati
3820 1417 3865 1471 iu

2255 1499 2471 1556 Christo
2499 1503 2764 1558 charitate
2782 1503 3103 1574 junguntur,
3128 1505 3428 1576 junguntur
3447 1508 3612 1561 etiam
3651 1510 3865 1578 spiritu,

2255 1604 2312 1650 et
2335 1594 2470 1648 liont
2494 1593 2684 1650 eadem
2717 1595 2920 1651 viscera
2943 1607 2998 1652 et
3024 1597 3227 1652 eaedem
3257 1599 3661 1655 miserationes.
3682 1600 3748 1655 Si
3773 1618 3866 1670 qua

2255 1685 2417 1757 igitur
2439 1686 2672 1751 viscera,
2690 1688 2733 1741 si
2755 1703 2875 1755 quae
2901 1689 3259 1742 miserationis
3281 1688 3385 1744 sint
3409 1690 3644 1756 viscera,
3678 1691 3753 1748 ad
3779 1697 3869 1750 hoc

553 1777 642 1859 nia
673 1845 688 1870 ,
746 1816 919 1872 neque
951 1802 1001 1853 in
1042 1800 1204 1852 alium
1238 1795 1502 1858 converti,
1537 1806 1586 1850 et
1634 1809 1731 1866 pro
1768 1794 1862 1849 illo
1893 1794 2000 1865 pati
2036 1807 2150 1847 om.
2183 1806 2228 1865 Β
2255 1787 2317 1832 ut
2345 1779 2557 1833 vocatio
2585 1779 2656 1832 sit
2685 1777 2739 1832 in
2764 1779 3002 1845 Christo,
3025 1789 3079 1836 et
3107 1779 3338 1836 societas
3368 1782 3419 1836 in
3451 1785 3676 1852 spiritu.
3713 1784 3866 1842 Ilisc-

553 1899 639 1952 nia
666 1941 680 1965 ,
723 1896 825 1950 hoc
865 1902 948 1949 est
978 1899 1371 1947 certamenzet
1420 1891 1562 1944 hunc
1605 1903 1834 1960 agonem
1889 1887 2152 1941 habemus

551 1990 756 2045 scilicet
781 2001 832 2042 et
855 1985 1268 2041 contentionem
1298 1993 1351 2038 et
1395 1981 1746 2036 intentionem
1768 2023 1784 2047 ,
1815 1994 1936 2051 qua:
1971 1978 2152 2034 educit

552 2083 619 2136 ad
649 2081 877 2154 palmam
909 2087 965 2132 et
1005 2077 1072 2131 ad
1101 2089 1375 2132 coronam.
1409 2074 1563 2128 Hunc
1605 2073 1765 2143 igitur
1809 2086 2034 2143 agonem
2083 2086 2150 2126 ne

555 2176 842 2246 ignoretis,
873 2173 989 2242 ipse
1019 2181 1100 2226 est
1135 2186 1293 2241 quem
1343 2171 1396 2223 in
1441 2182 1526 2223 me
1558 2167 1797 2230 vidistis,
1831 2167 2038 2221 scilicet
2083 2165 2150 2221 de

551 2267 776 2330 catenis,
806 2266 873 2320 de
900 2279 1136 2327 carcere,
1166 2263 1234 2318 de
1264 2262 1471 2317 cunctis
1503 2259 1676 2326 malis,
1709 2275 1826 2328 quae
1864 2273 2149 2329 perpessus

550 2371 634 2415 est
665 2358 896 2412 Paulus:
922 2370 1041 2426 qua:
1070 2368 1296 2425 utraque
1325 2352 1464 2422 apud
1495 2366 1588 2406 vos
1623 2351 1820 2405 habent
1862 2349 2020 2403 [idem
2064 2363 2150 2404 me

552 2466 766 2522 passum
794 2463 936 2513 esse,
965 2463 1086 2500 cum
1119 2456 1209 2500 aut
1235 2445 1457 2499 audistis
1487 2452 1578 2497 aut
1603 2444 1829 2498 vidistis.

623 2545 750 2597 Csr.
775 2541 1075 2596 tt.—Vt-:us.
1108 2539 1228 2605 με,
1253 2539 1310 2606 5,
1335 2536 1389 2590 ιι.
1422 2567 1493 2578 -
1514 2536 1574 2591 Si
1605 2551 1705 2605 qua
1730 2535 1884 2606 igitur
1932 2533 2149 2587 advoca-

553 2635 623 2688 tio
643 2631 721 2705 (5)
736 2634 785 2686 in
813 2630 1016 2686 Christo
1039 2672 1054 2695 ,
1096 2629 1141 2682 si
1164 2644 1263 2697 qua
1301 2626 1584 2682 consolatio
1612 2624 1896 2679 dilectionis
1916 2666 1930 2690 ,
1961 2626 2002 2676 si
2047 2638 2148 2693 qua

551 2707 762 2783 societas
792 2727 1024 2793 spiritus,
1049 2724 1091 2778 si
1118 2740 1218 2794 qua
1241 2723 1431 2775 viscera
1455 2729 1500 2772 et
1523 2719 1908 2783 miserationes;
1945 2715 2149 2786 implete

553 2822 796 2894 gaudium
827 2834 1014 2881 meum,
1041 2827 1093 2869 ut
1121 2816 1254 2869 idem
1279 2814 1508 2867 sentiatis
1538 2827 1727 2864 omnes.
1757 2809 2028 2865 Petiturus
2053 2807 2148 2862 be-

550 2916 822 2978 nclicimn,
860 2923 917 2966 ut
945 2910 1195 2982 gaudium
1225 2923 1377 2962 suum
1416 2905 1697 2975 impleatur
1729 2903 1870 2974 quod
1897 2901 2144 2973 gaudium

547 3011 690 3064 circa
722 3007 824 3062 hoc
868 3005 1176 3060 mandatmu
1209 3012 1312 3064 est,
1342 3011 1396 3054 ut
1442 3001 1574 3054 idem
1603 3000 1829 3052 sentiatis
1854 3012 2054 3060 onmes,
2087 3004 2148 3049 ut

549 3103 730 3158 nullus
771 3101 1041 3165 discrepet
1069 3096 1230 3170 (tunc
1258 3095 1400 3149 enim
1432 3105 1482 3149 et
1508 3092 1575 3149 ch
1595 3093 1745 3147 tritas
1776 3100 1829 3145 et
1856 3089 2141 3146 Concordia

2256 1873 2492 1928 rationes
2521 1881 2699 1927 autem
2727 1881 2852 1928 sunt
2879 1874 2946 1928 ad
2979 1874 3113 1940 hoc,
3145 1874 3188 1928 si
3211 1890 3312 1945 qua
3337 1877 3644 1932 consolatio
3677 1889 3768 1934 est
3797 1881 3868 1936 di-

2255 1966 2524 2034 lectionis,
2556 1976 2616 2021 ut
2636 1969 2814 2022 omnis
2841 1967 3070 2023 alterum
3094 1969 3420 2036 consoletur,
3449 1972 3596 2040 quod
3621 1973 3684 2027 in
3716 1975 3867 2029 malis

2255 2075 2471 2132 semper
2501 2061 2552 2114 in
2577 2061 2778 2116 mundo
2801 2075 2987 2116 sumus
3015 2079 3028 2115 :
3051 2063 3301 2133 quoniam
3322 2065 3525 2118 viscera
3551 2065 3757 2121 eadem
3785 2083 3866 2120 su-

2251 2169 2372 2208 mus
2394 2194 2409 2218 ,
2436 2154 2814 2209 miserationes
2840 2154 3072 2210 invicem
3102 2155 3257 2210 nobis
3281 2164 3543 2226 praestare
3574 2157 3862 2214 debemus.

2251 2246 2342 2303 Sic
2370 2261 2500 2317 ergo
2528 2247 2571 2302 si
2595 2261 2698 2317 qua
2728 2248 2932 2302 viscera
2963 2248 3341 2313 miserationis,
3371 2248 3582 2318 implete
3606 2251 3864 2321 gaudia:

2252 2355 2437 2394 meum.
2474 2339 2630 2407 Quod
2655 2350 2834 2396 autem
2863 2341 3136 2410 gaudium,
3163 2341 3470 2411 subjunxit,
3503 2353 3560 2395 ttt
3582 2344 3727 2396 idem
3754 2361 3863 2399 sert-

2252 2434 2391 2488 tiatis
2409 2475 2423 2502 ,
2450 2447 2642 2489 omnes
2673 2434 2725 2489 id
2753 2436 2946 2504 ipsum.
2981 2432 3119 2500 Quid
3146 2444 3225 2489 est
3260 2435 3393 2488 idem
3423 2435 3704 2490 sentiatis?
3731 2451 3862 2508 sup-

2252 2527 2401 2596 ponit
2426 2541 2520 2596 per
2545 2526 2786 2595 subjecta
2807 2568 2821 2593 ,
2857 2535 2950 2580 aut
2981 2526 3032 2580 in
3063 2525 3258 2596 quibus
3285 2525 3425 2580 idem
3457 2527 3705 2582 sentiant
3729 2571 3746 2594 ,
3773 2541 3862 2585 aut

2250 2620 2706 2690 quemadmodum
2733 2619 2874 2675 idem
2916 2627 3152 2675 sentiant
3188 2637 3204 2675 :
3234 2647 3306 2660 --
3335 2619 3587 2674 Eamdem
3614 2622 3858 2677 dilectio.

2249 2730 2365 2768 nem
2395 2729 2538 2768 exere
2564 2717 2689 2768 eatis
2737 2717 3024 2781 unanimes,
3072 2729 3229 2768 unum
3277 2719 3572 2779 sentientes,
3600 2717 3744 2769 nihil
3773 2734 3861 2787 per

2247 2810 2654 2874 contentionem,
2698 2824 2856 2878 neque
2893 2824 2983 2878 per
3019 2809 3221 2862 inanem
3254 2807 3507 2879 gloriam,
3540 2810 3634 2861 sed
3676 2811 3733 2863 in
3767 2811 3859 2863 ltu-

2249 2903 2466 2956 militate
2499 2919 2678 2956 sensus
2719 2904 2932 2956 invicem
2987 2917 3071 2956 vos
3120 2903 3184 2955 ab
3237 2901 3410 2956 alteris
3457 2903 3687 2971 praeterii
3720 2903 3856 2958 arbi-

2247 3002 2458 3048 trantes.
2495 2993 2614 3047 Non
2644 3010 2737 3047 sua
2775 2994 2988 3063 propria
3025 3003 3220 3047 tantum
3248 2996 3601 3065 unusquisque
3628 3006 3856 3050 vestrum

2249 3087 2544 3157 perspiciat,
2572 3085 2662 3140 sed
2683 3087 2904 3140 aliorum
2926 3087 3115 3158 singuli
3144 3086 3247 3156 (ἢ.

545 3206 649 3258 est,
668 3195 807 3248 idem
839 3190 1189 3246 sentientibus
1219 3188 1426 3243 cunctis
1446 3205 1460 3252 ;
1481 3196 1534 3239 et
1549 3186 1592 3240 si
1606 3185 1891 3240 concordia
1909 3196 2011 3248 e51,
2038 3185 2142 3238 hoc
2168 3194 2212 3257 ρ
2321 3179 2485 3233 Vsus.
2506 3180 2560 3235 5.
2588 3207 2660 3220 -—
2686 3177 2801 3232 Hoc
2819 3179 2953 3232 enim
2974 3180 3150 3232 sentite
3173 3181 3224 3232 in
3241 3178 3381 3233 vobis
3399 3179 3536 3246 quod
3564 3189 3613 3233 et
3637 3180 3695 3234 in
3727 3179 3854 3234 less

546 3287 1052 3356 habebitapostoltts
1070 3281 1343 3354 gaudium)
1366 3299 1376 3333 :
1397 3290 1455 3334 ut
1471 3295 1599 3346 ergo
1617 3279 1718 3333 hoc
1733 3281 1980 3348 impetret
1999 3279 2138 3348 quod

543 3397 699 3436 suum
724 3379 975 3448 gaudium
1001 3376 1110 3429 vult
1140 3389 1293 3439 esse,
1320 3389 1415 3443 per
1459 3374 1674 3426 illotum
1711 3371 2136 3436 unanimitatem,

537 3471 906 3534 concordiam,
937 3467 1287 3538 eamdemque
1316 3466 1659 3530 sententiam,
1691 3476 1739 3519 et
1771 3475 1966 3518 Caetera
1994 3465 2141 3518 sinti-

539 3567 633 3632 lia,
676 3564 828 3636 quasi
871 3563 1134 3617 rationem
1173 3560 1486 3614 meritorum
1534 3558 1845 3630 pra-mittit,
1893 3557 2034 3628 quod
2070 3560 2138 3614 ab

541 3659 673 3730 ipsis
704 3666 971 3720 meretur,
1010 3664 1068 3708 ut
1093 3652 1378 3722 impleatur
1403 3650 1658 3722 gaudium
1673 3665 1828 3705 suum
1847 3654 1988 3705 circa
2012 3651 2135 3716 hoc,

535 3763 594 3804 ut
627 3749 766 3804 idem
785 3761 971 3802 omnes
993 3746 1246 3810 sentiant,
1291 3756 1345 3800 et
1362 3753 1577 3798 caetera.
1602 3742 1913 3798 Meritorum
1956 3754 2133 3798 autem

530 3844 775 3897 rationes
822 3841 938 3895 ista:
979 3849 1144 3905 sunt,
1178 3839 1300 3909 quia
1340 3837 1586 3892 advocati
1629 3837 1788 3892 simul
1833 3838 1888 3891 in
1917 3835 2135 3893 Chrisw

529 3945 694 3989 sunt:
739 3933 964 3988 advocat
1003 3933 1146 3988 enim
1188 3931 1330 3986 Deus
1370 3931 1420 3985 in
1458 3931 1672 3985 Christo
1704 3943 1836 3995 nos;
1867 3945 1960 3985 eos
1989 3931 2132 3985 enim

531 4028 868 4094 sanctiﬁcat,
897 4041 1032 4098 quos
1057 4027 1270 4080 vocavit
1297 4035 1351 4080 et
1390 4025 1552 4094 elegit
1585 4033 1640 4078 et
1679 4038 1814 4095 quos
1841 4023 2128 4078 ordinavit.

528 4121 826 4176 Advocatio
868 4134 997 4196 ergo
1035 4117 1204 4188 prima
1235 4124 1354 4181 est;
1390 4118 1434 4170 si
1469 4124 1587 4181 est,
1616 4117 1822 4185 inquit,
1852 4116 2132 4170 advocatio

527 4215 584 4268 in
609 4211 825 4268 Christo
851 4212 1028 4281 aliqua
1055 4211 1106 4265 iit
1133 4210 1310 4275 nobis,
1335 4208 1478 4279 quod
1505 4208 1663 4263 simul
1693 4211 1866 4264 vocati
1901 4224 2089 4264 sumus
2111 4248 2126 4276 ,

523 4315 580 4360 et
606 4305 780 4359 vocati
809 4306 858 4356 ιιι
880 4301 1121 4369 Christo,
1149 4309 1204 4356 et
1228 4301 1479 4356 meritum
1511 4317 1689 4355 meum
1713 4316 1838 4372 erga
1858 4317 1974 4368 vos;
1999 4317 2128 4373 ergo

520 4398 745 4467 implete
774 4395 1022 4476 gaudium
1064 4409 1265 4449 meum.
1301 4393 1478 4448 Prima
1511 4393 1671 4463 igitur
1705 4393 1820 4448 inec
1847 4395 1984 4448 ratio
2010 4411 2125 4452 me-

2246 3272 2470 3328 Christo.
2505 3273 2572 3329 Ut
2595 3273 2727 3336 disi.
2752 3275 3056 3329 exhortatio
3086 3275 3186 3327 ista
3215 3281 3298 3328 est
3323 3288 3483 3344 quam
3517 3289 3666 3329 nunc
3696 3291 3853 3331 esse

2245 3373 2448 3441 quitur,
2488 3373 2773 3440 praeceptis
2816 3368 3143 3439 plenioribus
3167 3387 3181 3424 :
3207 3369 3448 3440 implete,
3481 3369 3692 3440 inquit,
3724 3388 3852 3442 gran

2244 3467 2387 3519 dium
2413 3479 2605 3530 meum,
2630 3465 2824 3535 quibus
2858 3465 2910 3519 in
2946 3465 3106 3519 rebus
3128 3464 3268 3518 eﬂlci
3308 3473 3485 3534 potest
3508 3481 3523 3518 :
3546 3479 3674 3540 quas
3709 3483 3849 3536 pra:-

2242 3571 2419 3631 cepta,
2444 3571 2503 3614 ut
2530 3574 2744 3630 semper
2764 3559 2966 3624 docuit,
2996 3568 3312 3628 tenentque
3341 3557 3588 3613 facienda
3615 3567 3768 3616 sunt.
3799 3569 3850 3614 et

2243 3657 2370 3709 item
2401 3667 2520 3724 quae
2545 3667 2652 3706 nott
2682 3651 2942 3706 facienda.
2971 3650 3103 3719 Quae
3134 3648 3373 3705 facienda
3406 3660 3572 3716 sunt,
3605 3650 3689 3705 sic
3718 3654 3847 3706 sub—

2235 3747 2452 3818 jungit,
2483 3756 2534 3800 ut
2564 3747 2698 3800 idem
2724 3745 2958 3802 sentiatis
2988 3761 3183 3811 omnes,
3212 3744 3460 3800 eamdem
3491 3743 3844 3802 dilectionem

2239 3840 2536 3896 exerceatis
2558 3852 2766 3904 omnes,
2798 3839 3101 3902 unanimes,
3127 3851 3290 3891 unum
3319 3836 3648 3892 sentientes.
3672 3837 3844 3893 luter-

2235 3935 2391 4004 ponit
2416 3948 2534 4002 qu:c
2564 3947 2670 3986 non
2697 3929 2962 3997 facienda,
2992 3929 3122 3984 nihil
3150 3945 3240 3997 per
3269 3933 3654 3986 contentionem
3686 3949 3845 4005 neque

2238 4043 2330 4098 per
2347 4028 2553 4080 inanem
2576 4025 2814 4096 gloriam.
2839 4024 2906 4078 Et
2923 4024 3197 4095 subjungil
3216 4039 3337 4096 quae
3359 4024 3610 4081 facienda
3631 4043 3838 4094 rursus,

2234 4122 2324 4174 sed
2348 4133 2438 4190 per
2467 4116 2806 4171 humilitatem
2831 4132 3010 4170 sensus
3036 4117 3250 4170 invicem
3277 4132 3365 4172 vos
3393 4117 3455 4172 ab
3492 4119 3681 4174 alteris
3710 4137 3841 4190 pra-b

2232 4213 2344 4268 cedi
2390 4211 2718 4265 arbitrantes.
2761 4208 2892 4263 ltem
2939 4209 3214 4280 subjungit
3249 4225 3370 4280 qua:
3402 4225 3510 4264 non
3548 4211 3837 4269 facienda:

2231 4324 2336 4363 non
2351 4323 2445 4361 sua
2464 4305 2675 4375 propria
2691 4303 3034 4374 unusquisque
3057 4303 3349 4373 perspiciat.
3379 4303 3587 4359 Deinde
3620 4306 3676 4360 id
3697 4307 3836 4377 quod

2230 4398 2559 4463 faciendum,
2588 4396 2678 4450 sed
2707 4396 2931 4450 aliorum
2956 4395 3168 4466 singuli.
3193 4396 3282 4450 Sic
3309 4395 3509 4451 deinde
3532 4397 3833 4468 subiungit,

520 4492 750 4546 ritorum
786 4493 924 4544 inter
949 4503 1029 4555 se,
1057 4496 1118 4541 ut
1147 4503 1205 4542 se
1231 4486 1462 4542 invicem
1497 4487 1716 4540 audiant
1745 4503 1757 4538 :
1782 4485 1926 4558 quod
1952 4487 2120 4544 advo-
2228 4491 2373 4565 quod
2419 4491 2485 4546 ad
2527 4489 2960 4546 exhortationem
3006 4487 3292 4558 plurimum
3331 4490 3494 4554 valet,
3529 4500 3584 4545 et
3635 4501 3833 4547 eet-Lua

517 4584 625 4638 cati
665 4593 790 4637 sunt
831 4583 882 4636 in
931 4581 1168 4636 Christo.
1203 4581 1278 4634 Ex
1329 4580 1432 4635 hoc
1476 4590 1656 4635 autem
1685 4581 1829 4650 quod
1878 4581 2121 4638 advocati
2148 4595 2205 4657 1)
2229 4586 2663 4644 exhortationem
2703 4583 2772 4638 de
2810 4584 3115 4653 praeceptis,
3145 4583 3197 4636 in
3237 4597 3340 4652 qua
3379 4584 3665 4641 conclusio
3697 4601 3833 4657 prae

515 4687 644 4732 sunt
683 4677 732 4729 in
761 4673 1006 4742 Christo,
1033 4683 1117 4731 est
1160 4676 1320 4730 etiam
1352 4673 1591 4730 dilectio.
1627 4674 1756 4728 ltent
1800 4673 2041 4746 adiungit
2076 4677 2121 4730 si
2228 4683 2370 4754 cepti
2417 4681 2533 4735 bch
2561 4689 2662 4745 est,
2691 4686 2750 4733 ut
2792 4677 2862 4733 de
2901 4677 3124 4733 aliorum
3163 4678 3497 4733 recrealione
3527 4680 3612 4750 (5)
3639 4681 3829 4752 singuli

513 4787 616 4842 qua
646 4770 924 4824 consolatio
959 4770 1266 4824 dilectionis.
1293 4768 1427 4822 Cum
1457 4767 1600 4823 eniut
1633 4767 1684 4821 in
1717 4767 1872 4822 malis
1905 4771 2074 4824 simus
2098 4809 2114 4836 ,
2225 4775 2482 4846 cogitent.
2512 4770 2646 4836 Hoc,
2676 4771 2868 4841 inquit,
2897 4768 3074 4824 lacere
3095 4769 3302 4824 debetis
3331 4779 3384 4824 et
3413 4771 3756 4830 constituere
3779 4783 3829 4829 et

515 4869 573 4916 ct
600 4863 781 4914 mundi
808 4861 964 4915 malis
991 4861 1316 4926 laboremus,
1347 4861 1392 4915 si
1425 4876 1522 4915 nos
1546 4858 1774 4915 invicem
1803 4860 2112 4931 diligamus,
2223 4865 2425 4920 sentire
2456 4863 2509 4918 in
2536 4863 2722 4928 vobis,
2757 4862 2902 4932 quod
2932 4860 3178 4916 Christus
3225 4861 3349 4917 fecit
3373 4879 3387 4917 :
3412 4863 3558 4932 quod
3603 4865 3680 4920 de
3716 4867 3826 4921 aliis

513 4953 660 5010 Deus
690 4952 794 5007 erit
839 4953 994 5007 nobis
1023 4953 1324 5007 consolatio
1353 4951 1677 5008 dilectionis.
1706 4951 1868 5018 Haec,
1905 4952 2112 5023 inquit,
2221 4959 2466 5028 cogitans
2487 4997 2502 5022 ,
2535 4955 2604 5011 de
2629 4969 2688 5009 se
2723 4963 2780 5009 et
2808 4955 2876 5010 de
2909 4969 3005 5008 sua
3041 4953 3211 5025 gloria
3245 4953 3376 5009 nihil
3411 4957 3676 5028 cogitavit
3703 4977 3715 5012 :
3749 4959 3824 5012 vel

581 5091 666 5166 (ι)
693 5089 863 5150 Codd.
895 5089 971 5148 νει
998 5105 1111 5162 qua,
1135 5090 1200 5150 de
1225 5106 1325 5159 me,
1347 5091 1424 5155 νει
1448 5105 1562 5162 σω
1588 5090 1824 5156 Μαίηεῶ
2220 5049 2288 5105 de
2315 5064 2382 5104 eo
2413 5047 2555 5120 quod
2594 5048 2888 5117 potentiam
2924 5061 3076 5102 suam
3095 5089 3111 5115 ,
3140 5054 3200 5101 ut
3221 5044 3472 5116 docebit,
3503 5048 3626 5120 ipse
3657 5052 3822 5124 dego-

503 5175 515 5208 t
703 5163 882 5234 \’ulg.,
915 5159 1350 5235 lde'tncertanten
1381 5159 1635 5229 habentes,
1661 5162 1811 5233 quale
1836 5173 1882 5217 et
1909 5163 2110 5221 vidistis

505 5236 560 5290 in
591 5231 687 5299 me,
710 5247 763 5306 et
794 5231 929 5288 hunc
954 5233 1168 5286 audistis
1199 5234 1262 5306 de
1289 5249 1385 5286 nte.
1480 5304 1487 5306 _
1532 5304 1539 5306 _
1673 5231 1680 5233 ⁷
1796 5305 1802 5306 ί
2288 5232 2370 5306 (t)
2405 5232 2627 5306 Videtur
2657 5232 2890 5302 positum
2923 5244 3020 5304 pro
3047 5231 3306 5300 delectus,
3335 5241 3393 5288 ut
3418 5235 3565 5306 apud
3594 5235 3718 5293 Cic.
3760 5237 3820 5294 de

579 5307 658 5380 (ὃ)
694 5305 941 5362 Graecum
974 5304 1305 5381 vocabulum
1350 5304 1675 5381 capitulum;
1702 5305 2106 5381 ambiguitatem

2247 5303 2556 5381 lep.'l,.’_:4.
2626 5311 2664 5381 _‘
2773 5375 2782 5381 _
2929 5309 2934 5312 '

505 5374 699 5450 creat,
726 5382 868 5432 sitne
913 5377 1181 5430 advocatio
1214 5392 1292 5450 an
1356 5374 1657 5440 consolatio.
1710 5374 1877 5440 licere
1921 5391 2100 5436 autem

2285 5374 2362 5447 (2)
2401 5377 2585 5450 \ulg.,i
2618 5374 2882 5450 Eamdent
2903 5376 3202 5430 charltatem
3235 5375 3475 5450 habentes
3512 5381 3812 5445 unanimes,

501 5449 812 5510 Victorinus
856 5450 1084 5518 primuttt
1127 5447 1323 5523 retinet
1350 5460 1591 5523 sensum,
1634 5453 1773 5523 quia
1801 5453 2098 5506 secundum
2208 5451 2435 5522 idipsum
2460 5447 2767 5523 sentientes;
2808 5448 2945 5523 nihil
2983 5448 3488 5523 perucontentionem
3527 5467 3696 5521 neque
3734 5471 3816 5523 per

498 5537 628 5598 mox
658 5536 688 5598 e
733 5535 911 5589 graeco
940 5520 1283 5598 napapoﬂtoa
1313 5519 1592 5572 habemus.
1618 5547 1688 5556 —-
1731 5519 1888 5598 Vulg,
1930 5533 2099 5598 autem
2207 5519 2410 5576 inanem
2426 5521 2656 5598 gloriam
2681 5560 2695 5583 ,
2730 5520 2818 5572 sed
2848 5521 2901 5572 in
2926 5521 3214 5572 humilitate
3239 5523 3533 5598 superiores
3559 5519 3657 5576 sibi
3690 5519 3811 5578 inci-

503 5592 641 5645 hunc
666 5596 839 5664 locum
862 5607 933 5664 sic
957 5591 1153 5644 exultet
1183 5591 1284 5644 :Si
1304 5605 1406 5658 qua
1428 5606 1547 5660 ergo
1564 5591 1846 5643 consolatio
1866 5593 1916 5644 in
1942 5591 2096 5648 Chri-
2206 5611 2315 5648 cem
2357 5594 2700 5658 arbitrantes,
2746 5606 2849 5644 non
2891 5606 3007 5660 quae
3050 5607 3145 5645 sua
3181 5601 3299 5646 sunt
3343 5594 3534 5664 singuli
3580 5603 3810 5652 consido

499 5675 601 5728 sto,
631 5663 681 5730 si
704 5665 841 5723 quod
859 5663 1101 5716 solatium
1125 5664 1413 5728 charitatis,
1432 5677 1473 5714 st
1503 5677 1602 5732 qua
1623 5667 1838 5716 societas
1864 5666 2090 5734 spiritus,
2203 5676 2409 5732 rantes,
2441 5666 2529 5718 sed
2552 5681 2611 5718 ea
2639 5678 2754 5733 quae
2778 5664 3017 5717 aliorum.

499 5736 554 5856 sit
572 5749 672 5802 qua
698 5747 890 5856 viscgra
917 5734 1279 5800 miserationis,
1306 5734 1514 5804 implete
1540 5737 1787 5804 gaudium
1817 5750 2008 5805 meum,
2039 5749 2093 5792 ut
2203 5808 2242 5856 ι.
2275 5738 2357 5806 (5)
2383 5737 2555 5793 Codd.
2590 5751 2727 5792 unus
2747 5743 2894 5790 reatu
2918 5749 3037 5806 qua:
3057 5735 3276 5803 ratione,
3301 5737 3393 5798 alii
3437 5745 3714 5812 ratumque
3731 5755 3805 5794 ras

499 5819 518 5856 ι
559 5819 636 5856 em
659 5818 801 5856 samo
827 5819 890 5856 is.
2225 5823 2358 5856 mne.

498 5808 636 5858 idem
659 5808 890 5870 sapiatis.
1368 5860 1372 5865 _
2203 5808 2358 5862 tione.
