4024 6306
274 246 447 331 εξοδ’

1079 272 1145 329 ΙΝ
1185 270 1572 331 EPISTOLAM
1613 269 1821 329 PAULI
1860 269 1953 327 AD
1993 271 2482 332 PHILIPPENSES
2523 274 2748 333 LIBER.

3434 281 3575 339 1206

270 392 400 457 suit,
430 395 492 443 ut
543 387 660 443 aliis
699 367 1289 445 exteris-subveniret.
1340 388 1481 460 Ergo
1518 386 1622 444 hoc
1666 393 1878 442 tenetur
1904 386 1957 447 Α
1982 388 2227 455 deantur,
2262 400 2351 446 aut
2399 391 2634 461 potiores
2674 392 2957 448 resistendi
3000 394 3289 466 pertinacia
3319 405 3373 451 et
3410 414 3575 470 supe-

272 481 329 536 in
369 481 777 550 exhortatione,
826 493 882 537 ut
929 480 1185 553 gaudium
1229 480 1402 553 possit
1450 480 1661 552 impleri
1706 479 1873 551 ipsius

272 574 443 631 Pauli.

344 666 638 725 Videamus
669 667 832 741 igitur
861 670 1069 742 singula
1099 686 1221 742 quze
1249 678 1516 741 prrecepta
1547 669 1675 725 sint.
1691 669 1873 724 Primo

272 762 349 818 ait
375 771 434 816 ut
463 760 629 829 idem,
656 763 832 818 omnis
858 761 1270 819 christianitatis
1299 765 1603 835 potestatis,
1632 771 1687 819 et
1704 763 1795 835 jus
1817 771 1873 819 et

271 856 516 926 operatio
542 855 631 910 illa
652 865 859 911 estnon
886 856 1197 924 dissentire,
1226 857 1319 913 sed
1350 874 1515 913 unum
1545 865 1706 928 atque
1726 857 1869 912 idem

266 948 324 1004 in
356 948 535 1003 animo
565 947 786 1005 habere.
822 949 1035 1005 Etenim
1067 952 1110 1005 si
1139 965 1278 1005 unus
1312 951 1451 1005 Deus
1472 991 1490 1018 ,
1521 950 1564 1005 si
1587 965 1726 1006 unus
1754 950 1871 1019 ejus

268 1042 435 1112 filius,
462 1045 507 1099 si
533 1059 676 1098 unus
701 1042 936 1114 Spiritus
967 1053 1188 1099 sanctus
1217 1052 1320 1111 est,
1353 1044 1397 1100 si
1428 1044 1605 1099 omnia
1636 1045 1736 1099 ista
1768 1043 1870 1099 tria

268 1152 434 1192 unum
462 1177 477 1204 ,
511 1137 581 1192 ita
620 1136 882 1193 debemus
910 1144 965 1193 et
1009 1153 1107 1194 nos
1138 1154 1301 1193 unum
1335 1138 1535 1194 habere
1573 1138 1715 1210 quod
1747 1153 1870 1193 sen-

269 1229 456 1297 timus,
481 1238 539 1284 ut
565 1229 703 1285 idem
732 1229 1032 1285 sentiamus
1053 1244 1263 1285 omnes.
1297 1230 1499 1286 Deinde
1526 1232 1768 1303 sequitur
1813 1239 1871 1284 ut

264 1320 515 1377 eamdem
546 1320 893 1377 dilectionem
917 1336 1289 1377 exerceamus.
1322 1321 1436 1378 Hoc
1459 1322 1570 1394 jam
1595 1322 1661 1377 ad
1688 1337 1870 1377 mora-

264 1411 373 1468 lem
405 1411 744 1484 disciplinam
770 1456 786 1481 ,
818 1413 869 1468 id
893 1423 976 1469 est
1016 1414 1083 1469 ad
1130 1413 1289 1469 vitam
1337 1417 1604 1485 pertinet;
1638 1415 1769 1471 illud
1799 1415 1867 1472 ad

266 1504 571 1561 scientiam.
614 1503 747 1561 Nam
791 1520 912 1561 cum
954 1506 1062 1561 duo
1099 1522 1293 1578 genera
1342 1507 1596 1563 dixissem
1642 1523 1764 1564 esse
1813 1510 1867 1563 in

266 1596 460 1659 Paulo.
490 1606 545 1675 et
572 1598 624 1654 in
650 1599 796 1655 omni
831 1606 1080 1666 tractatu,
1109 1610 1163 1654 ut
1191 1601 1291 1654 alia
1321 1598 1659 1655 diseerentur
1690 1600 1768 1674 (i)
1798 1601 1867 1657 ad

263 1692 547 1749 scientiam
567 1735 587 1767 ,_
615 1691 718 1747 alia
749 1690 1096 1748 discerentur
1126 1692 1192 1747 ad
1221 1705 1373 1747 actus
1402 1704 1456 1748 et
1485 1692 1551 1747 ad
1583 1694 1766 1759 vitam;
1794 1695 1863 1748 ita

1976 482 2152 539 riores
2180 492 2269 538 aut
2297 484 2579 555 gloriandi.
2614 484 2728 539 Hoc
2758 500 2889 557 ergo
2916 487 3115 543 auferri
3146 488 3280 554 vult,
3312 491 3571 562 dicitque,

1976 591 2134 641 neque
2181 593 2270 645 per
2312 576 2527 647 gloriam
2565 580 2793 633 inanem.
2825 580 3034 636 Etenim
3064 581 3234 654 gloria
3279 584 3455 641 inanis
3489 598 3573 643 est

1976 668 2189 737 placere
2212 668 2350 724 velle
2377 670 2738 738 sermonibus,
2772 670 2986 741 placere
3024 672 3225 743 ingenti
3253 676 3565 745 calliditate,

1974 769 2028 818 et
2055 764 2400 819 contentione
2439 764 2757 819 disserendi.
2792 763 2934 821 Raro
2959 767 3102 821 enim
3142 768 3283 839 apud
3324 769 3572 826 christia-

1974 870 2103 911 num
2129 855 2289 911 debet
2314 870 2436 911 esse
2463 860 2759 924 contentio,
2794 873 2898 912 non
2931 859 2984 914 in
3016 874 3267 917 sermone
3287 861 3568 932 iactantia.

2048 947 2181 1002 Huic
2225 947 2299 1002 ita
2344 948 2518 1017 posito
2558 949 2844 1019 posteriori
2875 961 3147 1022 priscepto
3185 968 3254 1008 ne
3296 955 3423 1025 quid
3472 971 3572 1027 per

1972 1040 2197 1112 gloriam
2229 1042 2443 1098 inanem
2467 1043 2643 1099 facere
2663 1044 2961 1113 videamur,
2986 1048 3293 1103 necessario
3320 1049 3573 1119 subjunc-

1975 1142 2107 1200 tum,
2140 1135 2227 1188 sed
2254 1152 2344 1204 per
2368 1135 2703 1190 humilitatem
2733 1153 2931 1191 sensus.
2962 1136 3052 1193 Sic
3081 1140 3225 1195 enim
3254 1141 3426 1197 inanis
3454 1143 3564 1214 διο⁴

1971 1228 2051 1283 ria
2084 1228 2280 1298 poterit
2308 1229 2527 1293 auferri,
2561 1230 2604 1284 si
2636 1229 2911 1285 humilitas
2936 1230 3005 1286 sit
3028 1232 3083 1286 in
3111 1231 3378 1301 sensibus,
3407 1233 3458 1288 id
3487 1244 3571 1290 est

1974 1320 2356 1376 intellectibus.
2376 1320 2483 1376 ﬂos
2495 1323 2635 1377 enim
2651 1338 2842 1378 sensus
2865 1325 3063 1393 posuit.
3081 1325 3364 1392 Quaerendi
3386 1325 3571 1393 modo,

1972 1412 2207 1484 proferat
2224 1428 2575 1485 quaecumque
2597 1423 2811 1479 tractat,
2836 1430 2944 1469 non
2962 1416 3280 1473 auctoritate
3297 1428 3567 1489 suscepta.

1973 1504 2196 1560 Invicem
2224 1521 2312 1559 vos
2350 1507 2413 1560 ab
2444 1505 2618 1561 alteris
2648 1507 2870 1578 prwcedi
2896 1508 3224 1566 arbitrantes.
3256 1508 3398 1566 Vere
3424 1512 3568 1567 enim

1971 1598 2087 1654 1)th
2132 1598 2428 1666 humilitas,
2474 1599 2521 1654 si
2568 1613 2787 1654 omnem
2832 1600 3061 1656 alterum
3105 1611 3261 1671 putas
3306 1617 3430 1658 esse
3475 1619 3574 1674 po-

1972 1691 2163 1746 tiorem
2194 1708 2206 1743 :
2232 1690 2333 1745 hoc
2363 1699 2452 1745 est
2475 1692 2618 1745 enim
2657 1691 2888 1747 invicem
2930 1692 3158 1762 princedi
3205 1704 3265 1749 ut
3291 1709 3388 1751 vos
3426 1696 3574 1750 arbi-

263 1793 323 1840 et
352 1784 439 1839 hic
468 1783 536 1838 ad
579 1785 858 1839 scientiam
881 1825 895 1850 ,
928 1784 1001 1839 ita
1042 1782 1276 1855 positum
1309 1794 1367 1838 ut
1396 1784 1536 1839 idem
1568 1786 1814 1840 sentiatis
1845 1802 1859 1839 :
1894 1794 1941 1854 Β
1971 1783 2217 1849 tremini;
2252 1797 2321 1837 ne
2349 1783 2629 1852 quisquam
2661 1782 2890 1837 alterum
2924 1799 3030 1839 non
3061 1786 3133 1838 ita
3163 1795 3344 1855 putet,
3378 1798 3432 1840 ut
3464 1801 3570 1841 non

264 1874 461 1931 deinde
479 1874 546 1930 ad
571 1876 758 1943 vitam,
778 1876 1010 1929 eamdem
1038 1875 1360 1930 dilectionem
1383 1878 1680 1931 exerceatis.
1712 1875 1871 1932 Eam-

263 1968 383 2022 dem
408 1969 537 2039 quid
555 1977 637 2024 cst
653 1966 851 2039 iquam
879 1968 1018 2023 alter
1034 1965 1177 2022 circa
1201 1982 1317 2034 vos,
1342 1968 1587 2023 eamdem
1614 1984 1708 2024 vos
1728 1970 1869 2026 circa

261 2058 518 2126 alterum;
541 2074 715 2131 neque
734 2059 960 2115 divisam
978 2058 1061 2130 (2)
1076 2060 1439 2127 dilectionem,
1462 2061 1553 2115 sed
1574 2061 1626 2115 in
1645 2060 1870 2118 Christo
1906 2078 1913 2089 ·

264 2134 774 2223 όὶιθοιὶοηθπηίιρεθ
795 2163 878 2209 est
904 2153 1093 2209 eadem
1121 2153 1363 2209 dilectio.
1394 2153 1604 2210 Deinde
1634 2155 1864 2226 adjecit:

262 2247 533 2301 unanimes
547 2261 705 2301 unum
729 2248 961 2302 scientes.
982 2246 1181 2303 Eadem
1211 2247 1474 2318 repetisse
1499 2248 1629 2303 mihi
1655 2249 1869 2305 videtur

261 2353 426 2395 verso
454 2338 680 2402 ordine,
711 2354 831 2410 qua:
862 2355 1020 2412 supra
1054 2349 1179 2394 sunt
1216 2339 1377 2394 dicta.
1420 2340 1663 2409 Namque
1703 2357 1867 2398 unum

262 2439 350 2485 est
370 2430 643 2485 unanimes
664 2430 808 2502 quod
836 2431 904 2487 ad
930 2431 1175 2488 eamdem
1202 2431 1544 2487 dilectionem
1579 2450 1592 2486 :
1619 2434 1764 2488 aliud
1787 2445 1870 2491 est

263 2541 425 2580 unum
453 2526 668 2581 scientes
691 2568 706 2595 ,
728 2527 869 2598 quod
900 2543 1063 2598 supra
1095 2537 1154 2582 ut
1187 2526 1332 2594 dixi,
1363 2537 1418 2582 ut
1448 2545 1607 2583 unum
1634 2532 1869 2587 sentiatis

264 2635 461 2674 omnes.
487 2617 686 2675 Verum
730 2629 785 2676 et
827 2610 1057 2692 amplius
1095 2620 1243 2676 aliud
1283 2621 1335 2675 in
1380 2621 1462 2675 his
1505 2622 1714 2677 duobus
1741 2631 1862 2691 est,

264 2711 409 2783 quod
432 2712 483 2766 in
512 2712 901 2783 superioribus.
928 2713 1170 2784 Namque
1199 2714 1343 2769 aliud
1373 2723 1456 2770 est
1476 2715 1609 2770 idem
1639 2719 1870 2775 sentiatis

266 2822 442 2862 omnes
464 2849 479 2874 ,
508 2806 651 2862 aliud
680 2824 838 2861 unum
878 2808 1091 2863 scientes
1111 2849 1127 2875 ,
1152 2809 1204 2862 in
1237 2808 1355 2887 ipso
1384 2807 1600 2880 quidem
1628 2828 1641 2862 :
1668 2811 1868 2882 quippe

266 2914 390 2953 cum
418 2896 485 2952 ad
517 2897 797 2953 scientiam
837 2899 1049 2970 utrique
1075 2901 1361 2971 pertineat.
1395 2899 1590 2955 Verum
1621 2902 1747 2956 illud
1778 2916 1869 2957 su—

264 2991 451 3062 perius
494 2989 638 3069 idem
686 2992 888 3049 sentire
912 3034 927 3062 ,
963 2992 1029 3048 ad
1071 2992 1173 3049 hoc
1201 3005 1284 3050 est
1307 3038 1323 3063 ,
1354 3007 1409 3050 ut
1439 2995 1613 3051 adhuc
1642 2997 1867 3052 scientia

267 3083 506 3138 nondum
536 3085 881 3151 confirmata,
918 3100 1014 3156 par
1041 3095 1221 3142 tamen
1258 3086 1504 3143 videatur
1537 3090 1740 3144 sciendi
1771 3104 1864 3159 po-

1979 1875 2241 1945 potiorem
2280 1874 2550 1942 aestimet,
2575 1884 2629 1929 et
2670 1875 2978 1945 praecedere
3020 1886 3074 1930 et
3102 1891 3227 1932 esse
3269 1879 3573 1935 meliorem.

1973 1968 2126 2036 Quod
2167 1969 2212 2022 si
2264 1969 2333 2021 ita
2371 1978 2491 2033 est,
2537 1967 2650 2020 haec
2688 1977 2772 2025 est
2815 1970 3089 2025 humilitas
3127 1983 3337 2031 sensus.
3373 1971 3575 2026 Deinde

1972 2061 2244 2131 subjuugit
2275 2078 2288 2112 :
2317 2059 2442 2113 Non
2469 2076 2566 2114 sua
2596 2061 2809 2131 propria
2834 2063 3182 2131 unusquisque
3217 2073 3434 2117 vestrum
3462 2081 3577 2133 per-

1971 2154 2197 2223 spiciat,
2242 2154 2331 2213 sed
2366 2153 2608 2206 aliorum.
2641 2154 2718 2207 Ex
2748 2154 2852 2208 hoc
2881 2169 3045 2211 sensu
3078 2156 3311 2209 nectitur
3347 2155 3398 2209 id
3428 2158 3574 2225 qunti

1973 2257 2157 2317 postea
2184 2244 2547 2316 subjungitur.
2582 2246 2789 2305 interea
2822 2246 3161 2302 referendum
3192 2246 3298 2303 hoc
3324 2247 3389 2301 ad
3414 2263 3573 2319 supeo

1972 2341 2137 2405 riora,
2170 2350 2294 2393 ttmc
2320 2341 2463 2397 enim
2492 2339 2785 2409 itnpiebitis
2812 2356 2990 2395 meum
3021 2340 3300 2412 gaudium,
3326 2344 3372 2397 si
3391 2353 3446 2398 et
3471 2345 3574 2398 huc

1972 2447 2186 2503 quoque
2216 2431 2425 2487 faciatis
2455 2443 2509 2486 ut
2543 2432 2905 2503 unusquisque
2934 2447 3042 2488 non
3083 2442 3288 2489 tantum
3318 2450 3413 2498 sua
3444 2451 3572 2505 pro-

1973 2525 2087 2594 pria
2129 2524 2439 2594 perspiciat,
2464 2523 2560 2579 sed
2604 2524 2856 2591 aliorum,
2890 2534 2945 2582 et
2990 2526 3062 2580 ita
3102 2526 3300 2598 singuli
3343 2527 3415 2585 de
3454 2529 3575 2583 aliis

1972 2627 2133 2687 atque
2161 2618 2387 2671 aliormn
2409 2631 2567 2672 curas
2594 2616 2848 2672 habeant.
2879 2616 2991 2674 Hoc
3014 2619 3159 2674 enim
3178 2635 3279 2675 nos
3299 2631 3570 2690 putamus.

1971 2708 2126 2776 Quod
2156 2708 2201 2763 si
2228 2707 2298 2763 de
2329 2707 2484 2763 nobis
2514 2719 2717 2769 tantum
2745 2709 3046 2778 cogitemus
3066 2749 3081 2774 ,
3113 2710 3271 2765 nobis
3311 2711 3574 2781 prodesse

1973 2802 2287 2873 poterimus.
2320 2810 2375 2856 et
2403 2801 2475 2855 de
2496 2802 2697 2855 nostris
2726 2808 2932 2855 tantum
2965 2801 3124 2856 rebus
3145 2817 3326 2873 agere,
3356 2804 3425 2858 de
3450 2819 3570 2872 spe,

1972 2895 2039 2950 de
2063 2894 2378 2951 liberatione
2400 2895 2625 2953 nostra”:
2655 2893 2753 2950 sed
2776 2893 2881 2950 hoc
2901 2910 3091 2964 parum
3113 2904 3217 2950 est.
3243 2894 3395 2952 'l‘-nne
3419 2898 3564 2955 enim

1971 3003 2102 3045 vere
2131 2988 2200 3044 de
2243 2988 2401 3044 nobis
2430 2988 2636 3060 agimus
2658 3030 2673 3056 ,
2707 2989 2755 3043 si
2783 2998 2840 3043 et
2867 2990 3005 3045 alios
3032 3004 3288 3049 curemus
3309 3030 3328 3058 ,
3369 3002 3423 3046 et
3452 2991 3574 3048 aliis

1974 3084 2230 3154 prodesse
2260 3097 2634 3153 properemus.
2656 3082 2793 3137 Cum
2812 3084 2954 3137 enim
2976 3098 3166 3139 omnes
3186 3099 3352 3139 unum
3373 3099 3573 3155 corpus

269 3185 472 3243 testas,
506 3177 743 3233 nondum
781 3177 1061 3246 confecm,
1090 3178 1201 3249 jam
1241 3180 1478 3250 perfecta
1506 3182 1728 3236 scientia
1760 3181 1861 3255 (ὃ).
1893 3187 1937 3248 C
1972 3179 2175 3243 simus,
2209 3176 2329 3231 aliis
2371 3176 2420 3232 si
2456 3178 2849 3247 prospiciamus
2875 3217 2889 3243 ,
2922 3178 3077 3233 nobis
3105 3178 3463 3248 prospicimus
3491 3180 3574 3241 tsi

268 3270 521 3327 Secundo
549 3273 710 3343 igitur
732 3284 1002 3343 prmcepto
1030 3288 1151 3328 cum
1187 3290 1293 3328 uno
1314 3276 1365 3328 in
1394 3289 1557 3330 sensu
1583 3283 1868 3347 utrumque

267 3363 341 3418 sit
368 3405 382 3428 ,
414 3362 605 3419 furtius
638 3374 815 3421 tamen
846 3364 1113 3435 positum;
1142 3380 1305 3419 unum
1328 3408 1343 3434 ,
1376 3367 1585 3437 inquit,
1614 3370 1825 3423 scientes
1850 3384 1870 3424 :

262 3458 378 3529 jam
419 3460 714 3539 prmecptio
752 3466 836 3514 est
866 3460 978 3529 ipsa
1004 3500 1017 3524 ,
1058 3474 1179 3514 cum
1208 3462 1421 3515 scientes
1448 3459 1602 3516 dixit.
1638 3466 1707 3515 At
1739 3477 1869 3517 vero

269 3554 519 3624 superius
550 3552 685 3607 idem
730 3546 1001 3608 sentientes
1037 3552 1205 3621 dixit,
1236 3554 1286 3607 id
1312 3565 1395 3609 est
1426 3569 1619 3610 sensus
1645 3556 1866 3611 eosdem

268 3644 640 3715 intelligentia:
673 3643 935 3699 habentes
960 3662 973 3697 :
1015 3644 1141 3698 illud
1169 3658 1300 3715 ergo
1327 3645 1502 3700 adhuc
1529 3645 1584 3699 in
1614 3654 1733 3700 actu
1763 3657 1866 3714 est,

270 3734 379 3791 hoc
400 3724 455 3789 in
486 3735 815 3807 perfectione
838 3735 1003 3791 videri
1031 3744 1227 3806 potest.
1262 3735 1408 3790 Idem
1433 3738 1709 3793 sentientes
1729 3750 1779 3793 ct
1803 3738 1870 3794 ad

268 3829 437 3885 vitam
484 3830 596 3901 pari
640 3830 841 3895 modo,
881 3829 1043 3884 etiam
1098 3828 1151 3883 in
1197 3836 1321 3884 actu
1365 3839 1447 3885 est
1474 3872 1488 3896 ,
1530 3831 1671 3886 circa
1707 3833 1873 3887 vitam

267 3925 505 3980 eamdem
526 3924 848 3979 dilectionem
874 3923 1169 3978 exerceatis.
1194 3923 1364 3979 Porro
1382 3936 1559 3979 autem
1588 3924 1641 3981 in
1666 3924 1873 3995 perfec-

270 4021 420 4076 tione
447 4021 548 4075 hoc
582 4030 665 4074 est
702 4020 968 4074 unanimes
1005 4028 1054 4072 et
1108 4027 1391 4089 utrumque
1433 4019 1501 4074 de
1543 4019 1786 4075 moribus
1821 4029 1877 4075 et

269 4114 342 4170 de
373 4114 497 4168 vita:
535 4127 772 4184 genere:
799 4111 945 4167 unde
990 4119 1169 4167 tamen
1221 4128 1342 4167 cum
1378 4111 1569 4169 eadem
1594 4112 1875 4168 videantur

272 4205 482 4277 singula
528 4206 580 4261 in
628 4205 875 4277 singulis,
917 4192 1216 4275 posteriora
1262 4203 1469 4275 potiora
1496 4214 1639 4260 sunt.
1672 4204 1875 4262 Deinde

270 4303 515 4373 adjunxit
542 4319 554 4355 :
580 4301 712 4355 nihil
761 4316 851 4372 per
902 4300 1278 4355 contentionem
1322 4315 1483 4370 neque
1528 4317 1619 4370 per
1658 4302 1876 4374 gloriam

267 4397 492 4452 inanem.
513 4394 689 4451 Pomit
705 4395 870 4461 enim,
885 4405 940 4450 et
971 4394 1113 4450 idem
1139 4393 1425 4461 sentiendi,
1443 4403 1497 4449 et
1515 4394 1654 4450 idem
1672 4394 1876 4450 sciendi

272 4506 396 4548 esse
426 4500 608 4547 tamen
637 4493 931 4546 contentio.
974 4489 1163 4545 Modus
1214 4488 1375 4561 igitur
1414 4489 1713 4559 subjunctis
1748 4496 1832 4545 est
1856 4531 1871 4555 ,

1971 3270 2039 3325 de
2066 3270 2188 3324 aliis
2209 3269 2510 3339 cogitemus
2530 3311 2545 3334 ,
2580 3271 2648 3324 de
2691 3270 2847 3323 nobis
2875 3271 3045 3340 magis
3087 3271 3401 3340 cogitamus.
3436 3270 3575 3327 Hine

1971 3361 2265 3432 subjungit,
2298 3370 2556 3432 quantum
2586 3361 2657 3416 sit
2686 3363 2826 3416 istud
2859 3364 2999 3431 quod
3031 3370 3237 3428 monet,
3268 3361 3410 3433 quod
3439 3376 3577 3433 prata

1970 3454 2209 3525 cipuutn,
2235 3454 2379 3524 quod
2407 3455 2722 3519 vehemens,
2750 3468 2874 3508 cum
2900 3453 3034 3510 dicit
3061 3471 3075 3507 :
3102 3452 3217 3509 Hoc
3235 3454 3371 3509 idem
3397 3470 3489 3509 nos
3518 3454 3574 3511 in

1972 3550 2159 3606 nostris
2201 3549 2431 3603 sensibus
2486 3550 2760 3605 habeamus
2780 3590 2796 3617 ,
2830 3549 2965 3620 quod
3000 3559 3046 3604 et
3091 3550 3146 3603 in
3180 3546 3387 3604 Christo
3418 3546 3569 3607 Iesu.

1971 3644 2110 3713 Quid
2143 3644 2283 3699 istud
2308 3655 2428 3711 est,
2478 3643 2594 3698 Hoc
2636 3646 2815 3699 sentite
2855 3646 2910 3703 in
2947 3644 3085 3700 vobis
3112 3645 3251 3716 quod
3277 3645 3474 3700 sentitis
3520 3644 3576 3698 in

1972 3742 2176 3799 Christo
2200 3741 2359 3809 Iesu;
2379 3743 2498 3815 ipse
2524 3743 2744 3814 exponit
2772 3753 2827 3800 et
2853 3746 3103 3815 explicat.
3143 3741 3356 3799 Etenim
3393 3740 3438 3795 si
3471 3739 3575 3809 hoc

1973 3838 2237 3893 sentimus
2272 3836 2325 3892 in
2356 3837 2573 3893 Christo
2601 3838 2761 3905 Jesu,
2790 3840 2911 3910 quia
2948 3840 3063 3911 ipse
3111 3840 3281 3908 magis
3320 3839 3389 3894 de
3416 3838 3536 3895 aliis
3559 3879 3574 3905 ,

1974 3931 2027 3987 id
2049 3940 2131 3987 est
2160 3930 2228 3987 de
2258 3931 2414 3987 nobis
2439 3946 2625 3988 curam
2655 3936 2838 4005 gessit,
2878 3950 2983 3989 non
3012 3934 3080 3991 de
3101 3949 3182 4000 se,
3208 3949 3381 4005 neque
3414 3933 3482 3989 de
3510 3947 3578 3989 eo

1974 4027 2117 4099 quod
2148 4027 2265 4098 ipse
2291 4035 2476 4098 posset
2501 4038 2594 4083 aut
2623 4038 2849 4099 poterat,
2876 4037 2965 4084 aut
2992 4036 3189 4101 potest,
3211 4028 3305 4085 sed
3328 4029 3397 4084 de
3420 4028 3575 4083 nobis

1978 4126 2155 4196 potius
2183 4124 2455 4196 cogitavit.
2490 4124 2603 4179 Hoc
2632 4134 2714 4180 est
2740 4125 2882 4196 quod
2918 4140 3077 4195 supra
3104 4125 3274 4191 dixit,
3306 4123 3400 4180 sed
3432 4123 3572 4177 alio-

1976 4233 2094 4272 rum
2123 4218 2316 4287 singuli
2342 4232 2525 4273 curam
2548 4231 2797 4289 geramus
2822 4235 2834 4269 :
2859 4217 3058 4272 etenim
3110 4217 3367 4271 Dominus
3394 4223 3579 4270 noster

1976 4309 2221 4366 Christus
2237 4310 2505 4375 Salvator,
2534 4311 2717 4382 utique
2740 4325 2862 4364 cum
2881 4309 3130 4366 Salvator
3149 4317 3313 4374 esset,
3341 4309 3463 4363 aliis
3486 4324 3576 4363 sa-

1976 4406 2145 4483 lutem
2174 4404 2354 4460 attulit
2383 4422 2395 4459 :
2420 4414 2476 4460 et
2516 4404 2968 4476 quemadmodum
2998 4419 3103 4459 non
3143 4403 3302 4459 modo
3326 4403 3581 4474 benigni—

1979 4509 2090 4555 tate
2136 4508 2341 4554 tantum
2384 4515 2551 4566 usus,
2583 4514 2757 4569 neque
2804 4498 3012 4568 fulgens
3058 4511 3151 4552 sua
3204 4497 3577 4552 benevolentia

272 4586 365 4657 qui
394 4599 513 4641 esse
541 4583 734 4640 debeat
753 4626 767 4652 ,
810 4583 896 4639 vel
937 4582 1116 4655 potius
1144 4582 1234 4653 qui
1278 4598 1385 4637 non
1409 4598 1567 4638 esse:
1597 4582 1761 4648 nihil,
1795 4582 1876 4637 in-

1980 4610 2075 4649 sua
2102 4594 2219 4650 luce
2246 4597 2406 4650 vestit
2431 4606 2483 4649 et
2514 4595 2665 4661 texit,
2697 4604 2856 4663 atque
2877 4592 2943 4647 ad
2969 4607 3028 4647 se
3050 4592 3377 4663 benignitate
3403 4592 3575 4648 infusa

273 4679 410 4752 quit,
437 4695 528 4751 per
569 4678 957 4733 contentionem.
1008 4676 1156 4753 Multi
1202 4674 1344 4732 enim
1385 4676 1745 4733 contendendi
1792 4677 1879 4734 vel

278 4761 654 4827 necessitatem
684 4770 883 4826 habent
920 4770 1005 4825 vel
1027 4768 1379 4824 voluntatem.
1412 4768 1703 4840 Utramque
1723 4770 1881 4841 igitur

277 4865 681 4923 contentionem
707 4865 851 4933 tulit,
878 4876 933 4919 ut
964 4864 1258 4920 necessitas
1285 4879 1391 4919 non
1422 4865 1494 4919 sit
1517 4863 1877 4920 contendendi

281 4974 382 5015 nec
411 4959 680 5014 voluntas.
732 4959 942 5029 Quippe
985 4972 1106 5011 cum
1149 4965 1435 5027 utrumque
1484 4956 1738 5012 vitiosum
1785 4959 1876 5012 sit.

277 5050 386 5109 Alii
413 5051 726 5107 curiositate
764 5051 815 5105 in
859 5051 1031 5122 ipsam
1070 5048 1470 5125 contentionem
1512 5049 1719 5103 irruunt
1753 5050 1880 5104 :alii

281 5153 471 5200 natura
504 5145 636 5200 tales
667 5153 811 5221 sunt,
836 5151 895 5199 ut
917 5142 1240 5199 contentiosi
1268 5143 1373 5197 sint
1401 5160 1415 5196 :
1442 5142 1562 5197 ideo
1587 5142 1878 5213 adjectum,

281 5237 413 5292 nihil
441 5255 533 5310 per
559 5238 953 5292 contentionem.
987 5235 1189 5309 Deinde
1229 5251 1414 5290 rursus
1442 5235 1529 5289 alii
1568 5235 1633 5290 ad
1677 5234 1884 5306 jactan-

282 5329 411 5387 tiam
446 5329 549 5387 hoc
577 5313 881 5419 proferunt,
909 5337 969 5405 ut
997 5327 1346 5397 contendant,
1380 5335 1435 5383 et
1475 5342 1629 5399 pares
1654 5341 1776 5384 esse
1806 5327 1890 5384 vi!

358 5520 440 5593 (ς)
476 5519 552 5593 ita
580 5517 741 5576 codd.

362 5520 409 5593 (l
476 5520 552 5574 Ita
580 5520 741 5576 codd.

362 5520 444 5663 (ἓξ
473 5590 629 5646 Num.
661 5605 759 5660 pro
784 5586 1058 5663 diversam,
1091 5593 1232 5663 utp.
1267 5584 1379 5641 54?

363 5656 819 5790 imitalgrorsns
856 5659 1021 5731 estin
1066 5657 1257 5739 eodm;
1304 5672 1371 5727 ne
1400 5659 1521 5729 quis
1548 5656 1685 5727 forte
1713 5658 1884 5715 lector

328 5735 360 5790 b
394 5734 561 5789 curita
623 5750 672 5788 m
701 5730 939 5788 auctoris
966 5726 1158 5790 editort
1210 5726 1463 5790 imputet.
1498 5740 1609 5789 tum
1630 5724 1737 5790 hic.
1768 5740 1880 5789 tum

290 5744 672 5791 enacurttatem
701 5744 939 5788 auctoris
966 5744 1158 5801 canori
1210 5744 1434 5803 imputet
1498 5744 1609 5789 tum
1630 5744 1737 5800 mc,
1768 5744 1880 5795 tum

290 5808 346 5861 in
372 5821 487 5878 seq.
522 5805 710 5878 pagina
732 5814 786 5861 et
815 5792 1231 5873 alibi.'Legcsis,
1256 5800 1361 5857 col.
1388 5774 1546 5869 liii,
1578 5816 1633 5857 η.
1658 5802 1714 5857 2.
1808 5794 1845 5825 ’τ

1982 4698 2035 4743 et
2054 4688 2336 4758 majestate
2363 4689 2653 4743 revocavit.
2675 4686 2745 4743 Ut
2762 4702 2890 4758 ergo
2913 4688 3080 4759 magis
3100 4687 3419 4743 beneficium
3439 4688 3577 4758 ejus,

1983 4791 2038 4837 et
2068 4783 2357 4837 maximum
2387 4797 2548 4837 nosse
2581 4780 2894 4851 possemus,
2920 4780 3214 4836 exinanivit
3240 4823 3253 4846 ,
3287 4762 3489 4850 inquit;
3520 4794 3580 4834 se

1983 4883 2146 4944 atque
2163 4874 2305 4928 omni
2329 4873 2475 4937 exuit
2505 4874 2808 4943 majestate,
2829 4880 2887 4935 ut
2914 4872 2965 4927 in
2989 4887 3205 4927 carnem
3220 4871 3577 4938 descendens,

1984 4981 2042 5025 ut
2079 4985 2295 5027 omnem
2333 4970 2477 5025 illam
2523 4968 2832 5039 patientiam
2877 4967 3194 5029 humilitatis
3237 4967 3537 5038 suscipiens
3561 5009 3578 5033 ,

1987 5062 2142 5117 nobis
2183 5071 2241 5116 ut
2281 5060 2560 5131 prodesset
2603 5074 2787 5126 carne,
2816 5059 3038 5130 injurias
3068 5060 3121 5114 in
3147 5074 3313 5114 carne
3336 5101 3351 5124 ,
3384 5057 3583 5113 deinde

1988 5170 2203 5211 crucem
2248 5162 2584 5225 mortemque
2612 5154 2897 5208 sustinuit.
2927 5154 3057 5221 Quae.
3085 5153 3264 5208 omnia
3307 5151 3502 5213 docent
3527 5161 3584 5209 et

1988 5249 2271 5307 hortantur
2313 5265 2414 5309 nos
2433 5290 2450 5317 ,
2479 5258 2537 5304 ut
2565 5247 2645 5322 (l)
2674 5247 2919 5319 similiter
2950 5248 3223 5317 imitantes
3255 5249 3535 5311 Dominum
3560 5289 3580 5318 ,

1972 5358 2097 5397 Anon
2143 5342 2212 5398 de
2256 5342 2378 5398 aliis
2424 5343 2603 5413 potius
2633 5343 2934 5413 cogitemus
2966 5357 3125 5413 quam
3151 5341 3221 5397 de
3241 5342 3396 5396 nobis
3427 5340 3580 5410 ipsis.

1989 5436 2103 5513 ﬂoc
2124 5445 2207 5493 est
2227 5453 2243 5490 (
2260 5435 2373 5493 nim
2399 5452 2529 5493 vere
2555 5436 2622 5492 de
2647 5436 2801 5492 nobis
2824 5451 3007 5508 agere,
3030 5436 3258 5495 aliorum
3281 5450 3465 5491 curam
3488 5450 3586 5506 pro

1987 5548 2177 5605 parum
2209 5533 2383 5597 Salute
2407 5531 2704 5604 suscipere.
2728 5530 2839 5589 Hoc
2868 5539 2950 5587 est
2975 5544 3102 5605 ergo
3130 5538 3188 5595 ut
3208 5528 3311 5601 hoc
3339 5514 3586 5607 sentiatis

1990 5628 2044 5682 in
2075 5627 2261 5693 vobis,
2294 5625 2438 5697 quod
2468 5636 2521 5682 et
2554 5626 2606 5680 in
2630 5624 2847 5681 Christo
2875 5625 3106 5695 sentitis.
3132 5624 3287 5682 Illum
3316 5623 3587 5700 profuisse

2061 5806 2142 5883 (Ι)
2166 5803 2336 5861 Codd.
2366 5812 2552 5859 autem.
