4024 6306
277 239 418 301 1209

1072 240 1137 297 IN
1177 236 1567 300 EPISTOLAM
1609 236 1814 295 PAULI
1856 238 1946 295 AD
1987 237 2477 298 PIIILIPPENSES
2515 241 2738 297 LIBER.

3429 243 3570 301 1310

277 355 448 427 llgura
478 363 698 426 accepta
727 354 878 427 quasi
910 354 1090 411 homo.
1131 354 1287 425 Quod
1331 365 1512 411 autem
1542 353 1711 419 dixit,
1737 354 1870 408 servi
1895 362 1948 424 Α
1977 354 2131 423 nihil,
2164 357 2254 428 qui
2278 357 2543 428 jttngitur.
2581 357 2914 430 Simpliciter
2948 361 3050 415 hoc
3084 375 3246 417 aures
3273 361 3569 433 accipiant,

274 454 494 521 formant
537 451 775 520 sumpsit,
806 449 1059 521 quoniam
1113 449 1225 520 ipse
1257 448 1427 504 forma
1474 447 1566 502 Dci
1621 447 1742 514 fuit,
1774 445 1868 501 Dei

271 551 450 600 autem
518 557 706 598 servos
765 543 925 598 homo
975 551 1102 609 est,
1164 543 1364 598 idcirco
1420 541 1668 608 dictum,
1741 539 1871 595 servi

271 639 493 709 formam
538 636 776 704 sumpsit.
814 638 888 689 lux
922 621 1030 706 qua
1053 651 1113 690 re
1142 650 1201 690 se
1230 633 1549 696 humiliavit,
1590 644 1644 689 et
1671 648 1730 688 se
1759 633 1871 688 exi-

271 727 480 783 nanivit
517 727 712 794 factus,
744 727 940 798 inquit,
969 739 1025 782 ut
1057 728 1305 782 subditus
1342 742 1511 797 ttsque
1546 725 1610 780 ad
1641 734 1868 780 moriem

269 822 475 878 scilicet
503 823 702 877 crucis.
737 821 878 882 Ecce
909 823 960 876 in
988 822 1089 876 hoc
1122 823 1238 891 ipso
1265 836 1388 877 cum
1427 820 1598 887 dixit,
1636 819 1871 875 subditus

270 921 438 984 [actus
462 955 478 981 ,
526 929 700 983 gr-ece
740 925 919 970 autem
952 925 1141 985 aperte
1183 925 1236 969 et
1277 917 1471 984 plene,
1518 929 1639 969 cum
1669 913 1866 967 dictum

267 1009 494 1070 ὑπήκοος
521 1008 783 1081 γενόμενος
804 1051 817 1070 ,
861 1007 1004 1078 quod
1048 1015 1152 1076 est,
1185 1008 1489 1062 subauditor
1535 1002 1743 1074 allectus
1764 1047 1779 1070 ,
1813 1005 1865 1059 in

265 1114 378 1170 quo
404 1110 463 1152 ιιι
509 1097 693 1166 dixit,
742 1098 796 1154 in
830 1098 933 1154 hoc
983 1099 1101 1170 ipso
1127 1114 1450 1168 eXpreSsum
1481 1140 1496 1164 ,
1536 1097 1675 1170 quod
1707 1097 1868 1169 paulo

263 1203 392 1248 ante
417 1190 674 1256 diximus,
707 1192 965 1263 quoniam
993 1210 1019 1246 a
1049 1191 1214 1247 Patre
1240 1191 1439 1246 missus
1475 1199 1576 1248 est.
1622 1190 1677 1246 Si
1723 1191 1863 1246 enim

262 1284 600 1351 subauditur,
622 1299 810 1340 verum
844 1295 926 1340 est
947 1284 1080 1340 illud
1103 1295 1157 1341 et
1182 1285 1387 1356 integre
1409 1285 1634 1348 dictum,
1667 1283 1755 1355 qui
1779 1299 1866 1339 me

261 1373 371 1430 huc
402 1376 547 1430 misit
592 1386 645 1430 et
673 1376 920 1430 subditus
954 1376 1125 1431 lactus
1153 1392 1168 1442 ;
1201 1387 1350 1432 cette
1382 1385 1553 1448 potest
1578 1388 1865 1447 utrumque

261 1484 372 1524 non
402 1469 579 1525 Solum
624 1485 720 1541 per
768 1471 911 1525 illam
955 1473 1217 1527 rationem
1246 1471 1416 1542 accipi
1442 1482 1602 1543 atque
1644 1471 1861 1543 intelligi

258 1563 385 1634 quia
412 1572 468 1618 et
503 1563 556 1618 in
588 1563 803 1618 Christo
835 1565 978 1618 Deus
1007 1574 1110 1630 est,
1145 1575 1199 1619 et
1229 1573 1314 1619 est
1352 1565 1405 1619 in
1436 1563 1574 1619 Filio
1602 1565 1779 1630 Pater,
1808 1573 1864 1619 et

259 1653 317 1711 in
348 1655 506 1710 Patre
530 1655 719 1720 Filius,
751 1655 845 1711 sed
869 1656 1011 1728 quod
1041 1661 1202 1712 etiam
1229 1657 1279 1711 iu
1313 1657 1493 1712 multis
1521 1656 1656 1711 locis
1686 1655 1862 1711 simile

1975 465 2104 505 num
2141 449 2260 521 ipso
2292 458 2535 522 tempore
2596 451 2768 506 Filius
2823 468 2929 508 non
2975 452 3290 509 dicebatur?
3337 453 3568 527 lnlelligi

1974 543 2190 616 quidem
2224 552 2421 614 potest,
2453 547 2703 615 quoniam
2728 545 2927 601 virtute
2951 545 3066 613 Dei,
3098 554 3154 601 ut
3187 546 3326 602 Deus
3351 549 3487 617 ipse,
3516 557 3574 603 et

1974 636 2146 693 forma
2182 637 2298 702 Dei,
2339 639 2454 709 ipse
2479 638 2641 705 Deus,
2673 654 2866 694 nomen
2903 637 3004 694 hoc
3041 647 3095 694 et
3122 639 3221 694 hoc
3247 638 3566 694 vocabulum

1975 740 2158 800 postea
2197 732 2505 801 acceperit,
2552 742 2903 802 posteaquam
2944 731 2996 785 in
3041 730 3297 785 mundum
3343 729 3571 786 descen-

1973 823 2129 890 dens,
2161 823 2212 877 id
2247 832 2332 878 est
2371 823 2526 891 ὓλην,
2575 823 2742 895 ipsam
2795 823 2913 884 ὓλην
2959 823 3221 892 pra'cidit,
3250 831 3306 877 et
3341 822 3488 890 vicit,
3518 830 3573 877 et

1975 923 2203 971 mortem
2241 917 2556 986 superavit,
2592 925 2647 972 ut
2681 917 2792 987 jam
2840 932 2988 972 mors
3026 931 3132 971 non
3178 915 3567 971 dominaretur.

1972 1009 2126 1078 Quod
2156 1011 2200 1066 si
2243 1020 2386 1066 tanta
2423 1012 2538 1066 lucc
2563 1010 2681 1082 ejus
2716 1026 2877 1081 opera
2897 1052 2910 1075 ,
2935 1019 2990 1065 et
3020 1020 3162 1065 tanta
3194 1008 3566 1064 misericordia

1972 1106 2089 1173 Dei,
2124 1122 2219 1177 per
2247 1105 2349 1160 hoc
2376 1105 2445 1161 ab
2473 1105 2561 1160 illo
2593 1119 2786 1162 munus
2830 1104 3108 1176 impletum
3137 1113 3216 1160 est
3236 1145 3252 1170 ,
3297 1103 3350 1158 in
3393 1101 3570 1158 reditu

1970 1209 2135 1270 atque
2157 1199 2471 1256 reversione
2498 1197 2602 1254 hoc
2633 1213 2829 1254 nomen
2863 1197 3107 1265 accepit,
3131 1207 3184 1250 et
3214 1195 3338 1250 hinc
3363 1194 3569 1250 exalta-

1972 1299 2062 1350 ιυε
2094 1304 2199 1360 εει,
2225 1303 2280 1350 ει
2309 1293 2448 1350 hanc
2475 1294 2700 1364 gratiam
2731 1300 3057 1348 consecutus
3088 1299 3190 1356 est,
3228 1299 3288 1344 ut
3320 1288 3442 1344 Filii
3473 1303 3570 1342 no-

1971 1402 2094 1442 men
2115 1387 2408 1456 acciperel,
2441 1386 2583 1457 quod
2609 1401 2804 1441 nomen
2834 1400 2996 1454 supra
3018 1397 3178 1438 omne
3207 1395 3402 1436 nomen
3427 1389 3530 1435 est.

2040 1478 2146 1534 Sed
2185 1478 2449 1534 catholica
2495 1479 2777 1549 disciplina
2825 1477 2957 1532 dicit
2985 1517 3002 1544 ,
3050 1485 3106 1532 et
3146 1489 3360 1545 semper
3406 1473 3570 1529 fuisse

1966 1569 2202 1635 Patrem,
2233 1581 2287 1627 et
2311 1586 2526 1640 semper
2549 1570 2739 1625 Filium
2766 1587 2778 1623 :
2812 1578 2867 1624 et
2889 1572 2959 1623 ita
2990 1577 3046 1625 et
3072 1567 3357 1624 dicendum
3389 1573 3564 1634 est,et

1966 1663 2391 1735 intelligendum.
2426 1663 2807 1718 Verumtamen
2830 1703 2846 1730 ,
2889 1663 3141 1732 quoniam
3171 1661 3311 1733 apud
3353 1677 3452 1715 nos
3483 1660 3570 1716 hic

257 1752 586 1820 reperimus,
622 1760 678 1804 ιιι
707 1759 769 1806 ει
795 1751 1057 1805 mittentis
1080 1754 1152 1805 Sil
1179 1752 1493 1816 auctoritas,
1527 1759 1582 1805 et
1615 1749 1861 1804 voluntas
1891 1771 1939 1829 B
1964 1776 2121 1816 error
2146 1771 2229 1816 est,
2255 1769 2410 1815 natus
2437 1760 2540 1831 (1),
2584 1758 2725 1829 quod
2757 1766 2970 1813 ροηδιει
3016 1768 3141 1812 ante
3169 1756 3223 1812 in
3261 1770 3428 1812 carne
3466 1754 3566 1811 de.

259 1840 708 1911 obtemperantis.
742 1843 951 1898 Etenim
985 1853 1038 1897 ut
1068 1843 1208 1914 apud
1239 1852 1446 1914 poetas,
1480 1844 1522 1897 si
1552 1858 1672 1898 cum
1707 1853 1858 1913 pater

258 1932 584 1990 Mercurium
608 1935 830 1991 mittens
864 1937 1093 2006 imperio
1114 1950 1212 1991 suo
1239 1936 1420 2002 misit;
1447 1936 1738 1990 Mercurius
1765 1950 1859 1988 au-

264 2036 374 2085 tem
425 2030 594 2100 patris
640 2045 763 2086 cum
807 2040 1019 2101 pareret
1050 2030 1275 2100 imperio
1297 2073 1311 2097 ,
1341 2044 1400 2085 se
1428 2031 1604 2100 ipsum
1636 2043 1860 2099 compo-

263 2124 395 2190 suit,
417 2134 472 2181 et
501 2140 560 2180 se
598 2125 893 2180 esinauivit
921 2135 980 2180 ut
1038 2131 1248 2180 volaret
1290 2135 1346 2180 et
1375 2125 1476 2180 iter
1504 2122 1782 2189 tenderet,
1813 2123 1860 2178 si

262 2214 350 2274 fas
376 2229 458 2272 est
483 2217 684 2273 divinis
713 2217 837 2273 talia
864 2233 1204 2288 comparare;
1239 2217 1464 2288 intelligi
1497 2217 1641 2284 licet,
1674 2226 1727 2271 et
1752 2215 1857 2270 Pa-

264 2313 366 2370 tris
392 2311 616 2381 imperio
645 2311 736 2367 Dei
767 2311 1153 2379 omnipotentis
1196 2311 1417 2364 missum
1457 2308 1730 2365 Christum
1763 2325 1775 2361 :
1807 2319 1863 2364 et

265 2403 518 2461 Christus
545 2402 737 2469 Filius,
770 2419 836 2458 eo
866 2404 982 2473 ipso
1007 2402 1150 2472 quod
1179 2403 1405 2472 imperio
1435 2401 1860 2472 obtemperabat,

268 2513 332 2556 se
378 2497 673 2554 exinauivit
699 2539 712 2564 ,
749 2506 807 2552 ut
846 2496 1082 2551 hominis
1123 2494 1349 2550 fortnam
1401 2503 1678 2560 sumeret,
1709 2502 1765 2549 et
1809 2493 1863 2548 in

272 2609 438 2650 carne
480 2593 709 2658 veniret,
740 2602 792 2648 et
823 2591 966 2648 servi
997 2591 1284 2662 imaginem
1316 2591 1636 2656 sustineret,
1666 2603 1726 2645 se
1767 2588 1865 2642 Iut-

272 2688 490 2744 milians
532 2695 588 2741 et
616 2685 902 2740 obauditor
932 2683 1138 2752 factus,
1165 2684 1449 2755 obauditor
1476 2693 1655 2738 autem
1695 2697 1865 2754 usque

241 2827 248 2831 .
275 2780 344 2836 ad
372 2789 622 2836 mortem.
656 2778 826 2848 Quam
855 2779 999 2833 illam
1030 2778 1290 2834 mortem?
1315 2779 1484 2833 multa
1505 2779 1648 2834 enim
1671 2793 1866 2848 genera

278 2873 470 2930 mortis
495 2882 621 2928 sunt
648 2888 665 2931 ;
699 2887 822 2926 nam
853 2873 1084 2943 primum
1113 2887 1233 2928 esse
1263 2872 1316 2927 in
1346 2887 1544 2934 carne,
1575 2872 1762 2926 mortis
1787 2869 1863 2941 (i)

276 2976 366 3024 est
396 2985 410 3022 :
441 2965 634 3022 deinde
662 2965 908 3036 accipere
955 2967 1132 3022 omnia
1174 2978 1389 3037 peccata
1425 2966 1622 3033 carnis,
1655 2975 1710 3022 et
1755 2966 1867 3036 ipsa

278 3074 429 3117 mors
454 3071 535 3116 εει
567 3077 580 3113 :
611 3059 733 3114 ideo
777 3058 1080 3129 adjectum,
1132 3075 1291 3126 usque
1316 3060 1384 3113 ad
1421 3070 1651 3114 mortem.
1697 3058 1868 3128 Quam

1962 1866 2214 1909 scenSunt
2241 1893 2256 1918 ,
2314 1867 2586 1920 nunquam
2628 1851 2793 1905 lilium
2831 1849 3033 1905 dictum
3071 1863 3191 1904 esse
3230 1849 3417 1922 λόγον,
3473 1861 3575 1904 nec

1964 1962 2108 2002 nunc
2153 1946 2224 2001 ita
2267 1945 2534 2016 expositio
2578 1945 2676 1999 ista
2721 1947 2918 2008 currit,
2968 1951 3023 1998 et
3061 1941 3379 1998 sententiam
3417 1955 3568 1996 suam

1965 2049 2140 2105 tenet,
2177 2049 2233 2095 ut
2261 2056 2382 2095 cum
2413 2041 2616 2096 dictum
2643 2039 2712 2094 sit
2740 2038 2883 2108 quod
2914 2052 2974 2093 se
2995 2038 3167 2109 ipsum
3190 2035 3568 2102 exinaniverit,

1964 2144 2016 2192 et
2058 2151 2180 2190 cum
2213 2134 2309 2190 Dei
2342 2144 2486 2190 esset
2527 2134 2696 2188 forma
2721 2175 2736 2198 ,
2766 2132 2994 2188 fortnam
3032 2133 3174 2188 servi
3218 2133 3487 2203 acceperit
3516 2139 3571 2186 et

1963 2228 2220 2300 ﬁguram,
2254 2227 2306 2281 in
2333 2226 2687 2282 similitudine
2716 2227 2964 2281 inventus
2995 2225 3230 2281 hominis
3258 2232 3312 2280 et
3353 2223 3524 2279 lactus
3550 2239 3566 2288 ;

1965 2329 2021 2374 et
2049 2333 2218 2389 usque
2243 2317 2307 2372 ad
2340 2328 2568 2373 mortem
2596 2332 2654 2373 se
2682 2316 3072 2383 humiliaverit,
3103 2325 3156 2371 et
3182 2323 3409 2370 mortem
3431 2329 3562 2370 cru-

1966 2411 2084 2477 cis,
2133 2419 2188 2467 et
2231 2410 2546 2481 adjunctutu
2591 2410 2658 2463 ita
2689 2412 2788 2475 sit,
2820 2418 3027 2480 propter
3054 2407 3192 2479 quod
3239 2406 3377 2463 Deus
3421 2406 3570 2461 illum

1968 2503 2208 2560 exultavit
2233 2519 2251 2557 :
2279 2503 2487 2559 videtur
2521 2511 2738 2572 pr0pler
2768 2501 2938 2572 ipsam
2969 2500 3272 2570 passionem
3303 2497 3572 2554 exaltatus

1968 2611 2108 2661 esse,
2133 2607 2186 2652 et
2217 2595 2495 2665 accepisse
2523 2611 2581 2648 se
2611 2595 2749 2648 hanc
2771 2593 3091 2663 gratiam,ut
3120 2591 3224 2647 hoc
3254 2605 3446 2646 nomen
3475 2604 3568 2644 ac-

1969 2691 2174 2761 ciperet
2198 2688 2340 2758 quod
2363 2703 2521 2758 supra
2546 2701 2706 2742 omne
2750 2700 2944 2741 nomen
2987 2693 3103 2750 est,
3141 2691 3359 2754 propter
3389 2682 3568 2746 istam,

1971 2785 2221 2856 inquam,
2251 2797 2490 2838 causam.
2536 2780 2628 2835 Sic
2655 2779 2798 2834 enim
2837 2779 2966 2834 dicit
2994 2777 3212 2832 Paulus.
3243 2774 3397 2844 Quod
3429 2774 3472 2828 si
3500 2773 3574 2828 ita

1972 2890 2071 2944 εει,
2101 2878 2256 2949 quasi
2289 2877 2517 2946 intelligi
2543 2875 2692 2941 vult,
2738 2884 2860 2930 ante
2889 2875 2992 2929 hoc
3018 2889 3122 2928 non
3155 2871 3321 2927 fuisse
3352 2883 3571 2935 nomen,

1973 2979 2031 3024 ut
2060 2969 2219 3024 fuerit
2241 2970 2412 3023 virtus
2439 2967 2554 3034 Dei,
2577 2967 2720 3040 λόγος
2745 2966 2922 3028 l'uerit,
2946 2965 3107 3020 etiam
3141 2963 3307 3018 forma
3331 2958 3493 3016 fuerit
3523 2961 3574 3013 in

1972 3076 2039 3119 eo
2085 3061 2227 3133 qttod
2270 3062 2444 3136 λόγος,
2475 3069 2530 3116 ει
2579 3061 2755 3127 lleus,
2797 3066 2853 3114 et
2897 3057 3056 3113 fuerit
3096 3057 3235 3128 apud
3280 3056 3445 3110 Deum
3473 3072 3485 3108 :
3512 3068 3576 3109 ac

275 3153 548 3210 mortem?
580 3152 747 3205 crucis
772 3193 784 3216 ,
825 3152 1015 3222 inquit.
1051 3150 1263 3206 Etenim
1293 3167 1390 3207 nos
1420 3152 1665 3208 Salvator
1694 3161 1870 3207 morte
1895 3173 1940 3237 (ς
1977 3164 2258 3226 propterea
2297 3153 2451 3225 quasi
2482 3170 2588 3208 non
2622 3151 2946 3218 conveniat,
2991 3161 3046 3205 ut
3074 3161 3196 3205 tunc
3243 3149 3334 3203 lilii
3381 3161 3578 3202 nomen

276 3262 386 3302 non
411 3245 683 3310 libetavit,
708 3243 804 3299 sed
833 3253 1004 3300 morte
1026 3245 1201 3300 crucis
1224 3244 1469 3300 liberavit
1502 3262 1516 3300 :
1538 3259 1698 3300 omne
1723 3244 1866 3298 enim

275 3339 592 3411 mysterium
625 3354 730 3392 non
761 3339 811 3392 iu
844 3350 1017 3393 morte
1045 3347 1274 3405 tantum,
1308 3339 1401 3394 sed
1439 3337 1664 3404 Christi,
1693 3339 1786 3394 sed
1816 3349 1869 3395 et

274 3434 331 3490 in
362 3442 535 3487 morte
565 3432 743 3487 crucis
775 3449 788 3486 :
818 3432 960 3488 unde
989 3431 1124 3488 dixit
1147 3433 1365 3501 Paulus,
1395 3434 1553 3491 tidem
1585 3451 1644 3490 se
1671 3435 1870 3492 habere

273 3523 332 3582 in
363 3524 657 3587 Christum,
695 3533 748 3580 et
776 3525 828 3579 in
856 3523 1130 3580 Christum
1157 3525 1330 3596 ipsum
1363 3529 1688 3596 cruciﬁxum.

348 3617 514 3673 Vens.
543 3618 596 3680 9,
625 3618 709 3677 10.
733 3618 1106 3688 H.—Quibus
1136 3620 1389 3674 omnibus
1403 3620 1532 3690 quid
1563 3621 1870 3692 colligitur?

269 3710 416 3782 Ergo
437 3710 684 3767 Chrisms
712 3719 767 3766 et
782 3711 901 3767 aliis
931 3711 1223 3776 consuluit,
1256 3720 1310 3768 et
1339 3727 1399 3767 se
1432 3712 1687 3768 humilem
1722 3714 1866 3770 fecit.

270 3805 497 3876 Propter
536 3805 672 3874 quod
698 3814 744 3860 et
778 3803 922 3860 Deus
957 3807 1198 3860 exultavit
1229 3804 1381 3860 illum
1407 3847 1423 3872 ,
1454 3816 1502 3860 et
1543 3807 1751 3860 donavit
1791 3807 1870 3862 illi

269 3915 456 3955 nomen
480 3942 495 3964 ,
529 3911 584 3954 ut
611 3901 665 3954 in
692 3900 895 3953 nomine
923 3898 1053 3953 Jesu
1092 3915 1262 3953 omnes
1291 3914 1457 3970 genua
1482 3900 1728 3969 ﬂectant,
1771 3917 1870 3954 cae-

266 3992 495 4056 lestium,
515 3993 851 4058 terrestrium,
867 4002 914 4046 et
938 3992 1280 4062 infernarum;
1301 4001 1344 4045 et
1368 3993 1532 4047 omnis
1554 3993 1730 4063 lingua
1747 4009 1871 4047 con-

267 4088 479 4159 ﬁteatur
499 4088 741 4157 quoniam
763 4085 1017 4140 Dominus
1043 4084 1196 4141 Jesus
1223 4084 1456 4139 Christus
1495 4085 1549 4138 in
1574 4085 1742 4156 gloria
1773 4085 1870 4141 Dei

264 4179 448 4236 Patris
478 4180 575 4251 (ἢ).
595 4179 734 4248 Quid
766 4179 904 4233 istud
931 4177 1022 4243 sit,
1047 4178 1188 4248 quod
1220 4192 1362 4233 nunc
1391 4178 1591 4233 dictum
1618 4187 1720 4244 est,
1746 4180 1868 4250 quia

266 4272 394 4328 ideo
428 4272 569 4326 Deus
599 4270 795 4326 Filium
825 4285 982 4325 suum
1015 4270 1272 4325 exultavit
1294 4313 1309 4338 ,
1340 4281 1394 4326 et
1425 4270 1476 4325 ei
1506 4270 1726 4326 donavit
1771 4288 1869 4327 no-

264 4380 393 4420 men
423 4364 566 4436 qttod
597 4379 761 4435 supra
789 4362 968 4418 omnia
998 4365 1214 4418 nomina
1248 4373 1329 4419 est
1354 4405 1369 4429 ,
1413 4373 1468 4418 et
1496 4364 1636 4436 quod
1668 4365 1739 4420 sit
1768 4366 1869 4420 hoc

247 4457 442 4528 .ipsum
475 4473 670 4513 nomen
696 4498 711 4523 ,
744 4466 799 4512 et
836 4472 1004 4527 quare
1050 4473 1193 4512 nunc
1224 4457 1338 4512 hmc
1383 4457 1666 4513 donaverit
1708 4467 1869 4529 atque

264 4551 620 4617 concesserit,
653 4550 755 4606 etsi
785 4552 962 4620 magni
996 4561 1256 4605 tractatus
1281 4561 1365 4606 est
1395 4566 1708 4622 magnaeque
1737 4551 1868 4608 doc-

266 4643 448 4710 trinas,
481 4646 659 4699 tamen
689 4658 788 4699 nos
818 4643 871 4698 id
903 4645 1061 4715 quale
1090 4644 1181 4709 sit,
1215 4643 1450 4698 breviter
1488 4644 1863 4700 admouemus.

263 4735 536 4803 Christus,
564 4735 616 4790 id
633 4745 716 4792 est
736 4737 903 4810 λόγος,
927 4738 1155 4807 quicum
1177 4737 1285 4791 Deo
1313 4745 1416 4802 est,
1439 4746 1495 4791 et
1517 4737 1655 4807 apud
1674 4738 1864 4806 Deum,

257 4833 415 4900 juxta
451 4827 616 4882 Deum
645 4870 659 4892 ,
711 4838 764 4883 et
810 4828 1015 4884 idcirco
1051 4828 1210 4883 etiam
1245 4828 1361 4898 ipse
1394 4829 1536 4884 Deus
1559 4870 1574 4894 ,
1607 4830 1694 4884 cui
1724 4830 1867 4902 λόγος

270 4919 363 4976 hic
423 4936 491 4976 ex
560 4921 873 4990 operatione
913 4930 1030 4990 ejus
1069 4921 1349 4991 provenit,
1413 4930 1566 4976 utet
1619 4920 1868 4978 Christus

261 5026 408 5072 esset
434 5015 611 5082 Jesus,
645 5025 698 5072 et
749 5016 1097 5082 exaltaretur,
1128 5027 1185 5072 et
1223 5031 1388 5086 supra
1419 5017 1601 5071 omnia
1647 5017 1866 5072 nomina

263 5127 463 5168 nomen
494 5112 801 5184 acciperet,
830 5112 968 5184 λόγος
995 5153 1011 5177 ,
1041 5111 1281 5180 inquam,
1322 5110 1424 5165 iste
1449 5109 1501 5165 iu
1531 5125 1597 5166 eo
1621 5111 1763 5182 quod
1785 5113 1868 5168 λό-

264 5228 358 5280 γος
393 5214 516 5270 est,
551 5206 722 5261 forma
768 5205 862 5261 Dei
916 5215 1039 5270 est,
1090 5219 1216 5260 vere
1251 5204 1513 5276 jungitur,
1562 5204 1866 5273 coltulatur,

265 5314 543 5370 unumque
574 5306 662 5354 est
684 5339 697 5361 .
732 5307 788 5354 et
818 5297 1019 5355 idcirco
1040 5307 1093 5354 et
1120 5299 1265 5372 λόγος
1292 5298 1431 5354 Deus
1457 5309 1561 5366 est,
1593 5313 1688 5368 per
1708 5315 1868 5369 quem

244 5401 454 5468 ecreata
481 5398 608 5446 sunt
633 5391 834 5458 omnia,
868 5400 922 5446 et
951 5391 1003 5445 in
1035 5407 1140 5462 quo
1169 5391 1312 5462 quod
1332 5389 1583 5447 ellectum
1614 5400 1732 5458 est,
1766 5391 1872 5447 vita

264 5495 373 5555 est,
416 5497 471 5543 et
506 5485 610 5542 hoc
646 5486 746 5542 luit
786 5501 818 5541 a
853 5484 1140 5558 principio,
1177 5494 1231 5542 et
1255 5486 1372 5542 sine
1405 5485 1529 5559 lego
1557 5485 1761 5542 factum
1790 5495 1875 5542 est

345 5641 424 5785 (Ιῖ
457 5641 530 5695 ita
561 5642 746 5709 codd.,
768 5659 872 5698 non
899 5659 1055 5697 mors.

345 5714 401 5785 (ἓ
455 5713 687 5785 νυιεν..
722 5714 789 5768 Et
818 5715 958 5770 dedit
984 5714 1055 5769 illi

344 5713 423 5785 (ἓ)
455 5713 687 5788 νυιεν..
722 5714 802 5788 Et
818 5715 958 5788 dedit
984 5714 1065 5769 illi
1094 5730 1275 5770 nomen
1293 5716 1431 5788 quod
1452 5725 1524 5770 est
1552 5731 1704 5788 super
1723 5732 1871 5774 omne

269 5799 482 5858 nomen,
506 5785 639 5842 utin
665 5786 871 5843 nomine
900 5785 1029 5845 Iesu
1057 5800 1208 5846 amas
1236 5785 1367 5858 genu
1401 5785 1659 5858 ﬂectatur,
1685 5797 1792 5846 etc.

1974 3250 2282 3320 acceperit,
2307 3247 2403 3303 sed
2451 3257 2801 3317 posteaquam
2835 3245 3049 3299 missus.
3089 3242 3144 3298 lu
3174 3257 3280 3310 quo
3316 3239 3572 3310 intelligi-

1976 3360 2093 3398 mus
2111 3342 2246 3414 jam,
2271 3357 2338 3398 ex
2365 3356 2432 3397 eo
2458 3341 2598 3412 quod
2629 3340 2829 3395 missus
2854 3351 2958 3405 est,
2991 3337 3140 3392 illum
3168 3351 3292 3392 esse
3323 3334 3532 3389 Patrem
3560 3373 3576 3398 ,

1974 3447 2029 3493 et
2055 3437 2198 3492 hunc
2227 3435 2423 3490 Filium
2456 3452 2468 3488 :
2502 3434 2697 3490 deinde
2728 3443 2948 3504 pr0pter
2977 3445 3161 3501 Opera,
3197 3439 3415 3499 propter
3443 3439 3580 3498 mys-

1976 3531 2190 3593 terium,
2217 3538 2438 3600 propter
2468 3529 2797 3599 passionem,
2831 3541 2933 3596 qua
2959 3527 3061 3579 vita
3095 3539 3238 3579 mors
3266 3531 3368 3587 est,
3407 3536 3510 3575 mox
3528 3527 3579 3574 te

1975 3624 2090 3696 ipsa
2116 3622 2353 3688 Christi;
2390 3631 2610 3693 propter
2637 3620 2774 3674 hanc
2796 3660 2810 3684 ,
2841 3619 3082 3688 inquant,
3114 3616 3340 3688 gratiam
3371 3612 3579 3683 accepit

1975 3733 2171 3774 nomen
2201 3716 2344 3788 quod
2379 3731 2542 3786 supra
2573 3728 2735 3768 omne
2766 3726 2962 3767 nomen
3005 3721 3126 3774 est;
3160 3717 3216 3761 ut
3246 3715 3450 3761 tantum
3481 3719 3579 3760 tto-

1973 3825 2098 3868 meu
2143 3808 2464 3873 accesserit,
2509 3820 2596 3861 res
2641 3804 2829 3860 eadem
2867 3803 3062 3858 luerit:
3093 3811 3145 3856 et
3197 3811 3351 3864 ante,
3393 3797 3445 3852 id
3496 3805 3579 3852 est

1974 3908 2154 3981 λόγος.
2185 3912 2345 3976 atque
2393 3903 2509 3970 ipsa
2545 3900 2744 3964 virtus;
2780 3914 2886 3954 non
2934 3908 2992 3953 ιιι
3034 3911 3175 3950 nunc
3215 3894 3445 3966 primum
3490 3906 3576 3948 res

1974 3998 2156 4065 fuerit,
2184 3995 2398 4067 quando
2428 3994 2481 4049 in
2521 4007 2739 4048 carnem
2771 3990 2937 4045 venit.
2971 3987 3077 4044 Sed
3107 4002 3229 4042 cum
3269 3999 3355 4040 res
3384 3985 3531 4037 venit
3556 4024 3571 4048 ,

1976 4093 2028 4147 id
2053 4101 2142 4147 est
2167 4090 2356 4154 virtus,
2385 4100 2440 4142 et
2464 4084 2744 4155 sapientia,
2777 4093 2832 4138 et
2859 4092 3032 4148 actus,
3065 4089 3119 4135 et
3146 4075 3406 4148 operatio,
3430 4075 3578 4149 λόγος

1975 4195 2152 4240 tamen
2184 4183 2360 4238 dictus
2384 4180 2542 4246 fuerit
2564 4220 2578 4246 ,
2607 4188 2660 4234 et
2684 4179 2828 4251 λόγος
2856 4176 3036 4230 fuerit.
3070 4173 3220 4228 Nunc
3249 4181 3428 4226 autem
3463 4171 3578 4238 ipse

1972 4280 2117 4353 λόγος
2138 4293 2258 4334 cum
2280 4275 2452 4331 induit
2473 4288 2714 4339 carnem,
2741 4280 2799 4326 ut
2822 4270 3024 4326 dictum
3050 4277 3150 4335 cst,
3171 4271 3306 4337 ipse,
3335 4265 3574 4335 inquam,

1972 4373 2118 4448 λόγος
2159 4380 2280 4441 post
2327 4368 2630 4438 passionem
2662 4407 2676 4432 ,
2723 4373 2776 4420 et
2809 4370 2929 4434 post
2959 4369 3182 4416 mortem
3227 4359 3399 4412 crucis
3422 4397 3437 4421 ,
3475 4370 3578 4425 qua

1978 4468 2105 4522 vicit
2131 4479 2346 4521 omnem
2399 4473 2628 4517 mortem
2672 4467 2726 4514 et
2753 4457 2931 4513 omnia
2976 4463 3233 4526 peccata,
3263 4449 3581 4504 vocabulum

1893 4577 1948 4637 D
1975 4557 2245 4630 acceperit
2276 4555 2394 4610 Filii
2419 4597 2434 4622 ,
2462 4553 2606 4625 quod
2643 4550 2959 4606 vocabulum
3002 4562 3162 4618 supra
3195 4560 3357 4600 omne
3387 4557 3582 4598 nomen

1975 4663 2078 4707 est.
2111 4648 2248 4717 Quid
2279 4647 2421 4702 enitn
2451 4654 2534 4701 est
2563 4643 2705 4714 quod
2756 4641 2926 4713 possit
2965 4640 3132 4710 accipi
3164 4636 3372 4708 ξειιιιςιιε
3392 4678 3408 4703 ,
3439 4634 3582 4707 quod

1974 4741 2275 4813 comparari
2306 4739 2471 4811 possit
2503 4753 2622 4792 cum
2643 4735 2767 4791 Filii
2798 4733 3055 4789 nomine?
3080 4731 3292 4787 Etenim
3323 4727 3579 4794 amicitia,

1975 4835 2254 4906 sanguinis
2271 4831 2600 4903 conjunctio.
2625 4826 2979 4900 germanitas,
3003 4835 3059 4881 et
3083 4835 3300 4891 castera,
3322 4823 3580 4878 inferiora

1976 4935 2104 4985 sunt
2130 4926 2309 4982 omnia
2334 4942 2350 4992 ;
2382 4925 2495 4980 sive
2519 4923 2890 4978 ministrorum
2912 4961 2927 4986 ,
2953 4920 3068 4975 sive
3091 4917 3404 4989 angelorum
3422 4958 3438 4983 ,
3469 4915 3584 4972 sive

1978 5034 2328 5092 quaecumque
2368 5017 2471 5072 alia
2512 5015 2828 5070 dixerimus.
2879 5013 2976 5068 Est
3016 5011 3177 5082 igitur
3217 5009 3384 5064 Filius
3421 5023 3579 5078 supra

1977 5132 2137 5174 omne
2165 5129 2402 5172 nomen:
2430 5111 2575 5184 quod
2614 5127 2809 5166 nomen
2840 5108 2991 5166 dedit
3015 5109 3169 5181 .Deus
3203 5104 3422 5161 Christo
3460 5113 3582 5174 post

1980 5211 2309 5284 passionem,
2344 5214 2464 5277 post
2491 5219 2727 5260 crucem.

2057 5303 2237 5360 Videri
2271 5312 2449 5357 tamen
2481 5307 2678 5373 potest,
2710 5312 2878 5370 prope
2915 5311 3022 5352 non
3057 5297 3128 5351 ita
3156 5309 3276 5351 esse
3305 5301 3363 5349 ut
3391 5307 3582 5349 verum

1981 5400 2082 5456 sit.
2115 5395 2258 5456 quod
2302 5394 2472 5451 Filius
2516 5409 2678 5465 supra
2723 5406 2884 5447 omne
2932 5405 3128 5446 nomen
3168 5390 3259 5444 sit.
3293 5387 3508 5444 Etenim
3538 5385 3585 5442 si

1982 5492 2126 5549 ﬁlius
2157 5507 2262 5548 non
2299 5489 2496 5546 dicitur
2523 5487 2626 5544 nisi
2654 5501 2776 5544 eum
2815 5495 2966 5557 pater
2987 5485 3093 5550 sit,
3114 5494 3169 5541 et
3198 5494 3352 5556 pater
3379 5499 3501 5540 cum
3525 5483 3588 5538 ll-

2057 5710 2139 5782 (t)
2170 5705 2430 5782 Loquitur
2472 5703 2793 5782 de_Arianis
2813 5743 2831 5772 ,
2868 5715 3006 5776 quos
3035 5699 3197 5757 etiam
3227 5697 3496 5758 subtiliter
3528 5698 3583 5753 in

1982 5777 2330 5854 sequentibus
2349 5777 2609 5848 coarguit.
