4024 6306
412 274 547 336 ηιι

1658 281 1748 339 ΜΛ
1760 279 1850 341 illi
1888 281 2227 342 VICTORINI
2265 289 2302 342 Λ
2313 286 2426 347 FRI

3568 273 3704 344 ista

411 394 516 450 lius
534 395 625 460 sit,
641 396 898 477 numquid
920 397 1081 452 etiam
1105 397 1207 453 hoc
1235 411 1451 463 nomen,
1478 396 1666 465 Filius,
1689 413 1848 468 supra
1870 399 2000 454 illud
2030 405 2080 464 Α
2110 418 2248 470 mus,
2269 405 2411 475 quod
2431 405 2770 463 consulentes
2793 416 2847 463 et
2870 419 3054 463 curam
3078 403 3287 477 aliis(l)
3315 409 3586 475 gerentes,
3612 422 3709 459 uo-

415 504 611 546 nomen
659 500 743 547 est
764 534 778 556 ,
811 491 954 562 quod
995 491 1157 546 Pater
1190 493 1311 548 est?
1339 491 1531 563 Utique
1560 508 1685 547 non.
1732 493 2014 561 Quomodo

417 598 548 654 ergo
571 582 738 639 Filius
754 599 950 640 nomen
979 599 1103 639 cum
1121 584 1407 655 acciperet,
1442 600 1601 654 supra
1626 600 1788 641 omne
1815 600 2010 640 nomen

414 679 662 750 accepit?
696 679 889 750 Utique
930 679 1073 736 circa
1117 680 1216 735 alia
1264 681 1384 736 sine
1411 679 1574 736 dubio
1620 681 1835 735 nomina
1873 680 2013 734 arci-

416 772 610 843 pienda
641 782 782 828 sunt.
803 788 1073 845 supraque
1103 774 1281 829 omnia
1314 774 1414 830 alia
1449 773 1550 828 hoc
1580 788 1776 830 nomen
1802 773 1903 829 Fili
1932 772 2015 847 (l)

416 865 505 920 sit.
537 864 671 920 Nam
706 875 857 935 pater
879 882 999 921 cum
1030 865 1173 922 Filio
1198 867 1419 938 junctus
1444 878 1544 933 est,
1581 877 1633 923 et
1660 867 1884 939 aequalia
1913 883 2011 923 no-

416 957 560 1014 mina
607 959 709 1013 ista
761 970 924 1026 sunt,
957 969 1215 1030 quantum
1264 960 1330 1015 ad
1370 961 1620 1025 nomina;
1651 961 1753 1015 etsi
1795 974 1899 1014 non
1944 960 2016 1015 sit

415 1049 581 1107 Filius
610 1066 806 1106 nomen
837 1066 995 1121 supra
1032 1051 1207 1107 Patris
1237 1067 1431 1107 nomen
1456 1095 1471 1119 ,
1499 1066 1598 1106 nec
1628 1051 1789 1107 Pater
1818 1066 2016 1107 nomen

412 1161 570 1217 supra
618 1146 737 1201 Filii
784 1162 1000 1202 nomen.
1051 1147 1233 1203 Virtus
1276 1149 1363 1202 illa
1413 1163 1535 1220 quae
1578 1147 1774 1203 dicitur
1813 1149 2013 1219 Pater,

411 1255 571 1312 supra
594 1249 695 1306 est,
713 1254 875 1311 supra
898 1241 1040 1296 illam
1062 1241 1338 1307 virtutem,
1359 1256 1478 1312 qua:
1500 1241 1699 1297 dicitur
1718 1241 1888 1298 Filius
1911 1242 2014 1317 (9);

410 1348 606 1389 nomen
652 1343 828 1388 tamen
858 1334 941 1388 vel
986 1333 1153 1389 Filius
1186 1334 1270 1389 vel
1305 1334 1493 1397 Pater,
1527 1335 1751 1405 aequalia
1782 1335 1922 1390 inter
1957 1318 2018 1391 δε

408 1436 552 1484 sunt.
584 1427 735 1496 Quod
764 1428 808 1482 si
838 1428 909 1482 ita
952 1436 1054 1497 est,
1087 1427 1250 1482 Filius
1281 1442 1441 1498 supra
1484 1442 1644 1483 omne
1673 1441 1867 1483 nomen
1898 1438 1980 1484 est
2000 1469 2015 1493 ,

411 1519 535 1591 quia
579 1519 741 1575 Pater
769 1534 890 1575 cum
924 1519 1062 1575 Filio
1088 1519 1248 1574 simul
1278 1534 1438 1591 supra
1470 1534 1631 1574 omne
1660 1534 1855 1575 nomen
1901 1527 2013 1587 est;

410 1618 493 1673 cui
525 1617 726 1672 nomini
757 1660 774 1686 ,
802 1629 854 1673 et
890 1618 941 1672 in
965 1633 1072 1689 quo
1110 1619 1329 1674 nomine
1353 1660 1367 1684 ,
1406 1618 1533 1673 .lesu
1573 1617 1771 1673 Christi
1797 1660 1811 1684 ,
1842 1618 2018 1673 omnis

410 1710 574 1766 homo
604 1725 777 1781 genua
809 1721 1034 1779 curvat,
1067 1720 1119 1766 et
1164 1720 1322 1768 orat:
1356 1726 1532 1784 neque
1571 1709 1735 1764 homo
1768 1721 1972 1765 tantum
2000 1755 2014 1779 ,

2112 494 2197 550 his
2212 496 2378 567 magis
2389 496 2615 553 salutem
2633 512 2940 569 operemur.
2961 496 3163 554 Deinde
3183 496 3391 568 quodin
3407 497 3560 552 nobis
3573 514 3707 568 prae.

2113 596 2262 642 stans
2285 588 2367 660 (2)
2392 589 2461 644 sit
2483 590 2637 646 nobis
2661 592 2888 648 salutem
2919 591 3151 662 operari.
3169 589 3256 646 Sic
3283 590 3424 645 enim
3455 589 3712 657 dixit,sa—

2115 677 2273 733 lutem
2299 689 2515 735 vestram
2556 684 2860 753 operamini.
2894 682 3003 739 Sed
3036 695 3224 737 rursus
3255 696 3323 737 ne
3345 684 3715 752 unusquisque

2114 786 2301 841 parum
2315 772 2537 842 gratiam
2558 774 2667 829 Deo
2684 773 2903 841 referat,
2928 776 2972 830 si
2994 773 3110 845 ipse
3130 773 3231 828 sibi
3251 775 3479 830 salutem
3498 775 3713 844 operari

2114 864 2379 931 videatur,
2402 864 2671 935 adjectum
2688 876 2767 922 est
2786 867 2941 932 illud,
2958 864 3096 920 Deus
3108 874 3181 921 est
3201 865 3334 920 enim
3354 867 3443 936 qui
3468 875 3720 935 operatur

2116 958 2168 1012 in
2197 959 2335 1012 vobis
2358 1000 2374 1027 ,
2401 966 2449 1013 et
2484 960 2739 1013 voluntate
2766 968 2815 1014 et
2849 959 3070 1031 efﬁcacia
3093 1002 3108 1023 ,
3147 974 3242 1030 pro
3267 959 3400 1013 bona
3436 960 3714 1014 roltmtate.

2117 1051 2260 1125 Ergo
2297 1052 2515 1106 salutem
2558 1062 2775 1107 vestram
2802 1093 2816 1115 ,
2864 1054 3076 1123 inquit,
3117 1052 3438 1122 aperamini:
3463 1052 3560 1107 sed
3601 1052 3717 1121 ipsa

2116 1147 2359 1216 operatio
2403 1154 2581 1201 tamen
2628 1161 2658 1201 a
2706 1146 2818 1202 Deo
2861 1154 2987 1202 est:
3013 1146 3154 1202 Deus
3181 1147 3324 1202 enim
3371 1156 3628 1217 operatur
3664 1147 3721 1200 in

2118 1237 2271 1292 vobis
2294 1279 2309 1302 ,
2345 1245 2400 1294 et
2428 1250 2683 1309 cperatur
2711 1246 2769 1292 ut
2797 1238 2974 1293 velitis
3003 1238 3095 1293 ita.
3128 1237 3195 1293 Et
3232 1236 3375 1293 velle
3413 1238 3564 1306 quasi
3594 1251 3726 1291 nos-

2117 1339 2257 1386 trum
2284 1341 2405 1399 est,
2435 1332 2578 1388 unde
2606 1346 2705 1388 nos
2723 1347 3015 1403 operantur
3051 1332 3205 1387 nobis
3249 1331 3497 1386 salutem.
3542 1329 3607 1385 Et
3643 1341 3725 1384 ta-

2117 1443 2240 1484 men
2263 1429 2385 1498 quia
2414 1431 2586 1499 ipsum
2615 1430 2776 1495 velle,
2804 1445 2833 1484 a
2860 1429 2969 1485 Deo
2998 1428 3153 1483 nobis
3175 1436 3448 1498 operatur,
3477 1428 3536 1481 fit
3566 1435 3624 1480 ut
3652 1441 3722 1481 ex

2120 1522 2234 1578 Deo
2280 1531 2334 1577 et
2377 1523 2747 1593 operationem
2797 1530 2853 1576 et
2900 1522 3228 1575 voluntatem
3275 1518 3589 1575 habeamus.
3646 1517 3725 1572 ita

2119 1620 2406 1683 utrumque
2438 1615 2660 1669 mixtum
2691 1622 2816 1679 est,
2851 1622 2908 1668 ut
2932 1622 2986 1669 et
3029 1628 3129 1667 nos
3159 1612 3452 1667 habeamus
3479 1610 3731 1665 volunta—

2120 1712 2265 1770 tem,
2300 1714 2352 1759 et
2384 1703 2477 1760 Dei
2509 1706 2577 1760 sit
2619 1707 2731 1774 ipsa
2773 1705 3061 1769 voluntas;
3090 1713 3145 1760 et
3174 1706 3302 1775 quia
3342 1704 3602 1759 habemus
3633 1719 3733 1757 vo-

408 1803 504 1859 sed
542 1803 721 1859 omnia
764 1803 1005 1859 cmlestia
1034 1813 1087 1859 et
1129 1804 1309 1859 omnia
1344 1813 1562 1859 terrena
1583 1845 1596 1869 ,
1630 1813 1684 1858 ct
1706 1803 1887 1859 omnia
1914 1804 2015 1859 sub
2045 1807 2093 1868 Β
2122 1797 2384 1853 luntatem
2411 1839 2425 1864 ,
2457 1797 2594 1853 adsit
2633 1797 2873 1853 efﬁcacia
2914 1813 3012 1869 pro
3052 1798 3190 1852 bona
3230 1798 3526 1852 voluntate.
3560 1795 3735 1868 Magis

413 1897 572 1954 terris
591 1914 712 1968 qua!
727 1897 958 1954 inferius
978 1912 1101 1954 esse
1120 1897 1394 1954 dicuntur.
1417 1898 1482 1953 Et
1500 1890 1650 1962 item,
1676 1897 1834 1953 Vens.
1860 1898 2023 1953 ll:—

419 1990 598 2047 Omnis
613 2007 712 2046 vos:
723 2007 816 2046 con
821 1992 993 2062 litetur
1004 1991 1142 2065 quod
1152 1990 1185 2046 J
1191 2008 1302 2047 esus
1316 1990 1548 2046 Christus
1564 1990 1817 2046 Dominus
1830 2001 2020 2046 noster,

414 2087 468 2141 in
498 2087 668 2158 gloria
696 2085 872 2142 Patris
898 2096 973 2143 est
1004 2086 1103 2158 (1’)),
1125 2097 1176 2141 ct
1204 2086 1303 2141 fuit
1332 2101 1567 2158 semper.
1601 2086 1724 2141 llaec
1752 2102 1883 2157 ergo
1910 2087 2025 2157 glo-

421 2181 497 2235 ria
528 2179 577 2236 ei
607 2180 730 2235 data
761 2188 846 2235 est
867 2223 880 2245 ,
911 2190 969 2234 ut
995 2180 1163 2252 gloria
1186 2181 1256 2234 sit
1297 2181 1411 2250 ipse
1450 2180 1613 2250 patris
1642 2223 1655 2245 ,
1686 2181 1935 2250 quoniam
1970 2186 2027 2235 et

328 2270 331 2275 ’
422 2287 575 2346 pater
600 2290 724 2331 eum
764 2275 983 2345 genuit;
1026 2283 1081 2331 et
1110 2274 1177 2330 ab
1221 2289 1287 2331 eo
1320 2285 1533 2330 creatus
1581 2272 1813 2328 mundus
1848 2282 1931 2328 est
1974 2280 2028 2328 et

422 2367 687 2433 salvatus,
720 2377 774 2424 et
792 2369 898 2424 vita
929 2382 1075 2423 mors
1096 2379 1199 2433 est;
1229 2376 1283 2422 et
1303 2367 1447 2423 salus
1477 2367 1878 2437 aeternitasque,
1907 2381 2028 2438 quae

424 2460 645 2529 quaesita
677 2469 755 2515 est
789 2460 875 2515 his
914 2459 1182 2517 omnibus.
1207 2459 1308 2533 Qui
1341 2462 1391 2515 in
1425 2460 1597 2532 ipsum
1632 2459 1859 2515 credunt
1886 2474 2031 2515 mor-

427 2560 532 2610 tem
564 2555 616 2608 in
645 2551 845 2609 Christi
872 2563 1044 2609 morte
1075 2554 1338 2610 vicerunt.

501 2645 663 2701 Vens.
695 2646 782 2713 12,
820 2647 901 2702 13.
925 2646 1356 2718 ——Qunpropler,
1377 2644 1502 2699 mihi
1529 2644 2031 2716 charissimi,quem-

427 2738 703 2794 admodum
747 2754 946 2812 semper
987 2740 1276 2804 obauditis,
1338 2755 1440 2793 non
1506 2748 1745 2801 tanquam
1799 2740 1852 2793 in
1899 2753 2032 2809 prte-

2124 1900 2304 1945 autem
2338 1889 2568 1944 hominis
2603 1891 2787 1965 alligat
2823 1891 3073 1946 timorem
3099 1931 3113 1957 ,
3140 1902 3262 1944 cum
3291 1888 3457 1957 dicit,
3489 1888 3629 1944 Deus
3652 1896 3735 1963 est

2124 1982 2258 2036 enim
2301 1982 2389 2054 qui
2434 1995 2674 2052 operatur
2710 1986 2765 2038 in
2808 1983 2967 2038 vobis.
3004 1983 3216 2038 Etenim
3249 1983 3292 2037 si
3326 1983 3378 2037 in
3410 1983 3544 2052 ipsis
3584 1981 3734 2036 Deus

2124 2086 2207 2132 est
2232 2077 2321 2147 qui
2350 2087 2625 2161 operatur,
2658 2079 2774 2133 sine
2801 2077 2965 2133 dubio
2993 2079 3044 2132 in
3075 2078 3267 2132 timore
3295 2092 3416 2132 esse
3442 2076 3736 2143 debemus,

2126 2185 2194 2225 ne
2224 2169 2479 2225 faciamus
2507 2182 2694 2226 contra
2732 2171 2822 2226 Dei
2852 2170 3211 2235 voluntatem,
3240 2178 3335 2225 aut
3364 2170 3541 2224 minus
3566 2184 3739 2239 agen—

2127 2262 2219 2331 do,
2245 2275 2338 2318 aut
2383 2279 2487 2318 non
2517 2278 2638 2319 cum
2672 2263 2869 2318 timore
2894 2273 2949 2319 et
2978 2272 3234 2318 tremore.
3264 2262 3532 2331 Dperatnr
3556 2271 3740 2315 atatem

2129 2359 2274 2415 Deus
2299 2359 2364 2420 in
2392 2357 2546 2413 nobis
2564 2399 2579 2425 ,
2613 2367 2668 2414 et
2692 2357 2835 2414 velle
2857 2368 2910 2413 et
2936 2372 3125 2427 agere,
3149 2370 3249 2429 pro
3272 2356 3409 2411 bona
3439 2354 3740 2409 voluntate.

2130 2454 2204 2510 lta
2227 2455 2316 2527 qui
2341 2470 2445 2509 non
2469 2470 2532 2509 ex
2557 2453 2670 2509 Deo
2695 2462 2971 2523 operatur,
3000 2452 3230 2523 primum
3260 2464 3367 2505 non
3396 2448 3553 2503 habet
3577 2448 3743 2503 velle:

2130 2546 2327 2603 deinde
2353 2548 2518 2603 etiam
2547 2547 2588 2601 si
2620 2545 3028 2602 babueritvelle
3048 2587 3061 2609 ,
3095 2544 3387 2600 efﬁcaciam
3416 2556 3523 2597 non
3553 2541 3745 2610 habet,

2132 2641 2254 2712 quia
2289 2656 2395 2695 non
2431 2640 2591 2695 habet
2613 2639 2809 2693 bonam
2840 2638 3191 2694 voluntatem.

2204 2733 2369 2790 Vens.
2401 2735 2488 2800 14,
2514 2731 2873 2790 15.—0mnia
2888 2732 3039 2804 facile
3060 2733 3170 2786 sine
3192 2730 3684 2786 murmurationilms
3700 2736 3749 2783 et

426 2834 881 2901 sentiamtantum,
906 2832 996 2888 sed
1022 2834 1181 2888 multo
1207 2833 1370 2904 magis
1400 2848 1535 2887 nunc
1560 2833 1611 2885 in
1638 2832 1886 2899 absentia,
1916 2849 2033 2888 tum
2135 2828 2538 2883 hwsitationilms
2576 2826 2655 2881 vel
2696 2823 3142 2880 retractationilms
3184 2821 3285 2896 (3).
3328 2820 3432 2877 Ista
3473 2821 3582 2877 dttu
3622 2829 3755 2875 sunt

428 2936 563 2983 metu
606 2937 650 2982 et
696 2937 912 2983 tremore
949 2929 1163 2984 salutem
1193 2938 1413 2983 uestram
1450 2928 1754 3001 operamini.
1796 2926 1933 2982 Deus
1961 2936 2036 2982 est
2137 2922 2377 2984 monita,
2414 2928 2470 2976 ut
2498 2935 2619 2975 cunt
2641 2919 2851 2988 agimus
2878 2918 3075 2988 aliquid
3100 2918 3211 2986 jatn
3257 2917 3520 2977 fidentes,
3544 2916 3660 2986 jam
3695 2916 3750 2970 in

430 3022 564 3076 enim
593 3022 681 3095 qui
707 3032 947 3095 operatur
972 3024 1023 3076 in
1052 3023 1190 3077 robis
1210 3065 1223 3088 ,
1247 3033 1292 3077 et
1312 3022 1572 3077 voluntate
1598 3031 1646 3077 et
1670 3022 1912 3097 cﬂicacia,
1941 3034 2034 3094 pro
2139 3015 2309 3070 Deum
2338 3013 2623 3069 credentes
2648 3054 2663 3077 ,
2708 3022 2764 3067 et
2809 3011 3057 3067 mandata
3098 3011 3278 3066 divina
3318 3011 3636 3081 exequimur
3685 3023 3755 3063 ve

434 3113 565 3168 bona
579 3113 1086 3188 ttoluntate(4).Post
1102 3113 1416 3186 mysterium
1437 3115 1597 3170 totius
1614 3112 2038 3170 administratio—
2138 3106 2437 3178 apostolica
2468 3107 2552 3161 vel
2584 3103 2897 3176 prophetica
2926 3104 3011 3158 vel
3042 3104 3374 3176 evangelica.
3411 3119 3517 3157 non
3551 3102 3753 3156 halica-

430 3209 512 3263 nis
542 3208 766 3274 editum,
801 3208 941 3279 quod
974 3208 1072 3264 ista
1096 3208 1327 3280 positum
1358 3207 1528 3263 fuerat
1551 3249 1566 3272 ,
1600 3209 1673 3262 uti
1706 3218 2033 3278 praeceptum
2064 3198 2106 3260 C
2140 3214 2261 3257 mus
2305 3200 2804 3261 murmurationem,
2829 3197 2880 3252 id
2926 3206 3011 3253 est
3054 3198 3302 3268 querelas
3340 3194 3754 3266 obteinperandi

429 3302 869 3367 confirmaretur,
901 3317 1009 3374 quo
1049 3302 1302 3357 monebat
1332 3311 1390 3357 ut
1422 3302 1600 3356 omnis
1632 3301 1794 3355 homo
1834 3317 1937 3357 non
1969 3301 2035 3359 de

2139 3306 2260 3348 cum
2316 3292 2793 3362 obtemperamus:
2829 3305 2895 3345 ne
2943 3288 3106 3359 quid,
3153 3289 3353 3360 inquit,
3399 3301 3623 3359 agamus
3670 3287 3754 3342 vel

4020 2660 4024 2771 i

434 3406 494 3449 se
531 3394 832 3465 cogitaret,
865 3409 1042 3465 noque
1079 3409 1264 3449 curam
1309 3402 1564 3464 gereret,
1595 3403 1652 3447 ut
1681 3402 1736 3449 et
1780 3394 2038 3450 Dominus

430 3496 618 3543 noster
644 3488 801 3543 Jesns
831 3504 930 3543 suo
958 3489 1220 3562 mysterio
1243 3490 1383 3560 egit;
1414 3476 1773 3561 subjungltur,
1805 3499 1864 3544 ut
1896 3489 2035 3554 dixi,

430 3579 736 3636 exhortatio
776 3588 833 3636 ut
870 3596 928 3637 se
969 3581 1198 3637 invicem
1238 3580 1495 3649 diligant,
1527 3580 1702 3652 primo
1747 3595 1869 3636 cum
1905 3568 2041 3657 dixit

432 3672 554 3733 illos
586 3671 936 3727 cbarissimos
957 3673 1058 3729 sibi
1084 3681 1141 3729 et
1167 3674 1550 3729 dilectissimus
1584 3691 1598 3728 :
1631 3672 1829 3729 deinde
1855 3674 2036 3739 sicuti,

431 3767 633 3840 inquit,
666 3768 793 3824 mihi
826 3768 1179 3824 obaudientes
1209 3768 1405 3834 fuistis,
1434 3769 1504 3824 ita
1536 3782 1753 3838 semper
1780 3766 2038 3823 obaudis-

432 3861 520 3928 tis,
549 3876 654 3916 non
687 3860 740 3915 in
772 3862 1056 3932 pra'sentia
1087 3869 1291 3916 tantum
1319 3904 1333 3929 ,
1364 3860 1458 3916 sed
1491 3860 1661 3930 magis
1690 3876 1753 3915 ac
1792 3861 1958 3930 magis
1986 3860 2039 3916 in

433 3957 700 4022 absentia,
731 3965 781 4011 ct
803 3956 1103 4011 ohaudistis
1127 3971 1248 4011 cum
1275 3957 1466 4011 timore
1496 3964 1551 4012 et
1577 3964 1837 4010 tremore.
1862 3956 2042 4021 Quare

434 4058 615 4108 autem
646 4050 814 4123 magis
845 4064 908 4104 ac
937 4050 1151 4120 magis?
1183 4050 1264 4104 vel
1292 4050 1413 4121 quia
1441 4050 1559 4106 dies
1586 4050 1893 4120 przccedunt
1914 4091 1928 4115 ,
1956 4046 2040 4105 vel

433 4142 555 4227 quia
596 4140 650 4196 in
687 4141 928 4197 absentia
972 4141 1092 4212 plus
1123 4130 1393 4197 timendus
1429 4151 1511 4198 est
1552 4142 1673 4208 ille,
1702 4142 1790 4213 qui
1836 4151 2039 4198 m0net.

434 4232 571 4305 Quid
603 4245 781 4290 autem
828 4235 969 4291 istud
1011 4236 1152 4307 quod
1185 4235 1429 4292 hortatur
1478 4245 1532 4293 et
1572 4246 1751 4309 monet
1782 4244 1840 4291 ut
1883 4244 2045 4313 agant

435 4339 594 4403 atque
619 4338 913 4400 operentur
940 4327 1169 4385 salutem
1198 4345 1351 4385 suam
1373 4372 1387 4395 ,
1416 4339 1469 4383 et
1494 4337 1656 4400 agant
1687 4329 2045 4405 observantes

437 4431 599 4493 atque
620 4421 968 4490 obedientes,
1000 4437 1121 4479 cum
1151 4423 1364 4488 timore,
1399 4422 1588 4494 inquit,
1614 4432 1669 4478 et
1691 4423 1966 4479 tremore?
1987 4430 2046 4478 ut

439 4512 599 4567 timor
638 4513 704 4568 ad
747 4513 984 4570 animum
1004 4558 1018 4582 ,
1051 4525 1254 4572 tremor
1274 4530 1403 4571 vero
1430 4514 1497 4571 ad
1531 4529 1728 4588 corpus
1752 4516 2043 4572 referatur.

2139 3401 2260 3441 cum
2290 3385 2626 3439 dubitatione
2664 3384 2841 3455 aliqua
2870 3382 2956 3437 vel
2981 3397 3103 3436 cum
3140 3380 3547 3436 ratiocinatione
3571 3393 3637 3434 ac
3664 3395 3756 3437 re-

2142 3479 2481 3542 tractatione,
2514 3475 2816 3531 facieudum
2847 3476 2990 3529 enim
3023 3474 3106 3529 vel
3138 3489 3243 3528 non
3273 3487 3393 3529 esse
3424 3472 3755 3527 faciendum.

2143 3571 2240 3625 Vel
2270 3572 2395 3641 quia
2426 3585 2494 3624 ex
2533 3568 2858 3623 necessitate
2900 3566 3065 3621 facias
3089 3607 3104 3634 ,
3144 3566 3189 3621 si
3229 3565 3579 3635 conqueraris
3599 3606 3614 3628 ,
3644 3578 3757 3617 non

2142 3674 2224 3718 est
2268 3662 2686 3732 obtemperantis
2734 3660 2872 3715 bona
2909 3660 3179 3715 voluntas.
3240 3657 3308 3713 Ut
3363 3659 3473 3713 sitis
3502 3658 3612 3710 sine
3634 3672 3761 3724 que-

2141 3757 2250 3810 rela
2301 3754 2547 3828 (Grzecus
2606 3754 2701 3820 ait,
2750 3764 2805 3806 ut
2857 3754 2968 3808 sitis
3025 3752 3134 3806 sine
3182 3748 3530 3824 culpatiane):
3564 3748 3617 3803 id
3647 3756 3759 3817 est,

2143 3861 2199 3906 ut
2264 3849 2485 3922 querela
2544 3848 2614 3903 de
2667 3849 2822 3904 vobis
2852 3863 2960 3903 non
3015 3846 3083 3901 sit
3128 3855 3235 3902 :et
3287 3846 3389 3900 hoc
3420 3844 3629 3915 dixerit
3678 3843 3763 3897 la-

2145 3944 2291 3999 tinus
2314 3986 2328 4007 ,
2362 3944 2483 3998 sine
2512 3942 2732 4012 querela
2762 3951 2817 3996 et
2848 3937 3222 4010 inculpabiles.
3256 3937 3497 4004 Denique
3528 3938 3631 3990 hoc
3665 3949 3761 3990 sc-

2144 4038 2331 4108 qnltur
2362 4053 2375 4089 :
2402 4033 2469 4090 Et
2495 4035 2682 4090 sinceri
2710 4033 2809 4104 ﬁlii
2834 4033 2932 4088 Dei
2959 4031 3300 4096 immaculati,
3325 4031 3379 4084 in
3394 4031 3559 4084 medio
3586 4043 3763 4099 praete

2146 4130 2486 4203 generationis
2516 4139 2563 4183 et
2590 4142 2838 4198 perversae
2859 4126 2961 4199 (Δ).
2993 4126 3047 4182 Si
3073 4125 3215 4180 enim
3248 4126 3351 4178 huc
3378 4121 3541 4178 modo
3563 4121 3758 4178 vivatis

2147 4235 2203 4280 et
2224 4224 2328 4279 hoc
2356 4222 2517 4278 modo
2552 4208 2838 4285 obediatis,
2868 4234 2976 4274 non
3009 4217 3160 4273 eritis
3183 4214 3452 4277 maculati,
3481 4214 3653 4284 inquit
3677 4213 3761 4268 la-

2150 4318 2311 4372 tinus.
2343 4316 2566 4373 Graecus
2610 4323 2788 4369 tamen
2822 4314 2892 4367 ita
2932 4310 3110 4381 posuit
3145 4307 3338 4382 ἄμωμα
3364 4309 3511 4363 τέκνα
3532 4348 3547 4371 .
3591 4305 3642 4360 id
3672 4312 3761 4360 est

2150 4409 2245 4465 lilii
2276 4409 2392 4465 sine
2418 4405 2833 4477 vituperatione.
2864 4403 2978 4459 Hoc
3002 4410 3112 4469 est,
3141 4412 3196 4457 et
3218 4415 3379 4471 supra
3399 4398 3626 4462 dictum,
3646 4395 3764 4451 sin—

2150 4506 2262 4561 ceri
2292 4513 2470 4559 autem
2499 4502 2618 4557 sitis
2642 4512 2786 4555 nunc
2806 4541 2820 4562 ,
2847 4497 2934 4552 ubi
2961 4498 3013 4550 in
3043 4494 3222 4550 medio
3253 4507 3429 4563 prava:
3450 4489 3766 4561 generatio-

437 4605 685 4693 Magnum
709 4620 886 4665 autem
911 4580 1229 4684 mysterium
1260 4609 1405 4682 quod
1430 4580 1644 4665 intente
1662 4584 1850 4665 audire
1879 4607 2035 4665 debe-

2151 4598 2235 4654 nis
2262 4605 2319 4653 et
2343 4608 2633 4666 perversae.
2657 4591 2795 4660 Quid
2830 4590 2932 4645 hoc
2952 4584 3253 4659 signiticet?
3278 4584 3323 4640 si
3349 4583 3550 4640 salvata
3578 4580 3763 4636 anima

513 4719 594 4797 (i)
629 4721 700 4777 Ita
733 4723 889 4787 codd.
924 4740 1021 4795 pro
1063 4725 1179 4793 filii.
1210 4725 1274 4780 Et
1305 4724 1518 4797 quidem
1554 4725 1767 4797 unicam
1793 4724 1812 4779 ἱ
1836 4726 1888 4781 in
1918 4740 2049 4797 easu

442 4793 788 4868 patriast-pe
812 4793 1067 4868 exhibent
1096 4798 1301 4868 antiqui
1326 4793 1566 4851 codices.
1684 4793 1685 4797 “
2026 4796 2035 4803 ’

515 4863 606 4941 (ἢ
630 4863 861 4941 Legendi
891 4882 1015 4941 sunt
1040 4868 1140 4923 hac
1167 4863 1333 4941 super
1360 4884 1419 4925 re
1437 4868 1719 4941 'l‘lteologi,
1749 4870 2050 4940 praeripue-

443 4936 548 5006 que
573 4936 847 5006 Petavius,
879 4938 947 4993 de
977 4936 1260 5007 Trinitate',
1285 4940 1376 4996 lib.
1402 4957 1463 5007 tt,
1492 4943 1548 5008 2,
1591 4936 1679 5005 ubi
1733 4936 1778 4999 is
1820 4936 2049 5003 aliorum

444 5023 658 5080 quoque
687 5009 932 5089 ecclesia}
959 5010 1242 5089 doctorum
1264 5012 1469 5071 similes
1494 5013 2054 5089 locutionessapien-

452 5079 534 5135 ter
570 5079 846 5153 expendit.
886 5079 951 5136 Et
983 5081 1197 5153 quidem
1231 5084 1405 5138 locum
1436 5085 1594 5139 etiam
1633 5079 2054 5150 Victorini'nos-

454 5154 521 5226 tri
554 5166 619 5207 ex
651 5152 800 5226 libris
829 5151 1019 5226 contra
1045 5151 1232 5208 Arium
1268 5156 1523 5226 ventilat,
1552 5159 1707 5226 cuius
1736 5157 1898 5211 verba
1930 5170 2056 5225 pas-

450 5223 551 5277 sim
580 5238 702 5279 cs<e
728 5224 1112 5281 obscurissima
1149 5226 1242 5279 ait.
1273 5225 1408 5281 Tum
1434 5226 1502 5281 de
1528 5223 1908 5285 illo'Victorini
1932 5223 2057 5283 loco

448 5293 747 5367 sic‘deliuit
781 5295 1034 5355 Petavius
1059 5296 1196 5354 :Sed
1218 5298 1327 5351 Iuro
1359 5298 1525 5357 minus
1551 5301 1619 5367 qd
1648 5298 1951 5367 catholicam
1972 5314 2058 5352 re-

451 5364 625 5441 gulam
655 5383 898 5439 expeusa,
921 5380 975 5423 ut
1004 5378 1051 5423 et
1075 5368 1179 5422 alia
1203 5368 1465 5440 pleraque,
1488 5362 1707 5449 scriptor
1728 5362 2055 5494 illéd‘érreus.

525 5434 605 5494 (ὅ)
634 5436 815 5494 Ῡυιιι..
851 5440 896 5493 el
926 5441 1092 5494 omnis
1117 5440 1296 5494 linaua
1320 5441 1622 5494 conﬁteatur
1650 5443 1770 5494 auia
1854 5445 2055 5494 ominus

525 5434 605 5510 (3)
634 5434 827 5513 Vulg...
851 5440 896 5493 el
926 5441 1092 5496 omnis
1117 5434 1770 5513 linguaAconfiteatu'r-‘quia
1801 5434 2056 5497 Dominus

453 5506 609 5583 Iesus
638 5506 963 5583 Qitr'istusin
991 5513 1156 5583 gloria
1185 5506 1255 5567 est
1284 5510 1381 5566 Dei
1414 5512 1607 5567 Patris.
1661 5506 1669 5523 ³

524 5580 601 5654 (4)
637 5580 792 5654 Vulg.
826 5580 1077 5653 :Itaque,
1097 5584 1386 5638 charissimi
1418 5584 1534 5649 ιιιεί,
1562 5586 1695 5639 sicut
1716 5600 1912 5648 semper
1935 5583 2054 5638 obe-

458 5650 626 5713 distt's,
659 5650 766 5707 non
786 5666 841 5709 ut
861 5656 914 5709 in
941 5650 1209 5724 prtesentia
1226 5657 1324 5711 mei
1352 5665 1572 5722 tantum,
1591 5656 1682 5710 sed
1710 5656 1868 5709 multo
1897 5656 2059 5724 magis

457 5738 595 5795 nunc
628 5726 683 5778 in
716 5725 944 5781 absentia
966 5744 1106 5795 mea,
1140 5744 1255 5783 cum
1286 5738 1540 5783 utetu.....
1571 5727 1875 5795 operamini.
1922 5725 2062 5782 Deus

460 5793 595 5875 enim
623 5806 704 5875 est
722 5799 811 5861 qui
836 5808 1075 5861 operatur
1096 5793 1152 5857 in
1174 5800 1314 5861 vobis
1345 5810 1391 5855 et
1417 5799 1543 5861 velle
1568 5793 1616 5863 et
1653 5800 1895 5871 perﬁcere
1913 5839 1928 5867 .
1968 5813 2063 5875 pta

462 5863 594 5918 bona
622 5867 917 5943 voluntate.

2151 4693 2255 4749 hoc
2292 4691 2452 4747 modo
2492 4690 2635 4745 illius
2678 4688 2769 4743 Dei
2804 4689 2863 4741 lit
2888 4728 2903 4752 ,
2947 4687 2992 4740 si
3024 4686 3096 4739 ita
3131 4683 3277 4737 vivat
3304 4676 3764 4751 quemadmodum

2152 4800 2319 4851 nunc,
2352 4799 2473 4839 cum
2504 4784 2557 4839 in
2589 4780 2793 4837 mundo
2817 4789 2902 4836 est
2924 4820 2941 4846 ,
2971 4778 3025 4833 in
3056 4775 3237 4833 medio
3259 4783 3367 4839 est,
3399 4774 3450 4828 in
3480 4788 3646 4844 prava
3673 4787 3771 4842 ge-

2155 4879 2436 4936 neratione
2461 4886 2517 4934 et
2538 4889 2816 4948 perversa,
2846 4872 2898 4928 id
2926 4881 3011 4928 est
3032 4873 3083 4926 in
3117 4870 3217 4925 hac
3240 4870 3371 4923 vita.
3402 4866 3548 4937 Ergo
3571 4880 3693 4921 cum
3714 4867 3771 4923 in

2160 4974 2259 5031 hac
2288 4976 2395 5029 vita
2432 4984 2621 5026 sumus
2640 5009 2656 5034 ,
2686 4964 3042 5024 laborandum
3070 4963 3228 5019 nobis
3253 4968 3337 5016 est
3355 5002 3370 5027 ,
3413 4968 3473 5013 nt
3495 4957 3769 5030 perversi-

2159 5078 2321 5124 tatem
2351 5065 2508 5120 istam
2544 5061 2817 5134 fugientes
2854 5068 2910 5113 et
2949 5057 3262 5128 pravitatem
3301 5050 3669 5124 generationis
3697 5050 3773 5104 is-

2159 5140 2267 5219 tius
2290 5160 2343 5217 id
2374 5170 2459 5217 est
2484 5166 2745 5215 creaturae
2773 5198 2787 5222 ,
2822 5156 2875 5208 in
2897 5167 3001 5225 qua
3039 5163 3223 5208 sumus
3242 5188 3257 5216 ,
3287 5144 3612 5205 immaculati
3650 5143 3769 5198 sine

2159 5234 2594 5325 vituperatione,
2634 5248 2834 5306 sinceri
2872 5247 2964 5302 Dei
3004 5244 3137 5310 lilii,
3180 5243 3463 5306 vivamus;
3510 5237 3773 5301 facientes

2163 5354 2343 5421 omnia
2391 5352 2509 5406 sine
2552 5346 2943 5420 vituperatione
2970 5353 3024 5400 et
3062 5344 3181 5399 sine
3214 5339 3618 5398 retractatione.
3655 5338 3771 5393 Non

2160 5460 2289 5519 ergo
2320 5444 2495 5521 facere
2525 5451 2728 5498 tantum
2759 5438 2992 5506 sufﬁcit,
3024 5435 3118 5493 sed
3150 5444 3205 5492 et
3233 5434 3336 5490 hoc
3358 5431 3521 5488 modo
3543 5429 3726 5487 facere
3749 5467 3769 5502 ,

2240 5580 2318 5654 (l)
2350 5580 2425 5654 Ita
2447 5578 2607 5654 codd.

2267 5645 2325 5721 ε’)
2356 5653 2446 5709 Sic
2472 5651 2682 5705 videtur
2707 5648 2760 5703 in
2793 5645 2951 5704 codd.

2265 5711 2320 5796 55
2356 5726 2479 5791 llaec
2506 5721 2614 5785 duo
2646 5715 3107 5796 postremaverha
3134 5713 3289 5796 Vulg.
3321 5711 3644 5796 nuntiabat.
3714 5783 3746 5796 ﬂ

2267 5783 2324 5868 4')
2356 5788 2535 5866 Vulg.,
2564 5804 2610 5868 at
2648 5783 2832 5868 sinceri
2877 5788 2972 5862 ﬁlii
3015 5785 3107 5861 Dei
3154 5783 3469 5865 immutuith
3511 5785 3566 5843 in
3608 5783 3777 5863 media

2172 5862 2344 5939 prava:
2368 5862 2706 5940 gaferationis
2736 5871 2782 5919 et
2811 5862 3078 5935 perversae.
