4024 6306
381 324 520 382 lii?)

1172 326 1241 383 IN
1282 325 1666 383 EPISTOLAM
1707 318 1911 380 PAULI
1953 321 2044 377 Ali
2082 320 2571 378 PIlllJl‘l’ENSES
2608 321 2827 377 ιιιιιςῐι.

3537 324 3672 379 ιειι

375 453 435 498 ιιι
459 444 599 499 nulla
630 444 699 500 sit
720 445 856 518 apud
883 463 978 500 nos
1012 448 1093 501 vel
1123 447 1428 502 retractatio
1451 447 1527 501 vel
1551 444 1975 501 atlmnrmttratio
2003 444 2052 504 Λ
2081 441 2270 512 possim
2308 456 2448 506 esse,
2477 454 2786 511 cognoscens
2812 455 2926 511 qua!
2956 456 3106 508 penes
3151 455 3236 494 vos
3278 449 3395 494 sunt
3431 441 3531 512 (i).
3567 442 3678 495 iloe

373 545 426 590 et
455 538 671 608 querela
698 537 943 600 faciendi.
971 540 1098 608 Qum
1123 539 1166 593 si
1191 539 1242 594 in
1269 539 1369 593 vita
1400 539 1497 595 ista
1520 539 1796 604 faciamus,
1823 551 1975 592 mcns

375 629 518 684 cnim
550 628 741 686 devota
778 630 888 706 jam
913 633 1019 687 Deo
1047 641 1171 688 tunc
1192 631 1425 688 efficitur
1453 633 1591 690 inter
1615 631 1751 697 filios
1783 632 1898 698 Dei,
1929 633 1972 687 si

373 717 534 778 faciat
558 732 819 794 prmcepta
846 725 935 779 Dei
972 726 1158 781 volens
1183 768 1196 792 ,
1221 726 1411 802 cupida
1442 769 1455 794 ,
1487 728 1606 783 sine
1635 726 1848 806 querela
1875 744 1888 793 ;
1922 734 1976 781 et

374 816 535 872 faciat
554 834 694 872 nunc
717 833 838 872 cum
868 817 921 872 in
947 819 1123 874 medio
1142 820 1210 875 sit
1235 835 1409 889 pravae
1429 820 1794 892 generationis
1815 829 1975 894 alque

374 925 664 992 perversae.
693 910 758 966 In
784 912 963 984 quibus
992 913 1171 968 lucetis
1193 915 1263 967 ita
1293 926 1343 968 ttt
1372 915 1653 977 luminaria
1675 915 1726 969 in
1757 915 1968 970 mundo.

373 1004 558 1080 Magna
592 1005 918 1073 exhortatio,
940 1023 1060 1063 cum
1087 1008 1196 1079 jam
1225 1009 1276 1063 in
1306 1009 1405 1066 hoc
1426 1008 1561 1080 ipstt,
1587 1009 1636 1064 in
1665 1008 1843 1080 quoin
1873 1007 1973 1061 hoc

373 1100 574 1162 mundo
605 1116 821 1164 sumus,
853 1101 1188 1161 eminearnus
1213 1102 1323 1171 jam
1358 1103 1406 1155 in
1435 1101 1531 1157 hac
1560 1117 1720 1175 prava
1743 1115 1972 1178 genera-

265 1243 282 1256 ,
368 1192 514 1248 tione
541 1200 595 1246 et
637 1206 890 1264 perversa
921 1211 933 1248 :
961 1193 1295 1249 emincamns
1338 1201 1514 1250 autem
1556 1193 1626 1248 ita
1650 1234 1665 1260 ,
1700 1203 1754 1248 ut
1788 1192 1972 1249 mundi

365 1282 652 1340 luminaria
686 1286 889 1354 simus,
929 1302 1048 1360 qua:
1079 1286 1131 1341 in
1181 1286 1298 1358 ipso
1329 1285 1564 1350 mundo;
1606 1297 1663 1341 ut
1690 1286 1768 1340 soi
1811 1296 1972 1358 alque

366 1375 490 1431 luna
514 1385 566 1433 et
589 1385 646 1432 ut
667 1387 878 1436 aeterm
902 1379 1074 1434 stellae
1099 1379 1361 1440 lucentes.
1389 1378 1516 1436 Fide
1537 1380 1679 1434 enim
1703 1387 1760 1442 et
1783 1379 1970 1448 cogni-

365 1470 513 1525 tione
557 1468 649 1526 Dei
699 1470 996 1532 secundutn
1040 1472 1218 1527 divina
1272 1481 1538 1544 praecepta
1588 1471 1831 1536 viventes
1875 1486 1968 1528 ex-

366 1562 567 1617 cellunt
595 1560 908 1630 Christiani,
938 1572 990 1619 ct
1019 1571 1070 1619 ut
1111 1566 1197 1619 lux
1234 1549 1287 1621 et
1318 1564 1574 1635 splendor
1601 1565 1652 1622 in
1687 1564 1786 1626 hoc
1817 1574 1970 1618 mun-

361 1654 433 1710 do
460 1654 726 1710 existunt.
763 1655 973 1710 Etenim
1003 1656 1048 1711 si
1090 1668 1290 1727 praeter
1319 1666 1550 1711 caeteros
1578 1655 1822 1711 homines
1852 1671 1970 1712 om-

363 1745 450 1802 nia
476 1791 490 1814 ,
524 1763 751 1822 quaeque
779 1750 915 1804 mala
950 1757 1094 1814 sunt,
1125 1751 1377 1819 vincunt,
1412 1761 1464 1804 cl
1493 1751 1734 1807 occultos
1765 1751 1968 1817 daemo-

2080 547 2257 590 autcm
2285 534 2352 590 de
2383 534 2648 590 mandatis
2678 543 2779 588 est.
2831 533 2970 590 Vere
3012 543 3189 590 autem
3233 551 3414 590 curam
3458 535 3672 590 illorum

2077 629 2235 699 gerit.
2269 629 2533 700 siquidem
2561 639 2614 684 et
2646 629 2859 684 mittere
2888 629 3116 684 alterum
3141 672 3153 695 ,
3182 631 3270 700 qui
3322 630 3507 685 eadem
3542 647 3679 703 prat-

2077 730 2185 775 stet
2211 719 2334 788 illis,
2361 721 2662 791 pollicetur,
2695 730 2749 777 et
2773 736 2801 776 a
2830 737 2935 792 quo
2958 732 3246 793 cognoscat
3279 721 3362 794 (2)
3381 739 3497 794 qua:
3519 733 3678 794 agant

2078 814 2474 885 Philippenscs.
2507 813 2847 869 Timotheum
2881 831 3034 870 suum
3075 816 3411 870 carissimum
3452 816 3678 886 promit-

2078 907 2140 962 tit
2162 907 2312 962 brevi
2342 919 2399 962 sc
2428 921 2548 962 esse
2589 909 2899 962 missurum.
2935 906 3004 962 Et
3032 909 3285 979 quoniam
3327 909 3502 963 omnis
3530 919 3680 964 actus

2077 1010 2264 1054 noster
2293 999 2404 1054 Deo
2437 1011 2517 1055 est
2569 1000 2926 1070 assignaudus
2953 1043 2966 1066 ,
3001 1009 3057 1056 ut
3095 1016 3122 1052 a
3171 1000 3280 1055 Deo
3308 1002 3638 1072 compleatur
3661 1045 3676 1069 ,

2077 1107 2248 1162 spero,
2286 1093 2489 1168 inquit,
2533 1095 2586 1148 in
2635 1092 2850 1148 Domino
2894 1093 3019 1149 Jesu
3067 1095 3303 1159 Christo,
3341 1095 3481 1168 quod
3531 1096 3680 1150 vobis

2080 1187 2292 1241 mittam
2323 1186 2663 1242 Timotheum
2693 1229 2706 1252 ,
2735 1196 2790 1242 et
2824 1188 3077 1243 celeriter
3120 1187 3348 1242 mittam.
3387 1188 3559 1243 Causa
3587 1203 3683 1243 cur

2077 1279 2254 1332 tuittat
2295 1278 2667 1350 subjungittrr:
2705 1288 2763 1334 ut
2792 1287 2846 1335 et
2875 1295 2974 1350 ego
3016 1280 3157 1335 bono
3189 1281 3369 1335 animo
3407 1281 3505 1336 sim
3535 1322 3548 1345 ,
3583 1296 3676 1332 co-

2071 1384 2336 1442 gnoscens
2357 1387 2476 1443 qum
2500 1388 2594 1426 vos
2619 1373 2808 1443 agatis,
2833 1385 2921 1429 aut
2943 1375 3388 1445 quemadmodum
3415 1376 3553 1431 circa
3585 1391 3681 1432 vos

2073 1480 2161 1519 res
2188 1465 2276 1520 sit.
2300 1465 2452 1534 Quod
2475 1476 2651 1520 autem
2683 1467 2849 1533 dixit,
2876 1478 2930 1521 ut
2959 1477 3004 1522 et
3029 1484 3120 1540 ego
3143 1468 3272 1522 bono
3294 1470 3462 1523 animo
3488 1471 3679 1539 possim

2074 1573 2220 1624 esse;
2247 1576 2407 1632 spero
2426 1561 2568 1618 enim
2598 1577 2695 1618 vos
2740 1563 2882 1617 bono
2911 1579 3029 1619 esse
3069 1566 3276 1630 animo,
3323 1566 3462 1636 quod
3502 1567 3680 1620 omnia

2075 1666 2338 1730 prtecepta
2368 1658 2618 1722 servatis,
2643 1666 2696 1712 et
2719 1657 2876 1713 fidem
2909 1659 2958 1712 in
2982 1657 3109 1715 .lesu
3141 1659 3378 1728 Christo,
3415 1660 3554 1715 unde
3584 1663 3679 1714 ho-

2071 1763 2142 1804 no
2171 1751 2352 1806 animo
2379 1753 2542 1822 esris;
2573 1751 2693 1808 ideo
2721 1763 2898 1808 antem
2923 1769 3022 1823 ego
3073 1757 3285 1811 mittere
3334 1755 3677 1810 Timotheum

363 1855 463 1895 nes
514 1842 829 1911 opprimunt
855 1884 868 1909 ,
919 1852 973 1898 et
1018 1843 1327 1916 iniquitates
1379 1844 1648 1915 produnt,
1691 1844 1967 1901 vincentes
1997 1853 2044 1912 Β
2071 1844 2320 1900 celeriter
2345 1846 2488 1917 volo,
2517 1854 2572 1900 ut
2599 1856 2652 1901 ct
2673 1862 2771 1917 ego
2800 1846 2940 1902 bono
2963 1848 3142 1902 animo
3172 1851 3369 1920 possim
3392 1863 3671 1913 eSse,cnm

366 1935 617 1991 tenebras
657 1947 712 1991 et
737 1951 898 2008 opera
941 1936 1313 2004 tenebrarum;
1357 1948 1518 2009 aguttt
1554 1938 1605 1993 in
1641 1939 1741 1994 hoc
1767 1939 1966 2006 mundo

366 2035 425 2086 ut
455 2027 761 2094 luminaria,
792 2038 844 2086 et
875 2032 1055 2088 iumen
1088 2031 1338 2094 omnibus
1361 2041 1637 2104 praestant.

436 2124 598 2180 Vens.
653 2124 736 2179 l6.
770 2157 840 2167 ——
873 2124 1088 2184 Verbum
1133 2127 1249 2181 υῐιω
1308 2127 1585 2186 obtinentes
1640 2127 1707 2183 ad
1751 2128 1882 2202 glori
1902 2147 1967 2184 :m

359 2220 486 2278 mihi
520 2215 596 2294 (l)
630 2221 683 2276 in
719 2219 802 2275 die
833 2218 1042 2276 Christi.
1077 2220 1144 2276 Et
1186 2221 1337 2276 vobis
1367 2223 1643 2300 prmtttium
1673 2231 1792 2288 est,
1822 2224 1967 2296 quod

361 2313 432 2369 ita
470 2313 688 2380 vivitis,
732 2314 774 2368 si
807 2311 1021 2385 quidem
1064 2313 1345 2369 luminaria
1387 2316 1438 2370 in
1484 2315 1682 2376 mundo
1721 2317 1881 2382 estis;
1914 2325 1967 2374 et

361 2403 489 2460 mihi
517 2402 582 2460 ad
614 2404 839 2476 gloriam
871 2405 1022 2461 eritis
1053 2406 1104 2460 iu
1134 2407 1219 2461 die
1248 2405 1469 2473 Christi,
1491 2407 1541 2461 id
1571 2417 1792 2468 estenm
1814 2407 1963 2490 judio

360 2501 580 2554 catur’ns
611 2493 1099 2558 vcncritChristns.
1132 2497 1242 2570 Ego
1274 2515 1366 2570 per
1395 2515 1489 2562 vas
1515 2499 1685 2556 habeo
1711 2501 1962 2572 gloriam,

361 2593 484 2664 quia
517 2587 640 2650 vita:
669 2591 891 2647 verbum
920 2591 1195 2662 obtinetis,
1219 2592 1268 2654 id
1307 2602 1384 2650 est
1423 2595 1543 2674 quia
1569 2591 1839 2650 Christum
1867 2610 1960 2650 c0-

359 2685 662 2756 gnovistis,
715 2683 858 2757 quod
903 2696 985 2740 est
1029 2684 1251 2741 verbum
1301 2685 1609 2758 vitaczqnia
1655 2683 1706 2741 in
1753 2685 1966 2748 Christo

359 2776 502 2850 quod
530 2777 723 2832 factum
756 2781 856 2841 est,
902 2777 1006 2831 vita
1033 2785 1134 2838 est.
1170 2777 1313 2849 Ergo
1352 2775 1596 2834 Christus
1637 2780 1862 2835 verbum
1887 2778 1972 2833 vi-

365 2879 430 2928 tm
461 2881 562 2928 est.
593 2870 748 2928 Unde
774 2873 1118 2943 cognoscitur
1155 2886 1410 2944 quantum
1451 2873 1520 2928 sit
1564 2871 1888 2929 beneﬁcium
1918 2881 1972 2930 et

359 2975 555 3038 quanta
586 2963 757 3036 gloria
797 2979 1013 3034 eorum,
1040 2965 1131 3046 qui
1162 2969 1368 3020 animas
1407 2965 1638 3024 aliorum
1670 2966 1966 3036 corrigunt.

362 3057 616 3124 Quoniam
649 3075 749 3113 non
779 3058 831 3120 in
862 3076 1075 3116 vacuum
1119 3061 1339 3120 cucurri.
1375 3059 1504 3115 Haec
1547 3060 1652 3115 erit
1690 3059 1818 3114 mihi
1844 3101 1858 3127 ,
1891 3059 1970 3116 in-

357 3152 507 3224 quit,
540 3153 708 3224 gloria
739 3167 834 3224 per
872 3151 1012 3208 diem
1044 3151 1279 3222 Christi,
1316 3153 1462 3225 quod
1504 3170 1596 3214 vos
1623 3153 1842 3211 liberavi
1869 3197 1884 3223 ,
1915 3166 1971 3213 ct

2071 1949 2338 2008 cognosco
2368 1951 2487 2008 qum
2528 1949 2650 1995 sunt
2680 1953 2846 2020 penes
2874 1955 2991 2008 vos,
3043 1943 3128 1998 vel
3172 1957 3239 1999 ex
3289 1943 3530 2011 moribus
3560 1955 3680 1996 vcs-

2075 2029 2195 2095 tris,
2227 2029 2312 2084 vel
2345 2045 2408 2086 ex
2441 2032 2689 2086 aiiormu.

2147 2119 2304 2180 Vitas.
2367 2125 2466 2192 20,
2528 2127 2619 2182 21.
2670 2158 2742 2168 —-
2794 2127 3066 2196 Neminem
3131 2130 3264 2184 enim
3330 2129 3525 2194 habeo,
3588 2133 3675 2202 qui

2071 2231 2266 2271 mecum
2313 2217 2378 2272 sit
2433 2221 2689 2276 unanimis
2745 2219 2844 2293 (3).
2897 2221 3076 2291 Quare
3129 2223 3468 2277 Timotheum
3523 2224 3678 2295 polii-

2069 2320 2254 2366 ceatur
2297 2312 2572 2380 ostendit,
2606 2323 2659 2367 et
2704 2313 2793 2367 dat
2837 2329 3049 2380 causas,
3083 2317 3204 2384 quia
3245 2316 3515 2370 neminem
3541 2332 3670 2370 nna-

2070 2401 2268 2458 nimem
2321 2403 2498 2468 habet,
2555 2404 2747 2474 idest,
2781 2406 2871 2476 qui
2916 2407 3160 2460 eamdem
3213 2418 3452 2462 mentem
3506 2411 3678 2476 gerat.

2070 2493 2247 2550 Habes
2279 2507 2438 2551 unam
2458 2508 2698 2551 causam.
2721 2497 3011 2568 Sutijunsit
3044 2499 3266 2552 alteram
3305 2519 3318 2554 :
3350 2502 3435 2568 qui
3462 2500 3682 2568 ﬁdeliter

2067 2588 2320 2642 sollicitus
2348 2599 2424 2642 est
2460 2590 2523 2642 de
2558 2591 2694 2644 vobis
2729 2589 2828 2663 (4).
2863 2590 3002 2646 Vere
3060 2591 3162 2646 iste
3216 2592 3538 2661 mittendus,
3591 2598 3680 2660 qui

2027 2690 2130 2740 ,εὶ
2182 2681 2310 2736 mihi
2365 2682 2436 2737 sit
2505 2681 2888 2751 charissimus,
2951 2695 3002 2740 ct
3054 2689 3219 2742 vestri
3271 2701 3451 2742 curam
3491 2701 3674 2760 gerat,

2074 2783 2128 2828 et
2185 2773 2598 2830 sollicitudinem
2648 2791 2744 2846 pro
2791 2777 2942 2832 vobis
2996 2778 3187 2834 habeat
3236 2801 3248 2832 :
3310 2778 3493 2835 Omnes
3544 2784 3675 2838 enim

2073 2881 2166 2919 sua
2216 2867 2298 2936 (5)
2337 2879 2602 2937 quierunt,
2653 2885 2754 2923 non
2802 2883 2916 2941 qua:
2968 2879 3085 2924 sunt
3124 2872 3249 2927 Jesu
3292 2871 3500 2928 Christi.
3533 2875 3674 2942 Quo-

2077 2960 2216 3013 niam
2248 2960 2404 3028 dixit,
2436 2962 2584 3017 solus
2613 2973 2722 3028 est,
2753 2974 2807 3017 et
2836 2966 3104 3019 neminem
3137 2965 3303 3036 inquit
3336 2965 3506 3020 habeo
3531 3008 3545 3032 ,
3583 2967 3671 3036 qni

2073 3051 2203 3106 mihi
2257 3053 2326 3107 sit
2374 3055 2660 3110 unanimis.
2715 3057 2789 3113 De
2826 3057 3037 3112 czcteris
3086 3073 3217 3128 quas
3263 3074 3451 3124 causas
3481 3060 3672 3130 ponit?

2077 3143 2293 3200 Scilicet
2340 3161 2460 3216 qua:
2517 3149 2751 3204 secunda
2810 3161 2893 3206 est
2955 3151 3143 3222 pictas.
3202 3151 3332 3206 Nam
3387 3153 3432 3207 si
3488 3153 3670 3207 Timo-

357 3243 508 3305 iahor
535 3259 685 3299 meus
709 3243 886 3300 nonin
918 3261 1141 3300 vacutnn
1173 3247 1438 3303 laboravit
1467 3249 1709 3320 neqneiu
1735 3265 1964 3316 vacuum
1996 3249 2041 3312 C
2076 3237 2228 3294 “19113
2283 3237 2440 3295 dum"
2495 3241 2595 3314 (θλ
2651 3244 2740 3314 qui
2808 3242 3034 3298 "deme"
3099 3244 3359 3299 εοίηείίυε
3430 3246 3500 3300 δίε
3577 3262 3672 3315 ll"0

356 3337 614 3392 cucurrit.
648 3333 824 3392 Labor
851 3355 1017 3410 genus
1047 3349 1129 3395 est
1157 3379 1172 3404 ,
1206 3339 1414 3409 Species
1449 3338 1645 3397 laboris
1672 3353 1755 3397 est
1781 3359 1970 3400 currco

357 3442 437 3482 re.
470 3428 612 3499 Ergo
660 3445 780 3486 cunt
835 3447 1005 3512 genus
1043 3433 1453 3513 proposuisset,
1498 3451 1602 3489 non
1647 3437 1696 3500 in
1744 3453 1967 3496 vacuum

357 3521 618 3590 laboravi,
653 3523 793 3594 quod
817 3540 938 3586 esse
962 3533 1178 3602 poterat
1208 3524 1291 3588 vel
1315 3541 1543 3598 corpore
1568 3528 1650 3582 vel
1683 3529 1860 3608 lingua
1884 3533 1968 3600 vel

357 3614 653 3676 monitione
684 3614 764 3670 vel
799 3615 1094 3683 instantia;
1129 3616 1320 3687 adjecit
1348 3618 1582 3688 Speciem
1608 3627 1834 3686 certam,
1864 3640 1967 3682 non

350 3708 404 3762 in
427 3725 640 3761 vacuum
667 3709 895 3763 cucurri.
925 3705 1020 3764 Hic
1047 3710 1126 3764 vel
1154 3709 1304 3766 labor
1323 3718 1404 3766 est
1434 3711 1643 3769 itineris
1663 3755 1679 3781 ,
1707 3714 1788 3770 vel
1815 3716 1966 3780 labor

351 3800 597 3870 allectus,
649 3807 706 3858 ut
750 3801 857 3880 hoc
914 3804 1300 3876 persuaderet,
1340 3813 1396 3861 et
1431 3805 1538 3860 cito
1573 3808 1961 3878 persuaderet:

351 3891 454 3949 ltoc
483 3903 566 3948 est
589 3911 688 3950 non
719 3896 776 3948 in
805 3911 1020 3949 vacuum
1050 3897 1277 3958 cucurri.

422 3984 584 4039 Vsus.
623 3985 710 4052 17,
739 3981 832 4041 '18.
855 4017 926 4026 —
944 3985 1051 4042 Sed
1077 3989 1121 4042 si
1137 3987 1313 4043 laboro
1339 3990 1391 4044 in
1420 3991 1624 4046 victima
1655 4001 1702 4046 et
1725 3994 1960 4068 obsequio

346 4075 470 4144 fidei
493 4085 694 4142 vestrm,
721 4076 863 4131 lictor
892 4087 938 4132 et
963 4077 1193 4150 gratulor
1245 4081 1474 4138 omnibus
1503 4085 1658 4139 vobis.
1683 4083 1796 4140 Hoc
1826 4088 1960 4144 idem

346 4171 596 4226 etiantvos
615 4171 866 4248 [tutamini
884 4173 1008 4227 ntihi
1030 4173 1130 4250 (εὶ).
1155 4174 1308 4243 Quod
1330 4191 1490 4247 supra
1515 4193 1610 4248 per
1630 4189 1956 4252 praeceptum

346 4265 528 4320 datum
555 4253 665 4342 est,
701 4265 785 4322 hic
807 4265 885 4339 (3)
905 4268 956 4321 in
978 4269 1349 4332 exhortatione
1363 4273 1704 4342 ponitur:uti
1734 4291 1838 4330 non
1859 4292 1957 4342 np-

2075 3331 2264 3398 vohis;
2317 3343 2371 3387 et
2410 3333 2545 3389 hanc
2599 3349 2814 3390 oausam
2894 3335 3202 3407 subjnnxit,
3262 3338 3446 3392 vitium
3514 3349 3674 3409 atque

2075 3433 2350 3493 peccatum
2378 3468 2391 3491 ,
2421 3443 2595 3482 omnes
2633 3444 2726 3482 sua
2751 3440 2987 3499 quaerunt
3013 3472 3025 3494 ,
3067 3429 3116 3483 id
3149 3439 3231 3484 est
3271 3430 3483 3485 solliciti
3509 3441 3670 3496 sunt,

2071 3531 2166 3570 sua
2196 3516 2520 3584 defendunt,
2553 3535 2646 3573 sua
2699 3522 3009 3576 custodiunt
3035 3540 3046 3575 τ
3077 3532 3132 3576 et
3160 3523 3224 3576 ad
3258 3523 3358 3578 hoc
3398 3525 3477 3589 {7)
3516 3522 3671 3578 Chri-t
3707 3575 3713 3581 .

2071 3609 2227 3664 stiani
2246 3625 2350 3666 non
2366 3620 2468 3667 est.
2489 3612 2623 3680 Quid
2649 3613 2793 3667 enim
2816 3622 2898 3667 est
2919 3612 3206 3667 Christiani
3234 3629 3476 3684 qumrere
3497 3616 3671 3685 potius

2069 3703 2122 3758 itt
2155 3719 2493 3776 quocumque
2529 3706 2678 3761 socio
2709 3705 2872 3762 fratre
2893 3750 2908 3773 ,
2951 3724 3104 3778 quam
3134 3723 3254 3775 qua:
3293 3706 3489 3763 Christi
3523 3717 3648 3762 sunt

2068 3797 2118 3852 id
2150 3809 2232 3852 est
2261 3799 2419 3853 iidem
2447 3799 2498 3853 itt
2527 3798 2823 3866 Christum,
2844 3800 3175 3865 Socielatcm,
3197 3815 3456 3865 amorem,
3488 3803 3666 3855 seien-

2067 3893 2191 3947 tiam
2215 3893 2441 3949 'tPotest
2471 3904 2647 3950 tamen
2677 3894 2804 3950 illud
2838 3895 3211 3968 intelligi,qute
3237 3905 3377 3962 sunt,
3409 3893 3460 3949 id
3489 3905 3571 3950 est
3596 3894 3664 3951 de

2063 3983 2280 4041 Christo
2307 3988 2700 4060 evangelizare.

2140 4081 2300 4138 Vens.
2364 4082 2468 4149 22,
2517 4083 2624 4149 23,
2677 4082 2772 4138 Ἃ.
2822 4114 2893 4124 -——
2945 4083 3051 4139 Sed
3100 4082 3500 4155 experimentum
3555 4083 3667 4154 ejus

2061 4175 2248 4246 optime
2286 4177 2424 4230 scitis
2465 4173 2563 4253 (8).
2613 4173 2668 4231 ld
2714 4186 2795 4231 est
2839 4175 3207 4247 probationem
3231 4176 3298 4230 de
3337 4191 3403 4230 eo
3427 4175 3664 4229 habetis:

2057 4279 2268 4336 graecus
2297 4266 2364 4321 ita
2391 4269 2588 4337 posuit.
2619 4266 2772 4323 Scire
2798 4268 3007 4323 debetis
3047 4310 3060 4331 ,
3099 4267 3356 4338 percipite
3383 4275 3541 4336 atque
3570 4281 3665 4320 co-

344 4359 442 4423 stri
472 4345 682 4442 tantum
708 4375 892 4424 curam
925 4360 1238 4432 habeamus,
1270 4364 1365 4420 sed
1391 4365 1555 4442 etiam
1583 4370 1956 4442 unusquisque

2072 4359 2304 4428 gnoscite
2339 4359 2552 4431 qualem
2585 4359 2956 4431 probationem
2987 4359 3102 4429 ejus
3131 4359 3378 4414 habeam.
3429 4358 3666 4427 Denique

344 4461 397 4507 et
419 4433 669 4508 aliorum.
691 4454 844 4520 Quod
867 4456 909 4509 si
934 4453 1004 4509 ita
1019 4466 1193 4524 eat,et
1221 4429 1299 4530 (Ξ)
1330 4429 1616 4529 gratulatio
1641 4469 1696 4516 ct
1711 4429 1776 4525 ei;
1799 4429 1954 4524 nobis

2077 4459 2196 4506 uste
2231 4453 2602 4519 connectitur,
2640 4453 2779 4524 quod
2811 4452 3056 4522 sequitur
3078 4494 3092 4518 ,
3121 4453 3361 4518 quoniam
3390 4451 3540 4506 sicuti
3572 4467 3665 4520 pa-

345 4550 610 4601 uasci'tur.
647 4546 721 4602 De
742 4547 896 4601 nobis
924 4557 980 4602 et
1008 4548 1075 4602 de
1104 4550 1224 4604 aliis
1255 4551 1355 4605 hoc
1381 4552 1474 4606 ait.
1509 4553 1614 4608 Sed
1643 4554 1687 4618 si
1724 4553 1912 4620 laboro
1932 4597 1948 4622 ,

2075 4546 2118 4598 ri
2168 4545 2308 4614 ﬁlius
2351 4559 2547 4600 mecum
2594 4547 2793 4601 servivit
2833 4546 2886 4600 in
2934 4545 3233 4616 Evangelia.
3270 4547 3505 4614 Apparet
3535 4558 3664 4614 ergo

342 4631 541 4710 inquit,
571 4637 621 4692 in
646 4639 860 4693 victima
887 4646 941 4694 et
969 4639 1230 4711 obsequio
1260 4640 1381 4697 ndei
1408 4651 1622 4711 vestr-ac,
1657 4643 1758 4701 hoc
1788 4656 1872 4701 est
1899 4659 1954 4703 nt
1979 4648 2030 4711 D
2057 4638 2183 4710 quid
2215 4641 2304 4706 sit.
2329 4657 2430 4694 non
2458 4655 2574 4713 qua!
2601 4650 2719 4695 sunt
2742 4641 2870 4695 Jesu
2900 4639 3088 4695 Christi
3117 4650 3367 4710 quwrunt.
3405 4639 3660 4704 Servivil.

342 4746 447 4802 pro
490 4731 642 4786 vobis
685 4731 847 4786 etiam
880 4732 1015 4787 mori
1054 4741 1270 4803 paratus
1296 4733 1398 4789 situ
1427 4777 1440 4799 ,
1474 4735 1766 4793 dummodo
1796 4738 1956 4796 obse-

339 4829 483 4904 qu'ar
512 4824 664 4878 vobis
689 4866 704 4892 ,
764 4834 819 4879 et
849 4822 1007 4879 iidem
1036 4832 1270 4880 vestram
1317 4827 1634 4884 conﬁrmem
1660 4873 1674 4898 ,
1707 4831 1858 4888 itetor
1899 4842 1954 4890 et

339 4911 590 4994 gbatulor
635 4919 886 4986 omnibus
933 4919 1104 4975 vobis.
1151 4919 1242 4976 Sic
1285 4936 1417 4994 ergo
1462 4933 1516 4979 et
1555 4935 1650 4980 vos
1695 4925 1952 4984 itetamini

405 5011 500 5078 ihi,
534 5019 592 5068 ut
619 5011 819 5081 pariter
848 5023 901 5068 et
937 5025 1122 5067 curam
1153 5014 1324 5070 nostri
1364 5029 1552 5072 onmes
1579 5033 1829 5090 geramus
1852 5064 1867 5090 ,
1899 5031 1954 5078 ct

339 5106 413 5192 tle
444 5107 600 5163 nobis
629 5108 855 5162 invicem
880 5107 1144 5163 laetemur.

2057 4735 2267 4804 inquit,
2313 4750 2523 4791 mecum
2553 4735 2868 4792 Timotheus
2895 4735 2947 4790 in
2980 4736 3269 4807 Evangelio
3309 4735 3464 4790 sicuti
3517 4733 3653 4804 patri

2056 4826 2216 4883 illius.
2270 4827 2518 4885 Breviter
2575 4829 3026 4900 quemadmodum
3085 4829 3327 4882 servierit
3386 4827 3658 4894 ostendit,

2055 4937 2357 5000 quanquam
2400 4921 2597 4979 dixerit
2651 4937 2860 4977 mecum
2907 4922 3126 4978 servivit
3153 4922 3230 4993 (9)
3265 4922 3314 4975 in
3346 4921 3657 4989 Evangelio.

2053 5017 2158 5074 Sed
2183 5018 2454 5088 quomodo
2492 5017 2754 5073 servivit?
2783 5027 2840 5072 ut
2869 5018 3034 5072 servit
3065 5016 3204 5071 illius
3241 5015 3416 5086 patri,
3450 5015 3500 5068 in
3532 5013 3662 5068 cita-

2056 5112 2214 5167 ritate
2248 5121 2304 5168 et
2330 5111 2590 5184 obsequio
2620 5112 2823 5183 majore
2857 5112 3076 5168 servivit
3108 5126 3317 5170 mecum
3345 5107 3659 5166 Timotheus

415 5197 578 5253 Vens.
612 5199 700 5255 i9.
732 5230 804 5240 —
833 5199 997 5273 Spero
1027 5212 1196 5256 autem
1249 5203 1302 5257 in
1337 5201 1555 5259 Domino
1583 5205 1710 5260 Iesu
1744 5205 1948 5264 Christo
2129 5226 2180 5291 (ι
2243 5225 2460 5298 νυιεειιρ
2484 5227 2870 5298 aliquantum,“
2904 5227 3094 5282 variat,

415 5291 663 5346 ntotheum
685 5290 913 5347 celeriter
930 5295 1126 5348 mittere
1152 5293 1310 5363 vobis,
1339 5306 1391 5350 ut
1422 5306 1468 5352 et
1491 5313 1582 5370 ego
1610 5299 1740 5354 bono
1771 5301 1944 5366 animo
2129 5226 2210 5370 (ἐξ
2238 5297 2407 5352 Codd.
2439 5310 2762 5370 cognoscant.

395 5291 663 5335 imnlheum
685 5291 913 5335 mlas-iter
930 5295 1126 5335 minus:
1152 5293 1290 5335 1min}
1339 5306 1391 5335 nl
1424 5306 1468 5335 οι
1491 5313 1582 5335 οηη
1611 5299 1740 5335 Amm
1772 5301 1944 5335 nm'nm
2129 5291 2210 5335 Iv“
2238 5297 2277 5335 [Ἰ

327 5290 663 5370 {Timotheum
685 5290 913 5347 celeriter
930 5295 1126 5348 mittere
1152 5293 1310 5363 vobis,
1339 5306 1391 5350 ut
1422 5306 1468 5352 et
1491 5313 1582 5370 ego
1610 5299 1740 5354 bono
1771 5301 1944 5366 animo
2238 5290 2407 5352 Codd.
2439 5290 2762 5370 cognoscant.
3341 5367 3353 5378 .

308 5381 328 5450 ις
420 5428 490 5450 m
522 5427 657 5450 “ab
1185 5431 1244 5450 _J
2234 5370 2392 5450 Xuig.
2423 5369 2691 5450 Neminem
2723 5373 2856 5450 enim
2884 5371 3042 5450 habeo
3071 5379 3174 5423 tam
3193 5382 3506 5450 unanimem.
3593 5438 3604 5449 .

303 5426 324 5500 ,λ’
522 5427 676 5515 ΥΠῘΒ·
712 5426 1153 5515 οο;,--ςοῖιιξηρηιεε
1171 5431 1244 5515 μά
1272 5431 1491 5501 gloriam
1520 5450 1702 5515 ηξεέιηιο
1889 5509 1901 5515 _
2234 5426 3008 5515 Ygulg”quisinceraaﬁ‘ectione
3033 5458 3126 5512 pro
3139 5441 3276 5495 vobis
3293 5439 3542 5492 sollicitus
3560 5438 3646 5492 sit.

296 5503 318 5576 ί,
413 5499 495 5570 (‘2)
532 5499 681 5569 Vulg.
711 5516 724 5552 τ
750 5499 857 5554 Sed
873 5510 917 5553 et
940 5501 983 5553 si
1007 5501 1241 5555 intmolor
1254 5499 1410 5576 supra
1436 5503 1748 5572 sacriﬁcium
1772 5517 1820 5563 et
1849 5509 1942 5563 cbo

307 5581 316 5616 ι’
339 5571 734 5658 δείίιιὶιιιιινβάεὶ
758 5581 968 5658 vestrae,
1002 5574 1201 5658 gaudeo
1241 5582 1286 5626 et
1317 5578 1662 5658 .coitgratulor
1708 5580 1944 5658 omnibus

2132 5499 2202 5568 ’δ’
2243 5499 2368 5570 νυΓ
2387 5499 2423 5582 .’,
2440 5499 2571 5580 ὀμιτ
2597 5531 2693 5570 sua
2722 5499 2863 5569 sunt.
3033 5499 3044 5512 ’
3283 5539 3289 5544 -

2122 5511 2206 5658 flii
2229 5531 2398 5640 Cndﬁ.
2441 5577 2707 5640 Timotheo
2747 5587 2952 5651 datum;
2979 5599 3099 5656 quae
3123 5583 3346 5639 fortasse
3381 5582 3612 5653 scriptut‘

307 5571 318 5616 εί
339 5571 734 5656 δείίιιὶιιιιινβάεὶ
758 5581 968 5656 vestrae,
1002 5574 1201 5656 gaudeo
1241 5582 1286 5626 et
1317 5571 1662 5656 :congrutulor
1708 5580 1944 5656 omnibus
2122 5571 2201 5656 (ιι)
2229 5571 2707 5640 Ουάδ.’Ῡιιηοι(ιεο
2747 5587 2952 5651 datum;
2979 5599 3099 5656 quae
3123 5583 3346 5639 fortasse
3381 5582 3646 5653 scriptura

339 5642 507 5765 meis;
534 5642 758 5714 idipsum
792 5655 958 5697 autem
994 5653 1042 5704 et
1077 5660 1162 5698 vos
1190 5646 1404 5728 gaudete
1425 5642 1484 5704 ἐι
1511 5651 1944 5733 congratulamini
2012 5686 2018 5691 -
2047 5642 2270 5782 rei???
2305 5667 2498 5782 ρὶιιῗῗᾶ.
2940 5642 2950 5651 ’
2997 5642 3014 5656 ⁸

281 5733 284 5770 ῑ
427 5731 482 5767 ιι.
1374 5735 1379 5739 ·
2255 5738 2304 5782 ta
2359 5730 2406 5782 lo
2488 5752 2501 5782 λ
3293 5755 3296 5758 ’

282 5733 284 5770 ί
339 5727 482 5767 num.
1194 5727 1199 5728 ’
1374 5735 1379 5739 ·
1612 5727 1620 5733 ’

411 5784 917 5872 ςξὶεέίξάεικθῑοσο..
1025 5858 1037 5872 .
1102 5858 1126 5872 .
1188 5869 1198 5872 _
1423 5861 1436 5872 .
1497 5865 1508 5872 .

2228 5727 2846 5872 lYlitlgf)%l:cpnimentum
2869 5808 3039 5856 autent
3069 5800 3181 5872 ejus
3209 5799 3513 5872 cognoscite.

411 5853 491 5927 (4)
527 5855 600 5910 Ita
626 5857 781 5913 codd.
816 5857 919 5914 nisi
948 5858 1070 5932 quis
1097 5858 1237 5919 forte
1259 5861 1462 5920 mavult
1486 5865 1597 5920 haec
1619 5879 1717 5937 pro
1744 5879 1810 5923 et.
2235 5853 2406 5927 codd.
2434 5853 2682 5927 servierit.
