4024 6306
144 2251 220 2263 -ο

264 2260 327 2278 *Ἲς

450 185 592 247 Hi5

1684 216 1878 278 MAR"
1946 223 2289 289 VICTORINI
2367 239 2526 295 AFRI

3612 275 3744 333 1216

3612 303 3741 333 Ιῧιυ

444 303 500 363 in
559 308 851 384 Evangelio
890 333 1125 376 :mecum
1167 326 1335 397 enim,
1387 329 1581 402 inquit,
1605 340 1825 396 servivit
1867 359 1882 400 :
1937 360 2043 401 non
2073 351 2120 409 Λ
2152 351 2233 407 vel
2261 353 2606 417 desiderabat
2633 362 3004 439 l‘ltilippenses
3031 375 3116 432 vel
3146 381 3495 455 tmdiabatur;
3536 393 3625 462 qui
3655 408 3741 449 us-

444 399 569 454 ηιὶΙιὲ
616 407 857 462 ὕει’νὴνίι.
913 409 1066 462 Iluuc
1118 416 1273 462 initur
1309 438 1461 462 annm
1518 443 1596 462 nu
1657 431 1854 462 κάπ’-λ
1900 452 2019 462 ·“·’”“
2155 460 2194 462 "
2328 449 2338 462 '
2668 460 2676 462 Α

439 399 569 454 mihi
616 407 857 464 servivit.
913 409 1066 468 Iluuc
1118 416 1273 489 igitur
1308 399 1476 491 spero
1518 443 1596 482 me
1657 431 1854 487 mittere
1899 452 2038 492 mox.

437 487 793 569 Posteaquam
857 487 1252 566 commendavit
1320 530 1608 586 personam
1681 534 1735 580 et
1788 525 2037 587 aﬂ'ectmn

435 593 491 639 et
538 585 907 661 diligentiam,
955 598 1231 669 subjunxit
1268 585 1412 676 quod
1466 612 1625 670 talem
1679 618 1851 675 virum
1908 624 2038 680 mis—

431 689 593 734 surus
620 681 710 738 sit.
745 683 912 757 Spero
933 730 949 753 .
999 691 1206 764 inquit,
1250 715 1331 755 me
1358 703 1574 761 mittere.
1607 708 1717 765 lloc
1745 722 1795 768 et
1824 728 1985 786 supra
2017 761 2033 785 ,

430 784 582 839 spero
602 772 658 827 in
686 773 924 834 Domino.
949 781 1101 851 Quod
1124 800 1304 847 autem
1326 792 1462 850 dixit
1488 814 1628 866 mox,
1659 787 1759 859 hoc
1783 818 1866 862 est
1891 813 2033 880 quod

427 875 590 933 supra
619 868 868 928 celeriter.
895 872 965 930 Ut
993 877 1178 936 videro
1213 897 1333 953 qua:
1358 886 1502 945 circa
1538 907 1623 948 me
1647 894 1754 950 sint
1781 939 1795 965 ,
1825 901 2032 960 mittam

430 955 809 1030 Timotheum;
866 967 962 1024 sed
1009 986 1131 1027 cum
1184 977 1370 1034 videro
1415 999 1533 1052 qute
1576 988 1717 1044 circa
1767 1008 1855 1049 me
1902 998 2027 1053 sint.

408 1048 647 1123 Conﬁdo
694 1068 863 1114 autem
909 1063 964 1118 in
1010 1064 1236 1124 Domino
1278 1076 1416 1144 quod
1451 1088 1499 1133 el
1532 1081 1644 1151 ipse
1676 1084 1777 1139 cito
1810 1091 2028 1147 ueniam.

424 1142 616 1217 Magno
632 1150 829 1207 all'ectu
849 1165 907 1210 et
932 1173 1122 1230 magna
1155 1142 1449 1225 monitione
1477 1142 1581 1229 hoc
1597 1142 2028 1255 adjunxit,quod

424 1251 549 1293 eum
594 1242 771 1299 mittat
815 1245 1198 1323 Timotheum,
1247 1266 1426 1318 tamen
1474 1278 1534 1321 se
1593 1242 1869 1339 promittat
1901 1242 2029 1334 esse

425 1342 735 1394 venturum.

491 1423 658 1483 Vens.
691 1431 781 1488 ‘35.
831 1464 903 1478 -—
929 1436 1155 1499 Conﬁdo
1183 1446 1329 1503 enim
1351 1490 1367 1517 ,
1399 1451 1576 1522 inquit
1596 1499 1612 1522 ,
1668 1458 1721 1514 in
1757 1461 2022 1533 Domino.

417 1516 538 1585 quia
560 1520 702 1577 circa
728 1540 813 1582 me
856 1532 1035 1586 omnia
1067 1547 1212 1593 recte
1242 1552 1432 1611 erunt;
1463 1545 1826 1610 Necessarium
1856 1569 2025 1617 tamen

413 1608 701 1669 existimavi
729 1614 1147 1694 Epaphroditum
1170 1633 1383 1702 fratrem
1414 1636 1518 1712 (l).
1550 1654 1597 1697 et
1625 1650 2021 1710 commilitonem

2144 460 2249 515 que
2274 449 2340 503 ad
2370 465 2621 524 mortem,
2663 460 2869 533 inquit,
2900 468 2996 523 fuit
3022 471 3290 531 inﬁrmus.
3318 477 3371 533 In
3401 482 3497 538 tali
3520 497 3744 558 a~grota-

3566 538 3718 558 οη--

2143 538 2289 596 tione
2331 560 2520 618 magna
2546 564 2671 608 sunt
2696 555 2961 615 desideria
3002 573 3059 619 et
3098 568 3560 633 vehementiazad
3602 597 3743 637 mor-

2142 638 2281 700 tem,
2313 636 2512 709 inquit,
2542 649 2864 717 mgrotabat;
2897 654 3154 715 Dominus
3174 673 3353 720 autem
3378 669 3631 727 misertus
3659 684 3743 732 est

2139 728 2273 795 ejus.
2309 728 2450 788 Ecce
2488 739 2741 805 quoniam
2788 742 3108 806 beneﬁcium
3148 770 3178 809 a
3225 757 3451 814 Domino
3486 776 3538 819 et
3578 767 3665 823 hic
3689 769 3740 826 in

2139 817 2242 871 vita
2284 823 2566 882 sentimus.
2615 830 2820 891 Deinde
2858 841 2982 908 quia
3023 852 3077 898 ct
3115 844 3374 908 festinare
3400 854 3467 909 ad
3510 870 3740 918 mortem

2135 908 2418 971 debemus.
2466 917 2617 977 Licet
2667 928 2810 982 enim
2862 935 3062 999 peccati
3109 940 3463 1001 ministerium
3510 953 3741 1010 mundus

2135 1001 2235 1067 sit,
2263 1014 2317 1060 et
2356 1006 2559 1067 idcirco
2596 1016 2907 1101 fugit-udus;
2938 1034 3112 1084 tamen
3144 1041 3201 1086 et
3239 1035 3554 1097 desiderare
3578 1044 3743 1103 vitam

2136 1094 2187 1149 in
2215 1101 2438 1167 mumlo,
2474 1118 2747 1174 peccatum
2780 1098 2885 1171 non
2917 1132 3022 1174 est.
3055 1122 3119 1177 Et
3146 1126 3191 1181 si
3216 1126 3373 1186 debet
3402 1135 3705 1197 desiderari
3726 1184 3743 1208 ,

2132 1198 2278 1246 recte
2306 1192 2532 1263 dictum,
2552 1202 2644 1257 sed
2682 1204 2949 1265 Dominus
2977 1214 3227 1274 misertus
3254 1233 3335 1278 est
3362 1226 3502 1297 ejus.
3537 1231 3746 1291 Deinde

2128 1286 2381 1352 quoniam
2411 1306 2572 1348 omne
2598 1298 2738 1366 quod
2767 1301 2834 1356 ad
2866 1303 2948 1375 (l)
2988 1309 3149 1365 vitam
3190 1313 3275 1369 hic
3313 1286 3558 1390 agimus,
3597 1286 3746 1383 sic;

2123 1372 2256 1443 justi
2289 1380 2492 1451 simus,
2518 1394 2573 1440 et
2601 1389 2756 1445 nobis
2785 1396 3052 1463 pro-imus
3078 1412 3133 1456 et
3157 1404 3278 1462 aliis
3297 1449 3311 1469 .
3342 1414 3535 1468 merito
3565 1419 3744 1475 nostri

2126 1469 2415 1530 miseretur
2437 1478 2600 1549 Deus,
2624 1492 2676 1537 et
2697 1501 2935 1544 reservat
2958 1491 3012 1546 in
3036 1494 3164 1550 vita.
3189 1498 3277 1553 Sic
3299 1500 3529 1575 denique
3550 1510 3745 1580 adjun-

2123 1562 2232 1635 εἰπε
2261 1564 2380 1622 Non
2406 1570 2550 1627 illius
2570 1586 2767 1632 tantunt
2789 1579 2928 1639 Deus
2952 1587 3185 1645 misertus
3206 1604 3301 1659 est,
3327 1598 3416 1651 sed
3433 1600 3588 1655 etiam
3612 1607 3739 1675 mei,

2125 1668 2181 1711 ut
2210 1677 2311 1715 non
2338 1664 2600 1721 tristitiam
2626 1670 2860 1730 habeam.
2894 1677 3102 1735 Etenim
3130 1684 3174 1738 si
3200 1702 3359 1757 supra
3389 1690 3593 1748 dictum
3636 1700 3741 1754 mi-

2521 1719 2541 1721 "
2568 1719 2597 1721 Π
2627 1719 2860 1730 """“""
2894 1719 3102 1735 “'V'Ul"
3130 1719 3174 1738 δι
3200 1719 3359 1757 διιγιιι
3389 1719 3593 1748 υιυιυιιι
3636 1719 3737 1754 Μ.

411 1719 601 1772 meum,
628 1721 845 1768 rastrum
870 1728 1040 1774 autem
1065 1727 1375 1797 apostolum,
1391 1744 1438 1786 et
1468 1737 1756 1796 ministrum
1780 1747 2017 1805 desiderii
2046 1752 2094 1813 B
2121 1751 2336 1807 uistrnm
2359 1757 2605 1814 desiderii
2631 1765 2758 1829 mei.
2791 1767 2858 1823 de
2899 1770 3015 1840 ipso
3057 1770 3453 1847 Epaphmdilo;
3496 1786 3543 1841 Si
3583 1790 3737 1849 enim

416 1797 518 1849 1ηΘί
540 1798 854 1849 (Ξὶληίηρη
870 1815 937 1849 nd
957 1826 1043 1849 smn
1082 1814 1223 1849 lina:
1244 1824 1544 1849 .._n...:--_:.
1571 1829 1631 1849 rm
1674 1848 1677 1849 ,
1734 1834 1767 1849 ,ι
2240 1845 2251 1849 -

416 1797 518 1851 mei
540 1798 638 1871 (2),
655 1803 854 1861 mittere
870 1815 937 1864 ad
957 1826 1063 1869 vos.
1082 1814 1227 1873 Licet
1244 1824 1550 1889 promiserit
1571 1829 1911 1894 Timotheum
1929 1857 2019 1898 ce-

410 1888 598 1949 leriter
609 1908 669 1950 se
684 1899 996 1973 missurum,
1018 1918 1194 1968 tamen
1215 1917 1338 1986 quia
1358 1919 1439 1993 ('5)
1455 1923 1614 1982 habet
1629 1888 2016 2006 adhucvqiiainv-

413 1979 530 2006 λη.
553 2001 600 2006 _
617 2004 631 2006 ξ
1004 2001 1015 2006 _
1214 1993 1221 2001 .

1233 1979 1245 1986 .
1363 1979 1375 1993 .
1417 1979 1432 1993 .
1631 1979 1804 1988 η-πκ-
1823 1979 2014 2006 νη...-

410 1979 533 2039 dam
553 2001 782 2059 moram,
805 2010 926 2051 cum
947 1993 1234 2062 missurum
1256 2012 1487 2082 sedixit,
1508 2034 1650 2076 nunc
1679 2025 1839 2082 mittit
1872 2029 2014 2101 Ερα-

410 2073 709 2101 -ιΙι-Α-Ιξικ-ηκ
1034 2094 1047 2101 -
1193 2100 1199 2101 ,

1470 2073 1486 2082 .
1606 2073 1646 2076 γν
1679 2073 1839 2082 -----··
1872 2073 1985 2101 ur“
2004 2073 2011 2074 ί

407 2073 716 2145 phroditnm
737 2102 752 2139 :
777 2094 1160 2162 necessarium,
1187 2100 1382 2172 inquit.
1408 2109 1625 2169 mittere
1655 2116 1722 2172 ad
1751 2133 1843 2174 vos
1872 2122 2011 2194 Epa-

407 2169 659 2194 ..Ι-..-Δειμ
772 2179 810 2194 Π
1052 2189 1065 2194 ³

407 2169 741 2240 phroditnm.
769 2179 1126 2247 Commendat
1166 2169 1487 2264 personam:
1517 2169 2010 2285 posteaﬁsuvbjtntlit'it

352 2277 647 2361 εωωῇ
667 2269 1076 2336 Commendalio
1105 2298 1355 2354 persona:
1374 2304 1479 2362 est,
1521 2297 1740 2358 fratrem
1774 2306 1827 2361 in
1861 2308 1999 2380 lege,

589 2344 647 2376 Γπ

404 2358 1049 2433 εοηιιιιὶΙῖἰοιῖἕιῆωειῐΐε
1068 2376 1409 2456 et‘indabore
1434 2384 1737 2463 Evangelii,
1763 2358 2001 2458 vestri-im

399 2463 582 2512 autem
608 2462 933 2529 apostolum.
965 2467 1106 2527 Ecce
1130 2472 1561 2546 Epaphroditum
1580 2489 1882 2557 apostolum
1905 2509 2001 2551 no-

394 2546 579 2603 mittat.
597 2550 788 2610 Omnis
803 2559 948 2614 enim
977 2562 1070 2633 qui
1100 2568 1355 2639 mittitur,
1382 2583 1437 2629 et
1460 2578 1554 2647 qui
1580 2585 1997 2668 ρτοριρνεινηρ-

394 2640 589 2668 ηιιιζ.....
625 2647 801 2668 ...ξηεμ
1062 2667 1067 2668 ,
1116 2659 1128 2668 .
1246 2661 1275 2668 ._
1320 2664 1330 2668 _

391 2640 591 2711 gelinm
623 2647 875 2721 mittitur,
920 2659 1197 2725 apostolus
1227 2661 1331 2720 dici
1374 2640 1837 2748 potest.'Deitique
1867 2648 1991 2737 huic

389 2731 465 2788 illi
487 2740 716 2806 aposmli
746 2742 873 2799 dicti
906 2762 982 2802 xu
1005 2750 1088 2804 vel
1113 2767 1164 2808 χι
1195 2757 1682 2835 aministerio,quo
1702 2769 1988 2828 mitteban-

388 2833 478 2884 tur
507 2834 825 2901 prtcdicare.
852 2839 1348 2920 ltaquicumqnead
1368 2853 1469 2911 hoc
1491 2833 1742 2929 mittitur,
1758 2880 1984 2935 aposto-

384 2918 469 2977 lus
498 2924 602 2980 dici
633 2939 829 2998 potest.
852 2933 1005 3003 Quod
1030 2918 1211 2997 autem
1238 2943 1375 3002 dixit
1404 2962 1635 3009 vestrum
1655 2960 1979 3028 apostolum,

382 3017 464 3072 vel
483 3020 605 3089 quia
630 3021 711 3095 (4)
734 3024 801 3080 ad
826 3041 921 3083 Vos
944 3029 1206 3101 mittitur;
1230 3039 1322 3095 alii
1343 3043 1485 3098 enim
1503 3046 1570 3100 ad
1598 3017 1702 3104 alia
1722 3051 1837 3108 loca
1861 3071 1873 3108 :
1896 3017 1978 3112 vel

381 3122 540 3178 quem
576 3129 673 3171 vos
701 3116 769 3172 de
794 3123 989 3179 vestris
1010 3127 1249 3198 elegistis
1291 3138 1627 3207 apostolum;
1659 3144 1971 3216 ministrum,
2004 3144 2050 3208 C

375 3200 571 3274 ittquit,
588 3218 764 3265 tamen
785 3212 1027 3273 desiderii
1046 3223 1165 3277 mei.
1192 3200 1633 3299 Quodlestautcm
1649 3236 1975 3297 desiderium

372 3302 598 3357 meum?
629 3313 686 3359 ut
716 3321 809 3362 vos
833 3311 1064 3368 audiatis
1083 3357 1098 3382 ,
1128 3328 1184 3373 ut
1210 3335 1306 3377 vos
1335 3325 1556 3383 verbum
1589 3332 1903 3392 obtineatis.

450 3388 614 3449 Vnus.
659 3396 750 3453 26.
790 3430 864 3441 -
934 3404 1069 3472 Quia
1137 3410 1435 3472 desiderans
1500 3430 1548 3475 et
1614 3429 1975 3501 concupiscens

367 3493 478 3538 erat
530 3489 759 3546 omnium
809 3506 1029 3554 oestrum
1079 3500 1179 3576 (5).
1228 3505 1382 3565 Nunc
1410 3512 1686 3587 subjungit
1728 3489 1967 3593 causam,

365 3589 534 3648 quare
580 3582 757 3657 ipsum
810 3591 992 3649 mittat
1049 3613 1063 3649 :
1113 3600 1313 3657 etenim
1344 3582 1689 3666 Timoiheum
1719 3616 1972 3673 celeriter

363 3683 425 3725 se
478 3673 770 3735 missurum
820 3682 993 3753 dixit,
1060 3699 1115 3745 ut
1172 3691 1317 3750 bono
1377 3699 1559 3757 animo
1624 3707 1794 3774 possit
1846 3725 1970 3766 esse

361 3775 694 3833 cegnoscens
713 3814 729 3839 ,
759 3790 880 3845 qua:
908 3793 1074 3849 penes
1104 3798 1200 3841 vos
1226 3796 1371 3844 sunt.
1405 3789 1558 3849 Nunc
1588 3796 1733 3854 hunc
1763 3800 1964 3873 mittit,

359 3857 483 3928 quia
539 3861 813 3923 desiderat
860 3886 992 3939 vos,
1041 3887 1093 3931 et
1121 3884 1458 3954 concupiscit
1505 3903 1599 3945 vos
1649 3907 1869 3963 omnes,
1911 3906 1967 3953 et

356 3965 501 4022 aegre
526 3968 611 4012 est
636 3974 699 4016 se
726 3976 846 4017 esse
875 3965 1175 4026 absentem.
1210 3973 1409 4032 Probat
1436 3990 1614 4037 autem
1644 3986 1786 4054 quod
1818 4002 1963 4059 aegre

353 4043 491 4101 ferat
520 4049 636 4105 sic:
668 4064 716 4108 et
743 4057 1051 4116 tadiabatur
1093 4077 1307 4137 propter
1345 4074 1487 4142 quod
1527 4078 1815 4135 audiebatis
1855 4099 1964 4140 esse

353 4138 436 4210 (6)
465 4142 730 4213 inﬁrmum
758 4149 863 4221 (7).
910 4153 1053 4225 Hoc,
1095 4159 1307 4231 inquit,
1352 4138 1514 4223 iui-dio
1551 4169 1862 4242 laborabat,
1888 4138 1959 4236 et

350 4233 651 4294 audiebatis
679 4239 831 4297 illum
861 4245 1132 4304 infirmum
1162 4269 1286 4311 esse
1315 4273 1575 4328 corpore,
1609 4264 1661 4319 id
1685 4278 1769 4323 est
1786 4285 1959 4341 aegro-

351 4332 486 4382 tare.
516 4328 598 4386 An
629 4333 730 4389 hoc
758 4336 1026 4408 signiﬁcat
1055 4345 1399 4417 ttediabatur,
1434 4355 1492 4408 u't
1518 4355 1620 4411 sibi
1656 4372 1753 4415 sua
1789 4328 1951 4421 cziusa

348 4419 450 4485 sit,
483 4424 627 4493 quod
656 4428 710 4484 in
741 4436 1094 4502 aegrotatione
1123 4438 1263 4496 fuit?
1299 4453 1355 4501 et
1391 4462 1456 4503 ex
1499 4450 1612 4521 ipsa
1651 4468 1809 4511 causa
1858 4468 1951 4515 tae-

2123 1845 2404 1914 perderem
2429 1854 2714 1911 ministrum
2738 1859 2979 1919 desiderii
3004 1872 3099 1921 mei
3115 1910 3129 1935 ,
3155 1874 3509 1933 contristarer
3527 1895 3577 1937 et
3606 1886 3739 1943 tris-

2121 1939 2289 1996 titiam
2315 1943 2588 2003 haberem.
2614 1950 2758 2025 Ergo
2779 1957 2929 2014 multi
2952 1975 3273 2025 servantur:
3298 1980 3351 2023 et
3374 1972 3516 2029 Deus
3536 1993 3733 2037 eorum

2116 2032 2427 2106 miseretur,
2460 2056 2556 2108 per
2579 2059 2716 2115 quos
2741 2048 2943 2121 aliquid
2983 2054 3156 2124 agitur
3180 2061 3326 2130 quod
3364 2064 3430 2120 ad
3471 2069 3732 2129 ministe-

2115 2124 2252 2180 rium
2279 2129 2596 2189 salvationis
2621 2142 2911 2207 pcrtineat.
2956 2144 3125 2202 Sinml
3166 2124 3223 2206 et
3260 2169 3359 2208 nos
3399 2172 3497 2227 pro
3537 2161 3731 2231 hujus-

2114 2218 2258 2272 modi
2289 2219 2597 2282 hominibus
2637 2244 2829 2301 rogare
2866 2233 3163 2307 debemus,
3210 2258 3278 2298 ne
3318 2247 3590 2305 tristitiam
3622 2255 3727 2310 ba-

2105 2308 2328 2368 beamus
2352 2315 2397 2370 si
2424 2317 2543 2375 illos
2569 2322 2931 2393 amiserimus,
2949 2346 3177 2400 quorum
3205 2338 3407 2397 auxilio
3433 2343 3641 2404 utimur
3664 2350 3726 2407 in

2104 2399 2299 2459 divinis
2326 2406 2488 2465 rebus
2512 2413 2757 2482 agendis,
2798 2419 3155 2491 insinuandis,
3171 2433 3541 2493 enuntiandis.

2176 2496 2343 2554 Vens.
2373 2501 2463 2557 28.
2483 2534 2550 2544 -
2566 2504 2916 2568 Festinantius
2938 2516 3111 2588 itaque
3134 2522 3252 2577 misi
3282 2542 3417 2582 eum.
3449 2529 3722 2593 Discrevit

2099 2591 2385 2650 missiones
2398 2611 2542 2653 suas.
2558 2598 2690 2656 Nam
2704 2603 2772 2659 de
2787 2606 3175 2678 Epaphrodito,
3190 2615 3309 2671 misi
3326 2618 3517 2691 inquit.
3534 2623 3611 2682 De

2090 2684 2337 2754 motheo,
2365 2689 2614 2756 celeriter,
2643 2695 2836 2769 inquit.
2859 2717 3010 2769 spero
3029 2722 3110 2771 me
3129 2709 3326 2767 mittere
3345 2717 3502 2772 vobis.
3535 2721 3604 2777 Et
3628 2733 3713 2779 ta-

2088 2791 2215 2833 men
2231 2794 2295 2834 su
2302 2789 2757 2851 pra,necessarium
2774 2794 3061 2851 existimavi
3071 2801 3268 2857 mittere
3278 2809 3348 2859 ad
3358 2823 3466 2876 vos,
3503 2828 3612 2869 non
3640 2816 3711 2875 de

2087 2883 2153 2923 eo
2175 2880 2281 2936 est,
2311 2874 2456 2939 quod
2488 2879 2751 2935 missurus
2764 2895 2866 2951 εει,
2891 2888 2988 2941 sed
3017 2891 3159 2960 quod
3177 2894 3288 2963 jam
3308 2899 3507 2958 missus
3545 2903 3707 2966 Unde

2084 2957 2173 3014 hic
2191 2963 2478 3032 conclusit,
2500 2970 2616 3024 misi
2642 2974 2713 3026 ad
2735 2991 2841 3038 vos,
2870 2987 2927 3032 ut
2952 2995 3068 3034 cum
3094 2985 3322 3042 uideritis
3344 2991 3514 3059 illum,
3529 2996 3704 3058 denuo

2079 3057 2431 3126 gratulemini,
2463 3073 2509 3116 et
2537 3081 2630 3135 ego
2649 3068 2761 3122 sine
2782 3072 2990 3127 tristitia
3008 3076 3106 3130 sim
3128 3079 3230 3153 (2).
3255 3081 3438 3142 Iunxit
3476 3100 3534 3144 et
3562 3094 3708 3153 hanc

2080 3161 2318 3217 causam,
2343 3153 2602 3212 curillum
2629 3160 2859 3234 miserit.
2878 3163 3049 3237 Supra
3077 3173 3200 3227 idco
3219 3174 3381 3243 :Misi,
3412 3185 3538 3253 quia
3556 3188 3709 3243 desi-

2077 3240 2301 3299 derabat
2316 3261 2410 3302 vos
2427 3258 2478 3303 et
2495 3254 2910 3324 concupiscebat
2930 3279 2944 3314 :
2975 3280 3117 3320 nunc
3131 3267 3197 3321 ad
3213 3269 3361 3337 ipsos
3378 3273 3704 3347 Philippeu-

2077 3350 2186 3404 ses,
2205 3347 2263 3393 ut
2284 3344 2687 3415 vosgaudeatis,
2715 3360 2768 3405 et
2790 3352 2971 3432 denuo
2995 3363 3360 3431 gratuletnini,
3387 3384 3508 3425 cum
3524 3344 3701 3433 illum

2077 3430 2339 3488 videritis.
2359 3435 2494 3504 Quid
2510 3450 2593 3496 est
2611 3442 2776 3498 denuo
2799 3430 3130 3518 gratulemini
3142 3456 3169 3509 1’
3184 3469 3235 3511 ut
3258 3474 3379 3515 cum
3397 3461 3451 3517 in
3469 3468 3697 3527 tristitia

2076 3521 2314 3593 fueritis;
2337 3531 2415 3585 sic
2427 3536 2569 3587 enim
2590 3551 2751 3608 supra
2766 3537 2993 3609 dictum,
3012 3548 3293 3605 audieratis
3314 3553 3459 3608 illum
3481 3575 3590 3615 esse
3602 3562 3690 3637 (3)

3605 3616 3618 3634 ι
3634 3616 3651 3618 -
3668 3616 3685 3637 Ι

2073 3616 2357 3689 inﬁrmum,
2384 3640 2525 3682 nunc
2546 3644 2733 3687 rursus
2755 3638 3056 3706 gaudeatis,
3074 3656 3197 3697 enm
3221 3659 3342 3700 eum
3360 3649 3573 3708 videtis.
3600 3659 3690 3715 An

2071 3707 2272 3779 denuo,
2305 3720 2430 3783 quia
2465 3728 2585 3788 post
2623 3736 2843 3793 gravem
2885 3729 3252 3793 valetudinem
3290 3743 3583 3801 audierunt
3612 3749 3688 3804 ῆι-

2069 3802 2179 3858 lum
2208 3820 2398 3863 sanum
2431 3808 2629 3868 factum
2651 3858 2666 3879 ,
2696 3827 2753 3872 et
2778 3820 3029 3889 gratulati
3058 3836 3215 3895 sunt,
3253 3849 3394 3889 nunc
3418 3846 3602 3894 autem
3632 3845 3685 3899 si

2067 3910 2189 3953 enm
2246 3900 2494 3971 videant,
2547 3905 2727 3965 denuo
2778 3915 3236 3983 gratulabuntur?
3288 3927 3438 3996 Quod
3493 3943 3681 3992 autem

2065 3991 2345 4059 adjunxit,
2400 4007 2447 4050 et
2477 4015 2568 4069 ego
2598 4001 2709 4056 sine
2736 4005 2942 4060 tristitia
2966 4010 3090 4076 sim,
3132 4015 3254 4084 quia
3297 4020 3345 4074 si
3382 4035 3541 4092 Supra
3586 4027 3680 4083 di-

2063 4087 2143 4141 xit
2169 4086 2473 4145 ministrum
2510 4090 2591 4165 (ι)
2623 4096 2706 4150 sui
2747 4096 3002 4156 desiderii
3042 4120 3163 4161 esse
3201 4086 3674 4188 Epaphroditum,

2063 4178 2247 4250 utique
2288 4196 2410 4236 cum
2453 4183 2602 4240 illum
2645 4189 2844 4259 mittit,
2886 4197 3039 4264 quasi
3080 4199 3247 4257 videri
3286 4178 3467 4275 potest
3498 4212 3673 4269 tristis

2060 4268 2177 4342 (5):
2210 4273 2303 4328 sed
2337 4278 2589 4344 quoniam
2618 4292 2673 4336 et
2701 4284 2789 4339 ille
2816 4285 3160 4346 desiderabat
3185 4268 3342 4365 illos,
3384 4310 3445 4357 et
3478 4314 3670 4374 gratu-

2056 4363 2309 4424 labuntur
2337 4371 2381 4425 si
2414 4373 2562 4432 illum
2605 4376 2867 4449 viderint,
2913 4385 3112 4454 poterit
3148 4387 3345 4450 Paulus
3383 4411 3510 4456 esse
3542 4401 3669 4460 sine

2058 4461 2294 4519 tristitia.

347 4511 616 4585 δίθδθῑυνι
644 4530 701 4576 ει
728 4537 1011 4596 Propterea
1039 4547 1185 4603 ωερε·
1208 4533 1329 4604 fuit,
1350 4541 1471 4610 quia
1497 4511 1827 4606 desideravit
1851 4568 1946 4611 vos
1971 4538 2026 4600 D
2124 4554 2288 4614 Vsus.
2312 4559 2403 4624 29,
2428 4563 2519 4621 50.
2557 4595 2624 4607 -
2643 4567 2880 4642 Excipite
2897 4590 3018 4647 ergo
3043 4577 3188 4634 illum
3217 4581 3270 4637 in
3292 4580 3521 4645 Domino
3544 4605 3664 4647 cum

347 4614 399 4647 ΩΙ
427 4615 729 4647 (inluni-simil
751 4618 774 4647 9
809 4619 932 4647 Ι..,Ι,.
964 4638 1085 4647 ιη.--
1122 4627 1216 4647 ξΑηκ
1316 4633 1371 4647 ο--
1452 4636 1506 4647 ..-
1700 4643 1711 4647 _
1737 4644 1747 4647 _

344 4614 400 4661 et
427 4615 774 4683 concupivit?
805 4619 934 4677 lude
960 4638 1091 4697 ergo
1114 4627 1224 4699 jam
1257 4633 1412 4689 mitto
1450 4636 1600 4695 illum
1630 4643 1799 4700 vobis.

417 4700 580 4761 Vsus.
602 4706 693 4764 27.
724 4741 796 4754 --
813 4712 954 4771 Nam
980 4728 1027 4774 et
1055 4721 1291 4790 inﬁrmus
1310 4727 1410 4798 fuit
1436 4746 1593 4803 usque
1611 4735 1682 4789 ad
1701 4750 1911 4796 mortem
1927 4761 1948 4799 :

339 4794 431 4848 sed
459 4794 710 4857 Dominus
738 4808 974 4864 misertus
1001 4823 1076 4868 est
1108 4818 1256 4888 ejus;
1287 4794 1379 4873 nec
1404 4822 1552 4880 illius
1578 4836 1811 4899 tantum,
1853 4836 1945 4890 sed

337 4887 497 4943 etiam
521 4892 663 4960 mei,
693 4906 745 4950 ut
770 4914 871 4955 non
895 4887 1153 4961 tristitiam
1177 4909 1392 4967 habeam
1416 4914 1517 4988 (8).
1558 4916 1808 4980 Ostendit
1842 4942 1940 4985 cur

521 5034 702 5118 Xulg.,
738 5038 828 5095 hic
854 5041 1022 5118 addit,
1050 5054 1097 5100 et
1121 5063 1518 5118 cooperatorem.

409 5104 490 5177 (2)
521 5104 696 5179 Vulg.,
727 5104 1041 5171 necessitatis
1071 5134 1216 5175 metu.

429 5179 486 5253 at)
516 5178 686 5253 Codd.
712 5185 821 5253 qui.

406 5179 486 5319 (ὅ)
516 5179 686 5269 Qodd.
712 5185 821 5268 qui.

516 5252 689 5325 (._odd.
721 5273 829 5325 qut.

511 5323 704 5410 3mg...
733 5321 1007 5395 'Quoniam
1035 5335 1241 5404 quidem
1268 5354 1441 5398 omnes
1469 5359 1558 5400 nos
1583 5346 1924 5410 desiderabat.

510 5392 799 5472 goddper
824 5419 920 5472 pro
946 5392 1070 5462 esse.

401 5463 498 5555 (7)-
516 5465 580 5523 Et
604 5463 944 5531 mitus'erat
965 5488 1173 5551 propter
1196 5483 1336 5555 quod
1362 5486 1645 5547 audieratis
1667 5492 1816 5550 illum
1845 5498 1925 5555 in-

367 5548 586 5593 rmatum
594 5580 607 5594 .

324 5533 607 5603 ﬁrmatum.
965 5533 978 5551 '
1200 5533 1330 5555 1""
1363 5533 1644 5547 ”””””’”’
1845 5533 1922 5555 "'—

400 5606 481 5679 (8)
513 5608 665 5696 Vulg.
697 5612 838 5670 Nam
864 5627 911 5673 et
940 5622 1242 5696 inﬁrmatus
1263 5640 1376 5685 est.
1409 5671 1425 5686 .
1454 5674 1468 5688 .
1501 5675 1513 5687 .
1545 5674 1558 5689 .
1591 5674 1605 5687 .
1630 5652 1730 5692 non
1754 5638 1922 5696 solum

331 5690 503 5782 autem
522 5684 662 5782 'ejtts,
687 5702 861 5744 verum
884 5684 1037 5750 etiam
1057 5706 1104 5753 et
1127 5699 1228 5755 mei
1250 5684 1598 5762 netristitiam
1619 5725 1772 5782 super
1794 5713 1917 5767 tris-

350 5758 491 5782 suum
538 5770 581 5782 In
621 5764 747 5782 ειν-ιι·

326 5746 493 5803 titiam
517 5746 768 5812 haberem;

2049 4650 2188 4703 omni
2216 4654 2678 4724 gratulatione;-et
2704 4679 2789 4717 eos
2815 4666 2904 4734 qui
2942 4668 3236 4743 hujusmodi
3272 4688 3426 4744 sunt,
3464 4681 3665 4765 injho-

2049 4741 2253 4765 κκμέι---
2289 4745 2369 4765 1.-ι
2418 4758 2428 4765 .
2471 4759 2482 4765 -
2573 4752 2610 4765 Λ
2723 4755 2735 4765 .

2045 4741 2254 4797 naribus
2281 4745 2532 4804 habetote.
2566 4752 2817 4819 Quoniam
2846 4741 3056 4831 propter
3092 4780 3222 4834 opus
3261 4766 3449 4825 Christi
3489 4756 3660 4863 usque

2048 4834 2115 4863 ηιΙ
2162 4846 2372 4863 ...ιη-ιη..
2435 4860 2541 4863 ____
2579 4846 2633 4863 -9.
3036 4854 3047 4863 .
3144 4858 3154 4863 -

2041 4944 2220 4995 suam,
2256 4941 2309 4986 ut
2347 4936 2610 5005 suppleret
2646 4940 2702 4994 id
2741 4946 2879 5013 quod
2916 4946 3084 5018 defuit
3122 4951 3259 5008 vobis
3299 4957 3432 5012 circa
3471 4936 3655 5043 metiun

2041 5023 2332 5061 nhopmn'um
2366 5030 2447 5061 HM
2500 5033 2904 5061 l‘..-......_.s-.:e
2959 5052 3029 5061 __.
3074 5044 3087 5061 ι
3308 5058 3317 5061 -
3365 5051 3403 5061 .-
3513 5055 3527 5061 -
3621 5046 3632 5061 κ

2039 5023 2334 5094 obsequium
2365 5030 2468 5104 (6).
2500 5033 2911 5096 Commendatio
2950 5052 3035 5099 est
3073 5044 3222 5116 haec,
3267 5058 3322 5105 ut
3361 5023 3659 5133 Epaphrdsr

2141 5142 2192 5203 l)
2222 5142 2297 5198 lta
2321 5145 2479 5203 codd.

2110 5213 2192 5287 (2)
2238 5214 2451 5303 Totum
2476 5236 2689 5304 versum
2727 5225 2910 5304 Vulg.,
2941 5229 3044 5304 sic,
3067 5231 3318 5291 exhibet:
3360 5237 3613 5304 Festinan

2897 5285 2909 5294 ,
3195 5285 3316 5291 η--.
3360 5285 3384 5293 -
3412 5285 3613 5304 ..........

2036 5285 2137 5339 tius
2174 5285 2295 5358 ergo
2335 5290 2451 5345 misi
2489 5293 2665 5362 illum,
2708 5308 2764 5352 ut
2802 5285 2907 5355 uiso
2945 5318 3003 5357 eo
3031 5303 3211 5359 iterum
3249 5314 3554 5386 gaudeatis,
3586 5337 3616 5376 e

2100 5373 2129 5410 0
2148 5399 2164 5419 ,
2194 5373 2299 5415 CIC.

2034 5373 2164 5428 ego.
2194 5370 2299 5415 ειο.
3249 5370 3303 5379 ’⁷
3502 5370 3554 5386 θ’
3588 5370 3668 5423 ⁷’Χ

2105 5429 2188 5553 (3)
2215 5431 2386 5489 Codd.
2416 5452 2531 5521 per:
2638 5511 2650 5525 .
3643 5424 3678 5553 ὃ

2108 5498 2165 5553 (ί
2210 5501 2379 5553 Codd.
2405 5518 2738 5553 "anularius"

2210 5501 2379 5577 (Eadd.
2405 5501 2760 5570 ministerium.
3646 5556 3653 5577 ε

2129 5575 2183 5642 5)
2212 5572 2383 5631 Codd.
2415 5580 2627 5636 tristius.

2127 5643 2183 5729 6)
2212 5645 2368 5717 Vulg.
2392 5649 2676 5742 {Excipite
2692 5657 2863 5742 itaque
2885 5661 3033 5717 illum
3057 5682 3171 5742 cum
3193 5671 3335 5723 omni
3360 5676 3548 5742 gaudio
3568 5679 3620 5735 in

2027 5713 2254 5771 Domino
2296 5713 2342 5774 et
2385 5713 2636 5794 ejusmodi
2679 5713 2795 5783 cuni
2837 5713 3029 5815 honore
3055 5713 3335 5816 :habetote:
3360 5713 3618 5816 vquoniani

2026 5798 2235 5858 ριὀριει·
2261 5806 2390 5861 opus
2416 5831 2428 5847 .
2455 5831 2471 5851 .
2497 5831 2514 5851 .
2541 5835 2553 5851 .
2584 5836 2596 5851 .
2626 5802 2870 5859 .accessit
2893 5843 2910 5873 ,
2948 5807 3152 5864 tradens
3179 5798 3406 5869 animum
3670 5822 3679 5835 ‘

3811 5956 3971 6075 ἡ.
