4024 6306
280 271 419 340 ίὲίἹ

1113 269 1179 326 IN
1219 265 1614 326 EPISTULAM
1650 262 1859 321 PAULI
1895 260 1990 319 AD
2028 258 2525 318 l’lllLll’l’ENSES
2551 257 2774 316 LIBER.

3449 255 3590 315 1218

274 391 442 446 ditum
473 389 787 461 suscipiant.
812 389 915 444 Dat
938 396 1116 444 autem
1133 386 1361 461 gratiam
1384 398 1709 456 causamque
1734 395 1883 437 com-
1910 390 1967 451 Α
1991 377 2081 448 plo
2113 375 2227 432 Dei.
2276 375 2346 430 Et
2386 375 2474 432 hic
2497 375 2757 432 adversus
2786 387 2951 430 canes
2978 372 3106 429 dicit
3128 413 3143 439 ,
3177 386 3206 426 a
3238 370 3434 443 quibus
3460 371 3592 428 dicit

274 483 640 549 meudationi;
682 483 735 538 in
781 482 1040 546 Domino,
1064 482 1267 552 inquit,
1307 479 1577 550 excipite;
1623 476 1674 531 id
1703 483 1788 531 est
1826 482 1887 527 ut

276 589 399 632 eum
422 618 437 643 ,
469 575 557 646 qtti
592 575 837 630 minister
862 576 932 629 sit
963 572 1218 630 Domini:
1264 588 1360 627 vos
1399 571 1493 642 qui
1528 571 1640 641 jam
1684 569 1737 623 iit
1783 568 1905 622 Do--

277 670 426 726 mino
453 670 619 735 estis,
651 678 830 724 amate
860 668 1069 724 Domini
1098 668 1401 724 ministrum
1424 707 1440 733 ,
1474 677 1526 722 et
1556 674 1732 721 amate
1762 679 1885 721 cum

278 762 424 818 omni
456 761 835 832 gratulatione.
864 761 1042 832 Atque
1067 760 1118 815 id
1146 759 1262 816 vult
1287 758 1611 832 generaliter
1633 756 1887 813 omnibus

280 855 557 921 exhiberi,
599 855 691 927 qui
738 854 874 911 tales
900 864 1045 911 sunt.
1090 855 1228 919 Eos,
1270 853 1477 924 inquit,
1519 851 1753 922 excipite
1794 852 1884 921 qui

280 948 545 1021 ejusmodi
587 959 732 1003 sunt.
774 948 911 1015 Quid
952 959 1036 1005 est
1072 958 1291 1016 autem,
1331 947 1504 1018 ipsum
1541 945 1798 1018 excipite?
1835 946 1889 1000 in

282 1041 561 1098 honoribus
588 1041 785 1097 habete.
822 1042 919 1097 Dat
949 1045 1111 1098 etiam
1143 1056 1335 1097 causas
1354 1082 1371 1107 ,
1403 1055 1503 1095 cur
1528 1039 1626 1095 ista
1661 1038 1888 1110 praeberi

282 1135 591 1191 hominibus
617 1127 775 1201 vi-lit,
806 1136 1060 1205 quoniam
1088 1144 1311 1207 propter
1334 1147 1471 1204 opus
1492 1132 1691 1188 Christi
1718 1146 1889 1202 usque

283 1225 351 1282 ad
392 1236 621 1283 mortem
660 1229 914 1285 accessit.
977 1228 1090 1283 lloc
1130 1229 1313 1297 utique
1362 1226 1431 1282 de
1483 1224 1885 1297 Epaphrodito;

282 1317 405 1390 quia
435 1317 562 1373 dum
588 1319 702 1375 vult
734 1319 917 1375 labore
945 1328 1000 1374 et
1023 1318 1186 1374 animi
1219 1328 1272 1372 et
1300 1317 1547 1387 corporis
1571 1314 1887 1372 satisfacere

280 1396 576 1483 Evangelia
595 1452 611 1478 ,
647 1412 750 1467 hoc
776 1420 861 1468 est
890 1410 1112 1468 verbum
1156 1409 1367 1465 Domini
1398 1408 1724 1477 pra-dicare,
1753 1408 1891 1470 mul-

283 1514 396 1561 tum
427 1505 722 1571 laboravit,
750 1516 802 1561 et
830 1488 1184 1577 agrotatione
1222 1504 1373 1574 gravi
1414 1502 1484 1558 ad
1526 1514 1753 1559 mortem
1796 1518 1889 1559 ac-

283 1600 467 1655 cessit.
499 1599 672 1656 Simul
702 1610 755 1655 et
782 1600 909 1669 quid
939 1597 1311 1669 Epaphrodito
1334 1597 1617 1669 contigerit
1636 1641 1650 1665 ,
1682 1608 1735 1653 et
1762 1596 1890 1669 quid

284 1706 381 1748 nos
408 1707 570 1762 agere
596 1690 895 1748 debeamus
919 1690 1180 1746 ostendit.
1216 1693 1284 1745 At
1325 1689 1404 1762 (t)
1445 1699 1706 1761 quantum
1745 1689 1893 1745 labo-

1990 472 2290 530 cavendum
2332 488 2490 540 esse;
2524 473 2697 529 Judaei
2724 473 2965 539 scilicet,
2995 472 3086 542 qui
3117 470 3258 537 sint,
3289 470 3430 541 quod
3456 485 3591 539 0pc-

1991 567 2117 622 rarii
2144 567 2251 622 sint
2276 577 2331 621 et
2357 566 2483 622 mali
2505 582 2520 623 :
2545 567 2777 638 operarii
2805 566 2951 622 enim
2975 565 3030 619 in
3056 563 3312 637 operibus
3338 569 3596 619 exercent

1991 660 2196 724 vitam,
2230 658 2398 714 Deum
2429 674 2537 715 non
2569 668 2994 730 cognoscentes,
3014 667 3070 715 et
3108 658 3348 714 salutem
3388 656 3490 712 sibi
3521 671 3592 713 ex

1991 751 2249 823 operibus
2277 761 2529 821 sperant:
2558 751 2628 809 de
2656 752 2852 824 quibus
2879 767 3041 822 supra
3065 749 3176 821 jam
3204 749 3407 806 dictum
3449 748 3594 821 quod

1991 861 2153 914 opera
2208 846 2343 901 nihil
2369 847 2606 904 valeant.
2636 845 2948 913 Intuemini,
2982 845 3187 918 inquit,
3216 845 3591 918 praecisionem.

1991 939 2061 997 Ut
2090 939 2232 1010 apud
2265 939 2385 996 illos
2414 941 2664 1011 prtecisio
2692 941 2798 1008 sit,
2827 941 2968 1011 quod
3001 939 3200 997 {tedam
3234 948 3439 1011 partem
3468 955 3594 997 cor-

1992 1034 2140 1104 poris
2172 1032 2487 1102 praeciduut.
2533 1032 2648 1088 Nos
2683 1044 2854 1089 autem
2892 1033 3212 1088 circumcisio
3262 1049 3468 1097 sumus,
3511 1032 3596 1088 iu-

1991 1125 2125 1197 quit.
2144 1124 2595 1182 Circumci-timus
2616 1127 2760 1182 enim
2792 1142 3007 1182 omnem
3035 1126 3294 1182 malitiam
3321 1142 3388 1182 ex
3417 1125 3595 1182 cordi-

1991 1220 2093 1276 bus
2123 1219 2352 1275 nostris:
2383 1229 2440 1276 et
2470 1220 2520 1276 id
2551 1219 2808 1288 facimus,
2834 1224 2958 1294 quia
2985 1220 3064 1294 (Ι)
3092 1237 3186 1292 per
3209 1221 3453 1292 spiritum
3480 1220 3593 1279 Deo

1992 1312 2292 1378 servimus,
2326 1312 2405 1367 illi
2428 1325 2608 1370 autem
2640 1329 2737 1385 per
2765 1329 2982 1371 carnem
3010 1331 3026 1380 ;
3058 1330 3189 1386 ergo
3216 1314 3423 1385 μιεηείδί
3448 1323 3594 1384 sunt,

1993 1422 2100 1462 non
2131 1406 2458 1463 circumcisi.
2483 1408 2822 1475 Exultemus,
2854 1409 3059 1479 inquit;
3086 1410 3196 1465 itno
3227 1410 3425 1480 potius,
3454 1410 3599 1465 exul-

1993 1508 2179 1553 tamus.
2215 1497 2319 1555 Ubi
2345 1508 2525 1555 autem
2556 1500 2902 1556 exultamus?
2942 1500 3055 1556 Non
3086 1500 3140 1557 in
3168 1517 3364 1569 carne,
3394 1508 3453 1557 ut
3482 1501 3596 1572 illi,

1992 1590 2243 1647 ﬁduciam
2272 1591 2561 1660 habentes,
2587 1592 2682 1648 scd
2711 1594 2766 1649 in
2794 1591 3011 1649 Christo
3038 1593 3185 1649 Jesu.
3213 1594 3356 1666 Ergo
3379 1603 3601 1653 avocate

1992 1699 2207 1740 oman
2226 1685 2506 1741 scientiam
2533 1694 2766 1742 vestram
2784 1704 2810 1739 a
2821 1686 3037 1758 judaica
3056 1687 3365 1759 disciplina,
3383 1689 3452 1747 ab
3475 1703 3599 1760 ope-

283 1784 462 1841 ravit'!
488 1782 555 1838 ad
586 1792 850 1849 mortem,
885 1782 1090 1854 inquit,
1116 1780 1380 1844 accessit;
1408 1792 1459 1837 et
1490 1794 1692 1851 ponens
1724 1780 1775 1835 in
1808 1780 1888 1836 in-
1918 1778 1966 1840 Β
1994 1776 2949 1846 ribusJudworum,acircumcisione
2971 1780 3181 1852 judaica
3201 1798 3217 1848 ;
3236 1790 3292 1838 et
3319 1783 3600 1841 circumci-

284 1888 494 1933 certum
525 1875 759 1931 animam
792 1891 968 1932 suam.
997 1874 1113 1930 Non
1159 1875 1209 1929 itt
1253 1874 1517 1929 incertum
1559 1873 1704 1944 quod
1743 1871 1887 1928 circa
1989 1870 2391 1927 sionemcordis
2414 1871 2773 1939 habetote;ut
2797 1889 2890 1943 per
2906 1873 3149 1945 spiritum
3177 1874 3601 1933 Deoserviamus

284 1984 383 2027 vos
410 1969 638 2041 agebat.
670 1969 766 2025 sed
797 1969 848 2023 in
895 1968 1158 2024 incertum
1198 1966 1339 2036 quod
1382 1981 1553 2036 usque
1593 1966 1887 2037 periculum

1991 1972 2043 2017 et
2074 1965 2378 2020 exultamus
2410 1965 2463 2019 in
2493 1963 2727 2021 Cbristo.
2758 1964 2834 2022 llli
2855 1975 3036 2022 autem
3062 1971 3113 2021 in
3135 1982 3299 2023 carne
3324 1969 3596 2034 exultent;

286 2065 549 2121 laboravit
578 2063 693 2136 (2):
727 2073 784 2117 ut
807 2063 917 2133 jam
945 2063 998 2117 in
1026 2062 1232 2117 incerto
1257 2071 1438 2125 esset,
1467 2075 1534 2115 an
1563 2058 1766 2115 viveret
1796 2074 1891 2130 per
1990 2054 2118 2115 inde
2166 2055 2419 2112 ﬁduciam
2468 2057 2761 2126 habentes,
2812 2060 2933 2130 quia
2985 2058 3038 2114 in
3089 2075 3252 2116 carne
3295 2061 3602 2118 circumcisi

287 2159 549 2217 laborem.
582 2157 720 2227 Quid
746 2166 924 2212 autem
954 2156 1063 2227 egit
1088 2156 1230 2211 circa
1263 2155 1397 2210 vos?
1431 2152 1499 2211 Ut
1526 2154 1801 2224 suppleret
1839 2152 1890 2208 id

288 2253 431 2325 quod
462 2251 637 2309 defuit
664 2251 820 2307 vobis
848 2253 989 2307 circa
1032 2266 1210 2307 meum
1252 2248 1609 2317 obsequium:
1652 2256 1712 2303 ut
1749 2247 1891 2318 quod

284 2360 392 2418 ego
418 2354 712 2414 occupatus
743 2343 816 2397 l'ui
840 2385 856 2408 ,
894 2343 985 2398 ille
1022 2341 1324 2410 compleret
1364 2339 1506 2411 quod
1547 2353 1757 2395 mecum
1800 2339 1895 2395 de—

288 2436 390 2495 fuit
424 2437 768 2507 obsequium.
803 2435 1017 2491 Etenim
1050 2449 1239 2490 revera
1262 2432 1514 2504 quoniam
1558 2447 1660 2487 una
1704 2432 1898 2503 pracdi-

289 2530 434 2588 catio
463 2540 546 2586 est
568 2571 586 2597 ,
613 2539 667 2584 et
696 2545 800 2585 una
828 2529 1075 2585 doctrina
1101 2536 1185 2584 est
1203 2568 1216 2593 ,
1246 2526 1400 2581 labor
1424 2534 1626 2580 tantum
1652 2524 1898 2581 diversus

292 2634 473 2699 potest
496 2639 618 2681 esse
643 2623 695 2679 in
721 2624 945 2695 singulis
969 2623 1230 2693 apostolis
1254 2632 1310 2679 et
1333 2622 1707 2693 evangelistis;
1735 2638 1898 2678 unum

294 2728 475 2775 tamen
504 2728 622 2784 est,
655 2717 799 2786 quod
826 2716 1045 2772 docent.
1093 2716 1337 2786 Denique
1365 2723 1418 2769 et
1460 2714 1577 2784 ipse
1618 2713 1900 2783 Epaphro-

298 2812 441 2868 ditus
467 2810 743 2881 apostolus
768 2808 895 2880 qttid
919 2807 1158 2881 implevit
1187 2806 1305 2879 ('5)?
1336 2805 1482 2870 lloc,
1514 2806 1714 2878 inquit,
1744 2806 1904 2863 obse-

295 2909 519 2981 quium,
549 2905 691 2977 quod
718 2905 875 2961 vobis
901 2903 1074 2960 defuit
1096 2945 1110 2971 ,
1142 2903 1232 2958 ille
1260 2901 1569 2972 complevit.

370 2999 500 3057 Car.
546 3015 624 3055 ιιι.
651 3029 723 3040 -—
750 2996 917 3055 Vens.
953 3003 978 3053 1
1005 3039 1020 3059 .
1051 2997 1119 3065 2,
1146 2996 1201 3052 ’5.
1232 3024 1303 3037 -—-
1322 2996 1400 3050 De
1440 3005 1643 3060 ctctero,
1683 2999 1867 3066 fratres
1888 3036 1902 3063 ,

299 3092 632 3165 gratulamini
672 3090 755 3164 (4)
796 3090 850 3144 in
895 3089 1151 3144 Domino:
1193 3088 1368 3143 eadem
1406 3089 1627 3143 scribere
1667 3089 1736 3142 ad
1779 3105 1866 3143 vos
1891 3104 1921 3154 ,'

1993 2160 2139 2217 sunt,
2160 2164 2220 2208 se
2249 2166 2409 2221 posse
2437 2153 2737 2221 servari,et
2766 2162 3022 2210 aeternam
3054 2157 3219 2211 vitam
3251 2157 3468 2212 mereri.

2068 2242 2234 2300 Vens.
2266 2245 2319 2311 4,
2351 2243 2407 2311 5,
2427 2244 2483 2313 6,
2508 2247 2560 2301 7.
2583 2277 2655 2287 —
2679 2248 2988 2320 Quanquam
3018 2265 3112 2321 ego
3140 2249 3357 2305 habeam
3374 2250 3605 2307 etiamin

1997 2355 2148 2393 carne
2178 2338 2422 2407 ﬁduciam
2454 2339 2567 2413 (2).
2583 2341 2763 2398 Multis
2782 2343 2959 2400 modis
2976 2345 3236 2416 probatur
3251 2343 3468 2403 Judasos
3487 2362 3605 2403 om-

1999 2448 2122 2488 nem
2146 2431 2393 2488 ﬁduciatn
2416 2434 2468 2488 in
2492 2448 2656 2491 carne
2674 2434 2875 2492 habere
2893 2446 2946 2491 et
2976 2436 3031 2493 in
3059 2438 3472 2494 circumcisione
3493 2437 3603 2495 τεὶ-

1998 2524 2218 2596 quidem
2241 2526 2404 2580 etiam
2422 2526 2861 2598 siciuterpretati
2884 2540 3012 2585 sunt
3052 2529 3246 2598 Judaei,
3282 2547 3406 2586 cum
3452 2531 3599 2588 solus

2002 2618 2313 2689 proveniret
2339 2619 2663 2676 circumciso
2690 2619 2875 2694 Moyse
2904 2621 2985 2696 (3)
3035 2640 3049 2677 :
3083 2622 3227 2681 unde
3256 2624 3481 2696 intelligi
3529 2624 3602 2681 li-

2002 2719 2088 2765 cet
2115 2709 2335 2767 Iudaeos
2363 2712 2526 2767 etiam
2557 2712 2625 2768 de
2651 2727 2849 2781 carne,
2882 2723 2940 2771 et
2969 2714 3141 2787 magis
3169 2714 3222 2771 in
3252 2730 3438 2783 carne,
3472 2715 3607 2772 ﬁdu-

2002 2804 2142 2860 ciam
2172 2820 2382 2876 gerere.
2414 2806 2522 2862 Sed
2554 2805 2659 2863 hoc
2686 2806 2885 2864 Paulus
2912 2807 3102 2876 docet,
3135 2809 3180 2865 si
3212 2810 3263 2866 in
3294 2826 3490 2878 carne,
3526 2811 3610 2866 in-

2004 2895 2239 2968 quit,est
2269 2897 2486 2966 ﬁducia,
2509 2898 2562 2954 id
2595 2908 2678 2955 est
2707 2899 2760 2955 in
2792 2900 3238 2971 circumcisione;
3273 2903 3446 2975 magis
3478 2903 3610 2960 mihi

2005 3000 2125 3045 est:
2157 3005 2260 3061 ego
2287 2992 2432 3046 enim
2466 2991 2519 3046 in
2548 3008 2741 3057 carne,
2770 2994 2976 3065 inquit,
3002 2993 3252 3051 ﬁduciam
3275 2995 3468 3052 habeo.
3501 2996 3610 3054 De-

2010 3086 2172 3155 nique
2201 3086 2272 3140 ita
2304 3087 2648 3157 supponitur,
2680 3090 2726 3142 si
2758 3089 2880 3160 quis
2907 3090 3046 3145 alter
3077 3096 3226 3160 putat
3260 3105 3320 3146 se
3355 3090 3409 3146 in
3445 3107 3612 3149 carne

301 3185 429 3239 mihi
457 3184 660 3256 quidem
690 3199 792 3237 non
822 3183 1053 3254 pigrum,
1085 3180 1222 3236 vobis
1247 3191 1415 3235 autem
1441 3181 1766 3250 manifestum
1798 3177 1898 3250 (5).
1929 3174 1975 3235 C
2007 3179 2309 3247 conlidere,
2328 3182 2511 3252 (magis
2537 3197 2657 3253 ego.
2689 3182 2759 3238 Et
2788 3182 2947 3239 docet
2966 3225 2981 3251 ,
3007 3201 3172 3256 quare
3197 3185 3249 3240 in
3279 3200 3448 3243 carne
3477 3185 3613 3243 litiu-

304 3278 582 3343 Gaudete,
615 3279 815 3349 inquit,
865 3276 918 3331 in
960 3276 1223 3343 Domino,
1267 3291 1299 3330 o
1339 3275 1559 3339 lratrcs,
1596 3275 1738 3343 quod
1776 3274 1907 3329 mihi

304 3387 414 3427 non
461 3371 671 3443 pigrum
712 3378 797 3426 est
825 3368 1016 3426 eadem
1056 3368 1123 3423 ad
1166 3382 1263 3423 vos
1307 3384 1412 3422 non
1457 3366 1724 3431 scribere,
1757 3367 1909 3422 vobis

304 3476 486 3522 autem
517 3464 803 3535 plurimum
834 3462 1075 3534 prodest.
1105 3461 1346 3517 Firmum
1387 3474 1550 3532 atque
1589 3471 1757 3514 tutum
1788 3468 1866 3515 est
1892 3501 1907 3526 ,

306 3558 450 3631 quod
479 3557 673 3612 scribo.
712 3556 934 3613 Gnaeus
961 3554 1033 3610 sit
1072 3554 1284 3625 posuit,
1328 3562 1387 3609 ut
1456 3553 1668 3607 ﬁrmum
1710 3551 1913 3607 diceret

319 3662 377 3709 et
403 3660 616 3710 tutum;
646 3650 844 3705 latinus
865 3691 880 3715 ,
911 3648 1254 3704 manilcsmm
1284 3647 1378 3702 ait.
1408 3644 1592 3701 Cavete
1618 3646 1696 3716 (6)
1718 3662 1748 3699 a
1772 3644 1915 3700 cani-

311 3744 433 3809 bus,
480 3744 724 3799 attendite
762 3742 1027 3813 operarios
1098 3739 1296 3809 malos,
1341 3740 1607 3794 intuemini
1650 3739 1915 3810 praecisio-

311 3853 446 3892 nem.
495 3834 632 3890 Nam
679 3834 1000 3890 circumcisio
1047 3850 1141 3888 nos
1184 3847 1394 3900 sumus,
1436 3832 1525 3902 qui
1564 3848 1654 3905 per
1679 3832 1916 3903 spiritum

313 3930 425 3987 Deo
464 3931 742 3996 servimus,
792 3941 839 3984 et
909 3930 1196 3985 exultamus
1242 3928 1297 3982 in
1354 3927 1556 3983 Christo
1605 3926 1766 3993 Jesu,
1815 3920 1917 3980 non

286 4023 367 4079 .in
413 4039 565 4079 carne
617 4022 833 4093 ﬁdentes
865 4021 976 4093 (7).
1009 4020 1134 4076 llaac
1162 4018 1459 4074 admonitio
1489 4033 1594 4074 nou
1647 4017 1774 4089 quid
1832 4017 1910 4072 l'a-

308 4118 595 4182 cieudum,
626 4116 720 4192 sed
754 4115 883 4188 quid
935 4113 1214 4170 vitandum
1247 4114 1347 4180 sit,
1378 4112 1559 4169 docet.
1614 4112 1796 4168 Monet
1822 4126 1919 4166 au-

317 4220 423 4268 tem
457 4221 509 4267 ut
543 4226 572 4265 a
599 4209 804 4266 Iudaeis
832 4224 892 4265 se
921 4216 1253 4278 temperent:
1295 4216 1482 4263 cavete
1522 4205 1629 4278 (8),
1676 4205 1850 4277 inquit
1887 4220 1917 4259 a

317 4296 565 4353 canibus.
594 4295 672 4351 De
699 4293 929 4350 canibus
957 4301 1041 4349 est
1074 4300 1332 4348 tractatus
1352 4291 1463 4363 (9):
1509 4305 1631 4346 nam
1673 4299 1729 4347 et
1770 4291 1921 4360 ponit

319 4389 587 4461 scriptura
620 4387 799 4444 divina
828 4402 951 4444 esse
976 4400 1171 4452 canes,
1201 4386 1290 4456 qui
1334 4385 1536 4456 prosint
1578 4393 1634 4441 et
1669 4383 1922 4441 defenso-

321 4497 411 4538 res
439 4482 546 4535 siut
576 4479 864 4545 Ecclesize,
892 4479 1032 4534 sicut
1061 4476 1224 4534 David
1251 4477 1410 4534 docet
1439 4478 1492 4532 in
1518 4478 1728 4549 psalmo
1751 4494 1920 4534 vam

2006 3272 2143 3331 ciam
2174 3276 2219 3330 si
2248 3275 2444 3347 aliquis
2475 3276 2703 3344 habeat,
2736 3278 2906 3348 magis
2937 3279 3052 3348 ipse
3083 3278 3296 3335 habeat.
3330 3279 3398 3334 Et
3424 3281 3504 3336 sic
3533 3277 3610 3353 (Δ)

2009 3367 2249 3423 ostendit
2272 3382 2558 3439 personam
2587 3385 2738 3424 suam
2769 3379 2935 3426 totam
2960 3370 3111 3426 omni
3136 3370 3298 3427 modo
3316 3371 3611 3443 judaicam,

2009 3462 2443 3530 circumcidune,
2474 3479 2695 3535 genere,
2732 3464 2904 3532 tribu,
2935 3476 3096 3536 gente
3127 3466 3238 3540 (ὅ),
3270 3466 3409 3539 lege,
3441 3469 3617 3526 admi-

2013 3554 2334 3612 nistratione
2360 3556 2413 3611 in
2445 3557 2585 3628 lege,
2611 3557 2791 3612 studio
2818 3558 2982 3614 etiam
3016 3559 3158 3615 vitae.
3191 3558 3259 3615 Et
3285 3568 3466 3617 tamen
3494 3577 3614 3618 om-

2015 3647 2101 3703 nia
2124 3646 2239 3703 ltaec
2253 3649 2393 3704 circa
2416 3648 2685 3717 judaicam
2712 3651 3063 3723 compleverit
3079 3651 3453 3724 disciplinam;
3479 3655 3602 3721 ista,

2016 3739 2258 3811 inquam,
2273 3751 2461 3796 cuncta
2479 3740 2679 3798 damno
2694 3741 2795 3798 sibi
2818 3757 2944 3799 esse
2964 3743 3164 3799 dixerit
3214 3756 3432 3817 propter
3454 3743 3615 3803 Cbri-

2017 3840 2193 3899 stum,
2235 3843 2291 3889 et
2342 3842 2562 3906 propter
2627 3835 2983 3891 eminentiam
3045 3836 3227 3892 carnis
3284 3836 3421 3909 ejus.
3487 3838 3616 3896 [huc

2017 3924 2180 3997 igitur
2214 3926 2393 3983 omnia
2452 3928 2503 3983 in
2535 3928 2903 3999 propositione
2950 3929 3030 3985 sic
3066 3929 3455 4001 probabuntur.
3503 3931 3616 3989 Cir-

2020 4018 2272 4074 cumcisus
2332 4036 2445 4074 sum
2503 4031 2682 4076 octaua
2740 4021 2863 4089 die;
2926 4021 3045 4080 lucc
3105 4023 3447 4082 circumcisio
3509 4035 3612 4084 est.

2020 4111 2265 4181 Gcnere,
2292 4113 2495 4185 inquit,
2522 4131 2586 4171 ea:
2610 4132 2792 4189 genere
2818 4115 3005 4173 Israel.
3047 4118 3180 4176 Item
3218 4120 3391 4189 tribu,
3426 4120 3619 4196 Benja-

2023 4207 2148 4262 min.
2181 4207 2310 4263 Item
2334 4219 2528 4280 gente,
2558 4210 2790 4266 hebrteus
2813 4209 2895 4285 (6)
2933 4228 2997 4267 ea:
3028 4212 3260 4269 hebrteis.
3295 4213 3429 4272 Item
3466 4216 3620 4288 lege,

2021 4300 2299 4355 secundum
2341 4300 2501 4373 legem
2543 4302 2844 4373 pharisteus.
2894 4304 3024 4361 Item
3071 4304 3283 4376 studio,
3332 4308 3620 4364 secundum

2023 4394 2401 4450 cumulationem
2433 4411 2735 4467 persequens
2756 4395 3062 4453 Ecclesium.
3087 4396 3221 4455 Item
3262 4399 3402 4469 vita,
3441 4417 3622 4458 secun-

2025 4487 2148 4539 dant
2164 4485 2432 4556 justitiam
2450 4529 2466 4552 ,
2494 4503 2608 4559 qua:
2633 4498 2704 4543 est
2729 4489 2781 4543 in
2811 4489 2918 4561 lege
2936 4530 2951 4556 ,
2979 4506 3094 4545 cum
3118 4506 3278 4546 essem
3310 4491 3421 4548 sine
3456 4504 3628 4564 repre-

324 4574 617 4649 (IO),quos
639 4573 771 4630 dicit
795 4573 983 4629 satiari
1005 4589 1035 4629 e
1060 4572 1318 4644 sanguine
1335 4570 1677 4628 inimicorum
1704 4571 1758 4627 in
1788 4581 1914 4627 lem-
1945 4570 1999 4631 D
2025 4577 2268 4634 hensione
2293 4576 2393 4652 (7).
2425 4578 2520 4636 His
2543 4595 2673 4651 ergo
2705 4581 2958 4637 omnibus
2990 4597 3050 4638 se
3086 4582 3330 4654 probavit
3363 4586 3532 4657 magis
3567 4587 3629 4642 ﬁ-

325 4744 382 4791 ιιι
423 4732 654 4804 impleret
682 4732 736 4788 id
774 4731 911 4805 quod
958 4747 1020 4787 ea:
1050 4730 1187 4787 vobis
1217 4728 1387 4786 deerat
1426 4745 1547 4800 erga
1572 4743 1740 4784 meum
1784 4730 1925 4785 obse-

328 4823 537 4878 qurum.
604 4875 616 4878 Α
645 4875 653 4878 Α
788 4821 805 4832 ·

402 4879 480 4949 (l)
510 4875 683 4949 Codd.
712 4885 820 4949 aut.

405 4947 485 5019 (‘2)
510 4947 658 5004 Codd
669 4991 682 5002 .
710 4947 975 5004 laboratis.

403 5014 486 5091 (ὅ)
507 5020 676 5076 Codd.
702 5020 917 5090 denique
934 5018 1003 5074 ad
1022 5020 1192 5091 ipsum
1217 5014 1603 5091 Epaphroditus
1624 5017 1760 5089 quod
1805 5033 1933 5090 apo-

332 5092 495 5165 stolus
521 5093 766 5165 implevit.

390 5164 492 5235 ,(4)
524 5162 677 5234 Vulg.
711 5163 787 5217 De
807 5173 1013 5226 cwtero,
1043 5163 1230 5231 fratres
1255 5163 1385 5230 mei,
1411 5162 1647 5235 gaudete.

408 5233 487 5301 (5)
516 5235 593 5290 Ita
616 5233 820 5301 tiodd.;
849 5252 986 5299 non,
1017 5237 1389 5300 necessarium,
1417 5233 1475 5290 ut
1498 5238 1661 5291 habet
1685 5233 1928 5305 Vulgata.

410 5306 489 5380 (6)
510 5305 863 5380 Codices‘duo
885 5316 1050 5369 caute,
1082 5310 1295 5380 tertius,
1324 5306 1617 5373 recentior,
1638 5316 1819 5362 cavete.

408 5377 487 5451 (7)
526 5378 675 5450 Vlllg.
731 5377 901 5433 Videte
937 5395 1115 5442 canes,
1156 5378 1320 5433 videte
1353 5379 1514 5433 ntalos
1538 5381 1828 5450 aperarios,
1851 5379 1930 5451 ui-

338 5449 452 5504 dete
474 5451 844 5521 concisionem:
869 5466 961 5504 nos
1007 5451 1139 5504 enim
1162 5466 1336 5504 sumus
1359 5449 1683 5521 circumcisio
1706 5452 1793 5518 qui
1821 5450 1932 5521 spi-

338 5521 442 5575 ritu
463 5523 705 5577 servimus
729 5520 861 5589 Deo,
888 5532 936 5576 et
973 5520 1259 5592 gloriamur
1294 5522 1351 5576 in
1371 5521 1572 5577 Christo
1597 5520 1726 5577 Jesu
1755 5532 1802 5576 et
1829 5520 1931 5576 non

345 5593 402 5648 in
427 5609 581 5647 carne
610 5594 855 5659 ﬁduciam
880 5594 1137 5647 habentes.

414 5662 495 5737 (8)
521 5663 751 5737 Codices
769 5674 915 5720 caute
933 5671 988 5721 et
1007 5672 1174 5719 cavete
1193 5670 1252 5719 ut
1272 5678 1454 5736 supra.

416 5736 499 5809 (9')
538 5736 611 5809 Ita
630 5736 788 5792 codd.

421 5807 539 5883 (10)
566 5807 783 5867 Scilicet
813 5825 996 5878 min,
1029 5807 1321 5867 secundum
1354 5807 1642 5878 Hebraeos;
1666 5816 1721 5867 at
1751 5823 1934 5889 vau,

2030 4670 2244 4727 duciam
2287 4670 2491 4730 habere
2536 4673 2589 4729 in
2632 4688 2798 4731 carne
2838 4682 2895 4730 et
2931 4675 2985 4731 in
3030 4676 3475 4746 circumcisione;
3507 4694 3629 4751 quae

2031 4766 2214 4822 omnia
2239 4765 2470 4836 judaicte
2507 4766 2807 4839 disciplinae
2845 4765 3127 4837 habuerit,
3157 4779 3212 4825 et
3250 4771 3304 4827 in
3335 4772 3627 4841 sanguine,

2035 4869 2090 4916 et
2119 4862 2170 4914 in
2200 4871 2389 4933 gente,
2419 4870 2476 4918 et
2506 4861 2559 4917 in
2587 4862 2790 4929 animo,
2823 4873 2875 4921 et
2909 4864 2962 4920 in
2993 4865 3125 4921 vita.
3157 4865 3310 4934 Quod
3340 4877 3520 4925 autem
3547 4867 3631 4924 di-

2033 4954 2114 5008 xit
2138 4953 2418 5009 secundum
2460 4956 2841 5013 wmulationem
2889 4974 3195 5031 persequens
3215 4958 3504 5017 Ecclesium
3521 4977 3542 5029 ,°
3573 4971 3631 5018 ut

2035 5061 2285 5117 magnum
2324 5046 2561 5104 studium
2604 5064 2703 5120 pro
2739 5066 3012 5124 synagoga
3060 5051 3293 5122 habens,
3347 5054 3631 5113 ecclesiam

2034 5162 2332 5218 secundum
2389 5163 2717 5253 Grarcoset
2749 5165 2969 5249 latinam
3014 5165 3314 5252 Vulgatam.
3376 5168 3633 5253 Sofquitur

2034 5249 2187 5379 erga;
2215 5250 2366 5362 gnatm:
2390 5239 2826 5320 suo.,Victoriuus
2848 5239 3211 5311 antiquiorem
3234 5239 3630 5299 recensiouetn.

2224 5323 2289 5379 ﬁgo
2370 5349 2382 5361 .
2411 5325 2520 5379 qui.

2216 5306 2382 5362 Codd.
2447 5309 2520 5363 ui.

2167 5306 2190 5450 ζ
2222 5377 2377 5450 Vulg.
2411 5326 2520 5448 aut:

2110 5377 2190 5450 (2)
2222 5377 2377 5451 Vulg.
2414 5377 2721 5455 Quanquam
2760 5399 2850 5457 ego
2872 5382 3087 5443 habeant
3128 5384 3492 5455 conﬁdentiam
3513 5395 3559 5441 et
3579 5385 3636 5444 in

2040 5465 2196 5504 carne
2209 5489 2222 5501 .

2112 5522 2190 5592 (5)
2219 5520 2295 5577 Ita
2323 5523 2485 5581 codd.

2139 5591 2199 5651 4')
2229 5595 2399 5650 Codd.
2428 5597 2493 5651 si.

2138 5663 2196 5728 5)
2227 5663 2399 5722 Codd.
2432 5668 2700 5728 tribuente.

2142 5735 2199 5808 6)
2220 5735 2393 5795 Codd.
2424 5742 2635 5798 hebrtci.

2143 5810 2202 5881 7)
2235 5809 2412 5883 Vulg.,
2445 5812 2556 5870 sine
2583 5814 2809 5887 querela.
