4024 6306
502 229 642 286 1225

1757 231 1952 288 MAR]!
1994 228 2344 289 VICTORINI
2383 233 2547 292 AFRI

3663 246 3802 304 1224

494 343 547 398 in
575 343 680 396 vita
710 341 1000 399 habuimus
1027 358 1042 398 :
1067 351 1122 399 et
1162 342 1229 399 ad
1257 357 1319 400 ea
1363 359 1482 416 qua:
1512 345 1562 399 iu
1607 345 1781 416 primo
1821 356 1966 408 sunt,
1999 361 2095 399 cx-
2123 343 2172 402 Α
2205 343 2540 417 Praeceptum
2591 347 2816 406 dederat
2858 351 2988 423 quid
3040 351 3308 424 agendum
3362 353 3618 425 perfectis
3673 357 3801 412 viris

490 437 775 494 tendamus
818 439 1178 509 nosmetipsos
1229 438 1522 494 secundum
1557 440 1816 511 regulam.
1851 439 1983 506 Hoc,
2021 440 2103 494 in-

491 530 628 602 quit,
660 531 957 588 sentiamus
982 546 1193 595 omnes,
1221 541 1276 587 et
1301 547 1490 587 omnes
1515 533 1761 604 perleCti.
1787 532 1942 600 Quod
1972 547 2099 587 vero

493 621 758 694 adjungit,
788 633 833 678 et
855 625 899 679 si
922 624 1046 695 quid
1069 626 1219 680 aliter
1238 626 1441 696 sapitis,
1471 637 1517 680 et
1548 627 1644 681 liae
1670 627 1808 682 vobis
1841 625 1982 682 Deus
2011 643 2097 681 re-

491 718 698 784 uelauit,
748 718 792 773 si
841 719 1028 788 plenus
1075 729 1160 776 est
1199 735 1413 788 sensus,
1451 729 1506 777 et
1547 737 1607 778 se
1658 731 1848 779 tenens
1889 738 1995 778 non
2028 723 2096 779 ad

491 811 792 882 posteriora
822 811 1164 882 eonjunctus,
1196 813 1275 868 sie
1305 813 1684 885 intelligendus
1711 826 1791 870 est
1817 833 1829 868 :
1862 825 1918 871 et
1941 817 1984 871 si
2013 827 2097 872 est

489 902 689 972 aliquid
719 903 787 959 de
819 903 920 960 hoc
952 905 1091 974 ipso,
1118 905 1258 975 quod
1288 922 1388 962 nos
1414 907 1673 974 diximus,
1699 908 1840 978 quod
1869 924 1966 964 vos
1996 909 2098 964 ali-

489 1005 571 1053 ter
600 997 899 1067 accipiatis,
927 1007 982 1054 et
1010 997 1344 1069 intelligatis,
1373 1002 1598 1071 sapiatis
1621 1002 1860 1058 concedo
1891 1003 2045 1059 vobis
2077 1021 2092 1059 :

487 1091 742 1160 quoniam
769 1091 912 1147 enim
945 1091 1014 1147 de
1043 1093 1298 1163 perlectis
1337 1095 1604 1166 loquitur,
1638 1097 1716 1151 sic
1758 1097 1900 1151 enim
1933 1087 2090 1162 dixit,

486 1185 816 1255 quicumque
848 1187 1028 1258 itaque
1060 1185 1281 1257 perfecti
1309 1204 1516 1245 sumus.
1549 1189 1691 1262 Ergo
1717 1192 1808 1262 qtti
1842 1191 2089 1260 perfecti,

482 1284 693 1340 etiamsi
723 1283 884 1340 aliter
923 1286 1116 1356 sapitis
1148 1304 1161 1342 :
1193 1302 1314 1357 qua:
1351 1287 1621 1342 conclusit
1666 1289 1733 1342 ad
1779 1288 2090 1344 concessio-

485 1392 633 1444 nem,
662 1388 716 1433 et
754 1377 859 1435 hoc
896 1379 1036 1434 Deus
1084 1380 1235 1436 vobis
1261 1383 1542 1449 revelat-it,
1582 1382 1781 1438 bonum
1823 1393 1926 1449 est,
1959 1398 2091 1454 quo-

484 1472 628 1528 niam
669 1472 772 1530 hoc
812 1483 868 1530 et
914 1474 1036 1542 hoc,
1069 1477 1210 1547 quod
1255 1491 1354 1531 vos
1398 1477 1607 1546 sapitis,
1649 1487 1704 1532 et
1734 1478 1786 1532 id
1815 1477 1958 1549 quod
1989 1493 2089 1549 ego

482 1565 615 1621 dixi.
647 1567 706 1623 Si
735 1575 914 1623 autem
944 1585 1049 1623 non
1081 1577 1163 1624 est
1202 1568 1366 1637 istud,
1399 1570 1764 1626 concedentes
1785 1612 1799 1638 ,
1836 1570 2089 1641 pendebit

482 1674 696 1727 sensus,
733 1671 788 1715 ιιι
813 1661 886 1716 ita
915 1661 1118 1716 dictum
1147 1661 1240 1726 sit,
1267 1663 1312 1717 si
1345 1663 1472 1731 quid
1502 1663 1660 1718 aliter
1685 1664 1896 1732 sapitis,
1923 1672 1978 1718 et
2009 1671 2088 1718 ta-

2206 449 2382 506 esset,
2410 451 2464 497 et
2492 455 2676 512 postea
2695 445 2968 515 adjecerat
2991 463 3056 500 ue
3079 448 3234 504 aliter
3258 459 3544 519 saperent,
3571 459 3625 504 et
3648 453 3800 522 quasi

2204 545 2587 599 concesserat;
2619 537 2948 593 concludens
2981 549 3159 596 tamen
3215 551 3270 596 ut
3311 557 3370 598 se
3400 544 3578 612 potius
3605 559 3800 614 seque-

2203 635 2413 693 rentur,
2462 637 2624 699 atque
2668 630 2740 685 ita
2797 629 3135 688 ambularent
3163 634 3615 704 quemadmodum
3663 634 3796 705 ipse.

2202 719 2353 777 Nunc
2380 721 2537 792 plena
2569 723 2878 780 hortatione
2908 740 3030 780 cum
3059 724 3267 784 diceret
3295 770 3310 794 ,
3366 727 3664 784 imitatores
3696 729 3800 784 mei

2201 825 2406 881 estote,
2431 816 2627 886 adjecit
2656 819 2964 888 exemplum
2983 864 2999 885 ,
3031 837 3137 891 quo
3163 820 3372 877 facilius
3403 821 3754 892 persuaderet
3779 839 3795 890 ;

2200 909 2322 966 ideo
2371 911 2549 968 facere
2600 926 2893 984 oportere;
2951 916 3160 972 scilicet
3181 915 3323 987 quod
3373 916 3464 970 alii
3519 916 3797 972 facerent:

2199 1005 2648 1077 Contemplamini,
2679 1009 2851 1080 inquit
2873 1051 2888 1076 ,
2917 1026 3002 1064 eos
3029 1010 3117 1081 qui
3147 1011 3220 1063 ita
3242 1009 3518 1076 incedunt,
3551 1010 3800 1079 quemad-

2196 1103 2402 1157 modum
2433 1104 2718 1176 exemplum
2748 1104 2940 1159 habetis
2969 1121 3083 1159 nos.
3114 1105 3228 1159 Duo
3253 1103 3550 1164 conclusit,
3589 1105 3677 1173 qui
3727 1104 3800 1161 ita

2196 1197 2453 1254 incedunt
2505 1199 2963 1268 quemadmodum
3017 1215 3144 1260 nos.
3193 1207 3247 1253 et
3301 1197 3352 1253 in
3405 1213 3472 1254 eo
3511 1197 3631 1268 ipso
3658 1208 3718 1253 ut
3748 1207 3803 1254 et

2195 1288 2310 1358 ipse
2332 1288 2415 1342 his
2445 1299 2589 1343 esset
2629 1290 2934 1360 exemplum
2967 1290 3206 1346 breviter
3257 1291 3570 1355 collocavit,
3612 1299 3669 1344 et
3710 1290 3802 1360 qui

2194 1382 2315 1438 aliis
2379 1392 2564 1448 esset,
2639 1395 2694 1439 et
2770 1384 2862 1456 qui
2932 1383 3016 1438 Ιιίς
3083 1399 3206 1439 esse
3267 1383 3513 1439 deberet.
3580 1383 3803 1439 Scilicet

2192 1475 2642 1547 quemadmodum
2702 1477 2774 1531 illi
2835 1492 2920 1532 me
2978 1477 3287 1546 imitantur,
3338 1477 3500 1532 etiam
3541 1492 3639 1530 vos
3701 1478 3799 1530 ha-

2191 1570 2364 1626 beatis
2430 1579 2485 1626 et
2560 1570 2891 1641 exemplum.
2969 1570 3127 1626 Multi
3196 1571 3330 1624 enim
3400 1570 3676 1636 incedunt,
3737 1569 3802 1625 de

2189 1666 2371 1736 quibus
2413 1666 2552 1721 vobis
2608 1681 2746 1736 stupe
2796 1665 2908 1720 dixi
2960 1664 3063 1734 (l).
3117 1664 3244 1720 Plus
3294 1662 3522 1734 adjecit,
3556 1674 3610 1718 ιιι
3639 1663 3802 1733 pauci

481 1767 606 1809 men
655 1752 758 1809 hoc
793 1753 946 1809 vobis
990 1755 1130 1810 Deus
1177 1755 1440 1810 revelavit
1471 1774 1485 1811 :
1515 1757 1758 1828 adjungit
1785 1758 1926 1828 quod
1959 1758 2088 1812 sub-
2117 1748 2163 1808 B
2191 1767 2376 1813 essent
2397 1757 2487 1828 qui
2511 1758 2661 1814 illum
2692 1758 3009 1814 viderentur
3054 1758 3250 1812 imitari
3283 1775 3296 1810 :
3348 1758 3528 1819 multi,
3580 1757 3796 1826 inquit,

484 1847 732 1918 junctum
781 1859 863 1904 est
909 1865 924 1903 :
974 1847 1166 1903 Tamen
1207 1849 1262 1902 id
1314 1851 1576 1920 sapiamus
1613 1852 1682 1905 ad
1723 1852 1860 1922 quod
1913 1868 2085 1921 perue-

480 1940 651 1994 nimus
696 1940 799 2012 (l),
850 1938 902 1995 id
921 1949 1022 2006 est,
1055 1939 1200 2009 quod
1233 1957 1333 1996 nos
1377 1941 1682 2010 docuimus,
1733 1953 1786 1999 et
1829 1943 1894 1998 ad
1937 1943 2082 2016 quod

480 2032 709 2088 instituti
752 2049 958 2089 sumus.
990 2033 1079 2090 Sic
1104 2036 1248 2090 enim
1289 2035 1586 2107 subjuugit,
1629 2049 1998 2093 verumtamen
2029 2039 2079 2094 in

479 2126 532 2182 id
563 2127 709 2198 quod
735 2127 819 2200 (2)
846 2130 1209 2199 pervenimus.
1236 2132 1288 2184 iu
1323 2129 1374 2184 id
1406 2131 1580 2194 ipsum
1603 2131 1897 2202 sapiamus.
1920 2133 1974 2186 in
1999 2147 2084 2186 eo-

476 2222 594 2277 dem
621 2221 935 2279 ambulemus
961 2223 1064 2296 (3).
1101 2224 1214 2279 lloc
1239 2233 1344 2291 est,
1375 2239 1438 2279 ex
1467 2241 1574 2296 quo
1606 2223 1955 2296 Evangelium
1982 2240 2079 2281 vo-

477 2317 563 2373 bis
593 2319 956 2388 pronuntiavi,
988 2327 1044 2374 et
1073 2317 1139 2374 ad
1180 2317 1282 2372 hoc
1308 2333 1479 2389 usque
1510 2319 1853 2389 pervenimus
1881 2334 2081 2390 genere

476 2411 694 2467 vivendi
730 2421 785 2466 et
813 2411 1180 2483 intelligendi;
1214 2411 1267 2466 id
1315 2412 1509 2482 ipsum,
1545 2410 1737 2483 inquit,
1781 2413 2076 2482 sapiamus,

474 2514 528 2562 et
555 2505 609 2560 in
635 2505 810 2560 eodem
834 2505 1186 2571 ambulemus;
1218 2505 1272 2559 in
1304 2504 1356 2559 id
1401 2505 1611 2560 scilicet
1643 2504 1786 2576 quod
1827 2504 2076 2576 perveni-

475 2615 597 2656 mus
629 2617 642 2653 :
672 2599 874 2656 etenim
919 2597 1149 2654 dicendo
1191 2609 1378 2664 tamen,
1420 2597 1570 2669 quasi
1617 2597 1884 2668 repudiat.
1923 2597 2077 2666 Quod

471 2710 632 2765 supra
659 2703 743 2750 est
765 2709 870 2749 nou
893 2692 1244 2760 admittimus,
1271 2703 1326 2747 et
1352 2707 1544 2749 sensus
1569 2692 1692 2748 talis
1717 2710 1730 2745 :
1755 2700 1838 2748 est
1860 2691 2074 2762 quidem

472 2785 615 2842 istud
675 2785 956 2841 tolerabile
1008 2794 1063 2841 et
1121 2783 1461 2848 faciendum;
1516 2793 1888 2840 verumtamen
1943 2783 2074 2839 illud

473 2881 724 2938 maxime.
760 2881 904 2953 Ergo
930 2889 985 2936 et
1013 2881 1058 2936 si
1087 2880 1244 2936 aliter
1272 2879 1482 2950 sapitis,
1510 2887 1564 2935 et
1597 2879 1641 2935 si
1679 2878 1781 2933 hoe
1809 2879 1950 2934 Deus
1976 2894 2074 2932 vo-

471 2973 552 3030 bis
592 2974 874 3038 revelavit,
905 2988 1014 3045 quo
1045 2971 1131 3046 (4)
1162 2973 1317 3027 aliter
1354 2971 1576 3042 sapitis;
1617 2978 1986 3026 verumtamen
2016 2969 2071 3026 in

467 3067 521 3122 id
549 3067 690 3138 quod
721 3068 1084 3138 pervenimus,
1119 3065 1170 3119 in
1203 3062 1284 3138 (5)
1315 3064 1365 3119 id
1393 3064 1568 3136 ipsum
1600 3064 1896 3133 sapiamus.
1929 3062 2068 3130 Quid

2187 1850 2536 1906 itaincedunt.
2593 1850 2663 1906 Et
2699 1851 2896 1920 adjecit
2927 1849 3071 1904 aliud
3118 1857 3535 1921 argumentum,
3582 1864 3650 1904 ne
3699 1848 3799 1903 ho-

2189 1944 2278 2000 die
2324 1945 2477 2000 vobis
2529 1947 2834 2016 exemplum
2891 1945 3154 2015 proferam
3200 1944 3268 1999 ad
3325 1942 3793 2011 exhortationem,

2189 2037 2373 2102 tnulti,
2399 2039 2600 2108 inquit,
2624 2038 2862 2108 suntqui
2887 2036 3141 2092 incedunt
3167 2036 3327 2092 siculi
3360 2053 3490 2100 nos,
3551 2035 3622 2091 de
3665 2035 3792 2106 qui-

2187 2129 2285 2186 bus
2315 2146 2459 2201 sa-pe
2487 2130 2624 2185 dixi.
2656 2130 2801 2201 Ergo
2831 2147 2935 2184 non
2966 2129 3030 2184 ad
3056 2140 3265 2200 tempus
3293 2130 3516 2192 protulit
3559 2143 3660 2184 eos
3699 2127 3793 2196 qui

2184 2222 2256 2278 ita
2286 2224 2630 2289 incederent;
2661 2223 2929 2292 siquidem
2955 2222 3023 2278 de
3071 2221 3203 2292 ipsis
3252 2219 3398 2290 quod
3445 2220 3518 2274 ita
3574 2217 3794 2273 incede—

2183 2323 2336 2379 rent,
2359 2330 2504 2386 szepe
2527 2315 2637 2386 jam
2667 2314 2886 2370 dixerit.

2255 2405 2420 2462 Vsus.
2481 2406 2570 2462 i9.
2625 2435 2692 2447 —
2727 2404 2885 2460 Nunc
2936 2415 3104 2460 autem
3151 2404 3302 2458 etiam
3348 2403 3789 2474 lacrymabundtts

2181 2502 2329 2568 dtco,
2357 2502 2592 2556 inimicos
2617 2502 2782 2556 crucis
2813 2501 3034 2566 Christi;
3060 2517 3278 2568 quarunt
3335 2499 3473 2554 Deus
3516 2508 3711 2563 venter,
3737 2507 3790 2552 et

2179 2597 2349 2667 gloria
2395 2597 2449 2650 in
2506 2596 2821 2667 turpitudine
2868 2611 3044 2650 eorum
3091 2594 3179 2664 qui
3204 2604 3406 2648 terrena
3432 2593 3641 2662 sapiunt
3665 2590 3775 2663 (2).

2181 2689 2350 2760 Major
2373 2691 2604 2746 hortatio
2625 2699 2739 2756 est,
2768 2703 2890 2744 eum
2918 2704 2981 2744 ex
3012 2695 3154 2743 metu
3186 2687 3275 2742 sit.
3309 2687 3480 2756 Supra
3506 2687 3652 2742 enim
3712 2701 3785 2741 ex

2177 2785 2476 2840 commodis
2527 2794 2582 2839 et
2630 2782 2970 2839 utilitatibus.
3025 2781 3154 2837 Nam
3223 2789 3307 2836 est
3342 2781 3424 2851 (ὅ)
3473 2779 3786 2834 exhortatio

2177 2875 2631 2946 quemadmodum
2683 2877 2894 2943 vivant,
2939 2874 3004 2930 ad
3055 2874 3159 2930 hoc
3216 2875 3389 2944 ipsqu
3434 2874 3574 2942 quod
3613 2887 3782 2941 supra

2178 2971 2466 3042 praecepit,
2489 2987 2611 3026 eum
2645 2971 2761 3041 ipse
2783 2969 2849 3024 ad
2877 2967 3123 3026 eamdem
3173 2967 3336 3022 vitam
3383 2967 3677 3038 compellat
3723 2974 3784 3022 et

2177 3063 2791 3134 adigatPhilippenses,
2843 3071 2898 3118 ct
2922 3060 3134 3118 dederit
3175 3074 3362 3116 rursus
3413 3057 3558 3113 aliud
3609 3074 3779 3130 argu-

466 3171 646 3216 autem
675 3159 808 3215 illud
834 3169 938 3226 est,
962 3159 1016 3212 in
1039 3159 1092 3212 id
1120 3158 1259 3228 quod
1279 3157 1598 3230 pervenimus
1616 3156 1642 3210 .9
1670 3155 1823 3223 Quod
1850 3155 1978 3211 olim
2001 3171 2066 3212 ex
2094 3145 2140 3210 C
2175 3166 2412 3212 mentum
2465 3155 2607 3227 quod
2658 3156 2770 3226 jam
2818 3156 2969 3211 multi
3011 3154 3200 3210 eodem
3250 3153 3410 3209 modo
3436 3153 3624 3208 vivunt
3647 3195 3661 3214 ,
3720 3163 3783 3209 et

467 3252 606 3307 meis
651 3251 874 3306 monitis
919 3250 1224 3320 accepistis,
1264 3259 1318 3304 et
1360 3249 1502 3320 quod
1549 3263 1692 3304 nunc
1731 3265 1760 3303 a
1801 3264 1887 3305 me
1928 3264 2068 3320 prte-

465 3353 679 3416 eeptum
707 3352 792 3401 est
819 3362 832 3400 :
865 3345 917 3398 in
949 3344 1000 3400 id
1023 3345 1166 3400 enim
1200 3343 1578 3414 pervenimus,
1610 3359 1675 3399 ex
1702 3344 1846 3398 omni
1874 3344 2064 3399 admo-

465 3437 670 3493 nitione
717 3447 774 3493 et
822 3437 1104 3508 prmeeptis
1155 3454 1169 3491 :
1217 3435 1389 3506 inquit
1433 3446 1638 3502 autem,
1685 3438 2062 3506 pervenimus;

461 3529 747 3601 pratceptis
780 3529 977 3586 nostris
1022 3528 1261 3592 scilicet;
1302 3537 1360 3583 ιιι
1401 3544 1520 3599 quae
1551 3537 1698 3584 retro
1732 3539 1858 3585 sunt
1892 3538 2066 3584 trans-

459 3624 738 3679 mittentes
778 3623 832 3678 in
863 3621 1208 3690 oblivionem,
1263 3620 1316 3676 in
1363 3635 1426 3677 ea
1463 3637 1584 3691 qua:
1614 3620 1665 3675 iu
1709 3620 1880 3692 primo
1905 3630 2062 3685 sunt,

462 3715 816 3774 extendamus
845 3732 944 3772 nos
974 3715 1272 3772 secundum
1311 3714 1546 3785 regulam
1568 3756 1583 3780 ,
1617 3723 1674 3768 ut
1703 3714 1770 3769 ad
1815 3713 2062 3773 bravium

461 3824 713 3881 superna:
743 3809 1042 3866 vocationis
1073 3809 1350 3864 veniamus
1383 3809 1434 3863 in
1473 3806 1602 3862 .lesu
1630 3804 1868 3861 Christo.
1904 3804 1967 3860 1η
2001 3821 2062 3860 eo

461 3919 614 3977 ergo,
647 3905 839 3977 inquit,
874 3903 1204 3960 ambulentus.
1229 3901 1380 3963 Adeo
1405 3901 1475 3957 de
1503 3902 1612 3956 vita
1641 3901 1730 3956 illa
1757 3912 1811 3957 et
1839 3899 1907 3956 de
1935 3914 2065 3967 pra:-

457 4010 617 4072 cepto
659 4000 727 4056 ad
763 4000 928 4054 vitam
973 3997 1219 4070 superior
1252 4004 1392 4052 ratio
1435 4005 1537 4051 est.
1577 3993 1852 4064 Siquidem
1897 4006 2061 4063 supra

456 4098 688 4162 dictum,
741 4109 862 4164 qua:
909 4101 1037 4148 sunt
1075 4098 1221 4146 retro
1263 4087 1692 4144 trausmittenles
1732 4086 1788 4140 in
1833 4084 2062 4140 oblivio-

459 4203 608 4255 nem,
640 4187 694 4243 in
736 4185 910 4256 primo
947 4197 1068 4255 qua:
1107 4191 1234 4237 sunt
1276 4179 1631 4237 extendamus
1674 4192 1794 4236 nos.
1825 4177 1938 4233 Hoc
1977 4186 2061 4234 est

455 4282 600 4340 enim
625 4281 679 4334 in
709 4294 766 4333 eo
785 4277 1126 4332 ambulemus.

524 4375 692 4432 Vsus.
747 4372 846 4438 17,
905 4370 994 4426 18.
1043 4397 1114 4408 -
1146 4365 1444 4421 Imitatores
1465 4365 1561 4418 mei
1616 4372 1793 4429 estote,
1852 4366 2058 4434 fratres.

449 4469 761 4540 Opportune
813 4464 880 4519 ad
919 4461 1274 4526 sententiam,
1321 4473 1482 4530 quam
1536 4457 1929 4529 loquebamur;
2003 4465 2061 4511 ut

2171 3251 2322 3306 multi
2347 3265 2484 3321 quos
2507 3251 2614 3319 jam
2639 3249 2709 3305 ita
2735 3250 2918 3305 vivere
2959 3249 3075 3319 ipse
3123 3246 3553 3318 Philippensibus
3574 3245 3780 3301 Paulus

2168 3361 2313 3418 saepe
2340 3345 2557 3401 dixerit.
2588 3345 2712 3400 llaze
2740 3344 2942 3399 utilitas
2987 3342 3374 3397 exhortationis
3421 3339 3628 3411 majore
3680 3355 3777 3394 ra-

2168 3438 2314 3494 tione
2339 3438 2601 3502 tinuatur,
2629 3434 2760 3508 quid
2787 3435 2914 3490 mali
2939 3434 3046 3505 pati
3075 3434 3307 3490 habeant
3351 3434 3393 3488 si
3434 3433 3592 3488 aliter
3621 3433 3778 3488 vixe-

2167 3534 2310 3599 rint,
2336 3544 2392 3589 et
2422 3544 2478 3588 ut
2499 3531 2616 3588 dixi
2644 3531 2816 3601 major
2841 3538 2922 3585 est
2946 3529 3226 3600 persuasio
3277 3542 3345 3582 ex
3403 3527 3621 3582 timore.
3659 3525 3776 3582 Ad-

2161 3627 2293 3699 jecit
2321 3629 2481 3683 etiam
2531 3626 2818 3692 affectum,
2876 3625 3116 3679 dicturus
3157 3623 3295 3678 mala
3332 3637 3452 3690 qua:
3497 3623 3777 3693 patiantur

2165 3720 2275 3786 illi,
2313 3720 2404 3791 qui
2439 3719 2606 3774 aliter
2628 3717 2816 3772 vivunt
2844 3716 3080 3773 dicendo
3111 3733 3124 3770 :
3156 3715 3595 3786 lacryntabuudus
3630 3717 3770 3771 dico.

2167 3813 2334 3869 Doleo
2357 3813 2503 3868 enim
2524 3820 2579 3866 et
2603 3811 2863 3882 Iacrymo,
2881 3811 3007 3880 quia
3037 3809 3128 3880 qui
3159 3807 3361 3863 inimici
3390 3809 3569 3863 crucis
3595 3819 3724 3863 sunt
3749 3848 3770 3876 ,

2169 3907 2222 3963 id
2256 3916 2338 3964 est
2363 3908 2455 3978 qui
2483 3923 2590 3962 non
2614 3905 2842 3962 credunt
2874 3904 2927 3960 itt
2953 3903 3056 3958 hoc
3085 3903 3454 3974 Evangelium,
3485 3903 3632 3973 quod
3658 3904 3773 3959 sci-

2163 4002 2289 4058 licet
2331 4001 2558 4058 credant
2610 4001 2661 4055 in
2712 3999 2986 4056 Christum
3020 3998 3332 4063 hominem,
3366 3996 3419 4052 id
3445 4006 3531 4052 est
3569 3999 3663 4066 qui
3713 3998 3772 4053 in

2162 4093 2383 4151 homine
2413 4093 2601 4159 fuerit,
2633 4092 2725 4164 qui
2757 4101 2913 4148 natus
2939 4107 3002 4147 ex
3037 4090 3203 4145 Maria
3230 4091 3302 4144 sit
3320 4131 3334 4155 ,
3362 4089 3656 4146 cruciﬁxus
3675 4091 3769 4145 sit.

2162 4191 2363 4246 Omnes
2387 4189 2548 4261 igitur
2579 4187 2817 4244 lueretici
2858 4186 2951 4258 qui
2973 4201 3146 4258 neque
3175 4185 3497 4240 cruxilixunt
3521 4226 3537 4252 ,
3590 4200 3771 4255 neque

2163 4284 2215 4340 in
2268 4283 2489 4340 homine
2538 4283 2814 4339 Christum
2854 4281 3160 4352 accipiunt,
3215 4281 3305 4351 qui
3350 4280 3503 4335 multi
3550 4291 3604 4336 et
3631 4279 3770 4335 varii

2161 4379 2303 4444 sint;
2354 4378 2426 4442 ii,
2473 4376 2692 4447 inquam
2724 4417 2738 4442 ,
2782 4375 2940 4430 linem
3001 4373 3274 4429 habebunt
3321 4373 3623 4429 interitum.
3659 4374 3767 4430 Alii

2161 4473 2303 4528 enim
2348 4471 2601 4526 dixerunt
2658 4469 2932 4525 hominem
2987 4468 3194 4534 fuisse,
3240 4483 3347 4523 non
3414 4469 3468 4522 in
3541 4468 3766 4524 homine

451 4559 584 4615 nihil
611 4558 714 4626 ipsi
740 4558 865 4613 novi
894 4554 1125 4620 faciant,
1158 4551 1260 4608 etsi
1311 4551 1469 4606 aliter
1513 4549 1762 4620 sapiunt,
1803 4548 1905 4604 etsi
1955 4548 2055 4603 ali-

2181 4563 2432 4639 uisse“).
2464 4563 2573 4620 Alii
2600 4571 2797 4633 negant
2822 4561 3043 4616 omnino
3065 4569 3253 4617 uatum
3307 4561 3362 4616 in
3416 4575 3624 4627 carne,
3673 4561 3766 4617 alii

447 4653 575 4726 quid
595 4668 626 4708 a
656 4653 765 4708 Deo
785 4650 1083 4708 revelatum
1104 4647 1322 4704 habent.
1349 4643 1644 4700 lmitatores
1674 4644 1808 4710 mei,
1844 4643 2037 4714 inquit,

446 4755 631 4813 estote,
664 4749 880 4816 fratres;
908 4751 967 4799 ut
995 4757 1115 4813 quas
1144 4755 1247 4813 ego
1273 4754 1404 4810 ago,
1435 4753 1556 4809 qua:
1587 4737 1875 4809 praecipio,
1924 4751 2044 4807 quae

443 4838 498 4896 in
544 4838 651 4893 vita
696 4850 946 4902 exerceo,
996 4834 1138 4905 quod
1194 4848 1392 4903 sequor
1438 4829 1552 4905 (6),
1581 4829 1681 4886 hoc
1707 4844 1922 4901 quoque
1951 4844 2046 4884 vos

442 4930 750 4998 imitemini,
792 4939 846 4986 et
898 4928 1220 4999 sequamini.
1270 4925 1332 4980 Et
1379 4923 1804 4998 contemplamini
1850 4939 1937 4978 eos
1958 4925 2048 4994 qui

438 5027 512 5084 ita
539 5027 801 5092 incedunt,
819 5021 1249 5095 quemadmodum
1277 5021 1564 5092 exemplum
1595 5019 1789 5075 habetis
1813 5036 1906 5074 nos
1930 5017 2032 5093 (7).

511 5186 591 5270 (l)
615 5184 797 5256 ναις..
819 5189 1160 5239 verumtamen
1188 5181 1255 5234 ad
1283 5179 1418 5251 quod
1448 5179 1764 5252 pervenimus
1812 5183 1867 5234 ut
1907 5179 2042 5234 idem

506 5396 587 5474 (5)
617 5401 878 5474 Vulg.,in
905 5398 1082 5456 eadem
1113 5411 1500 5471 permaneamus
1529 5396 1724 5466 regula.

505 5473 589 5548 (4)
615 5474 690 5548 lla
709 5473 878 5548 Will-

507 5545 588 5616 (5)
619 5546 790 5616 Codd.
820 5545 875 5599 in
901 5545 1096 5616 ipsum.

401 5639 406 5644 θ
505 5614 587 5687 (6)
614 5614 786 5673 Codd.
815 5633 872 5687 se
897 5614 1056 5687 quod.

531 5617 563 5672 6
614 5616 786 5673 Codd.
815 5633 869 5670 se
897 5617 1056 5687 quod.

430 5689 446 5728 ε
504 5616 587 5760 (7)
619 5687 796 5760 Vulg.,
828 5685 898 5741 Et
922 5689 1181 5743 obseruate
1209 5702 1293 5743 eos
1321 5685 1408 5758 qui
1443 5685 1517 5740 ita
1553 5681 1850 5751 ambulant,
1900 5683 2033 5739 sicut

435 5760 626 5816 habetis
655 5763 877 5832 formam
900 5769 1148 5815 nostram.

567 5547 588 5761 ξ

2151 4671 2345 4731 negant
2367 4657 2701 4714 cruciﬁxum.
2732 4655 2932 4712 Omnes
2976 4655 3010 4710 ii
3059 4656 3320 4725 haeretici,
3340 4664 3398 4710 ut
3436 4655 3570 4718 dixi.
3600 4666 3766 4728 atque

2152 4754 2344 4810 horum
2373 4752 2451 4827 (5)
2502 4750 2709 4808 similes
2744 4749 3011 4805 iuterituri
3043 4756 3191 4803 sunt.
3245 4748 3358 4804 lloe
3403 4749 3549 4804 enim
3598 4749 3763 4816 dixit,

2151 4863 2371 4919 quorum
2395 4847 2516 4916 ﬁnis
2545 4855 2618 4900 est
2646 4844 2881 4899 interitus
2913 4860 2932 4896 :
2959 4858 3079 4913 quae
3125 4844 3309 4912 utique
3351 4855 3762 4912 consequentur

2154 4939 2462 5013 hujusmodi
2495 4938 2762 4995 homines.
2799 4936 2865 4992 Et
2891 4935 3019 5007 quid
3045 4936 3333 5007 patientur,
3366 4944 3421 4990 et
3450 4936 3580 5006 quid
3608 4936 3758 5006 sint,

2243 5107 2295 5180 ﬁl)
2313 5105 2467 5180 Vulg.
2478 5105 2529 5160 Μ
2538 5104 2633 5180 ulti
2645 5104 2779 5159 enim
2791 5101 3050 5180 ambulant
3061 5117 3188 5180 quos
3196 5101 3574 5180 sceneaicebam
3596 5103 3756 5180 robis.

2243 5109 2295 5180 -l)
2313 5109 2467 5178 Vulg.
2478 5109 2529 5160 Μ
2538 5109 2633 5160 ulti
2645 5109 2779 5159 enim
2791 5109 3050 5158 ambulant
3061 5117 3188 5173 quos
3198 5117 3331 5164 scene
3341 5109 3574 5156 dicebam
3596 5109 3756 5159 robis.

2214 5109 2296 5254 (2)
2327 5179 2510 5254 Vulg“
2542 5176 2588 5230 Ν
2597 5186 2892 5254 unc‘autem
2917 5187 2961 5227 et
2978 5175 3122 5254 ﬂens
3152 5176 3298 5239 dico,
3323 5175 3560 5254 inimicos
3587 5177 3760 5232 crucis

2146 5243 2380 5308 Christi:
2422 5243 2638 5318 quorum
2689 5248 2808 5318 ﬁnis
2840 5246 3109 5312 interitus;
3160 5243 3544 5318 quorumqDeus
3580 5259 3756 5302 venter

2147 5333 2260 5390 est,
2287 5335 2334 5379 et
2355 5317 2522 5395 gloria
2565 5323 2621 5376 in
2668 5317 3227 5390 confusionsipsoruut
3253 5355 3268 5383 ,
3305 5317 3394 5388 qui
3416 5327 3620 5373 terrena
3668 5336 3756 5373 sa-

2180 5397 2310 5451 iunt.

2142 5415 2310 5468 ptum.

2213 5467 2293 5538 (⁸5)
2321 5464 2494 5521 Codd.
2525 5480 2653 5538 cunt
2671 5477 2771 5534 pro
2797 5471 2890 5518 est.

2215 5531 2296 5610 (4)
2323 5537 2539 5610 Sensus;
2556 5531 2801 5610 loci'est,
2826 5533 3089 5610 quosdam
3114 5532 3398 5590 haereticos
3425 5531 3632 5590 dixisse
3660 5533 3753 5610 .le_-

2143 5605 2500 5667 sum'merum
2530 5605 2962 5671 ltominem,’non
2983 5605 3148 5662 Deum
3177 5619 3302 5661 cum
3335 5615 3614 5676 assumpta
3643 5607 3748 5664 sibi

2144 5681 2479 5754 hypostatice
2517 5679 2873 5754 humanitate.

2240 5754 2295 5826 5)
2326 5752 2496 5810 Codd.
2529 5749 2846 5825 ltujusmodi.
