4024 6306
274 315 417 378 1225

1205 314 1270 372 IN
1312 314 1704 411 EPISTQLAM
1735 313 1940 373 PAULI
1979 312 2073 373 AD
2115 310 2630 375 PHILIPPENSES.

3428 316 3583 379 4226

273 436 346 492 ita
372 440 640 503 numerat,
689 432 815 506 quid
843 434 1142 505 patientur,
1188 451 1403 506 quorum
1442 436 1562 506 ﬁnis
1602 444 1676 491 est
1714 436 1872 491 inter-
1895 439 1949 500 Α
1974 434 2167 507 ipsius,
2212 434 2488 490 secundum
2530 432 2875 504 operationem
2906 432 3144 505 potentia:
3167 449 3293 504 sum,
3335 442 3390 491 ut
3419 437 3580 508 possit

273 528 420 596 itus;
471 527 598 600 quid
625 529 753 595 sint,
817 545 1035 600 quorum
1082 528 1220 584 Deus
1259 541 1459 597 venter;
1503 530 1630 601 quid
1681 544 1875 586 conse-

277 630 532 694 quentur,
587 630 632 677 et
685 621 886 695 gloria,
938 623 1141 696 inquit,
1190 623 1244 678 iu
1300 624 1621 691 turpitudine
1671 624 1875 680 eorum?

273 714 739 784 Quemadmodum
766 715 1284 789 sapiant,adjunxit
1330 735 1345 773 :
1398 719 1486 787 qui
1542 729 1742 773 terrena
1790 735 1876 773 sa-

276 808 463 883 piunt?
488 808 563 864 De
589 807 829 876 interitu;
859 807 1002 880 quod
1023 808 1143 865 finis
1173 824 1361 865 eorum
1389 810 1459 865 sit
1481 809 1757 877 interitus,
1785 810 1877 882 qui

277 896 396 959 haec
427 919 534 959 non
565 902 814 970 credunt,
846 902 901 959 id
933 906 1122 975 estqui
1153 903 1355 959 inimici
1385 904 1562 961 crucis
1588 914 1733 961 sunt.
1765 905 1877 961 [loc

277 995 424 1053 enim
478 993 647 1063 dixit,
689 994 940 1051 inimicos
990 994 1170 1051 crucis
1215 994 1422 1051 Christi
1472 1010 1629 1063 csse,
1661 1011 1876 1052 crucem

268 1088 479 1146 Christi
508 1104 615 1146 non
639 1088 884 1146 credere.
917 1087 1014 1157 lli,
1045 1089 1262 1161 inquam
1287 1130 1304 1159 ,
1345 1088 1601 1160 perituri,
1652 1098 1709 1145 et
1757 1088 1879 1145 finis

274 1182 365 1243 his
391 1194 475 1241 est
503 1184 775 1241 interitus.

349 1281 421 1337 At
443 1295 571 1336 vero
599 1278 745 1336 istud
775 1281 865 1353 qui
889 1296 995 1337 non
1024 1279 1289 1349 credunt,
1318 1278 1369 1336 id
1398 1289 1484 1336 est
1536 1278 1625 1351 qui
1672 1278 1875 1336 inimici

280 1375 459 1435 crucis
482 1372 683 1431 Christi
715 1387 862 1445 sunt,
889 1376 1164 1449 quomodo
1193 1376 1357 1432 Deum
1384 1373 1585 1431 habent
1609 1387 1879 1444 ventrem,

282 1468 351 1527 de
394 1469 590 1541 quibus
614 1469 783 1539 dixit,
814 1487 1032 1543 quorum
1063 1469 1201 1525 Deus
1237 1480 1407 1524 venter
1429 1470 1547 1526 est?
1591 1469 1707 1524 Duo
1748 1484 1885 1539 quo-

274 1562 572 1619 dammodo
597 1571 760 1631 sunt,
796 1561 847 1618 id
869 1572 953 1620 est
974 1578 1137 1618 unum
1164 1561 1234 1618 de
1259 1560 1504 1628 duobus,
1537 1561 1628 1633 qui
1678 1559 1881 1616 inimici

273 1656 459 1711 crucis
506 1655 707 1712 Christi
758 1664 889 1712 sunt
939 1674 951 1711 :
995 1665 1089 1711 aut
1107 1655 1250 1713 enim
1273 1654 1883 1712 carnalitersentientes

285 1765 504 1807 crucem
529 1749 729 1806 Christi
755 1749 935 1807 rident
957 1790 972 1815 ,
1004 1765 1126 1808 cum
1159 1749 1429 1805 hominem
1479 1744 1753 1804 Christum
1786 1764 1883 1819 pu-

280 1849 399 1898 tant
454 1843 506 1898 in
555 1858 769 1899 crucem
796 1842 1085 1909 sublatum;
1143 1856 1248 1897 nou
1302 1840 1561 1912 mysterio
1590 1838 1885 1896 secundum

282 1934 636 2007 Evangelium
689 1934 965 1991 Christum
1005 1935 1058 1990 in
1114 1934 1337 1991 homine
1381 1933 1736 1999 crucifixum,
1788 1948 1886 2004 per

281 2030 426 2103 quod
456 2038 738 2103 peccatum
786 2030 915 2086 vicit
961 2038 1017 2086 et
1050 2028 1406 2100 triumphavit
1451 2035 1787 2099 potestates,
1832 2035 1889 2083 et

282 2124 634 2196 triumphavit
662 2141 758 2196 per
801 2140 1020 2180 carnem
1069 2123 1380 2179 crucifixam
1414 2121 1608 2188 :hanc,
1641 2123 1884 2193 inquam,

279 2233 501 2275 crucem
547 2218 602 2275 in
651 2219 914 2293 mysterio
958 2217 1245 2275 trahemus.
1311 2216 1448 2283 Alii,
1513 2226 1569 2272 ut
1619 2215 1767 2281 dixi,
1830 2222 1890 2270 ut

276 2310 585 2369 secundum
629 2312 938 2378 hominem,
992 2326 1122 2366 vere
1177 2316 1383 2366 tantum
1439 2307 1715 2363 hominem
1742 2306 1887 2362 acci-

282 2407 440 2479 piunt
467 2420 682 2463 crucem
719 2412 818 2462 :et
861 2404 1066 2461 idcirco
1094 2402 1295 2459 inimici
1341 2410 1469 2458 sunt
1510 2398 1660 2459 cruci
1687 2442 1703 2470 ,
1732 2407 1789 2456 et
1831 2398 1886 2455 hi

282 2502 408 2575 quia
453 2502 743 2559 carnaliter
788 2502 1067 2568 sentiunt,
1145 2508 1502 2557 contemnunt
1569 2499 1888 2572 mysterium

283 2594 463 2652 crucis
493 2613 506 2650 :
539 2603 596 2650 et
616 2593 673 2650 hi
695 2636 710 2662 ,
741 2602 800 2649 ut
834 2593 982 2662 dixi,
1010 2593 1080 2650 de
1109 2608 1276 2649 carne
1321 2593 1595 2659 sentiunt,
1646 2599 1704 2647 et
1755 2590 1888 2647 nihil

282 2688 429 2746 aliud
460 2704 622 2761 quam
669 2688 741 2746 de
787 2705 952 2746 carne
998 2689 1288 2755 extimant,
1310 2696 1367 2744 et
1391 2688 1500 2745 illis
1534 2688 1678 2744 Deus
1701 2696 1892 2744 venter

278 2790 391 2850 est,
424 2789 480 2839 ct
496 2770 676 2853 gloria
708 2783 761 2838 in
784 2780 1119 2853 turpitudine
1142 2795 1330 2837 eorum
1358 2788 1473 2844 est,
1530 2789 1584 2836 et
1622 2778 1676 2835 hi
1718 2787 1846 2835 sunt
1873 2821 1890 2847 ,

289 2875 381 2948 qui
414 2884 629 2932 terrena
661 2876 880 2948 sapiunt
901 2919 916 2943 ,
948 2892 1177 2949 quorum
1218 2885 1399 2933 tamen
1436 2876 1558 2932 finis
1588 2886 1672 2932 est
1707 2876 1894 2933 interi-

287 2972 533 3039 tus.fAut
557 2985 743 3026 rursus
774 2970 848 3025 illi
878 2970 968 3042 qui
1002 2970 1304 3043 spiritalem
1323 2970 1564 3026 sentiunt
1589 2968 1888 3026 Christum.

272 3070 343 3120 κει
393 3078 499 3121 non
550 3064 857 3137 intelligunt
904 3065 1058 3121 illum
1112 3064 1166 3121 in
1216 3079 1422 3134 carne,
1478 3080 1654 3137 neque
1715 3064 1885 3121 cruci-

277 3155 487 3221 ﬁxum;
518 3164 575 3212 et
596 3157 798 3215 idcirco
827 3156 1029 3213 inimici
1056 3166 1185 3214 sunt
1208 3159 1385 3215 crucis
1412 3155 1640 3229 Christi,
1690 3166 1746 3216 et
1789 3155 1892 3229 ipsi

284 3251 448 3307 finem
477 3250 757 3308 habebunt
802 3251 1101 3310 interitum.
1139 3252 1208 3309 Et
1244 3252 1362 3309 haec
1389 3268 1513 3323 pars
1540 3226 1793 3310 conclusa
1814 3226 1888 3309 de
1914 3226 1960 3292 (ἶ

283 3342 389 3400 illis
414 3351 883 3417 estzquamquam
931 3345 1033 3402 ista
1066 3360 1190 3416 pars
1240 3344 1509 3416 pertineat
1564 3354 1620 3402 et
1663 3345 1731 3401 ad
1766 3344 1888 3401 illos

281 3438 375 3510 qui
403 3438 473 3495 de
497 3438 719 3496 Christo
738 3439 1031 3496 carnaliter
1050 3441 1297 3496 sentiunt
1326 3458 1339 3493 :
1368 3450 1424 3495 at
1451 3455 1580 3496 vero
1605 3439 1723 3496 hrec
1742 3439 1844 3495 tria
1866 3480 1884 3509 ,

282 3545 401 3601 quae
424 3540 744 3602 sequuntur,
769 3531 836 3588 ad
859 3548 956 3589 eos
984 3534 1258 3603 pertinent
1285 3533 1376 3605 qui
1404 3533 1474 3589 de
1499 3533 1716 3589 Christo
1767 3547 1889 3588 car-

280 3622 480 3680 naliter
510 3625 790 3692 sentiunt;
823 3631 883 3681 ut
909 3626 1048 3681 Deus
1069 3640 1257 3681 eorum
1286 3633 1474 3681 venter
1497 3624 1601 3691 sit,
1625 3634 1679 3680 et
1716 3622 1885 3696 gloria

278 3714 337 3772 in
362 3716 689 3788 turpitudine
714 3732 904 3775 eorum
941 3726 996 3773 et
1020 3728 1230 3775 terrena
1255 3717 1492 3790 sapiunt.

283 3812 289 3818 ’
353 3808 521 3866 Vens.
552 3809 644 3866 20.
674 3840 749 3853 —
779 3809 977 3867 Nostra
1000 3812 1139 3867 enim
1174 3812 1488 3867 conversatio
1529 3812 1583 3867 in
1611 3811 1751 3868 caelis
1788 3818 1881 3867 est.

281 3898 481 3975 Utique
512 3902 615 3960 hoc
634 3905 967 3961 contrarium
994 3905 1259 3977 superiori
1282 3913 1405 3971 est;
1453 3904 1521 3961 ad
1566 3905 1724 3962 istam
1754 3920 1883 3976 par-

280 4005 390 4054 tem
417 4005 599 4056 tamen
626 3999 771 4070 quod
798 3998 935 4055 dixit
981 4008 1200 4057 terrena
1252 3999 1505 4070 sapiunt,
1565 3998 1885 4054 aestimando

276 4084 554 4147 Christum
584 4089 860 4149 hominem
888 4106 1010 4149 esse
1035 4134 1050 4160 ,
1089 4101 1145 4149 et
1172 4092 1445 4148 hominem
1467 4091 1668 4159 fuisse,
1701 4100 1882 4146 etnon

284 4183 342 4242 in
398 4199 562 4242 carne
614 4184 824 4252 fuisse,
884 4184 981 4243 sed
1030 4201 1152 4241 eum
1206 4201 1371 4242 carne
1419 4185 1672 4252 venisse,
1723 4183 1883 4241 sicuti

276 4271 453 4331 Judaei
480 4287 765 4333 venturum
792 4277 1008 4345 dicunt,
1048 4285 1106 4334 et
1129 4278 1311 4334 cmteri
1363 4276 1622 4334 lueretici.
1674 4278 1746 4333 At
1797 4275 1880 4351 (l)

279 4377 635 4437 noscontra,
681 4386 899 4427 omnem
951 4372 1148 4440 vitam,
1199 4380 1255 4428 et
1273 4372 1737 4429 conversationem
1801 4372 1882 4428 vi-

279 4461 442 4517 vendi
471 4463 522 4516 in
548 4463 701 4520 caelis
722 4462 1021 4533 habemus;
1044 4465 1341 4522 sentientes
1385 4465 1454 4523 de
1477 4466 1615 4523 cmlo
1661 4465 1881 4522 venisse

277 4550 588 4624 Christum,
640 4556 880 4614 induisse
906 4573 1164 4627 carnem,
1246 4561 1298 4615 in
1369 4576 1532 4618 cruce
1581 4560 1873 4617 sublatum.

1978 530 2129 584 etiam
2153 530 2387 584 universa
2407 530 2485 583 illi
2520 529 2736 585 subdere
2762 528 2861 601 (t).
2912 531 2980 585 Et
3006 530 3106 586 iste
3151 530 3299 587 locus
3328 539 3477 587 tenet
3505 531 3573 588 de

1977 623 2379 678 resurrectione
2409 624 2749 694 mysterium.
2779 623 2989 678 Etenim
3032 623 3175 695 quod
3228 622 3478 681 Christus
3522 626 3577 680 in

1977 730 2141 772 carne
2198 715 2404 787 positus
2454 716 2696 786 implevit
2745 724 2805 772 ut
2845 716 3081 773 salvaret
3123 718 3375 786 animas,
3428 726 3488 777 ut
3523 726 3580 775 et

1979 808 2310 864 carnietiam
2340 824 2436 880 per
2485 809 2937 866 resurrectionem
2990 810 3369 868 immortalitas
3418 810 3580 869 dare-

1981 911 2086 969 tur,
2113 904 2340 960 virtutes
2365 918 2477 959 suze
2503 904 2679 959 crucis
2705 916 2959 973 Operatus
2989 912 3092 960 est.
3129 906 3195 960 Et
3238 905 3354 962 haec
3390 906 3575 964 omnia

1980 1006 2362 1067 expectamus,
2412 1007 2470 1054 et
2518 997 2691 1069 ipsum
2747 998 3039 1054 Dominum
3092 1010 3337 1055 nostrum
3393 999 3578 1056 Jesum

1980 1089 2257 1148 Christum
2303 1093 2432 1165 qui,
2490 1093 2684 1165 inquit,
2715 1092 2808 1148 illo
2845 1094 3102 1166 mysterio
3142 1109 3251 1165 quo
3296 1093 3582 1151 descendit

1981 1186 2345 1242 ctcrucifixus
2401 1194 2485 1242 est
2528 1196 2583 1243 et
2620 1187 2954 1255 resurrexit,
3002 1186 3361 1243 humilitatem
3410 1189 3581 1245 nos1ri

1981 1280 2228 1350 corporis
2248 1278 2333 1335 vel
2364 1277 2626 1350 figuram,
2676 1288 2770 1336 aut
2798 1280 2969 1352 magis
3015 1295 3214 1352 corpus
3268 1281 3585 1337 humilitatis

1983 1381 2184 1428 nostra:
2241 1373 2659 1443 transfiguravit.
2707 1372 2991 1443 Quomodo
3057 1375 3197 1431 istud
3271 1377 3394 1432 est?
3446 1376 3584 1446 Quia

1983 1481 2181 1537 corpus
2205 1474 2446 1522 nostrum
2471 1466 2678 1523 humile
2707 1483 2830 1525 cum
2876 1471 3111 1541 resurgit
3156 1481 3212 1529 et
3248 1473 3585 1544 immutatur,

1984 1559 2039 1614 in
2072 1559 2264 1615 melius
2293 1560 2694 1632 transfiguravit
2717 1562 2878 1620 Jesus
2929 1564 3177 1623 Christus
3223 1569 3584 1630 humilitatem

1987 1652 2231 1720 corporis
2257 1654 2469 1723 nostri,
2495 1655 2582 1710 vel
2607 1670 2804 1726 corpus
2831 1668 3073 1714 nostrum
3126 1659 3331 1723 humile
3372 1667 3587 1723 transfi-

1985 1747 2199 1816 guravit
2226 1745 2279 1799 in
2310 1746 2672 1817 magnificum.
2723 1748 2822 1803 Dat
2855 1749 2935 1821 (2)
2965 1750 3043 1806 illi
3083 1753 3288 1809 scilicet
3311 1758 3585 1815 wteruita-

1917 1834 1967 1897 B
1994 1846 2101 1894 tem
2120 1880 2135 1903 ,
2161 1836 2363 1895 faciens
2387 1840 2487 1911 ipsi
2517 1841 2890 1900 indumentum
2908 1846 3165 1915 caeleste;
3199 1858 3258 1905 ut
3281 1851 3372 1917 sit,
3390 1854 3582 1925 inquit,

1987 1934 2310 2003 aequiforme
2364 1950 2489 1991 cum
2553 1951 2787 2007 corpore
2846 1939 3035 2011 gloria:
3093 1942 3284 2014 ipsius.
3347 1944 3591 2018 Namque

1988 2026 2236 2087 Christus
2261 2029 2486 2100 spiritus
2514 2041 2597 2086 est
2619 2073 2634 2099 ,
2666 2047 2732 2088 ex
2756 2048 2863 2103 quo
2894 2032 2971 2088 illi
3002 2049 3200 2105 corpus
3225 2039 3436 2108 species
3457 2039 3542 2113 (5)
3571 2082 3587 2109 ,

1987 2131 2042 2180 et
2064 2123 2265 2189 virtus,
2294 2122 2408 2194 ipsa
2439 2124 2647 2195 species
2668 2141 2788 2198 quae
2814 2127 2985 2183 virtus
3016 2140 3135 2197 est,
3168 2133 3378 2201 species
3400 2134 3586 2204 glorias

1989 2233 2187 2290 corpus
2207 2227 2293 2275 est
2319 2218 2517 2275 divina:
2539 2230 2594 2276 et
2614 2229 2830 2277 mternae
2860 2220 2962 2296 (4).
2986 2223 3117 2279 Cum
3141 2235 3319 2281 autem
3371 2242 3469 2285 nos
3501 2244 3587 2285 re-

1989 2321 2273 2384 surgentes
2294 2313 2720 2382 immutabimur,
2744 2325 2799 2372 et
2824 2316 3097 2386 spiritales
3123 2318 3300 2376 effecti
3323 2320 3584 2378 fuerimus

1991 2418 2047 2462 et
2066 2406 2246 2462 anima
2267 2417 2323 2463 et
2341 2422 2573 2479 corpore
2593 2416 2649 2464 et
2672 2409 2864 2479 spiritu
2881 2451 2897 2475 ,
2923 2410 2995 2465 ita
3025 2411 3170 2466 enim
3195 2412 3293 2468 ista
3336 2415 3388 2468 in
3422 2430 3587 2472 unum

1991 2498 2169 2554 virum
2196 2509 2526 2555 concurrunt
2552 2542 2567 2567 ,
2595 2512 2757 2571 atque
2779 2516 2923 2558 unus
2952 2501 3175 2573 spiritus
3205 2513 3399 2572 erunt;
3449 2507 3494 2563 si
3531 2519 3590 2565 et

1992 2609 2191 2665 corpus
2219 2594 2541 2650 humilitatis
2568 2603 2767 2652 nostra:
2794 2594 3140 2667 tequiforme,
3171 2597 3272 2654 hoc
3316 2607 3403 2657 est
3443 2601 3590 2671 ejus-

1993 2690 2117 2746 dem
2147 2698 2310 2761 atque
2328 2689 2552 2761 wqualis
2582 2689 2767 2743 lormre
2796 2704 2920 2745 cum
2941 2706 3169 2762 corpore
3194 2693 3382 2763 glorise
3422 2695 3589 2765 ipsius

1992 2783 2229 2848 Christi,
2262 2791 2320 2837 ut
2346 2791 2401 2838 et
2430 2797 2528 2837 nos
2548 2782 2771 2854 spiritus
2792 2783 2995 2851 simus,
3035 2791 3096 2839 ut
3123 2792 3181 2842 et
3209 2784 3325 2856 ipse
3370 2786 3592 2859 spiritus

1994 2886 2097 2933 est.
2135 2876 2257 2933 Fiet
2281 2885 2458 2956 autem
2488 2875 2591 2932 hoc
2616 2875 2911 2932 secundum
2939 2879 3309 2948 Operationem
3335 2881 3591 2949 potentias

1996 2969 2135 3040 ejus.
2180 2968 2353 3026 Omne
2403 2968 2548 3027 enim
2631 2970 2947 3042 mysterium
3004 2977 3163 3042 atque
3227 2973 3404 3028 omnis
3452 2974 3596 3030 actio

1995 3060 2197 3119 Christi
2228 3062 2330 3118 hoc
2367 3069 2623 3135 operatur
2653 3061 2758 3118 hoc
2805 3062 3041 3133 complet
3066 3063 3365 3120 secundum
3396 3072 3593 3136 poten-

1997 3155 2127 3211 tiam
2154 3170 2308 3212 suam
2331 3197 2346 3222 ,
2373 3162 2432 3211 ut
2455 3170 2555 3213 nos
2598 3154 2651 3209 in
2706 3171 2868 3210 unum
2917 3156 3339 3224 conveniamus;
3383 3172 3507 3212 cum
3537 3168 3593 3213 et

1992 3249 2177 3306 anima
2202 3258 2255 3305 et
2277 3263 2475 3321 corpus
2505 3256 2561 3303 et
2585 3247 2809 3320 spiritus
2831 3254 2992 3305 erunt
3008 3290 3021 3314 ,
3040 3255 3098 3303 ut
3118 3247 3197 3322 (5)
3226 3247 3340 3319 ipse
3366 3249 3592 3320 spiritus

1993 3348 2100 3400 est.

2065 3437 2198 3494 Item
2221 3479 2235 3505 ,
2263 3436 2389 3508 quia
2416 3436 2559 3493 Deus
2583 3450 2707 3491 cum
2737 3434 2959 3506 Spiritus
2984 3433 3075 3502 sit,
3099 3435 3454 3505 subjicientur
3475 3437 3597 3494 uui-

1991 3546 2145 3588 versa
2173 3531 2285 3588 Deo
2311 3546 2433 3589 cum
2462 3531 2529 3585 ad
2554 3546 2713 3585 unam
2745 3530 2998 3587 virtutem
3031 3531 3344 3602 redigentur
3373 3575 3387 3599 ,
3413 3543 3467 3588 et
3483 3533 3584 3601 sic,

1991 3622 2205 3696 inquit,
2238 3623 2436 3693 pulerit
2472 3622 2719 3678 universa
2773 3612 2850 3677 illi
2889 3621 3157 3691 subdere,
3200 3624 3407 3680 scilicet
3454 3623 3587 3680 Deo.

1988 3716 2174 3772 νωθῆ
2202 3724 2383 3788 potest
2422 3715 2476 3771 in
2503 3714 2817 3771 continuum
2869 3722 2925 3769 et
2975 3730 3083 3771 non
3134 3715 3486 3784 eonjunctum
3534 3716 3591 3772 in

1988 3812 2273 3877 oratione,
2323 3824 2447 3867 cum
2505 3809 2576 3864 ita
2624 3808 2805 3880 posuit
2843 3817 2900 3863 ut
2951 3808 3109 3880 possit
3156 3809 3312 3863 etiam
3354 3808 3594 3864 universa

1987 3905 2067 3960 illi
2094 3904 2341 3971 subdere,
2373 3917 2550 3975 neque
2576 3902 2837 3973 praemisit
2862 3915 2971 3973 quo
2992 3899 3292 3957 referamus
3313 3901 3412 3957 illi.
3455 3900 3589 3958 Etc-

1987 3998 2099 4055 nim
2127 3997 2172 4053 si
2200 3998 2279 4053 illi
2298 3996 2368 4052 ad
2389 3997 2556 4052 Deum
2580 4009 2900 4052 revocamus
2916 4036 2930 4060 ,
2954 3992 3100 4049 Deus
3137 4008 3300 4066 supra
3345 3993 3587 4050 nomina-

1988 4101 2076 4149 tus
2096 4108 2203 4149 non
2226 4098 2341 4157 est,
2372 4089 2443 4146 sit
2484 4091 2775 4146 obscurum
2824 4095 2882 4143 et
2933 4101 3039 4142 non
3087 4094 3329 4154 rectum,
3379 4086 3476 4143 sed
3516 4087 3586 4142 ab

1986 4186 2400 4254 interpretatore
2446 4183 2616 4253 magis
2657 4180 2892 4253 positum
2943 4194 3107 4250 quam
3153 4194 3185 4234 a
3236 4178 3422 4234 Paulo.
3467 4179 3587 4247 Quo

1986 4281 2148 4354 igitur
2173 4280 2456 4338 referimus
2481 4278 2591 4335 illi?
2612 4278 2837 4333 Constat
2858 4274 3074 4347 quidem
3101 4275 3351 4347 quoniam
3379 4276 3449 4332 ob
3477 4275 3583 4333 hoc

1986 4382 2239 4447 operatur
2273 4371 2540 4439 Christus,
2607 4371 2681 4425 uti
2729 4371 2977 4427 universa
3021 4370 3131 4426 Deo
3179 4369 3447 4440 subjiciat;
3481 4369 3578 4426 sed

1986 4467 2075 4523 hic
2101 4466 2194 4523 Dei
2222 4464 2542 4537 significatio
2584 4463 2732 4519 nulla
2771 4471 2874 4520 est.
2906 4462 3023 4532 Quo
3063 4462 3224 4534 igitur
3262 4460 3583 4517 referimus?

1985 4559 2389 4631 intelligendum
2411 4557 2683 4627 quomodo
2705 4557 2961 4622 breviter,
2985 4564 3040 4611 et
3064 4561 3248 4624 aperte
3274 4563 3451 4612 tamen
3478 4571 3577 4626 po-

276 4645 522 4720 Denique
548 4653 629 4708 sic
654 4651 899 4724 adjuugit
925 4668 942 4706 :
971 4652 1107 4708 unde
1158 4654 1309 4709 etiam
1365 4656 1648 4710 salutarem
1674 4651 1754 4728 (2)
1786 4670 1878 4709 επ·
1902 4631 1955 4692 Ῑ)
1982 4652 2150 4708 suerit
2176 4653 2362 4708 Deum.
2386 4649 2520 4707 Nam
2550 4665 2673 4707 cum
2701 4650 2837 4706 dixit
2882 4649 3024 4721 quod
3073 4648 3321 4705 Christus
3346 4691 3361 4716 ,
3417 4666 3579 4722 quem

284 4748 548 4813 pectamus
578 4742 856 4801 Dominum
887 4755 1117 4802 nostrum
1151 4745 1330 4801 losum
1370 4745 1647 4802 Christum.
1694 4744 1766 4803 Ut
1821 4753 1877 4802 et

285 4834 413 4893 inde
441 4837 684 4906 venerit,
710 4846 766 4892 et
789 4837 910 4893 inde
954 4847 1213 4895 venturus
1258 4838 1346 4893 sit.
1399 4839 1610 4895 Etenim
1657 4837 1702 4893 si
1752 4836 1876 4894 inde

277 4937 542 4985 venturus
570 4937 655 4986 est
677 4972 691 4998 ,
718 4941 774 4987 et
795 4938 922 4987 ante
945 4930 1070 4987 inde
1089 4932 1254 4987 venit.
1279 4931 1379 5000 Qui
1405 4931 1547 4987 enim
1580 4930 1825 4987 ascendit
1855 4972 1871 4999 ,

277 5018 396 5093 ipse
417 5028 501 5078 est
525 5030 581 5078 et
606 5022 697 5094 qui
724 5021 1022 5079 descendit.
1065 5023 1205 5096 Ergo
1230 5038 1329 5079 nos
1354 5025 1405 5078 in
1434 5024 1587 5081 caelis
1613 5023 1875 5079 habemus

274 5117 741 5174 conversationem
767 5159 783 5186 ,
809 5117 932 5188 quia
961 5117 1088 5174 inde
1112 5125 1169 5174 et
1203 5117 1498 5173 Salutarem
1552 5128 1874 5189 expectamus

278 5207 559 5268 Dominum
580 5220 807 5266 nostram
824 5209 857 5265 ,Ι
864 5227 1003 5266 esum
1019 5209 1301 5279 Christum,
1318 5211 1411 5282 qui
1429 5217 1683 5267 venturus
1702 5216 1789 5264 est
1807 5207 1874 5264 ad

272 5302 534 5377 judicium
562 5303 847 5376 postremis
872 5303 1240 5375 temporibus;
1272 5311 1329 5360 et
1345 5303 1449 5360 erit
1473 5302 1629 5360 nobis
1658 5301 1878 5357 Saluta-

277 5401 376 5470 ris,
399 5402 521 5472 quia
542 5401 595 5457 in
627 5401 800 5472 ipsum
825 5401 1118 5466 credimus,
1137 5397 1477 5456 etChristum
1501 5405 1870 5470 expectamus.

352 5493 519 5551 Vnus.
565 5493 656 5551 21.
684 5524 758 5536 -
799 5493 900 5563 Qui
923 5493 1302 5565 transﬁguravit
1342 5491 1417 5566 (5)
1445 5507 1628 5563 corpus
1668 5489 1874 5545 humili-

279 5578 399 5648 tatis
446 5600 656 5659 ποεῖν-ω,
706 5597 762 5646 ut
818 5590 885 5645 sit
931 5586 1228 5661 tequiforme
1252 5604 1385 5660 (cum
1432 5602 1658 5660 .corpore
1694 5585 1877 5659 gloria:

379 5729 432 5788 1)
458 5729 630 5787 Codd.
671 5731 760 5786 ad.

379 5731 403 5788 l
458 5729 630 5787 Codd.
671 5731 760 5786 ad.

351 5729 438 5876 (εἰ)
461 5802 629 5876 _Vulg.
646 5801 1016 5876 ⁸«ξἰιζυιιιονεηι.

353 5871 433 5950 (5)
459 5874 535 5932 lta
562 5871 722 5933 codd.
748 5874 870 5931 heic
897 5885 951 5931 et
977 5873 1113 5930 infra
1134 5916 1150 5943 ,
1180 5889 1288 5932 non
1319 5871 1723 5947 transﬁgurabit.

728 5968 1009 6032 ΡΛτιιοι.
1043 5959 1214 6031 VIII.
1372 5986 1375 5991 '

1983 4742 2789 4816 expectamus,transﬂguravit
2838 4756 3036 4813 corpus
3080 4740 3402 4799 humilitatis
3450 4757 3580 4799 nos-

1982 4848 2113 4908 trae,
2142 4851 2202 4895 ut
2227 4840 2403 4911 ipsum
2448 4853 2646 4909 corpus
2676 4836 2991 4893 humilitatis
3038 4849 3242 4892 nostra;
3288 4838 3360 4894 sit
3408 4835 3579 4908 aequi-

1981 4932 2156 4990 l‘orme
2198 4948 2319 4988 cum
2367 4945 2598 5002 corpore
2648 4931 2835 5003 gloria:
2883 4930 3089 5000 ipsius;
3137 4929 3225 4986 hic
3249 4941 3332 4986 est
3359 4931 3445 4987 ubi
3476 4930 3578 4987 Dei

1975 5026 2331 5098 intelligentia
2357 5024 2639 5094 accipitur,
2671 5025 2858 5095 etipse
2886 5024 3050 5093 Deus,
3072 5039 3193 5080 cum
3221 5023 3357 5079 dixit
3380 5036 3578 5079 secun-

2051 5146 2131 5221 (I)
2158 5146 2341 5217 Vulg.,
2370 5145 2456 5211 qui
2485 5144 2782 5221 "formabit
2813 5162 3002 5221 corpus
3020 5119 3337 5221 .Itumilitatis
3365 5154 3575 5211 nostris,

1976 5218 2355 5291 conﬁguramm
2377 5220 2583 5289 corpori
2604 5219 2852 5273 claritatis
2890 5233 3041 5291 sum,
3064 5218 3349 5291 secumlum
3393 5232 3578 5286 opera-

1977 5289 2161 5380 tiortfm
2180 5335 2194 5358 ,
2220 5309 2323 5380 qua
2341 5292 2492 5347 etiam
2522 5291 2682 5362 possit
2708 5291 2957 5358 subjicere
2977 5289 3074 5343 sibi
3105 5289 3297 5343 omnia.

2071 5364 2129 5435 '2)
2157 5363 2328 5419 Codd.
2372 5366 2460 5418 (la.

2049 5363 2136 5510 (ὅ)
2161 5435 2332 5519 Codd.
2357 5436 2469 5519 api.
2505 5434 2666 5519 igitur
2696 5433 2778 5489 vel
2802 5432 2990 5518 species
3018 5431 3103 5490 vel
3125 5432 3355 5505 spiritus.
3406 5431 3477 5487 At
3518 5432 3574 5489 in

1980 5507 2327 5576 sequentibus
2357 5509 2496 5563 idem
2527 5507 2651 5562 cod.
2679 5507 2892 5577 species.

2051 5579 2244 5664 (Multa
2273 5596 2335 5664 se
2360 5579 2521 5664 habet
2546 5580 2691 5664 locus
2722 5576 2957 5664 ll‘t'ttttdd:
2986 5574 3338 5664 Atquehaud
3365 5574 3579 5664 scioian

1982 5647 2443 5724 satis'theologice
2467 5653 2721 5724 loquatur
2747 5647 3085 5724 Victorinum
3139 5648 3234 5724 sed
3266 5658 3427 5724 certe
3477 5648 3581 5724 oh-

1983 5724 2242 5782 scuritate
2266 5719 2361 5781 sua
2384 5739 2444 5782 se
2466 5719 2718 5781 involvit.
2751 5720 2954 5777 llecole
2999 5719 3206 5777 Petavii
3246 5719 3448 5777 dictum
3471 5720 3582 5780 col.

1986 5797 2152 5862 1211,
2180 5813 2238 5852 n.
2260 5798 2318 5853 2.

2061 5867 2142 5943 (5)
2170 5868 2341 5927 Codd.
2375 5878 2441 5924 et.

2947 5960 3025 6021 39
