4010 6306
456 328 592 396 122⁸1

1699 330 1890 390 MAR]!
1922 330 2264 394 VICTORINI
2299 335 2464 396 AFRl

3608 340 3744 403 liis

437 448 566 507 dum
593 451 961 522 operationem
1009 448 1261 522 potentia:
1301 462 1433 504 suae.
1482 446 1672 505 Omnia
1722 449 1867 506 enim
1913 448 2039 506 fecit
2065 460 2120 523 Α
2215 454 2380 517 Vens.
2409 457 3075 535 2,—Eucltodt'amrogo,
3103 471 3150 518 et
3173 460 3471 536 Synlychen
3492 479 3615 535 rogo
3637 463 3740 537 (l),

443 544 693 602 Christus
736 553 797 601 ut
840 545 1151 600 consuleret
1194 542 1415 610 animis,
1482 541 1837 600 :rternitatem
1894 542 2041 599 carni

444 637 607 692 etiam
655 635 845 706 daret,
871 643 928 692 et
954 636 1270 708 mqnilorme
1313 648 1511 705 corpus
1550 643 1794 690 nostrum
1841 632 2046 691 faceret

443 732 657 802 carpori
681 727 762 802 (i)
782 729 968 801 gloria
995 744 1106 785 suae
1123 771 1136 796 ,
1158 727 1256 785 sed
1285 728 1386 784 hoc
1416 727 1540 783 fecit
1567 726 1864 784 secundum
1913 741 2044 797 ope-

446 827 710 881 rationem
738 824 994 897 potentiae
1019 839 1152 879 suze.
1182 821 1452 895 Operatus
1486 831 1571 879 est
1607 823 1775 891 enim,
1820 819 1915 879 sed
1943 837 2043 893 po-

448 918 617 976 tentia
641 919 756 989 ejus
785 935 880 990 per
909 934 1068 990 quam
1107 923 1363 988 operatus
1387 927 1471 973 est
1505 935 1517 971 :
1550 914 1692 974 Deus
1721 926 1900 973 autem
1920 924 2041 982 est;

447 1022 545 1084 per
563 1022 769 1085 patrem
792 1012 937 1069 enim
969 1019 1246 1083 operatur.
1294 1010 1537 1068 Christus
1591 1010 1805 1082 quidem
1855 1023 2048 1081 Opera-

448 1114 537 1163 tnr
567 1125 581 1161 :
609 1106 819 1163 scilicet
840 1115 991 1178 pater
1012 1109 1066 1163 in
1090 1122 1156 1164 eo
1182 1113 1297 1172 est,
1327 1114 1383 1162 et
1411 1122 1506 1177 per
1550 1106 1727 1177 ipsum
1767 1112 2043 1178 operatur.

449 1202 593 1277 Ergo
615 1207 704 1261 ubi
726 1205 863 1263 dixit
882 1207 1126 1281 potentia:
1176 1221 1315 1272 sine,
1343 1205 1455 1262 illic
1496 1204 1812 1277 intelligitur
1864 1207 2044 1277 Deus,

456 1302 541 1357 cui
569 1300 776 1358 scilicet
801 1301 984 1359 subdit
1006 1302 1256 1360 universa
1282 1344 1298 1369 ,
1321 1310 1375 1357 et
1397 1311 1615 1372 propter
1642 1300 1745 1358 hoc
1769 1311 2047 1373 operatur,

448 1402 510 1449 ut
547 1394 720 1465 possit
763 1395 925 1451 etiam
977 1394 1229 1451 universa
1275 1392 1349 1448 illi
1404 1392 1655 1451 subdere.
1686 1392 1839 1463 Quod
1868 1400 2047 1450 autem

444 1486 585 1543 dixit
637 1488 802 1543 etiam
854 1487 1140 1553 universa,
1188 1485 1425 1542 refertur
1444 1485 1509 1541 ad
1562 1482 1613 1543 id
1663 1485 1807 1558 quod
1833 1488 1948 1560 ipse
1971 1486 2050 1543 illi

447 1580 715 1636 subditus.
738 1578 872 1636 Nam
890 1580 1115 1637 verbum
1142 1578 1327 1651 utique
1350 1579 1493 1652 quod
1515 1578 1761 1635 Christus
1778 1579 1858 1651 (2)
1881 1622 1896 1647 ,
1924 1577 2050 1636 sub.

447 1673 620 1731 ditum
650 1684 733 1731 cst
764 1676 875 1730 Deo
896 1717 910 1742 ,
939 1682 1024 1731 est
1044 1674 1188 1730 enim
1237 1672 1379 1731 Deus
1426 1674 1695 1745 potentior
1728 1673 1826 1746 (5).
1877 1670 1946 1728 Et
1995 1672 2050 1730 id

448 1772 636 1841 inultis
674 1771 956 1844 probatum
988 1770 1151 1827 rebus
1197 1778 1280 1827 est
1326 1768 1427 1842 (l).
1462 1768 1558 1826 ille
1591 1778 1674 1826 est
1716 1768 1806 1840 qui
1854 1768 2049 1835 mittit,

2145 550 2201 607 id
2232 553 2400 623 ipsum
2426 569 2608 624 sapere
2632 552 2687 608 in
2708 552 2953 611 Domino.
2985 553 3056 612 Ut
3076 564 3134 612 et
3157 552 3288 626 ipsae
3319 555 3552 614 fteminte
3581 572 3743 613 unum

2144 645 2354 716 sapiant
2380 646 2432 701 in
2462 643 2712 714 Domino,
2748 646 2798 703 id
2824 656 2909 704 est
2946 659 3002 703 ut
3034 644 3307 706 Christum
3331 649 3635 716 credentes,
3684 665 3749 706 ea

2144 753 2265 807 quae
2288 737 2354 793 de
2378 738 2657 810 evangelio
2681 750 2807 796 sunt
2832 740 2973 797 circa
3003 735 3277 799 Christum
3304 738 3541 799 sentiant
3580 751 3634 799 et
3660 738 3747 799 in-

2147 826 2406 901 telligant.
2452 828 2559 887 Sed
2600 847 2749 904 rogo,
2807 831 3001 904 inquit,
3053 832 3362 905 exprimens
3413 828 3750 905 profuturum

2148 924 2274 982 illis.
2304 922 2420 982 Non
2447 928 2588 982 enim
2618 924 2845 993 mando,
2875 940 2982 982 non
3006 926 3211 1000 impero
3230 970 3246 997 ,
3279 924 3373 985 sed
3403 943 3556 1001 rogo.

2222 1016 2386 1078 Vens.
2415 1023 2467 1077 '5.
2498 1053 2572 1063 —-
2599 1018 2627 1076 Ι
2636 1032 2686 1077 ια
2716 1022 2944 1091 obsecro,
2976 1034 3021 1078 et
3048 1034 3113 1089 te,
3137 1040 3375 1097 germane
3402 1023 3619 1099 unijuge
3643 1020 3756 1097 (2),

2148 1113 2338 1189 adjuua
2374 1115 2495 1171 illas
2524 1132 2635 1186 qua
2663 1114 3016 1173 laboraverunt
3059 1112 3213 1173 simul
3240 1135 3436 1173 mecum
3483 1119 3537 1173 in
3581 1117 3760 1173 Evan-

2148 1208 2324 1281 gelia,
2377 1225 2491 1264 cum
2546 1207 2804 1265 Clemente
2851 1220 2897 1265 et
2956 1211 3152 1266 ceteris
3203 1204 3528 1283 adjutoribus
3604 1212 3757 1280 meis,

2149 1318 2365 1373 quorum
2406 1303 2614 1358 nomina
2659 1310 2780 1357 sunt
2820 1303 2874 1357 in
2922 1300 3053 1359 libro
3101 1304 3235 1360 uitta.
3305 1304 3477 1375 Supra
3518 1304 3759 1362 diximus

2152 1392 2577 1465 Epaphroditum
2629 1394 2943 1467 promisisse
2990 1402 3275 1452 venturmn
3332 1396 3400 1452 ad
3440 1392 3765 1469 Philippen-

2150 1500 2240 1543 ses
2269 1503 2282 1541 :
2339 1497 2523 1558 postea
2550 1488 2788 1545 ostendit
2810 1486 2955 1562 quod
2976 1506 3100 1545 eum
3147 1489 3392 1558 miserit,
3424 1506 3548 1547 cum
3577 1490 3723 1547 dixit
3743 1530 3764 1562 ,

2151 1580 2476 1652 festinantius
2507 1583 2676 1654 itaque
2695 1583 2814 1638 misi
2828 1601 2962 1640 eum.
2994 1581 3138 1657 Ergo
3159 1582 3313 1656 quasi
3336 1584 3438 1642 hoc
3455 1580 3715 1658 adjicitur
3743 1627 3765 1656 ,

2155 1680 2210 1726 ut
2223 1681 2278 1728 et
2291 1672 2465 1744 ipsum
2480 1673 2533 1729 in
2557 1674 2781 1747 epistola
2799 1674 3109 1733 mandatum
3125 1676 3338 1747 habeat,
3357 1690 3618 1752 rogetque
3633 1695 3767 1736 eum

2153 1772 2314 1837 atque
2341 1766 2625 1837 obsecret,
2662 1777 2720 1825 ut
2749 1770 2870 1826 illas
2912 1766 3120 1827 scilicet
3148 1770 3395 1827 heminas
3421 1768 3767 1830 Eucbodiam

450 1863 538 1920 hic
556 1864 647 1935 qui
674 1863 904 1921 mittitur
932 1878 947 1920 :
975 1862 1068 1919 ille
1090 1871 1263 1934 pater,
1289 1860 1377 1918 hic
1405 1859 1547 1918 illius
1579 1881 1592 1918 :
1617 1861 1705 1918 hic
1745 1877 1840 1932 per
1886 1876 2044 1933 quem
2078 1864 2123 1930 Β
2151 1869 2205 1916 et
2228 1860 2539 1934 Syntychen
2566 1873 2781 1921 moneat
2807 1864 2860 1921 id
2880 1864 3057 1937 ipsum
3086 1881 3277 1937 sapere
3301 1866 3356 1922 in
3382 1864 3631 1925 Domino.
3659 1862 3770 1925 Ad-

446 1956 693 2026 operatio
720 1964 833 2021 est,
870 1954 961 2012 ille
990 1961 1266 2028 operator.
1323 1952 1464 2026 Ergo
1511 1955 1611 2010 ista
1656 1952 1742 2028 (5)
1779 1954 1823 2010 si
1845 1952 1924 2010 sic
1951 1954 2052 2009 ha-

450 2048 579 2105 bent
604 2092 618 2115 ,
649 2048 900 2105 Christus
921 2048 988 2104 ad
1023 2050 1192 2104 Deum
1241 2056 1300 2105 ut
1325 2047 1442 2119 ipse
1466 2046 1520 2104 ei
1540 2046 1784 2103 subditus
1832 2046 1922 2103 sit.
1962 2045 2054 2103 Sic

448 2142 592 2197 enim
613 2141 820 2199 dictum
851 2143 905 2198 in
948 2141 1187 2213 Epistula
1228 2140 1297 2197 ad
1340 2138 1655 2197 Corinthios
1682 2140 1856 2214 prima
1885 2158 1898 2194 :
1928 2155 2051 2197 cum

447 2248 579 2290 vero
608 2233 853 2306 subjecta
883 2233 1083 2292 fuerint
1103 2233 1181 2289 illi
1209 2233 1389 2289 omnia
1413 2275 1428 2301 ,
1453 2239 1582 2288 tunc
1633 2231 1750 2304 ipse
1801 2230 2052 2288 subditus

446 2331 550 2386 erit
572 2330 654 2395 ei,
675 2329 765 2401 qui
794 2328 898 2386 sibi
919 2326 1160 2387 subdidit
1186 2328 1408 2383 omnia:
1442 2334 1501 2383 ut
1535 2325 1677 2382 Deus
1698 2325 1771 2383 sit
1795 2328 1976 2382 omnia
1997 2326 2053 2383 in

448 2419 721 2476 omnibus.
779 2419 863 2476 An
918 2420 1012 2476 ille
1064 2432 1259 2476 sensus
1282 2427 1396 2486 est,
1449 2414 1593 2490 quod
1639 2416 1774 2475 dixit
1805 2427 1860 2474 ut
1887 2418 2060 2490 possit

448 2514 647 2583 etiam,
679 2523 737 2571 ut
759 2528 866 2571 non
893 2514 1069 2570 solum
1121 2511 1440 2585 aequiforme
1484 2526 1681 2584 corpus
1737 2512 2054 2570 humilitatis

452 2616 654 2665 nostra:
685 2605 880 2674 faciat.
912 2606 1010 2667 sed
1049 2606 1213 2665 etiam
1242 2608 1418 2681 possit
1444 2607 1517 2662 illi
1541 2607 1723 2663 omnia
1777 2604 2056 2664 subdere?

448 2703 728 2774 Superatis
749 2702 894 2759 enim
926 2701 1214 2768 omnibus,
1242 2716 1365 2772 qure
1401 2708 1495 2756 aut
1515 2699 1751 2757 carnalia
1795 2707 1924 2758 sunt
1963 2709 2058 2757 aut

447 2803 747 2865 creatum,
786 2806 841 2853 et
881 2795 1138 2861 mutatis,
1189 2792 1402 2851 subdita
1447 2792 1698 2850 universa
1753 2788 2056 2851 redduntur

452 2889 710 2962 potentia:
739 2890 832 2946 Dei
852 2934 866 2954 ,
895 2905 991 2962 per
1019 2904 1180 2955 quam
1207 2886 1455 2945 Christus
1480 2894 1757 2960 operatur.

522 2980 653 3038 Car.
670 2981 1004 3040 lV.—-—Vsns.
1022 2980 1477 3054 l.——!,[uapropter,
1508 2983 1691 3053 fratres
1716 2978 2053 3047 dilectissimi,

452 3076 700 3148 gaudium
721 3085 766 3132 et
787 3092 977 3132 corona
997 3090 1127 3140 mea,
1152 3073 1409 3129 consistite
1426 3072 1480 3128 in
1502 3071 1727 3129 Domino
1743 3069 1844 3147 (6).
1863 3070 2054 3130 Omnis

450 3170 624 3226 virtus
655 3171 707 3225 in
736 3168 1045 3226 christianis
1071 3167 1307 3224 charitas
1329 3177 1413 3224 est
1432 3178 1488 3223 et
1515 3166 1754 3236 dilectio,
1790 3182 1912 3238 quae
1939 3167 2056 3225 fieri

2148 1952 2274 2025 juva
2308 1996 2322 2021 ,
2380 1955 2550 2028 inquit
2580 2000 2594 2025 ,
2629 1956 2746 2013 illas
2772 1974 2892 2030 quae
2941 1958 3192 2015 laborant
3245 1954 3404 2016 simul
3460 1975 3675 2018 mecum
3707 1960 3767 2017 in

2162 2046 2478 2120 Evangelio.
2525 2048 2813 2120 Quomodo
2851 2050 3097 2109 laborant
3124 2052 3179 2109 in
3219 2052 3566 2127 Evangelia?
3620 2064 3680 2112 ut
3707 2063 3769 2112 et

2154 2139 2288 2212 ipsa:
2317 2141 2404 2199 vel
2457 2142 2633 2215 ipsum
2672 2142 3021 2218 Evangelium
3054 2144 3198 2219 quod
3227 2163 3329 2221 ego
3372 2144 3639 2205 adnuntio
3667 2165 3770 2223 ag-

2154 2243 2420 2304 noscant,
2449 2235 2755 2293 custodiant
2785 2280 2800 2304 ,
2832 2248 3048 2295 servent
3074 2255 3090 2306 ;
3132 2238 3216 2296 vel
3245 2239 3376 2312 ipsa:
3402 2240 3764 2311 adnuntient,

2154 2337 2400 2385 asserant
2428 2372 2442 2398 ,
2496 2328 2867 2405 evangelizent
2897 2349 2913 2392 ς
2967 2348 3064 2405 pro
3092 2328 3255 2391 modo
3285 2335 3428 2390 enim
3475 2334 3768 2411 loquentes

2155 2415 2225 2476 de
2279 2420 2561 2495 evangelio
2585 2467 2600 2491 ,
2653 2424 2707 2480 id
2731 2428 2815 2481 est
2832 2423 2900 2481 de
2918 2424 3135 2483 Christo
3160 2436 3211 2484 et
3243 2426 3311 2484 de
3356 2429 3617 2501 mysterio
3650 2439 3769 2488 toto

2157 2511 2531 2583 evangelizant
2559 2515 2720 2572 etiam
2743 2515 3000 2574 foeminae.

2229 2602 2469 2677 Denique
2490 2607 2567 2663 sic
2587 2607 2831 2682 adjungit
2847 2627 2962 2665 cum
2984 2604 3239 2666 Clemente
3263 2618 3309 2666 et
3330 2614 3530 2670 caeteris
3554 2614 3768 2686 adjuto-

2156 2695 2297 2752 ribus
2324 2698 2468 2767 meis,
2500 2716 2735 2771 quorum,
2784 2703 2979 2776 inquit,
3010 2705 3220 2760 nomina
3248 2706 3301 2759 in
3344 2702 3476 2763 libro
3505 2708 3642 2765 uiue.
3685 2708 3767 2767 Ita

2156 2790 2301 2845 enim
2324 2794 2638 2864 mysterium
2662 2805 2923 2853 memorat
2943 2795 3086 2868 quod
3108 2812 3319 2866 omnes,
3343 2796 3434 2871 qui
3454 2797 3523 2856 de
3544 2794 3769 2859 Christo

2159 2882 2319 2940 ﬁdem
2343 2885 2563 2955 habent,
2592 2899 2645 2946 et
2677 2890 2728 2946 in
2757 2904 2823 2948 eo
2851 2890 3009 2947 iidem
3040 2891 3257 2959 habent,
3281 2901 3337 2949 et
3356 2890 3652 2964 loquuntur
3675 2902 3767 2951 at-

2158 2990 2263 3047 que
2287 2977 2563 3038 insinuant
2609 2980 2767 3041 fidem
2814 2984 2985 3055 ipsam
3019 2983 3070 3039 in
3101 2980 3372 3043 Christum
3403 2985 3715 3046 hominibus
3743 3029 3768 3060 ,

2158 3070 2307 3127 velut
2325 3070 2599 3144 adjutores
2621 3084 2747 3132 sunt
2771 3072 3118 3149 evangelistis
3146 3095 3159 3131 :
3188 3083 3391 3136 etcum
3416 3080 3486 3136 ita
3518 3081 3622 3138 hoc
3647 3082 3720 3137 sit
3744 3121 3767 3151 ,

2156 3162 2264 3234 jam
2290 3165 2342 3220 in
2367 3166 2502 3223 libro
2523 3178 2648 3225 sunt
2699 3171 2918 3226 nomina
2948 3180 3135 3226 eorum
3184 3171 3326 3244 apud
3356 3170 3522 3230 Deum
3551 3216 3567 3242 ,
3611 3168 3765 3247 quod

453 3276 561 3319 non
593 3271 770 3335 potest
795 3263 841 3318 si
871 3276 978 3318 non
1018 3276 1179 3317 unam
1211 3260 1500 3317 essentiam
1531 3259 1766 3316 habeant
1791 3266 1847 3316 et
1872 3261 1924 3316 in
1953 3275 2059 3318 uno
2084 3259 2129 3325 C
2165 3257 2219 3312 in
2247 3258 2353 3314 vita
2379 3268 2579 3318 aeterna
2606 3260 2770 3319 futuri
2797 3264 2925 3320 sint.
2947 3258 3108 3320 latum
3136 3272 3314 3321 autem
3341 3280 3462 3322 esse
3488 3258 3772 3339 Epaphro-

452 3359 772 3424 consistant,
795 3374 958 3413 unum
985 3356 1299 3418 sentientes;
1320 3353 1463 3424 quod
1477 3363 1559 3411 est
1577 3369 1719 3409 nunc
1738 3355 1793 3409 in
1816 3353 2055 3425 Domino,

448 3452 645 3524 inquit,
678 3451 957 3520 consistite,
980 3466 1009 3505 ο
1031 3450 1215 3521 fratres
1239 3447 1574 3503 dilectissimi.
1603 3446 1681 3503 Ex
1703 3462 1809 3519 quo
1834 3448 2060 3520 intelligi

450 3547 579 3604 licet
626 3562 787 3603 unum
826 3542 949 3603 illos
977 3544 1117 3602 velle
1150 3556 1342 3616 sapere
1369 3540 1587 3614 quando
1614 3543 1824 3615 fratres,
1856 3543 2054 3613 inquit,

452 3638 791 3697 dilectissimi.
832 3638 946 3696 Hoc
994 3640 1137 3695 enim
1179 3634 1453 3709 provenit,
1497 3646 1554 3690 ut
1593 3647 1653 3692 se
1682 3636 1909 3692 invicem
1937 3633 2060 3692 dili-

453 3746 579 3808 gant
610 3734 699 3806 qui
732 3748 895 3790 unum
927 3731 1185 3798 sentiunt,
1217 3738 1270 3786 et
1298 3728 1351 3783 in
1386 3741 1494 3783 uno
1524 3728 1846 3785 consistunt.
1869 3727 1927 3785 In
1952 3744 2059 3800 quo

453 3828 576 3885 illo?
597 3828 651 3883 in
666 3826 894 3895 Christo
911 3825 1137 3881 scilicet.
1161 3822 1296 3880 Cum
1319 3820 1463 3877 enim
1488 3818 1648 3878 ﬁdem
1670 3837 1860 3878 omnes
1880 3836 2061 3892 (equa-

452 3921 639 3978 literin
658 3919 874 3977 Christo
894 3919 1143 3985 habeant,
1167 3915 1220 3972 in
1240 3916 1333 3972 illo
1354 3915 1673 3973 consistunt.
1698 3914 1849 3985 Quod
1868 3917 1910 3973 si
1937 3930 2053 3984 vos,

455 4031 490 4072 ο
514 4013 904 4085 Philippenses,
938 4010 989 4067 id
1025 4009 1281 4078 feceritis,
1311 4008 1462 4066 eritis
1493 4007 1746 4082 gaudium
1791 4024 1969 4066 meum
2005 4016 2057 4065 et

457 4120 657 4163 corona
691 4120 831 4163 mea.

425 4265 434 4276 ’
528 4259 1111 4341 (υςοάιίςσοφκιοη
1237 4330 1285 4341 ..
1529 4328 1540 4341 .

532 4326 610 4410 (2)
634 4335 888 4410 Sequitur
909 4326 960 4389 in
977 4329 1135 4388 codd.
1166 4342 1214 4387 et
1237 4330 1379 4404 λόγος
1404 4328 1540 4400 quod
1567 4336 1638 4383 est
1661 4326 1916 4394 Christus,
1936 4338 2057 4395 qua:

456 4407 593 4465 vana
626 4407 875 4477 repetitio
906 4413 1009 4460 est.

531 4475 807 4553 (synodo,
841 4475 1149 4553 pogtentius_._
1295 4544 1355 4553 ___
1402 4550 1409 4553 Α
1486 4542 1498 4553 _
1544 4542 1556 4553 .
1604 4541 1617 4553 _
1697 4548 1707 4553 Α
1747 4540 1759 4553 ν

532 4539 609 4624 (4)
652 4549 807 4619 Quod
826 4539 1109 4624 attulerat!
1136 4546 1276 4601 hanc
1295 4542 1558 4624 Victorini
1585 4539 2054 4624 doctrinamsub-

460 4613 1071 4696 sequentemqueljauii
1088 4626 1299 4696 textum
1331 4657 1359 4696 ,_
1380 4614 1674 4696 audiamus.
1696 4613 2048 4696 Augustin-um

460 4682 650 4766 qnz'rst.
680 4692 768 4766 69,
795 4682 864 4746 ex
884 4692 996 4766 ὅδε
1028 4689 1229 4766 Regula
1257 4687 1522 4766 catholica:
1554 4684 1773 4766 ﬁdeisic
1794 4700 1848 4737 se
1878 4682 2045 4766 habet,

459 4755 528 4839 ut
546 4778 661 4819 cum
681 4755 853 4834 aliqua
879 4765 931 4817 in
959 4755 1243 4839 Scripturis
1290 4760 1531 4839 dicuntur
1550 4758 1617 4839 de
1634 4756 1742 4839 ﬁlio
1772 4798 1790 4838 ε
1820 4755 2051 4839 ᾳίιοᾴιςξι

460 4838 628 4891 minor
658 4826 800 4905 patre
828 4874 842 4897 ,
885 4826 1166 4888 secundum
1182 4832 1555 4905 susceptionem
1597 4827 1819 4905 [laminis
1856 4826 2053 4881 intelli-

461 4900 695 4981 gantur}
748 4921 866 4959 cum
890 4920 1112 4981 ueroea
1131 4905 1372 4981 dicuntur
1404 4944 1418 4969 ,
1450 4902 1630 4981 quibus
1670 4900 2052 4981 demonstratur

458 4968 692 5054 (vagantis,
717 4977 990 5054 secundum
1016 4977 1070 5030 id
1095 4976 1231 5054 quod
1246 4976 1382 5054 Deus
1406 4968 1485 5029 est
1521 4968 2050 5054 accipianturJde‘m-

460 5041 565 5122 que
586 5041 914 5119 Augusdnns
938 5041 1123 5122 contra
1144 5044 1508 5122 Maximinum,
1528 5058 1572 5122 ιἱ
1602 5043 1695 5122 18:
1718 5041 1922 5122 Scimus
1943 5041 2051 5122 die:

464 5113 574 5179 tum
619 5113 728 5179 esto
773 5129 985 5192 patrem
1023 5118 1134 5192 ﬁlio
1155 5118 1404 5188 majorem
1431 5157 1446 5184 ,
1487 5117 1606 5192 quia
1645 5116 1701 5170 in
1726 5115 1896 5192 [arma
1922 5113 2055 5167 servi

462 5205 569 5250 erat
592 5195 732 5254 ﬁlius
762 5185 785 5257 ζ
828 5201 874 5246 et
894 5185 1138 5244 adhucin
1170 5185 1336 5260 forma
1364 5199 1438 5244 est
1475 5185 1705 5260 humana
1729 5185 1869 5260 ﬁlius
1896 5200 2051 5260 quam

463 5267 641 5322 levavit
664 5267 718 5319 in
747 5262 949 5320 astant.
978 5258 1215 5329 Denique
1242 5260 1623 5331 Hieronymus,
1650 5258 1847 5327 dialog.
1870 5271 1930 5331 _t,
1961 5258 2048 5323 18,

463 5345 649 5394 etmtra
679 5337 856 5407 Pelag.
889 5352 904 5391 :
938 5333 1078 5390 Deus
1102 5326 1188 5388 cui
1216 5330 1362 5410 docet
1381 5326 1816 5410 Apostolusjuata
1843 5326 2053 5410 dispen-

462 5414 709 5466 sationem
734 5396 906 5463 car'nis
931 5416 1208 5475 assumpta:
1229 5396 1602 5476 subjiciendum
1625 5396 1809 5476 ﬁlium.
1832 5396 1909 5476 _Et
1928 5396 2052 5471 qui-

463 5483 586 5539 dem
617 5483 737 5537 heic
765 5480 943 5534 valent
980 5470 1207 5554 aliorum
1255 5470 1470 5554 quoque
1500 5471 1800 5554 persimiles
1832 5470 2051 5554 Patrum

461 5557 810 5610 auctoritates
835 5554 1093 5607 adversus
1110 5541 1339 5606 Arianos
1367 5541 1771 5616 olim'prolatae,
1787 5543 1877 5614 qui
1902 5541 2052 5599 Pauli

466 5627 646 5683 verbis
674 5624 1052 5681 abutebantur.

563 5695 935 5770 Eiwd-i‘s
1126 5763 1144 5770 -

563 5702 621 5767 5)
641 5702 809 5752 Codd.
842 5702 935 5750 ita.

536 5702 619 5840 i6)
652 5767 835 5841 Vulg”
869 5763 1047 5841 Itaque
1071 5806 1087 5832 ,
1116 5763 1299 5836 fratres
1346 5761 1444 5816 mei
1481 5757 1776 5816 charissimi
1797 5799 1814 5827 ,
1843 5765 1891 5841 et
1917 5754 2056 5841 desi-

462 5837 807 5906 deratissimi’,
840 5837 1087 5908 gaudium
1133 5852 1297 5892 meum
1326 5842 1371 5891 et
1400 5850 1589 5890 corona
1612 5848 1725 5888 mea
1749 5847 1765 5897 ;
1819 5837 1895 5886 sic
1920 5837 2054 5885 state

465 5909 768 5987 in_Domino
792 5949 809 5980 ,
839 5909 1145 5965 charissimi.

2162 3348 2354 3422 ditum,
2377 3356 2463 3411 cui
2486 3358 2585 3413 ista
2612 3354 2833 3416 mandat
2855 3369 2909 3414 ut
2934 3358 3151 3429 adjuvet
3175 3358 3423 3421 loeminas
3446 3363 3771 3434 superiores

2162 3455 2221 3501 ut
2244 3463 2407 3504 unum
2435 3452 2689 3507 sentiant.
2735 3452 2869 3509 illnc
2899 3453 3126 3531 intelligi
3146 3455 3271 3514 licet
3301 3452 3425 3529 quia
3450 3452 3589 3513 dixit
3616 3499 3634 3525 ,
3667 3455 3772 3513 ob-

2163 3558 2318 3600 secro
2349 3553 2399 3602 te
2439 3562 2652 3619 queque
2675 3599 2689 3617 ,
2714 3562 2972 3622 germane
2990 3551 3206 3625 nnijuge
3238 3571 3254 3623 ;
3306 3548 3501 3625 quippe
3548 3545 3618 3608 de
3646 3553 3770 3624 ipso

2163 3650 2324 3708 supra
2349 3638 2427 3695 sic
2471 3638 2683 3698 locutus
2712 3650 2795 3699 est
2828 3662 2840 3698 :
2873 3642 3234 3701 Necessarium
3260 3655 3427 3701 tamen
3473 3645 3773 3702 existimaui

2165 3729 2579 3803 Epaphroditum
2616 3737 2827 3808 fratrem
2856 3755 3021 3793 meum
3046 3735 3437 3795 commilitonem
3475 3754 3670 3794 meum.
3690 3742 3772 3796 lla

2163 3823 2233 3878 ibi
2266 3823 2487 3882 fratrem
2516 3869 2530 3895 ,
2561 3825 2649 3884 hic
2677 3827 2810 3886 dixit
2831 3848 3069 3903 germane
3102 3851 3114 3888 :
3147 3849 3308 3904 supra
3341 3831 3478 3889 dixit
3504 3833 3774 3888 commili-

2164 3922 2366 3971 tonem:
2400 3917 2485 3974 hic
2528 3917 2666 3975 dixit
2707 3922 2939 3995 unijuge.

2233 4008 2400 4069 Vens.
2425 4013 2481 4079 4,
2505 4015 2559 4071 5.
2580 4044 2650 4056 ——
2667 4014 2924 4085 Gaudete;
2953 4014 3201 4075 modestia
3228 4027 3396 4075 vestra
3412 4029 3536 4075 nota
3559 4016 3627 4076 sit
3658 4035 3780 4076 om-

2163 4103 2309 4160 nibus
2339 4107 2646 4165 hominibus.
2678 4108 2791 4167 Hoc
2820 4122 2903 4169 est
2929 4111 3075 4186 quod
3094 4128 3430 4186 consequens
3472 4108 3563 4181 sit,
3587 4124 3651 4169 ut
3679 4112 3778 4185 qui

2163 4214 2326 4256 unum
2356 4204 2613 4272 sentiunt,
2664 4215 2717 4261 et
2759 4206 2811 4261 in
2858 4222 2965 4264 uno
2994 4205 3155 4264 fidem
3179 4202 3401 4277 habent,
3440 4208 3510 4264 de
3538 4206 3777 4266 Domino

2161 4295 2449 4368 gaudeant,
2477 4306 2533 4354 et
2561 4313 2777 4371 semper
2803 4300 2912 4356 cari
2953 4301 3055 4357 sibi
3083 4298 3310 4358 invicem
3345 4296 3475 4357 sint.
3509 4298 3773 4372 Gaudete,

2162 4390 2352 4461 inquit,
2390 4397 2443 4445 in
2472 4388 2720 4449 Domino.
2750 4389 2942 4449 Parum
2971 4393 3112 4449 istud
3143 4403 3246 4462 est;
3274 4393 3439 4450 denuo
3469 4392 3612 4461 dico,
3634 4412 3773 4467 gast-

2160 4484 2292 4541 dcte.
2325 4483 2458 4542 Cum
2488 4489 2633 4543 enim
2666 4487 2844 4559 juncti
2889 4486 3021 4546 eStis
3062 4487 3251 4557 corde,
3281 4484 3335 4546 in
3384 4489 3618 4546 Domino
3644 4505 3779 4563 gau-

2160 4581 2333 4637 detis:
2382 4593 2436 4638 et
2469 4599 2591 4639 cum
2646 4583 2892 4656 gaudetis
2937 4583 2988 4640 in
3024 4580 3463 4657 Domino,juncti
3490 4584 3658 4641 corde
3685 4600 3777 4640 es-

2075 4667 2128 4728 D
2157 4676 2243 4741 tis,
2278 4688 2332 4733 et
2367 4678 2662 4735 consistitis
2688 4679 2741 4734 in
2776 4677 3026 4736 Domino.
3059 4674 3336 4748 Modestia,
3380 4680 3575 4752 inquit,
3602 4689 3776 4735 uestra

2154 4782 2276 4827 nota
2315 4774 2382 4828 sit
2418 4775 2652 4830 omnibus
2695 4774 3005 4830 hominibus.
3036 4770 3201 4829 Valde
3229 4776 3376 4833 enim
3412 4773 3483 4830 ad
3513 4775 3773 4831 meritum

2156 4867 2281 4922 vitae
2334 4862 2527 4923 futura:
2578 4866 2814 4937 pertinet
2872 4877 2928 4923 et
2990 4866 3059 4922 ad
3111 4882 3332 4938 regnum
3386 4867 3442 4923 in
3491 4866 3670 4935 cteiis,
3721 4865 3776 4923 si

2159 4959 2403 5018 modeste
2427 4964 2686 5019 vivamus.
2731 4961 2988 5020 Modestia
3017 4961 3159 5019 enim
3206 4958 3441 5034 cognitio
3467 4969 3557 5019 est
3582 4961 3775 5017 uniusa

2152 5058 2415 5127 cujusque
2459 5056 2676 5110 modum
2725 5064 2941 5124 tenens,
2997 5072 3097 5112 nec
3146 5056 3281 5112 ultra
3322 5069 3383 5112 se
3431 5053 3661 5111 tendens
3712 5061 3774 5113 et

2154 5148 2470 5203 extendens.
2501 5148 2710 5204 Etenim
2732 5165 2852 5203 cum
2891 5164 2993 5205 nos
3012 5147 3097 5202 hic
3120 5163 3304 5204 sumus
3324 5188 3340 5215 ,
3397 5146 3771 5205 humilitatem

2156 5249 2394 5297 nostram
2443 5239 2665 5313 (quippe
2694 5256 2817 5298 cum
2851 5241 2904 5296 in
2932 5241 3126 5297 alienis
3156 5240 3371 5314 sumus)
3401 5255 3772 5313 recognosca-

2157 5352 2276 5393 mus
2299 5379 2315 5402 ,
2346 5346 2401 5394 et
2429 5335 2646 5392 modum
2690 5344 2969 5394 teneamus
2994 5334 3311 5392 humilitatis
3355 5343 3555 5391 nostra:
3579 5375 3596 5401 ,
3623 5328 3771 5391 Deus

2157 5428 2459 5486 suhlevabit
2482 5443 2602 5485 nos.
2636 5424 2776 5501 Ergo
2799 5440 2919 5485 nota
2941 5430 3006 5484 sit
3033 5472 3048 5496 ,
3082 5429 3258 5501 inquit
3278 5468 3294 5493 ,
3336 5422 3573 5505 erunibus
3592 5425 3773 5480 homi-

2160 5527 2310 5581 nibus
2337 5525 2587 5580 modestia
2612 5532 2799 5580 cestra.
2845 5522 3023 5592 Quare
3052 5516 3152 5577 hoc
3175 5514 3402 5576 monet?
3440 5529 3500 5574 ut
3529 5514 3619 5573 hic
3649 5517 3773 5588 pla-

2158 5615 2422 5676 ceamus?
2453 5630 2559 5673 non
2597 5635 2613 5675 :
2648 5614 2742 5673 sed
2775 5627 2830 5673 ut
2853 5614 3168 5688 cognoverit
3195 5608 3441 5668 Christus
3486 5604 3771 5666 humilita-

2163 5724 2270 5770 tem
2292 5722 2562 5779 nostram,
2596 5711 2803 5782 erigat,
2831 5718 2886 5766 et
2914 5707 3230 5765 modestiam
3259 5702 3538 5774 susipiat.

2235 5828 2311 5901 (i)
2343 5827 2497 5901 Euig.
2533 5825 2786 5880 Evodiam
2823 5840 2948 5896 rogo
2970 5832 3017 5880 et
3044 5818 3344 5896 Syntycltcn
3366 5823 3640 5890 deprecor.

2235 5830 2283 5901 (l
2343 5830 2497 5896 Vulg.
2533 5830 2786 5880 Evodiant

2235 5830 2312 5972 (Si
2342 5896 2527 5971 Vulg,
2561 5913 2790 5969 compar.
