4010 6306
266 322 409 382 ηερ

1172 324 1237 384 IN
1278 326 1667 387 EPISTOLAM
1709 318 1916 386 PAULI
1953 327 2045 385 AD
2084 330 2593 398 PHILIPPENSES.

3427 349 3566 407 £250

331 438 470 511 Quid
512 444 656 499 enim
687 441 978 517 'adjungit?
1023 444 1278 502 Dominus
1319 464 1480 521 prope
1516 457 1611 504 est.
1660 444 1846 519 Magna
1875 448 1930 509 Α
1962 447 2134 506 lectus
2167 451 2448 510 nobiscum
2478 464 2578 511 est.
2605 455 2706 525 Qui
2736 458 2879 513 enim
2901 457 3064 514 Deum
3095 459 3363 533 intelligit,
3384 467 3568 522 omnia

259 533 565 590 exhortatio
586 550 944 608 magnumque
961 547 1290 611 pneceptum
1317 551 1368 595 et
1400 555 1466 595 ex
1490 554 1617 597 vero
1635 549 1688 594 ct
1713 555 1777 594 ex
1805 537 1861 595 vi

259 622 647 695 persuasionis.
680 624 813 682 Cum
834 626 976 683 enim
1005 630 1114 698 jam
1147 631 1427 687 immineat
1450 628 1718 702 judicium
1746 671 1763 699 ,
1809 636 1866 685 et

258 716 379 772 ﬁnis
404 716 558 775 istius
580 716 702 775 vine
728 719 977 778 tinnitibus
999 722 1273 792 adventet,
1297 739 1416 780 esse
1439 722 1591 780 nobis
1612 737 1863 795 propera-

255 813 330 866 tio
351 808 529 881 debet,
556 818 613 868 ut
633 814 687 868 et
704 808 857 868 bonis
872 813 1110 872 moribus
1127 831 1422 888 magnaque
1439 814 1701 871 modestia
1717 813 1864 869 viva-

258 919 410 959 mus:
437 919 601 975 prope
618 904 758 960 enim
776 914 855 961 est
875 905 1127 976 judicium
1152 915 1311 977 atque
1332 905 1592 963 adventus
1625 903 1857 961 Domini.

329 995 495 1053 Vens.
542 997 595 1053 6.
635 1028 708 1040 —
746 996 898 1054 Nihil
935 998 1004 1054 ad
1043 996 1441 1056 sollicitudinem
1486 1000 1730 1073 redigatis
1758 997 1859 1072 (Ι).

254 1086 313 1145 Id
357 1094 440 1146 est
480 1102 581 1146 nec
623 1104 808 1147 curam
840 1093 1001 1148 vestri
1051 1091 1317 1159 habeatis,
1366 1109 1501 1149 neve
1546 1091 1613 1149 de
1661 1094 1862 1148 mundo

256 1180 648 1254 mundanisqne
678 1185 841 1239 rebus
863 1184 1113 1255 cogitetis
1137 1192 1227 1241 aut
1252 1184 1465 1242 solliciti
1493 1185 1644 1243 sitis:
1678 1185 1859 1239 oniiiia

255 1278 400 1333 enim
452 1278 751 1334 necesSaria
783 1278 957 1347 vobis,
996 1288 1049 1335 et
1097 1294 1241 1336 nunc
1274 1281 1325 1335 in
1361 1279 1464 1336 hoc
1510 1280 1635 1336 vitae
1661 1295 1861 1351 genere

254 1374 509 1440 procurat
551 1370 711 1438 Deus,
758 1378 812 1427 et
846 1371 1070 1428 meliora
1120 1368 1173 1427 in
1205 1372 1295 1427 illa
1345 1372 1450 1427 vita
1492 1389 1611 1445 qua:
1657 1381 1862 1428 aeterna

254 1470 359 1521 est.
406 1460 513 1521 Sed
552 1465 608 1519 in
658 1466 797 1521 omni
844 1466 1136 1535 precatione
1182 1476 1230 1522 et
1274 1467 1505 1523 oratione
1550 1485 1669 1524 cum
1727 1466 1860 1524 bona

252 1550 423 1626 gratia
447 1553 524 1628 (2)
549 1552 815 1629 petitiones
840 1570 1020 1614 vestrm
1047 1560 1361 1616 innotescunt
1388 1562 1532 1632 apud
1562 1560 1750 1617 Deum.
1789 1560 1858 1619 Ut

252 1648 432 1704 omnis
461 1651 600 1705 actio
615 1649 727 1721 jam
758 1646 1046 1707 Christiani
1076 1648 1248 1707 ﬁdelis
1271 1658 1319 1708 et
1342 1648 1469 1709 boni
1499 1661 1552 1708 et
1585 1650 1807 1724 perfecti
1836 1693 1851 1719 ,

253 1738 467 1799 omissis
481 1738 733 1800 omnibus
760 1738 1209 1801 sollicitudinithS
1230 1745 1367 1819 (ipsa
1390 1754 1473 1801 est
1488 1748 1629 1801 enim
1655 1763 1859 1804 renun-

1965 540 2245 616 intelligit:
2299 562 2421 601 eum
2472 547 2636 605 Deum
2679 549 2947 622 inteltgil,
2989 551 3364 611 custodiuntur
3405 558 3572 614 corda

1963 633 2080 705 ejus
2101 636 2192 707 qui
2223 636 2491 710 intelligit.
2540 640 2676 697 Item
2706 659 2923 714 corpora
2964 657 3127 701 vestra
3175 648 3230 703 in
3255 646 3384 704 Iesu
3413 649 3569 706 Chri-

1962 738 2039 783 sto
2070 728 2171 802 (i).
2202 731 2340 789 Ecce
2366 742 2421 789 et
2450 734 2536 791 hic
2576 734 2896 806 signiﬁcatio
2926 750 3007 795 est
3034 739 3102 797 de
3134 741 3568 800 resurrectione:

1962 830 2020 876 et
2059 821 2163 878 hoc
2200 841 2415 898 quoque
2454 831 2734 900 prmmium
2780 832 3015 903 positum
3064 832 3148 890 vel
3193 834 3571 895 adnuntiatum

1964 917 2047 972 his
2073 919 2159 989 qui
2197 917 2270 975 ita
2305 931 2518 992 rogant,
2557 932 2612 979 et
2641 925 2710 980 ita
2747 934 3034 996 precantur
3058 944 3181 984 cum
3211 929 3347 986 bona
3374 933 3569 1003 gratia,

1963 1021 2020 1065 ut
2054 1011 2286 1069 habeant
2337 1014 2428 1070 Dei
2473 1031 2680 1086 pacem,
2723 1028 2776 1074 et
2813 1035 3039 1088 corpora
3081 1022 3133 1075 in
3160 1020 3291 1077 Jesu
3331 1022 3567 1079 Christo.

1963 1103 2102 1159 Dixit
2142 1106 2286 1162 enim
2319 1107 2385 1164 de
2414 1109 2577 1165 corde
2610 1118 2628 1178 ,'
2658 1109 2727 1167 de
2755 1111 3061 1181 intellectu,
3089 1112 3232 1184 quod
3260 1115 3570 1171 custodien—

1966 1205 2054 1252 tur
2082 1213 2201 1253 cum
2230 1216 2330 1271 pax
2364 1201 2485 1256 data
2528 1211 2613 1259 est
2642 1221 2654 1257 :
2703 1220 2844 1261 nunc
2872 1204 2941 1261 de
2986 1207 3115 1276 ipsis
3154 1206 3283 1273 illis,
3316 1207 3367 1264 id
3393 1219 3479 1264 est
3501 1208 3572 1265 de

1961 1306 2189 1363 corpore
2229 1294 2298 1349 de
2347 1295 2548 1362 anima;
2595 1312 2835 1367 corpora,
2886 1298 3082 1370 inquit,
3129 1309 3295 1355 vestra
3346 1303 3400 1355 in
3441 1300 3573 1357 Jesu

1962 1380 2203 1441 Christo:
2248 1386 2302 1442 in
2324 1386 2494 1459 ipsius
2520 1387 2663 1444 enim
2701 1389 2985 1459 majestate
3028 1400 3083 1446 et
3112 1391 3312 1448 virtute
3341 1405 3571 1464 corpora

1962 1487 2145 1533 nostra
2174 1489 2321 1546 sunt,
2352 1496 2472 1552 qua:
2503 1497 2624 1537 cum
2649 1482 2768 1554 ejus
2796 1483 3028 1540 adventu
3080 1494 3384 1556 resurgent,
3419 1487 3564 1543 revi-

1960 1571 2185 1640 viscent,
2221 1575 2409 1630 merita
2431 1575 2731 1647 accipient:
2755 1592 2874 1648 qua:
2900 1579 3078 1634 omnia
3121 1589 3280 1635 erunt
3306 1579 3463 1636 nobis
3482 1580 3569 1637 in-

1962 1672 2131 1737 tegra,
2184 1668 2228 1721 si
2274 1667 2364 1723 illa
2403 1679 2671 1741 prmcepta
2702 1685 3002 1736 servemus,
3046 1673 3098 1726 in
3138 1670 3356 1729 Christo
3404 1689 3573 1731 unum

1960 1760 2279 1830 sentientes,
2330 1762 2653 1833 gaudentes,
2706 1765 2958 1834 modesti,
3007 1766 3141 1822 nihil
3191 1768 3573 1827 sollicitudinis

256 1833 430 1931 tiatio)
459 1830 704 1904 precibus
734 1842 889 1931 vacet
911 1840 964 1892 ct
993 1839 1243 1931 orationi.
1270 1838 1466 1894 Preces
1491 1848 1637 1907 sunt,
1669 1854 1858 1911 rogare
1893 1838 1933 1899 Β
1966 1853 2248 1924 habentes;
2294 1830 2356 1912 in—
2380 1857 2525 1914 οηιηῖ
2555 1830 2866 1931 ρνέωιίοηε
2892 1830 2953 1916 εί
2978 1862 3248 1931 oratione,
3281 1877 3402 1919 cum
3430 1863 3574 1920 bona

257 1927 540 1982 Dominum
574 1944 587 1981 :
628 1928 803 1984 oratio
829 1938 913 1986 est
941 1940 994 1986 et
1038 1928 1184 2003 loqui
1210 1944 1332 1987 cum
1368 1948 1524 2003 rogas
1577 1950 1591 1987 :
1632 1932 1745 2003 ipsa
1775 1942 1861 1989 est

253 2022 397 2075 enim
425 2020 596 2076 oratio
619 2062 634 2083 .
668 2036 856 2091 preces
881 2038 1002 2078 cum
1034 2024 1297 2079 oratione.
1357 2023 1463 2081 Sed
1493 2040 1612 2096 qua:
1644 2025 1731 2080 illa
1756 2022 1859 2082 erit

255 2110 431 2169 oratiu
457 2114 482 2170 ἲ
515 2112 716 2186 aliquid
746 2127 935 2187 petens
962 2159 978 2184 ,
1010 2130 1076 2172 an
1103 2114 1233 2173 nihil
1260 2114 1284 2173 ἲ
1312 2112 1450 2186 Quid
1476 2128 1558 2174 est
1594 2116 1734 2190 quod
1769 2135 1859 2190 pe-

257 2216 334 2264 tat
360 2208 453 2265 ille
476 2252 491 2275 ,
532 2210 621 2280 qui
646 2209 754 2280 jam
787 2209 961 2266 ﬁdelis
995 2209 1220 2268 effectus
1251 2212 1416 2268 Deum
1446 2213 1650 2283 rogat?
1684 2208 1858 2281 Quam

258 2304 420 2375 igitur
449 2303 664 2361 habebit
685 2306 984 2362 orationem
1014 2317 1102 2362 aut
1130 2308 1441 2377 petitionem
1461 2348 1477 2375 ,
1509 2302 1707 2379 Quippe
1736 2322 1858 2364 cum

258 2396 656 2455 renuntiaverit
714 2399 963 2456 omnibus
1016 2399 1344 2456 mundanis?
1387 2397 1505 2470 Ipse
1543 2400 1751 2454 monuit
1804 2402 1863 2455 ut

266 2500 486 2547 oremus
511 2499 565 2547 et
615 2504 904 2563 precemur
951 2504 1072 2548 cum
1102 2485 1242 2549 bona
1274 2492 1477 2563 gratia;
1528 2497 1588 2547 ut
1615 2490 1861 2547 omnibus

265 2585 423 2641 nubis
448 2580 621 2641 oratiu
652 2580 705 2641 in
737 2584 987 2658 precibus
1014 2588 1306 2658 gratiarum
1325 2585 1466 2641 actio
1493 2584 1563 2640 sit
1594 2627 1610 2653 ,
1655 2590 1712 2639 ut
1737 2598 1863 2656 gra-

264 2679 366 2735 tias
390 2686 653 2751 agamus;
710 2672 851 2751 quod
905 2679 1180 2737 Consecuti
1211 2689 1413 2734 tantum
1462 2679 1708 2746 donum,
1767 2676 1863 2736 Dei

261 2774 461 2846 pietate
484 2819 499 2843 ,
528 2775 714 2830 simus.
750 2768 861 2831 Hoc
884 2772 1029 2830 enim
1059 2773 1135 2829 ait
1175 2784 1290 2829 cum
1316 2771 1454 2829 bona
1479 2773 1666 2846 gratia.
1718 2769 1864 2827 Bona

263 2870 442 2921 autem
464 2862 701 2937 adjecit,
760 2878 829 2923 ne
864 2864 1017 2922 inviti
1040 2860 1298 2922 faciamus
1324 2907 1340 2932 ,
1398 2865 1493 2921 sed
1516 2878 1645 2921 vere
1663 2864 1865 2937 gratias

264 2966 487 3031 agamns
514 3003 529 3028 ,
578 2966 632 3016 et
656 2958 823 3017 bonas
850 2953 1049 3032 gratias
1090 2960 1287 3017 deinde
1308 2956 1571 3032 adjunxit.
1598 2960 1863 3027 Quoniam

265 3054 440 3110 oratio
461 3062 545 3111 est
574 3057 625 3109 in
650 3050 900 3125 precibus
931 3095 946 3120 ,
992 3064 1113 3126 qua:
1144 3062 1319 3125 potest
1344 3066 1465 3110 esse
1483 3052 1550 3109 de
1577 3053 1715 3109 bona
1744 3069 1866 3126 gra-

269 3151 341 3205 tia
372 3191 386 3215 ,
417 3156 595 3220 potest
616 3144 683 3205 de
702 3147 981 3219 petitione.
1003 3146 1176 3219 Supra
1197 3162 1318 3204 cum
1341 3148 1568 3204 dixisset
1597 3164 1711 3203 cunt
1734 3147 1867 3203 bona

1961 1948 2153 2019 gratia,
2179 1948 2467 2019 petitiones
2487 1959 2699 2008 nostras
2716 1967 2883 2022 penes
2912 1953 3080 2010 Deum
3105 1965 3259 2010 notas
3280 1953 3563 2012 facientes.

2038 2041 2203 2098 Vens.
2234 2043 2292 2110 8,
2315 2042 2368 2100 9.
2402 2074 2472 2084 --
2499 2042 2576 2100 De
2596 2054 2799 2110 scelero,
2821 2049 3028 2118 fratres,
3052 2063 3379 2120 quaecumque
3394 2051 3568 2123 justo,

1963 2150 2292 2204 quiscumque
2315 2148 2523 2205 sancta,
2571 2154 2902 2210 qutecumqtte
2925 2139 3167 2195 notabilia
3195 2182 3209 2208 ,
3240 2157 3570 2211 quacumque

1964 2228 2110 2284 bona
2133 2228 2307 2300 (unite,
2333 2231 2379 2285 si
2421 2247 2525 2302 qua
2558 2231 2738 2299 virtus,
2765 2232 2812 2286 si
2854 2248 2958 2304 qua
3000 2232 3139 2296 laus,
3179 2233 3287 2289 hac
3311 2235 3575 2307 cogitate;

1964 2338 2077 2392 quo:
2099 2332 2147 2378 et
2174 2322 2422 2379 didicistis
2451 2365 2466 2392 ,
2495 2332 2541 2380 et
2560 2324 2831 2394 accepistis
2848 2364 2864 2391 ,
2896 2333 2943 2380 et
2968 2323 3187 2381 audistis
3208 2326 3358 2381 etiam
3379 2326 3435 2381 in
3453 2342 3567 2393 me;

1966 2414 2076 2469 lucc
2103 2416 2270 2486 agite,
2288 2428 2337 2471 et
2364 2414 2506 2472 Deus
2527 2416 2668 2487 pacis
2687 2415 2783 2470 erit
2806 2415 3061 2471 vobiscum
3096 2414 3200 2489 (2).
3231 2414 3421 2472 Docuit
3448 2432 3572 2484 pre-

1966 2524 2059 2565 ces
2089 2511 2276 2582 quales
2317 2509 2612 2566 habeamus
2641 2551 2658 2578 ,
2709 2509 2761 2565 id
2789 2518 2874 2566 est
2915 2525 3038 2566 cum
3068 2509 3208 2565 bona
3237 2510 3406 2582 gratia
3437 2510 3571 2567 item

1966 2603 2416 2674 quemadmodum
2450 2603 2776 2675 petitiones:
2825 2602 3022 2659 deinde
3068 2617 3189 2674 qute
3221 2618 3343 2673 pax,
3387 2602 3442 2660 id
3484 2609 3573 2660 est

1967 2697 2110 2767 quod
2140 2696 2460 2754 beneﬁcium
2491 2712 2520 2751 a
2548 2696 2659 2752 Deo
2688 2696 2845 2752 nobis
2873 2694 3069 2761 detur;
3096 2696 3176 2752 sic
3193 2693 3478 2767 agendum,
3513 2701 3571 2750 es

1967 2789 2267 2861 rogandum
2317 2800 2373 2844 ut
2399 2784 2736 2846 custodiatur
2776 2789 3081 2845 intellectus
3112 2798 3295 2845 noster
3320 2797 3376 2845 et
3399 2788 3568 2845 corda

1968 2890 2152 2938 nostra
2170 2924 2186 2947 ,
2215 2891 2269 2937 et
2297 2882 2408 2938 sint
2435 2885 2614 2937 omnia
2643 2896 2869 2953 corpora
2902 2890 3085 2937 nostra
3110 2881 3161 2936 in
3179 2880 3398 2937 Christo
3412 2880 3567 2937 Iesu.

1968 2973 2095 3031 Haec
2133 2990 2255 3031 cum
2284 2976 2356 3030 ita
2382 2975 2512 3044 sint,
2544 2974 2614 3031 de
2661 2983 2860 3030 cmtero
2883 3016 2899 3041 ,
2938 2975 3129 3046 inquit,
3178 2973 3395 3043 fratres,
3450 2974 3568 3031 haec

1968 3068 2220 3139 cogitate.
2250 3067 2390 3137 Quid
2430 3077 2513 3124 est
2539 3067 2605 3122 de
2632 3067 2878 3123 caetero?
2912 3074 3195 3138 postquam
3229 3067 3457 3124 correcti
3479 3081 3572 3123 es-

1975 3162 2044 3218 tis
2078 3204 2094 3228 ,
2141 3161 2481 3233 sublatajam
2511 3161 2656 3218 omni
2697 3159 2966 3216 discordia
2987 3170 3042 3215 et
3068 3162 3250 3216 errato
3275 3201 3289 3226 ,
3317 3159 3574 3231 quoniam

264 3244 433 3315 gratia
458 3283 473 3309 ,
501 3238 741 3311 adjnnxit
772 3242 1040 3312 petitiones
1060 3281 1074 3304 ,
1104 3241 1307 3312 inquit,
1339 3250 1529 3296 nostra:
1555 3241 1864 3294 innotescunt

1974 3270 2138 3311 unum
2162 3254 2377 3312 sentitis
2409 3271 2424 3321 ;
2466 3254 2536 3310 de
2574 3263 2775 3309 caetero
2815 3252 2894 3309 sic
2935 3251 3130 3308 sentite
3164 3270 3178 3306 :
3219 3267 3577 3323 quaecumque

263 3350 414 3409 penes
451 3330 637 3389 Deum.
670 3328 835 3406 Cujus
883 3328 962 3407 (3)
1012 3345 1188 3390 autem
1241 3344 1348 3390 non
1386 3340 1468 3390 est
1510 3332 1760 3390 honesta?
1797 3331 1868 3388 Et

264 3422 502 3486 etelestia
558 3428 674 3498 ipsa
724 3426 809 3481 illa
866 3434 985 3497 qua:
1036 3423 1417 3496 promittuntur
1465 3432 1610 3497 petat
1654 3433 1714 3480 ut
1763 3424 1865 3479 iui-

267 3522 533 3593 plvantnr.
565 3519 670 3592 Qui
703 3518 835 3591 petit
866 3561 883 3589 ,
921 3522 1105 3589 utique
1137 3518 1259 3574 talia
1283 3519 1410 3590 petit
1459 3515 1702 3590 qutejam
1733 3515 1866 3572 lide-

274 3616 378 3672 lcm
422 3624 603 3686 petere
629 3614 831 3685 justum
859 3618 959 3669 est.
988 3612 1104 3683 Ipsa
1131 3613 1275 3668 enim
1299 3624 1417 3668 cum
1442 3610 1741 3682 cogitamus
1771 3623 1866 3681 pc-

267 3709 425 3765 tenda
453 3751 468 3777 ,
500 3722 623 3779 qum
645 3709 889 3763 volumus
912 3708 1249 3763 innotescere
1266 3718 1437 3777 penes
1462 3702 1655 3773 Deum,
1680 3718 1871 3759 neces-

266 3805 411 3858 Sariu
435 3800 560 3857 talia
590 3808 717 3856 sunt
746 3810 866 3871 quas
896 3800 1218 3856 conveniant
1247 3797 1392 3854 ﬁdeli
1433 3799 1593 3853 etiam
1623 3797 1869 3855 etelestia

266 3896 505 3968 Speranti
531 3900 587 3950 et
612 3886 795 3949 divina
823 3892 1025 3948 omnia.
1065 3884 1214 3957 iiazc,
1249 3890 1440 3962 inquit,
1465 3889 1516 3946 id
1547 3900 1631 3947 θεῖ
1654 3888 1866 3962 ιιθιὶίὶοα

263 3994 363 4048 hes
388 3996 584 4046 vestra:
612 3982 959 4044 iunotescant
978 3996 1146 4060 penes
1175 3982 1366 4043 Deum.

334 4080 502 4143 Vitas.
526 4079 580 4140 7.
610 4115 680 4124 -
710 4076 774 4138 Et
800 4098 904 4156 pax
918 4078 1010 4137 Dei
1029 4094 1142 4153 qua:
1163 4078 1310 4136 habet
1324 4077 1404 4153 (4)
1421 4092 1621 4134 omnem
1640 4075 1873 4134 inmites.

264 4180 369 4236 tum
393 4174 494 4255 (3),
510 4178 762 4235 custodiat
785 4177 943 4233 corda
967 4186 1154 4231 vestra.
1174 4168 1285 4230 Hoc
1304 4174 1579 4245 praemium
1594 4171 1692 4228 erit
1725 4168 1771 4226 si
1802 4175 1873 4225 ita

263 4280 567 4348 precemur,
590 4275 661 4328 ita
675 4284 914 4340 oremus,
931 4278 992 4326 ut
1003 4284 1124 4325 cum
1139 4267 1276 4325 bona
1290 4267 1461 4340 gratia
1480 4274 1717 4330 oremus;
1736 4271 1789 4319 et
1800 4260 1873 4318 ita

264 4369 554 4442 petitiones
581 4364 895 4433 habeamus,
928 4368 988 4420 ut
1007 4363 1532 4432 innotescantpenes
1556 4359 1741 4415 Deum.
1763 4354 1878 4414 Hoc

264 4456 334 4520 ita
355 4464 456 4531 est,
479 4464 601 4528 erit,
618 4454 811 4533 inquit,
845 4466 951 4530 pax
972 4456 1062 4514 Dei
1090 4464 1210 4530 qua
1230 4452 1479 4512 custodiat
1502 4454 1659 4511 corda
1681 4460 1879 4525 vestra:

1972 3350 2083 3405 sint
2109 3364 2235 3406 vera
2270 3392 2286 3417 ,
2320 3349 2435 3404 lucc
2482 3344 2759 3418 accipiatis
2796 3358 2851 3403 et
2889 3344 3160 3418 cogitetis.
3209 3345 3340 3414 Qua:
3394 3354 3576 3401 autem

1970 3441 2058 3497 illa
2080 3457 2208 3498 vera
2239 3441 2412 3497 sunt?
2442 3456 2561 3511 qua:
2592 3441 2645 3496 in
2673 3438 2955 3511 evangelio
2979 3447 3249 3510 ponuntur
3274 3479 3291 3506 ,
3324 3432 3574 3495 Christus

1969 3532 2128 3591 Iesus
2181 3533 2271 3588 Dei
2326 3531 2492 3588 Filius
2524 3573 2538 3598 ,
2594 3539 2649 3587 et
2701 3539 2897 3586 caetera
2959 3545 3081 3602 quae
3130 3538 3275 3600 stupe
3317 3525 3576 3585 diximus.

1970 3624 2102 3681 Cum
2131 3636 2310 3681 autem
2344 3640 2470 3680 vera
2498 3618 2767 3694 cogitatis,
2817 3622 3116 3695 sequuntur
3146 3631 3203 3676 ut
3223 3629 3370 3678 casta
3420 3616 3532 3676 sint
3560 3638 3578 3675 :

1975 3733 2082 3774 non
2111 3712 2256 3774 enim
2312 3716 2677 3787 corrumpitur
2725 3714 2867 3786 quod
2898 3729 3083 3770 verum
3115 3723 3197 3769 est
3226 3729 3241 3769 :
3294 3710 3399 3769 hoc
3427 3711 3577 3769 enim

1973 3823 2179 3868 castum
2234 3822 2363 3869 est:
2412 3809 2552 3883 quod
2604 3826 2712 3867 non
2761 3808 3172 3882 corrumpitur,
3232 3821 3421 3862 verum
3471 3814 3578 3862 est.

1976 3907 2178 3963 Deinde
2201 3922 2322 3979 qua:
2350 3921 2479 3964 vere
2505 3913 2650 3961 casta
2682 3913 2836 3966 sunt,
2864 3896 2982 3957 haec
3003 3912 3060 3957 et
3083 3898 3225 3970 justa
3255 3907 3408 3955 sunt:
3419 3898 3582 3971 justi-

1977 4003 2204 4058 ﬁcantur
2234 4001 2376 4057 enim
2405 3996 2834 4055 sanctiﬁcatione
2854 4010 2883 4049 a
2906 3992 3244 4051 Deo.0mnia
3264 4007 3385 4064 qua:
3407 3989 3575 4062 justa,

1977 4114 2097 4168 qua:
2125 4106 2290 4165 casta,
2322 4110 2441 4167 quae
2471 4109 2598 4150 vera
2646 4100 2791 4156 sunt,
2839 4103 2958 4160 quae
3001 4097 3184 4143 sancta
3213 4092 3338 4142 sunt
3363 4081 3475 4156 jam
3521 4088 3579 4139 et

1977 4190 2227 4248 amabilia
2257 4232 2272 4257 ,
2328 4188 2439 4261 jam
2469 4198 2523 4244 et
2553 4187 2709 4242 bona:
2735 4185 2911 4241 tantm.
2963 4180 3095 4252 Quis
3147 4175 3291 4236 enim
3330 4186 3581 4234 sanctum

1976 4304 2087 4345 non
2118 4296 2263 4343 amet
2289 4286 2313 4342 ?
2340 4286 2459 4357 quis
2488 4300 2595 4340 non
2618 4283 2758 4340 bene
2787 4280 2854 4338 de
2875 4297 2941 4338 eo
2968 4281 3212 4352 loquatur
3245 4291 3310 4334 ac
3341 4272 3582 4333 sentiat?

1983 4380 2109 4435 Haec
2139 4393 2289 4450 ergo.
2324 4376 2517 4448 inquit,
2550 4376 2784 4445 cogitate
2806 4388 2926 4445 qua:
2956 4366 3020 4427 ad
3049 4371 3244 4429 bonam
3274 4364 3583 4442 pertineant

1978 4472 2176 4529 famam
2209 4489 2221 4524 :
2253 4470 2434 4542 utique
2462 4467 2710 4524 amabilia
2737 4466 2865 4533 sint,
2895 4473 2951 4520 et
2975 4463 3207 4519 habeant
3234 4458 3580 4527 charitatem,

263 4564 384 4630 qua:
413 4566 511 4626 pax
546 4552 636 4610 Dei
669 4548 817 4610 habet
839 4560 1039 4609 omnem
1058 4551 1391 4608 intellectam.
1425 4544 1786 4606 Vehementer
1824 4556 1881 4603 et
1904 4632 1929 4637 Ὠ
1984 4580 2160 4637 neque
2209 4565 2443 4620 habeam
2494 4559 2842 4617 discordiam,
2892 4554 3066 4613 omne
3103 4552 3247 4611 enim
3305 4548 3577 4621 amabile,

262 4655 419 4708 acute
435 4642 537 4705 huc
553 4649 785 4722 positam
809 4662 823 4700 :
845 4644 1043 4703 etenim
1063 4658 1183 4701 cum
1205 4660 1304 4717 pax
1324 4642 1417 4700 Dei
1444 4640 1653 4698 venerit
1672 4640 1724 4696 in
1750 4648 1873 4710 nos,
1901 4636 1955 4700 D
1980 4636 2324 4716 concordiam
2353 4654 2516 4711 habet
2540 4673 2554 4708 ;
2614 4652 2743 4709 imm
2771 4666 2891 4723 (μιω
2917 4648 3073 4704 bona;
3099 4645 3251 4703 fama;
3281 4653 3440 4715 sunt,
3467 4658 3579 4700 non

267 4746 434 4801 Deum
457 4742 848 4814 intelligemus:
877 4738 1008 4796 nihil
1038 4738 1336 4804 dissonum,
1370 4734 1503 4791 nihil
1531 4735 1866 4805 discrepans,

263 4830 398 4897 nihil
429 4846 525 4909 per
558 4843 870 4907 argumenta
916 4831 1227 4905 litigiosum,
1278 4828 1413 4886 nihil
1466 4828 1606 4900 quod
1649 4828 1873 4899 recipiat

266 4930 640 5005 (mutationem,
699 4938 759 4983 tit
807 4925 964 4983 nobis
1007 4923 1243 4995 contingi
1293 4918 1348 4978 id
1392 4920 1719 4977 mundanis:
1774 4918 1869 4978 sed

268 5027 338 5082 ita
367 5033 550 5095 aperta
578 5021 756 5076 omnia
786 5029 932 5086 sunt,
957 5032 1078 5074 cum
1110 5032 1296 5088 pacem
1327 5015 1420 5070 Dei
1460 5013 1751 5070 habeamus
1794 5010 1872 5068 uti

265 5121 443 5177 omnis
485 5116 789 5173 Intellectus
836 5114 1117 5171 nobiscum
1162 5112 1259 5167 sit:
1294 5110 1441 5183 pacis
1470 5108 1614 5165 enim
1642 5117 1724 5165 est
1757 5107 1869 5180 jam

267 5213 569 5286 quiescere,
611 5211 720 5280 jam
760 5208 1103 5264 Secttritatem
1153 5202 1372 5261 habere.
1400 5200 1573 5270 Quum
1602 5199 1682 5274 (6)
1729 5201 1869 5258 Deus

271 5322 456 5380 pacem
487 5304 772 5362 committit
798 5300 1051 5358 cordibus
1080 5299 1309 5364 nostris.
1337 5297 1454 5368 jam
1483 5297 1657 5353 omnis
1701 5295 1865 5352 intel-

344 5445 428 5520 (ᾗ.)
452 5442 617 5520 Xttlg.
643 5430 805 5520 μὶζιὶζ
831 5425 1036 5519 εοὶιῖεξξὶ
1058 5426 1188 5520 sitis.

342 5500 425 5592 (‘25
452 5500 608 5592 Vulg.
636 5512 740 5569 Sed
788 5511 841 5592 in
882 5507 1025 5564 omni
1078 5505 1311 5564 oratione
1352 5518 1406 5563 st
1475 5500 1816 5561 obsecratione
1840 5542 1859 5571 ,

270 5582 387 5649 cunt
407 5582 696 5651 pretiorum
724 5582 946 5638 actione.
1180 5649 1189 5651 Α
1300 5650 1303 5651 ν

455 5648 624 5715 Codd.
657 5653 916 5712 vetustior
938 5655 1086 5727 cujus
1112 5649 1193 5705 vel
1219 5650 1374 5723 quis;
1417 5642 1508 5704 alii
1536 5642 1683 5720 quid.

340 5642 435 5805 iii
454 5731 527 5805 ita
543 5727 714 5805 tiodi-
885 5784 918 5805 ι
959 5799 969 5805 .
1395 5802 1403 5805 _

476 5742 527 5784 ta
543 5742 714 5784 υοαα.

751 5816 854 5870 pax
878 5784 969 5854 Dei
999 5812 1113 5871 qua:
1134 5802 1404 5867 exsuperat
1422 5807 1623 5850 omnem
1641 5804 1867 5847 sensum.

345 5873 423 5950 (6)
456 5873 627 5933 Codd.
652 5888 830 5945 quam.

1977 4752 2177 4808 habent
2206 4748 2459 4806 invidiam
2488 4757 2541 4803 et
2572 4745 2626 4801 in
2650 4738 2939 4800 concordia
2960 4749 3104 4796 sunt.
3134 4730 3217 4794 Ex
3240 4736 3435 4810 quibus
3458 4751 3581 4792 om-

1977 4848 2135 4905 nibus
2157 4845 2435 4917 superiora
2459 4840 2527 4898 ad
2566 4840 2737 4911 ipsam
2764 4851 2948 4893 veram
2980 4834 3234 4890 virtutem
3258 4832 3528 4903 pertinent
3553 4869 3580 4899 ,

1977 4939 2278 5012 posteriora
2340 4936 2408 4993 ad
2458 4934 2688 4990 fructum
2747 4926 2978 4985 virtutis.
3046 4920 3177 4982 Nam
3226 4923 3440 5001 virtutis
3489 4929 3579 4979 est

1974 5049 2161 5091 amare
2181 5046 2330 5099 vera,
2348 5040 2515 5097 casta,
2533 5026 2699 5099 justa,
2715 5032 2921 5089 saneta,
2937 5020 3167 5077 Fructus
3184 5018 3396 5075 virtutis
3416 5031 3573 5073 ama-

1979 5126 2103 5183 bilia
2136 5135 2191 5182 et
2216 5132 2370 5183 bonan
2391 5121 2569 5177 famae.
2600 5117 2809 5174 Idcirco
2833 5112 2940 5171 duo
2965 5115 3065 5172 ista
3097 5112 3275 5184 posuit
3300 5126 3421 5181 qua:
3444 5107 3577 5165 subo

1970 5222 2158 5295 junxit
2186 5238 2204 5277 :
2234 5220 2277 5275 si
2308 5234 2412 5291 qua
2433 5219 2605 5274 virtus
2635 5259 2649 5280 .
2698 5216 2743 5274 si
2774 5230 2877 5287 qua
2906 5214 3045 5270 laus.
3075 5208 3195 5295 Vim
3229 5223 3410 5266 rerum
3446 5205 3573 5264 dili-

1972 5294 2166 5389 genter
2183 5311 2432 5370 attendit.
2466 5310 2677 5367 Etenim
2705 5324 2827 5366 cum
2853 5307 3025 5380 gratia
3054 5303 3148 5361 Dei
3176 5294 3309 5360 ﬁant
3336 5298 3520 5360 omnia
3548 5313 3566 5368 ;

2038 5498 2117 5574 (ξ)
2142 5498 2380 5574 XulgatL,
2403 5507 2449 5552 et
2478 5496 2843 5574 intelligentios
2877 5500 3071 5547 vestras
3185 5482 3395 5574 Christo
3414 5480 3567 5574 issu.
3598 5465 3609 5474 ’

2036 5566 2120 5642 (2)
2144 5566 2300 5641 Vulg.
2334 5569 2410 5626 De
2439 5566 2659 5642 cetera,
2667 5571 2851 5639 fratres
2872 5606 2887 5630 ,
2917 5567 3250 5642 quaecumque
3277 5566 3396 5615 sunt
3414 5570 3569 5642 vero,

1967 5634 2297 5717 quiscumque
2358 5638 2585 5714 pudica,
2637 5634 2967 5717 q'utecuilique
2995 5634 3143 5717 justo
3168 5674 3203 5717 ,Δ
3227 5638 3573 5717 quiscumque

1971 5698 2149 5771 sancta
2175 5757 2188 5778 ,
2211 5698 2539 5786 quietamque
2558 5698 2802 5786 amabilia
2823 5750 2844 5786 _,
2879 5698 3206 5786 dumcumque
3224 5698 3569 5786 bonatj‘amte,

1972 5789 2016 5843 si
2035 5803 2137 5855 qua
2161 5775 2320 5840 uirtus
2349 5823 2363 5849 ,
2392 5785 2435 5839 si
2454 5775 2556 5853 qua
2576 5786 2686 5855 laus
2708 5779 2994 5855 disciplina:
3016 5820 3037 5855 ε
3061 5775 3167 5831 huic
3190 5775 3437 5855 cogitate;
3457 5782 3574 5843 quia

1975 5842 2021 5916 et
2043 5842 2176 5926 iam,
2196 5866 2242 5913 st
2261 5842 2536 5927 accép.,'et
2563 5851 2711 5921 and.,
2737 5854 2783 5907 et
2798 5842 2997 5906 vidistis
3019 5849 3074 5904 in
3104 5858 3183 5903 nte
3206 5886 3220 5914 ,
3243 5842 3348 5901 etc.
