4010 6306
460 284 591 344 1251

1709 285 1902 344 MAR"
1946 287 2287 346 VlC'l‘OlilNl
2324 289 2488 348 ΛΡΜ

3615 300 3756 359 1259.

458 403 579 473 ipse
604 400 748 457 enim
774 415 869 471 per
914 400 1162 471 Spiritum
1195 415 1349 457 suum
1397 401 1620 457 missum
1670 402 1723 459 in
1752 417 1852 457 nos
1882 412 1933 457 et
1961 418 2058 473 gu-
2085 404 2136 465 Α
2164 414 2371 474 prapter
2388 405 2672 477 penuriam.
2699 403 2815 461 Non
2843 406 2985 463 enim
3008 406 3150 479 quod
3176 407 3300 464 volo
3322 408 3402 482 (t)
3427 424 3523 481 pro
3552 425 3637 466 me
3663 428 3753 465 sa-

458 492 651 549 bernat
679 492 756 565 (ι)
778 503 832 547 et
859 497 992 562 regit
1025 537 1040 561 ,
1091 500 1150 547 ut
1176 493 1308 548 nihil
1337 494 1388 547 in
1420 494 1575 549 nubis
1605 493 1693 559 sit;
1746 495 1815 548 ita
1845 494 1919 548 ait
1947 537 1957 557 ,
2010 494 2054 548 si

462 600 569 656 qua
610 590 798 641 virtus.
841 586 909 641 Et
938 602 1123 641 rursus
1157 587 1201 641 si
1229 587 1395 640 virtus
1428 629 1442 653 ,
1491 603 1610 656 qua:
1659 588 1709 640 in
1743 587 1897 642 nobis
1927 596 2009 643 est
2039 629 2053 654 ,

457 693 568 733 non
585 694 651 734 ex
672 678 825 735 nobis
862 688 964 745 est,
989 680 1085 735 sed
1116 696 1181 736 ex
1213 680 1342 749 Deo,
1372 697 1438 736 ne
1460 682 1577 739 laus
1598 682 1811 752 quidem
1841 690 2053 737 nostra:

462 781 519 828 et
545 771 746 828 idcirco
764 815 781 841 ,
810 772 855 828 si
881 790 980 841 qua
1001 773 1134 828 laus.
1157 772 1536 830 Verumtamen
1564 776 1816 845 quoniam
1849 774 2058 828 videtur

460 865 547 922 vel
574 866 746 921 virtus
774 877 954 921 nostra
983 908 998 935 ,
1034 866 1115 921 vel
1136 867 1253 922 laus
1295 884 1309 933 ;
1336 867 1476 922 unde
1498 867 1638 923 dixit
1667 868 1737 922 ibi
1767 866 1846 941 (Ξ)
1876 910 1892 936 ,
1924 868 2053 934 lucc,

463 956 674 1028 inquit,
726 959 899 1013 omnia
951 959 1186 1030 cogitate.
1249 959 1445 1031 Utique
1469 976 1589 1032 qua:
1616 961 1705 1014 illa
1734 960 1900 1014 sunt?
1937 974 2057 1028 qme

455 1050 742 1115 didicistis,
767 1067 855 1106 me
884 1051 1089 1107 scilicet
1116 1051 1364 1118 ducente,
1390 1065 1441 1107 et
1470 1052 1776 1124 :iccepis1is,
1795 1062 1849 1107 et
1875 1052 2055 1106 audis-

458 1144 530 1198 tis
564 1185 578 1210 ,
620 1152 676 1199 et
718 1143 928 1198 vidistis
955 1144 1008 1199 in
1040 1160 1145 1199 me.
1170 1144 1473 1199 Perfectum
1506 1146 1682 1216 primo
1713 1144 1889 1215 posuit
1921 1186 1937 1209 ,
1969 1143 2054 1197 di-

452 1237 669 1293 dicistis.
732 1237 888 1295 Unde
914 1251 1091 1294 autem
1122 1238 1386 1295 didicistis
1412 1240 1435 1294 ?
1483 1237 1675 1295 Causae
1696 1240 1995 1309 subjunctze
2028 1281 2045 1308 ,

452 1331 741 1400 accepistis.
765 1329 1082 1400 Rursusque
1111 1330 1284 1402 ipsum
1318 1331 1561 1403 accipere
1588 1331 1731 1388 unde
1760 1331 1976 1386 audistis
1998 1340 2054 1387 et

453 1420 667 1477 vidistis
694 1423 718 1476 ’ἔ
771 1436 839 1477 ex
862 1438 947 1478 me
987 1422 1194 1478 vidistis
1218 1424 1269 1478 in
1293 1439 1379 1479 me
1411 1439 1426 1477 :
1478 1433 1538 1479 ιιι
1574 1438 1678 1478 non
1708 1424 1941 1479 monitor
1967 1438 2056 1478 so-

457 1513 571 1570 lum
602 1513 803 1571 Paulus
827 1516 918 1583 sit,
957 1516 1052 1571 sed
1081 1519 1242 1572 etiam
1273 1517 1511 1589 praebeat
1536 1519 1839 1589 exemplum
1866 1533 2054 1590 quem-

450 1607 742 1664 admodum
794 1624 920 1666 vera
967 1619 1287 1679 sequantur,
1341 1610 1793 1684 quemadmodum
1858 1622 2005 1667 casta
2035 1652 2051 1677 ,

449 1700 905 1772 quemadmodum
938 1702 1161 1773 reliqua.
1197 1701 1324 1758 Hzec
1348 1745 1363 1770 ,
1405 1704 1616 1775 inquit,
1664 1703 1824 1775 agite.
1878 1702 2051 1775 Supra

2163 497 2321 568 piatis
2342 507 2434 553 aut
2455 502 2504 553 in
2531 515 2636 570 quo
2657 507 2713 554 et
2737 508 2861 555 ante
2887 501 3198 570 sapiebatis,
3223 510 3279 557 ct
3305 502 3358 557 in
3380 519 3487 574 quo
3512 507 3753 574 occupati

2161 594 2326 647 eratis
2348 602 2402 647 ut
2422 593 2549 648 mihi
2570 594 2875 662 mitterctis,
2905 603 2996 650 aut
3025 597 3166 667 quod
3200 612 3341 654 nunc
3360 599 3483 653 volo
3502 609 3561 655 ut
3581 600 3757 656 mitta-

2160 683 2252 749 tis,
2274 692 2489 755 propter
2515 686 2789 755 penuriam
2812 686 2954 743 dico.
2979 688 3069 743 Sic
3086 689 3228 743 enim
3253 696 3308 745 et
3329 698 3511 758 postea
3532 693 3629 757 ait,
3655 709 3757 747 non

2159 777 2279 844 quia
2299 778 2510 850 exquiro
2525 778 2889 836 abundantiam
2910 782 2963 837 in
2983 784 3231 838 oratione.
3247 782 3364 839 Non
3387 800 3517 856 ergo
3537 795 3756 857 propter

2160 870 2394 942 inopiam
2428 871 2566 928 istud
2596 890 2780 943 quer
2803 918 2817 942 ,
2852 875 2945 931 sed
2977 884 3034 930 ut
3061 875 3262 932 fructus
3293 876 3363 932 sit
3391 879 3670 934 abundans
3701 879 3755 935 in

2160 965 2401 1021 oratione
2430 974 2632 1034 vestra,
2662 983 2785 1023 cum
2806 968 2919 1025 lucc
2936 970 3116 1026 omnia
3137 986 3234 1041 pro
3253 987 3340 1028 me
3354 974 3570 1029 curatis
3587 982 3644 1029 et
3670 991 3761 1028 sa-

2159 1057 2285 1126 pitis
2336 1076 2349 1113 :
2398 1059 2466 1113 ita
2497 1069 2580 1115 est
2625 1060 2769 1117 enim
2817 1079 3001 1119 curram
3031 1080 3257 1136 gerere;
3308 1083 3415 1122 non
3443 1067 3571 1140 quia
3599 1084 3757 1141 egeo.

2158 1148 2315 1216 Nam,
2346 1159 2401 1206 et
2421 1152 2657 1219 abundo,
2693 1153 2894 1226 inquit;
2926 1156 3122 1228 quippe
3152 1156 3426 1214 sutfiriens
3448 1160 3582 1216 mibi
3610 1176 3753 1218 sum:

2157 1243 2235 1298 sic
2265 1245 2407 1299 enim
2449 1245 2726 1319 sultjungit
2763 1247 2876 1303 :Et
2913 1267 3008 1323 ego
3070 1251 3203 1306 enim
3249 1251 3432 1318 didici,
3472 1255 3528 1309 in
3572 1256 3759 1324 quibus

2157 1352 2272 1390 sum
2293 1378 2310 1403 ,
2352 1337 2617 1409 sufﬁciens
2646 1355 2775 1395 esse.
2807 1340 2944 1397 Novi
2995 1357 3187 1400 sensus
3216 1342 3296 1417 (2)
3347 1345 3434 1402 hic
3461 1356 3547 1404 est
3567 1364 3587 1403 :
3615 1351 3757 1418 noui,

2157 1428 2351 1501 inquit,
2380 1433 2650 1503 sufﬁciens
2674 1450 2802 1503 esse,
2823 1435 2877 1489 in
2906 1437 3089 1507 quibus
3107 1454 3225 1492 sunt
3250 1455 3270 1493 :
3298 1437 3460 1495 didici
3481 1442 3629 1498 enim
3657 1459 3764 1516 ego

2156 1531 2218 1578 ut
2237 1531 2522 1581 contentus
2551 1526 2653 1581 sim
2695 1544 2817 1600 qua:
2847 1528 3050 1599 habeo;
3098 1540 3155 1589 et
3183 1531 3237 1589 in
3268 1534 3464 1606 quibus
3490 1535 3596 1592 sim
3628 1537 3766 1594 mini

2158 1615 2259 1687 ipsi
2288 1617 2559 1676 suifieiens
2588 1638 2604 1676 :
2636 1638 2743 1678 non
2772 1622 2915 1679 enim
2934 1624 3002 1679 ad
3032 1634 3280 1698 sumptus
3309 1636 3515 1686 tantum
3548 1631 3653 1688 hoc
3676 1649 3770 1690 re-

2157 1710 2462 1781 terendum,
2494 1713 2587 1770 sed
2612 1730 2795 1772 curam
2816 1719 3262 1791 etcogitatiunem
3276 1731 3332 1778 et
3346 1726 3648 1781 orationem
3668 1742 3773 1784 ex-

450 1790 590 1847 dixit
618 1833 632 1856 ,
666 1792 776 1848 [nec
797 1795 1017 1863 cogitate
1048 1810 1066 1861 ;
1091 1808 1232 1849 nunc
1260 1792 1445 1865 adjicit
1468 1836 1483 1860 ,
1513 1794 1621 1850 limo
1642 1796 1778 1867 agite
1806 1810 1822 1860 ;
1856 1804 1913 1849 ut
1941 1811 2049 1850 non

2159 1803 2342 1862 bibere
2371 1806 2569 1863 debent
2598 1825 2694 1880 pro
2716 1810 2903 1867 Paulo:
2928 1790 2987 1868 ut
3014 1814 3116 1870 hoc
3134 1815 3205 1872 sit
3224 1815 3292 1872 ad
3312 1822 3494 1873 omnia
3517 1822 3773 1878 referen-

446 1886 624 1941 solum
676 1900 744 1941 ex
798 1886 1123 1956 cogitatione
1164 1885 1276 1943 sint
1306 1887 1404 1942 ista
1450 1887 1592 1942 bona
1624 1927 1639 1953 ,
1678 1887 1772 1943 sed
1803 1886 2048 1942 etiamin

448 1988 597 2036 actu.
630 1979 830 2036 Deinde
855 1978 1103 2053 adjuuxit
1128 1981 1407 2052 pra-mium
1436 1980 1593 2036 sicuti
1622 1995 1780 2051 supra
1800 2022 1814 2048 ,
1843 1989 1889 2034 et
1913 1978 2052 2036 Deus

446 2074 595 2145 pacis
621 2075 716 2128 erit
741 2074 997 2129 vobiscum
1025 2088 1045 2129 :
1100 2073 1243 2146 quod
1270 2074 1503 2129 maxime
1533 2077 1896 2130 necessarium
1924 2073 2048 2128 Phi-

446 2163 785 2236 lippensibus
805 2164 1083 2236 prmmium
1118 2206 1135 2232 ,
1179 2173 1238 2220 ut
1260 2165 1401 2220 nulla
1431 2165 1503 2220 sit
1528 2164 1794 2221 discordia
1825 2207 1839 2231 ,
1884 2182 2045 2220 unum

445 2260 686 2315 sentiant
707 2273 900 2317 omnes
924 2303 939 2329 ,
968 2262 1039 2316 sit
1063 2276 1171 2333 pax
1202 2261 1255 2316 in
1282 2277 1469 2317 eorum
1500 2261 1730 2318 ecclesia
1757 2278 1771 2314 :
1830 2269 1885 2317 et
1910 2262 2049 2318 Deus

442 2352 596 2423 pacis
617 2353 707 2423 qui
735 2362 819 2409 est
850 2362 1001 2423 pater
1021 2396 1036 2419 ,
1059 2363 1114 2409 et
1135 2354 1252 2425 ejus
1270 2353 1436 2409 Filius
1454 2354 1610 2410 Jesus
1633 2354 1890 2409 Dominus
1919 2370 2047 2411 nos-

442 2452 529 2503 ter
546 2490 562 2515 ,
594 2448 741 2502 omni
767 2447 961 2502 animm
981 2448 1032 2501 in
1058 2447 1221 2502 Deum
1245 2464 1522 2504 conversa:
1546 2463 1731 2519 pacem
1750 2456 2043 2519 pncslans:

445 2537 553 2595 hoc
580 2549 664 2595 est
690 2540 832 2611 quod
853 2541 927 2594 ait
954 2555 1054 2610 pax
1082 2540 1376 2595 vobiscum.

518 2632 685 2689 Vens.
721 2632 807 2690 10.
838 2664 910 2675 -
938 2633 1240 2689 Gratulatus
1283 2651 1395 2690 sum
1445 2645 1614 2691 autem
1650 2635 1965 2691 uehementer
1993 2635 2046 2690 in

442 2722 670 2781 Domino
690 2725 828 2798 quod
844 2727 1048 2781 tandem
1069 2727 1346 2799 aliquando
1364 2728 1692 2798 reﬂoruistis,
1714 2738 1767 2783 ut
1791 2740 1837 2782 et
1851 2743 1943 2799 pro
1968 2744 2048 2782 me

442 2819 660 2889 sapiatis
686 2821 739 2874 in
764 2837 866 2889 quo
910 2831 956 2875 et
996 2831 1116 2876 ante
1163 2820 1436 2892 sapiebatis
1470 2820 1571 2893 (ὅ).
1604 2819 1675 2877 Ut
1709 2822 1761 2876 in
1803 2837 2043 2877 errorem

438 2912 577 2983 lapsi
600 2913 974 2986 Philippenses
997 2916 1209 2970 fuerant
1228 2913 1371 2970 docti
1416 2916 1466 2970 in
1496 2915 1788 2985 Evangelia
1818 2916 1887 2970 ab
1916 2931 2045 2987 apo-

438 3008 582 3064 stolo
614 3007 797 3078 Paulo;
832 3009 926 3065 sed
953 3024 1094 3065 nunc
1118 3008 1402 3074 admoniti,
1428 3010 1637 3065 reversi
1664 3018 1791 3065 sunt
1818 3010 1875 3065 in
1908 3010 2045 3081 pris-

440 3104 608 3161 tinam
641 3105 1054 3177 intelligentiam
1098 3114 1157 3161 ut
1198 3106 1423 3162 credant
1452 3105 1503 3161 in
1536 3105 1824 3178 Evangelio
1859 3121 2047 3176 quem-

2154 1896 2305 1962 dnm;
2327 1906 2452 1955 utet
2472 1916 2566 1965 pro
2587 1918 2672 1957 me
2692 1905 2935 1975 sapiatis,
2960 1906 3013 1961 in
3035 1924 3142 1980 quo
3160 1917 3215 1965 et
3230 1912 3506 1981 sapuistis.
3527 1915 3772 1974 Genera-

2154 1989 2278 2047 liter
2290 2008 2417 2064 ergo
2440 2002 2498 2048 ut
2519 1995 2602 2051 vel
2623 2012 2861 2053 necessai
2876 1999 2949 2067 ia,
2967 2003 3051 2057 vel
3076 2011 3134 2058 ut
3155 2004 3327 2061 oratio
3350 2015 3543 2063 etcura
3560 2009 3770 2082 Philip-

2157 2085 2413 2153 pensibus
2428 2102 2526 2159 pro
2543 2089 2708 2145 Paulo
2731 2091 3017 2150 habeatur.
3040 2095 3278 2168 Denique
3300 2114 3406 2153 non
3429 2102 3495 2155 ad
3514 2101 3770 2161 fortunas

2153 2187 2359 2235 tantum
2392 2183 2473 2239 vel
2506 2184 2571 2238 ad
2604 2187 2906 2242 necessaria
2933 2205 3158 2261 qumque
3191 2192 3370 2261 posuit
3402 2194 3565 2251 etiam
3612 2197 3717 2254 hoc
3749 2215 3767 2253 :

2227 2277 2391 2334 Vens.
2427 2279 2514 2336 12.
2540 2311 2613 2323 —
2640 2280 2711 2338 Et
2740 2285 3000 2341 humiliari
3035 2289 3150 2342 noui
3175 2299 3223 2343 et
3259 2289 3524 2347 abundare
3552 2295 3636 2365 (ὅ)
3667 2312 3680 2348 :
3712 2303 3773 2352 et

2153 2371 2221 2430 de
2240 2373 2547 2443 virtutibus,
2578 2386 2633 2432 et
2656 2378 2927 2435 humiliari
2949 2382 3073 2437 n0\'i
3096 2390 3152 2438 et
3170 2384 3447 2442 abundare
3473 2385 3528 2441 iu
3554 2388 3769 2456 onmia,

2153 2464 2206 2521 in
2227 2467 2418 2522 eodem
2448 2468 2610 2525 modo
2635 2488 2648 2524 :
2683 2470 2736 2526 id
2763 2480 2847 2527 est
2878 2474 3119 2543 praebere
3137 2491 3329 2533 omnes
3350 2477 3577 2536 virtutes
3624 2478 3695 2535 Et
3711 2483 3770 2538 in

2153 2560 2384 2615 omnibus
2404 2560 2484 2633 (4)
2512 2563 2775 2619 institutus
2790 2582 2920 2621 sum.
2951 2565 3007 2622 Id
3022 2575 3106 2623 est
3118 2568 3183 2624 ad
3202 2570 3384 2626 omnia
3401 2572 3765 2644 assuefactus,

2151 2663 2208 2709 et
2234 2654 2346 2710 fere
2366 2656 2509 2711 sitim
2536 2698 2550 2724 ,
2582 2656 2804 2724 famem,
2837 2659 3024 2731 frigus;
3057 2671 3113 2717 et
3134 2679 3321 2719 rursus
3346 2663 3399 2719 in
3428 2666 3768 2725 abundantia

2151 2744 2347 2803 Ιαοιειιί.
2397 2748 2488 2805 Sic
2515 2756 2572 2804 et
2600 2749 2667 2805 de
2698 2750 3006 2819 virtutibus,
3036 2762 3092 2809 et
3132 2756 3201 2811 de
3232 2755 3529 2825 laboribus,
3560 2759 3618 2814 in
3647 2774 3768 2816 om-

2152 2838 2329 2907 nibus,
2357 2840 2548 2913 inquit,
2573 2843 2848 2901 institutus
2866 2862 3006 2913 sum;
3030 2856 3086 2905 et
3111 2850 3318 2917 satiari,
3345 2859 3401 2906 et
3418 2850 3614 2909 famem
3644 2869 3769 2909 sus-

2153 2938 2324 2992 tinere
2345 2937 2620 2995 institutus
2638 2956 2783 3009 sum,
2808 2943 3071 3015 inquit,et
3084 2947 3235 3016 copia
3260 2946 3469 3014 satiari,
3486 2956 3545 3004 et
3576 2964 3769 3006 rursus

2152 3028 2345 3084 famem
2378 3034 2666 3088 sustinere.
2700 3032 2833 3090 ltem
2864 3036 2979 3104 ipsa
3005 3035 3115 3092 duo
3144 3037 3360 3106 repetit,
3383 3047 3441 3094 et
3461 3040 3765 3111 abundare,

2151 3131 2207 3179 et
2235 3140 2394 3196 egere
2435 3125 2488 3181 in
2538 3128 2787 3184 omnibus
2820 3144 3058 3200 possum.
3093 3131 3330 3189 Dicenda
3378 3134 3431 3190 in
3484 3136 3766 3206 omnibus,

438 3198 731 3255 admodum
777 3199 1146 3254 adnuntiatur.
1179 3198 1242 3254 Et
1268 3199 1600 3294 ireﬂorruislis.
1644 3198 1837 3270 inquit;
1869 3198 1922 3294 id
1958 3206 2044 3254 εει
2072 3209 2117 3273 C
2153 3231 2259 3269 nun
2303 3215 2368 3270 ad
2403 3219 2704 3274 necessaria
2732 3198 2905 3276 victus
2936 3221 3108 3277 nostri
3143 3223 3399 3294 diximus,
3426 3228 3522 3284 sed
3554 3229 3622 3283 ad
3648 3198 3771 3285 om;

435 3293 505 3350 ad
532 3294 720 3350 ﬂorem
766 3293 971 3351 reversi
1015 3295 1148 3349 estis
1180 3312 1192 3346 :
1226 3293 1350 3350 ideo
1400 3293 1452 3348 in
1483 3293 1712 3349 Domino
1741 3292 2043 3363 gratulatus

438 3403 584 3455 sum,
616 3396 672 3444 et
695 3389 1046 3444 vehementer
1071 3390 1366 3460 gratulatus
1399 3406 1411 3441 :
1446 3395 1502 3443 et
1533 3388 1633 3443 hoc
1653 3394 1740 3443 est
1766 3386 1908 3458 quod
1935 3386 2042 3452 ait,

2147 3306 2234 3361 nia
2258 3323 2377 3378 qua:
2405 3308 2457 3362 in
2488 3318 2609 3364 actu
2646 3319 2813 3377 sunt,
2846 3312 3058 3369 labores
3084 3315 3438 3389 virtutesque,
3470 3321 3763 3379 referenda

2146 3407 2273 3454 sunt
2299 3400 2420 3456 ista.
2456 3402 2531 3457 lta
2554 3417 2612 3458 se
2649 3402 2953 3460 institutum
2995 3406 3154 3475 dixit,
3210 3417 3267 3464 ut
3311 3410 3486 3481 possit
3512 3420 3570 3467 ct
3594 3414 3769 3471 abun-

438 3490 499 3536 ut
539 3497 632 3552 pro
659 3498 738 3537 me
773 3481 985 3553 sapiatis
1017 3499 1031 3535 ε
1062 3480 1116 3537 id
1141 3489 1301 3537 estut
1337 3497 1437 3552 ego
1468 3480 1919 3545 atteniadmodum
1950 3496 2046 3576 VOS
2146 3493 2276 3550 dare
2300 3502 2355 3549 ρι
2383 3512 2543 3568 egere
2573 3499 2625 3553 in
2655 3498 2926 3556 Omnibus,
2956 3500 3167 3558 Novum
3190 3512 3274 3559 est
3293 3506 3432 3576 (μιοά
3455 3507 3532 3563 ait
3561 3509 3615 3564 in
3642 3524 3766 3566 om-

437 3571 623 3642 docui,
656 3574 881 3646 sapiatis
914 3591 928 3641 ;
972 3584 1255 3647 cmperant
1281 3578 1422 3632 enim
1455 3576 1612 3631 aliter
1637 3591 1849 3648 sapere.
1886 3574 2045 3644 Quod

2159 3588 2304 3645 nibus
2349 3605 2508 3662 egere
2551 3607 2809 3663 possum:
2843 3594 2897 3650 id
2938 3606 3021 3652 est
3050 3596 3223 3654 tolero
3249 3613 3371 3655 cum
3415 3599 3470 3656 in
3510 3602 3768 3661 omnibus

438 3676 623 3723 autem
654 3668 750 3734 ait,
789 3677 846 3722 ut
876 3685 969 3737 pro
995 3685 1073 3724 me
1111 3670 1347 3738 sapiatis,
1375 3669 1500 3739 quia
1533 3667 1887 3739 intelligentia
1922 3683 2046 3724 ves-
2147 3694 2301 3752 egeo,
2333 3682 2383 3737 id
2405 3691 2489 3738 εει
2516 3698 2680 3756 egens
2711 3685 2884 3744 fuero,

436 3767 522 3818 tra
552 3770 608 3818 et
651 3761 915 3831 sapientia
954 3778 1076 3834 quae
1115 3764 1289 3817 fuerat
1333 3777 1435 3815 una
1467 3776 1565 3832 pro
1604 3778 1690 3815 me
1732 3777 1837 3817 non
1881 3769 2043 3853 erat:
2221 3775 2390 3832 νεεδ,
2435 3778 2522 3832 ιδ,
2564 3776 2643 3819 ...⁸
2667 3782 2843 3852 Mque
2874 3790 2933 3838 υι
2958 3798 3169 3853 γει-ωτι,
3211 3794 3267 3842 ει
3306 3785 3657 3846 nihilominus
3697 3806 3768 3849 ει

438 3869 588 3956 Illinc
629 3862 811 3956 alt-lem
852 3870 973 3956 οιηξξ
999 3854 1212 3956 "sapius
1257 3852 1709 3956 Q"ema_d_m°fif'm
1757 3852 1959 3956 ἀοουξν
1994 3860 2050 3908 ει
2149 3867 2427 3941 disciplina
2473 3869 2621 3927 dicat
2667 3876 2994 3946 evangelica,
3051 3876 3315 3951 adiungit,
3362 3878 3468 3937 Per
3503 3883 3633 3953 zeum
3674 3885 3768 3956 qui

449 3946 805 4021 Evangelium
836 3947 1056 4011 tradidi,
1089 3964 1189 4019 pro
1231 3964 1319 4005 me
1346 3948 1554 4019 sapitis;
1587 3948 1636 4005 id
1678 3957 1763 4005 est
1791 3948 2049 4020 prodesse

2159 3980 2230 4019 me
2252 3968 2527 4038 confortat.
2574 3966 2727 4036 Quod
2771 3983 2942 4039 genus
2968 3970 3093 4025 vita:
3120 3946 3346 4044 semper
3368 3981 3425 4030 et
3453 3946 3766 4034 habendum

440 4040 580 4096 mibi
603 4048 801 4113 potest,
833 4041 1088 4113 quoniam
1117 4055 1214 4096 vos
1241 4041 1422 4098 docui.
1455 4041 1522 4096 Et
1549 4039 1675 4111 quid
1698 4040 1832 4097 illud
1862 4048 1967 4106 est,
1994 4041 2048 4096 in

2159 4066 2208 4114 et
2237 4059 2549 4128 tenendum,
2581 4069 2638 4115 ut
2664 4069 2721 4118 et
2761 4077 2862 4119 nos
2888 4063 3216 4133 laboremus,
3251 4039 3307 4123 et
3332 4071 3501 4125 nostri
3528 4072 3765 4129 instituti

443 4148 554 4205 quo
591 4142 648 4189 et
688 4140 817 4189 ante
845 4134 1156 4204 sapiebatis.
1191 4149 1331 4191 nunc
1360 4133 1685 4191 refloruistis
1712 4143 1768 4191 et
1794 4135 1933 4192 idem
1963 4149 2049 4190 sa-

2159 4149 2222 4208 sit
2238 4152 2415 4207 omnia
2441 4153 2539 4208 ista
2560 4168 2769 4224 gerere,
2805 4170 2925 4210 com
2957 4157 3127 4226 plere,
3157 4158 3321 4227 ferre,
3366 4159 3599 4219 tolerare
3630 4181 3645 4216 :
3693 4165 3765 4221 ita

441 4229 655 4319 pientes
706 4243 805 4298 pro
846 4243 934 4311 me
989 4227 1099 4298 jam
1146 4228 1379 4298 sapitis?
2154 4253 2334 4301 tamen
2380 4255 2435 4301 ut
2482 4244 2588 4302 hoc
2640 4247 2946 4317 credamus,
2987 4250 3111 4319 quia
3169 4268 3269 4307 nos
3310 4252 3381 4308 ad
3436 4256 3616 4311 omnia
3662 4257 3764 4313 ista

518 4318 684 4375 Vens.
719 4319 806 4374 ii.
838 4338 925 4360 ε-
955 4319 1205 4393 Occupati
1238 4332 1405 4376 autem
1455 4323 1630 4378 eratis.
1683 4319 1807 4377 Non
1847 4331 2049 4392 propter

2159 4337 2324 4396 fortes
2354 4340 2496 4396 Deus
2516 4340 2661 4397 fecit.
2708 4339 2842 4398 Cum
2864 4318 3013 4399 enim
3038 4344 3256 4414 dixerit,
3279 4348 3331 4402 in
3357 4349 3590 4405 omnibus
3615 4366 3765 4423 egere

442 4412 710 4481 penuriam
745 4412 860 4467 dico
886 4410 992 4483 (4).
1029 4412 1087 4468 Si
1132 4413 1219 4468 hic
1248 4429 1441 4469 sensus
1484 4415 1746 4485 superiori
1787 4414 2049 4485 jungitur,

2159 4451 2382 4505 possunt,
2439 4444 2487 4489 et
2526 4437 2711 4503 {amem
2771 4437 3020 4493 sustinere
3055 4437 3160 4512 (5),
3193 4444 3465 4497 revocavit
3506 4410 3762 4502 virtuietn

443 4506 569 4574 quia
599 4504 801 4560 dictum
833 4521 994 4576 supra
1023 4514 1126 4569 est,
1154 4506 1316 4561 etiam
1350 4522 1446 4576 pro
1477 4524 1562 4563 me
1609 4506 1853 4574 sapiatis,
1882 4506 1936 4564 id
1972 4515 2049 4563 est

2159 4543 2308 4583 suam
2349 4527 2418 4583 ad
2459 4528 2664 4583 Deum:
2716 4545 2808 4601 per
2847 4546 2967 4584 eum
3004 4532 3094 4602 qui
3142 4548 3221 4587 me
3258 4540 3532 4601 contonat.
3575 4536 3653 4593 Ita
3708 4545 3764 4595 et

444 4603 509 4652 ut
536 4597 604 4651 de
626 4613 712 4654 me
727 4599 997 4671 cogitetis,
1020 4601 1126 4655 erit
1150 4600 1455 4656 intellertus
1470 4608 1531 4656 ut
1553 4616 1619 4657 ea
1643 4617 1762 4672 qum
1782 4601 1909 4656 mihi
1928 4611 2053 4658 sunt
2078 4603 2130 4664 D
2154 4637 2272 4689 vos.
2306 4631 2361 4680 ei
2388 4637 2576 4679 omnes
2623 4597 2726 4694 qui
2758 4624 2809 4677 in
2861 4597 3029 4680 ηειηῆ
3078 4626 3239 4682 ﬁdem
3283 4597 3500 4691 haben."
3535 4631 3768 4689 credam

441 4692 774 4794 necessaria,
794 4695 1038 4761 mittatis;
1058 4695 1153 4751 sed
1180 4695 1341 4750 etiam
1369 4695 1610 4757 misistis;
1632 4704 1687 4751 et
1706 4696 1830 4752 ideo
1852 4696 2053 4751 dictum
2156 4728 2303 4774 certe
2331 4733 2452 4790 qua;
2477 4718 2605 4785 sint,
2636 4692 2696 4771 ie
2737 4731 2896 4787 posse
2923 4717 3093 4774 fortes
3124 4718 3261 4786 fieri,
3290 4730 3346 4777 et
3395 4721 3451 4777 in
3495 4730 3762 4794 egestate,

441 4780 844 4887 ξίίνετῇίιηθξηθ
866 4802 984 4843 sm"
1007 4795 1186 4844 autem
1212 4789 1266 4844 Ῐη
1293 4788 1520 4843 Domi“
1543 4788 1682 4855 ‘l‘md
1707 4787 1925 4843 “"de
1957 4789 2056 4844 ³η·
2156 4820 2212 4866 et
2260 4811 2311 4865 iu
2340 4780 2552 4865 (ia-teris
2584 4780 2878 4866 laboribus.
2926 4811 3068 4868 Deus
3114 4780 3259 4868 enini
3288 4780 3560 4887 nunquam

445 4872 663 4978 ὶιιιίξηάο
684 4875 1024 4978 reﬂoruit-iii",
1049 4888 1103 4978 ei
1123 4880 1588 4978 3h"“"“'¢_f‘¢P“
1608 4880 1811 4978 frl'CiHS
1833 4897 1898 4937 εἰ
1927 4897 2057 4948 οβθ·
2158 4905 2242 4960 his
2270 4905 2361 4975 qui
2414 4919 2538 4960 eum
2581 4905 2832 4978 diligunt,
2863 4907 2956 4978 qui
2998 4907 3053 4963 in
3101 4923 3225 4965 eum
3255 4872 3431 4966 fidem.
3456 4908 3658 4968 habent

442 4966 658 5023 ratione
673 4976 870 5025 vestra.
896 4968 984 5026 Sic
1004 4973 1146 5026 enim
1171 4982 1355 5043 postea
1377 4972 1529 5038 dicit,
1552 4982 1597 5027 et
1617 4973 1837 5044 coepistis
1854 4990 1951 5043 pro
1972 4989 2051 5028 me
2149 4966 2321 5069 spem:

443 5076 658 5130 sapere:
691 5061 744 5116 in
770 5078 879 5134 quo
901 5071 984 5117 est
1012 5071 1069 5118 et
1089 5063 1239 5129 illud,
1262 5066 1315 5118 in
1345 5081 1443 5129 quo
1468 5076 1515 5120 et
1540 5075 1659 5120 ante
1674 5064 1970 5135 sapicbatis,
1995 5074 2053 5121 ut

443 5151 577 5208 mibi
601 5157 903 5211 necessaria
933 5154 1215 5212 mitteretis
1245 5175 1258 5211 :
1287 5165 1343 5213 et
1373 5158 1476 5214 hoc
1502 5168 1588 5215 est
1614 5160 1754 5231 quod
1785 5160 2049 5231 sequitur.

441 5244 563 5316 Quo
593 5248 755 5304 modo
781 5249 1061 5320 sapiebant
1078 5250 1101 5304 ?
1121 5250 1260 5307 Ante
1276 5252 1525 5321 occupati
1542 5262 1716 5320 erant,
1740 5264 1866 5310 ante
1888 5256 1939 5310 in
1972 5255 2056 5312 bis

441 5314 721 5412 operibus.
750 5314 903 5410 Quod
925 5340 1139 5413 quidem
1167 5342 1389 5410 Paulus,
1416 5314 1519 5399 non
1553 5314 1908 5418 ideo,’inquit,
1938 5346 2049 5402 dico

516 5452 597 5525 (t)
637 5451 809 5510 Cudd.
839 5455 1172 5527 gubernabat.

514 5524 597 5594 (2)
626 5526 796 5581 Codd.
829 5527 945 5582 sibi.

510 5593 594 5670 ('5)
626 5595 807 5676 vulg,
838 5598 1207 5676 Ga_uisus_sum
1230 5611 1403 5659 autem
1441 5602 1494 5659 in
1526 5601 1745 5663 Domino
1769 5604 2040 5661 vehemen-

2233 5315 2315 5387 (Ι)
2342 5314 2513 5372 Codd.
2545 5333 2687 5373 uoco.

2267 5388 2301 5441 Ξ
2350 5388 2523 5445 Codd.
2556 5407 2652 5460 pro
2677 5406 2855 5447 sensus
2882 5390 3087 5448 habent
3108 5407 3162 5448 se
3189 5393 3344 5449 risus.

2265 5461 2298 5514 ὃ
2358 5459 2531 5528 Vulg.,
2564 5462 2671 5516 scio
2696 5475 2741 5517 et
2769 5463 3052 5533 humiliari,
3072 5465 3179 5519 scio
3198 5476 3246 5521 et
3260 5467 3344 5521 abs

2262 5536 2291 5587 4
2350 5529 2503 5602 Vulg.
2524 5572 2542 5601 ,
2566 5534 2747 5605 ubique
2762 5547 2807 5589 et
2828 5535 2882 5589 in
2902 5537 3155 5590 omnibus.

2179 5673 2186 5676 Α
2229 5608 2286 5676 (ξ)
2342 5602 2499 5676 Vulg.
2517 5645 2534 5672 ,
2568 5605 2830 5661 institutus
2846 5623 2961 5663 sum
2981 5608 3222 5664 etsatiari
3244 5617 3295 5666 et
3316 5624 3344 5666 ι

516 5452 597 5533 )
839 5455 1172 5533 gubernabat.
2241 5451 2321 5533 (ὃ)
2350 5459 2531 5533 _\_’ulg.,
2558 5451 2671 5516 'scio
2696 5475 2741 5517 et
2769 5463 3052 5533 humiliari,
3072 5465 3179 5519 scio
3198 5476 3246 5521 et
3260 5464 3541 5523 abundare.

626 5526 796 5605 εξυᾳιι.
829 5524 965 5605 sibi._
1448 5602 1458 5605 Α
1535 5601 1561 5605 Α
1668 5604 1673 5605 γ
1846 5604 1849 5605 ν
2232 5524 2315 5605 (4)
2342 5524 2542 5605 Χυιςρ,
2566 5534 2747 5605 ubique
2762 5547 2807 5589 et
2828 5535 2882 5589 in
2902 5524 3155 5590 omnibus.

510 5593 594 5670 (5)
626 5595 807 5677 vulg,
838 5598 1207 5677 Ga_uisus_sum
1230 5611 1403 5659 autem
1434 5602 1494 5677 in
1526 5601 1745 5663 Domino
1769 5604 2040 5661 vehemen-
2178 5673 2187 5677 Α
2342 5593 2830 5677 νιιιξάγίηδίὶιιιιιιε
2846 5623 2961 5663 sum
2981 5608 3222 5664 etsatiari
3244 5617 3295 5666 et
3316 5610 3573 5666 esurireet
3593 5609 3760 5669 abun-

437 5675 516 5751 ter
533 5672 775 5751 quoniam
800 5671 1005 5751 tandem
1028 5674 1306 5751 aliquando
1352 5676 1657 5749 reﬂoruistis
1681 5694 1777 5751 pro
1810 5694 1892 5733 me
1920 5695 2036 5734 seu.
2153 5671 2645 5751 darefet_penuriam
2672 5679 2799 5748 pati.

436 5739 763 5832 tirel’siqpt'et
789 5739 1125 5832 sentiebatis;
1178 5760 1183 5765 τ
1409 5739 1421 5749 ’
1508 5823 1522 5832 _
2151 5827 2161 5832 _
2198 5747 2303 5832 .
2335 5739 2517 5832 Yulgw
2559 5739 2908 5807 uerumtamen
2936 5749 3061 5809 bene
3082 5750 3298 5824 fecistis,
3322 5755 3763 5814 comunin

426 5842 443 5886 ι
502 5809 582 5883 (4)
615 5809 793 5884 Vulg.,
825 5830 928 5870 non
950 5817 1097 5887 quasi
1117 5833 1315 5893 pauper
1337 5823 1609 5893 penuriam
1633 5820 1768 5879 dico.
1799 5886 1807 5897 _
2143 5809 2626 5878 ινὶδαὶαιὶοηῖιὶιεωο

2227 5096 2391 5152 Vsus.
2415 5095 2506 5152 M.
2522 5128 2595 5138 —
2617 5096 2757 5154 Sane
2778 5098 2902 5154 bene
2927 5099 3117 5172 fecistis
3135 5100 3270 5172 quod
3291 5101 3613 5159 tribulationi
3636 5118 3766 5161 mea

2156 5189 2569 5245 communicastis
2595 5188 2697 5263 (6).
2721 5190 2781 5247 ld
2807 5202 2892 5249 est
2912 5191 3203 5264 participes
3232 5195 3408 5251 tuistis
3451 5196 3536 5253 vel
3562 5198 3766 5254 subve-
