4010 6306
466 194 604 253 1955

1710 195 1902 254 MAR“
1943 196 2286 253 VICTORINI
2325 197 2485 256 AFRl

3626 203 3765 258 12.36

461 325 566 370 tos.
591 312 744 384 Quod
774 321 952 369 autem
976 311 1111 368 dixit
1138 311 1631 385 pracipueintelligi
1656 312 1916 370 licetillos
1943 329 2068 386 ope-
2095 315 2146 377 Α
2176 324 2283 370 tum
2313 313 2648 368 exliortativa
2681 313 2905 385 cpistola
2938 315 3133 385 scripta
3175 324 3226 371 et
3267 316 3319 371 in
3351 332 3530 388 prece.
3564 317 3766 383 (initia,

457 423 575 464 ram
612 407 743 463 dare
793 416 851 462 ut
896 407 1142 481 placeant
1172 406 1224 461 in
1255 405 1538 476 obsequio,
1589 415 1644 461 et
1674 405 1874 463 idcirco
1905 416 2056 462 extra

460 511 692 558 caeteros
722 499 918 558 dixerit
955 499 1099 572 quod
1131 499 1229 570 ipsi
1268 498 1522 553 salutant.

537 595 696 654 Vens.
723 595 815 650 23.
844 625 916 635 -—
941 593 1122 648 Gratia
1151 593 1362 647 Domini
1388 592 1549 646 nostri
1573 589 1699 646 Iesu
1739 590 1927 647 Christi
1945 609 2062 646 cunt

460 689 646 763 spiritu
672 699 855 743 vestro.
879 687 978 756 Qui
1010 689 1078 742 ita
1104 686 1272 742 sensit
1300 685 1365 742 de
1387 684 1820 756 Philippensibus
1859 693 1915 738 ut
1942 684 2064 740 illos

461 798 572 838 non
595 781 864 854 quomodo
887 780 938 834 in
971 781 1184 835 cieteris
1212 778 1454 849 epistolis
1485 786 1688 833 rectum
1720 776 1941 844 sentire,
1969 791 2066 831 ne-

462 892 568 952 que
597 893 625 930 a
660 873 1122 948 pseudoapostolis
1144 872 1396 929 seductos
1418 887 1538 928 esse
1571 869 1800 941 accepit,
1831 870 1924 925 sed
1948 877 2069 924 tau-

2164 405 2358 478 inquit,
2400 405 2612 464 Domini
2658 407 2816 462 nostri
2853 405 2979 462 Iesu
3010 407 3198 463 Christi
3225 425 3340 462 cum
3377 411 3564 481 spiritu
3584 421 3766 466 vestro.

2163 500 2221 556 Si
2249 501 2392 556 enim
2421 501 2648 571 spiritus
2678 501 2840 568 inest,
2864 511 3011 556 recte
3040 503 3301 558 sentiunt.
3331 503 3469 572 Quid
3499 518 3626 574 ergo
3648 519 3771 574 pre-

2165 612 2260 652 ces
2287 604 2451 668 agunt
2480 596 2744 669 apostoli?
2771 595 2842 653 Ut
2875 597 3040 667 gratia
3076 596 3288 654 Domini
3316 595 3443 654 Iesu
3474 597 3670 654 Christi
3703 597 3773 651 sit

2167 705 2290 745 cum
2320 689 2510 760 spiritu
2540 689 2755 744 illorum
2788 689 2841 744 in
2871 690 3087 744 Christo
3115 689 3264 746 Iesu.
3297 694 3489 747 Amen.

2251 783 2500 838 Victorini
2532 784 2952 838 commentarium
2979 787 3030 838 in
3061 783 3330 854 epistolam
3361 783 3519 838 Pauli
3547 785 3769 854 apostoli

2176 874 2246 929 ad
2266 873 2630 947 Philippenses
2652 874 2862 946 explicit
2879 917 2891 930 .

1273 1241 1337 1299 1N
1381 1241 1766 1299 EPISTULAM
1807 1240 2013 1300 PAULI
2047 1241 2146 1302 AD
2185 1242 2518 1302 EPIIESIOS
2557 1244 2742 1301 LIBRI
2785 1246 2941 1304 DUO.

1005 1359 1215 1420 LIBER
1243 1356 1518 1416 PRIMUS.

538 1456 776 1530 Epistola
807 1456 874 1512 ad
907 1455 1170 1528 Ephesios
1216 1468 1483 1508 summam
1526 1453 1671 1510 illam
1725 1461 1894 1519 tenet,
1948 1469 2070 1524 qua

466 1555 631 1608 totius
669 1553 972 1622 disciplinae
1017 1565 1233 1620 semper
1256 1563 1377 1604 esse
1408 1547 1588 1614 debet,
1639 1547 1844 1603 scilicet
1872 1557 1929 1603 ut
1975 1548 2068 1605 ha-

467 1649 628 1706 beant
651 1648 1012 1718 cognitionem
1047 1644 1350 1716 theologiaa,
1382 1643 1432 1700 id
1455 1653 1536 1700 est
1570 1643 1666 1699 Dei
1697 1643 1914 1709 Christi,
1950 1659 2068 1714 my-

462 1739 612 1796 sterii
646 1739 814 1814 ipsius
843 1749 898 1794 et
924 1737 1208 1801 adventus,
1265 1745 1318 1791 et
1362 1744 1683 1792 cancrorum
1714 1752 1834 1800 qua:
1855 1734 1921 1790 ad
1947 1751 2066 1790 eam

466 1832 834 1906 cognitionem
869 1830 1158 1904 pertinent.
1201 1827 1332 1884 ltem
1364 1838 1631 1899 praacepta
1657 1827 1868 1884 vivendi
1914 1827 2070 1884 Chri-

468 1927 660 1982 stianis
685 1925 772 1982 vel
813 1925 1064 1981 omnibus
1108 1924 1190 1980 vel
1215 1921 1440 1994 singulis
1464 1921 1844 1980 convenientia
1887 1923 2063 1978 conti-

470 2028 600 2074 net:
633 2017 760 2092 quid
792 2017 1072 2074 dominum
1103 2015 1244 2087 apud
1268 2030 1509 2080 servum,
1540 2014 1680 2085 apud
1707 2023 1911 2084 patrem
1942 2014 2069 2085 quid

466 2112 658 2178 lilium,
681 2111 806 2182 quid
835 2109 1084 2166 maritum
1113 2108 1256 2180 apud
1289 2122 1536 2172 uxorem,
1567 2115 1817 2178 oporteat
1870 2107 2066 2162 lacere.

476 2202 606 2260 Hmc
635 2203 792 2274 igitur
821 2218 940 2258 cum
973 2202 1080 2258 duo
1110 2201 1240 2268 sint,
1275 2199 1537 2272 principio
1570 2198 1637 2254 de
1669 2198 1933 2270 theologia
1961 2199 2072 2254 dis-

469 2311 734 2367 ponemus
757 2296 1004 2352 universa
1041 2312 1054 2348 :
1114 2294 1312 2350 deinde
1357 2293 1425 2348 de
1457 2292 1579 2346 νὶιςε
1609 2307 1808 2362 genere
1839 2301 1894 2348 et
1925 2307 2062 2363 pra:-

471 2387 644 2460 ceptis
670 2386 736 2441 ad
771 2385 1077 2442 vivendum.
1136 2385 1276 2442 Sane
1328 2385 1550 2442 materia
1575 2384 1662 2440 illa
1686 2395 1769 2440 est
1799 2385 2068 2454 similiter,

471 2496 591 2552 quae
620 2482 670 2538 in
701 2481 952 2535 omnibus
991 2478 1339 2545 custoditur;
1392 2478 1534 2550 quod
1582 2478 1744 2534 etiam
1794 2478 2010 2550 Ephesii
2039 2493 2070 2535 a

473 2571 939 2641 pseudoapostolis
1003 2571 1279 2642 depravati
1347 2569 1669 2626 videbantur
1708 2641 1711 2644 _
1737 2571 2070 2641 judaismum

467 2665 694 2737 jungere
721 2664 1029 2720 christiana:
1059 2664 1380 2735 disciplinae.
1459 2662 1706 2719 Monendi
1733 2664 1891 2736 igitur
1914 2663 2073 2720 modo

472 2765 528 2810 et
557 2755 888 2827 corrigendi,
918 2756 1140 2826 epistola
1188 2756 1284 2809 ista
1325 2753 1626 2824 conscripta
1670 2765 1752 2812 est
1787 2771 1800 2822 ;
1855 2764 1913 2808 ttt
1961 2755 2070 2820 illa,

471 2863 590 2917 quae
619 2857 741 2902 sunt
772 2848 880 2903 illis
911 2847 1048 2903 male
1073 2848 1362 2912 insinuata,
1407 2847 1702 2918 corrigam,
1733 2846 2021 2903 emcndent
2054 2863 2070 2912 ;

473 2940 690 3012 etquod
723 2953 847 2996 ante
872 2941 976 2996 illis
1022 2940 1270 3000 traditum
1303 2948 1406 3006 est,
1431 2939 1758 3002 custodiant,
1809 2951 1968 3012 atque
2020 2941 2070 2994 in

475 3033 664 3089 eodem
698 3043 1068 3103 perseverent.
1121 3035 1341 3089 Summa
1403 3033 1563 3103 igitur
1591 3034 1644 3089 in
1675 3034 1940 3105 principio
1971 3035 2070 3090 ista

470 3138 602 3182 est:
653 3125 925 3184 Christum
978 3125 1068 3181 Dci
1123 3125 1310 3191 ﬁlium,
1365 3133 1419 3179 et
1447 3135 1570 3182 ante
1593 3125 1850 3180 mundum
1885 3125 2068 3193 fuisse,

474 3230 529 3276 et
557 3236 771 3293 semper
793 3236 932 3286 esse,
964 3230 1014 3274 et
1050 3219 1223 3288 ipsum
1253 3222 1484 3286 venisse,
1546 3230 1597 3274 et
1628 3220 1678 3276 in
1702 3235 1768 3276 eo
1787 3235 1938 3290 spem
1975 3239 2072 3289 po-

471 3311 630 3366 sitam
661 3327 832 3377 esse;
888 3321 942 3370 et
969 3311 1085 3381 ejus
1122 3312 1408 3381 promissa,
1470 3311 1560 3368 Dei
1610 3314 1870 3382 promissa
1929 3328 2070 3370 esse.

476 3406 628 3474 Quod
661 3409 704 3462 si
737 3407 807 3460 ita
836 3415 939 3472 est,
963 3407 1176 3477 judaica
1207 3405 1486 3475 disciplina
1521 3407 1676 3475 longe
1706 3406 1936 3462 discreta
1967 3419 2073 3470 rst.

476 3501 633 3554 aliter
660 3511 900 3570 accepta,
934 3500 1089 3554 aliter
1120 3500 1410 3562 insinuata,
1457 3500 1612 3553 aliter
1642 3501 1934 3566 intellecta,
1965 3503 2072 3556 sic~

477 3593 552 3648 uti
606 3589 916 3663 frequenter
961 3591 1216 3658 diximus,
1275 3604 1328 3648 et
1372 3607 1514 3648 nunc
1557 3599 1898 3664 exponimus.
1950 3593 2068 3650 Non

476 3700 606 3756 ergo
633 3685 972 3756 adjungenda
993 3696 1074 3742 est
1105 3686 1188 3742 vel
1217 3686 1458 3742 scientiae
1488 3685 1683 3742 divina:
1725 3687 1810 3743 vel
1860 3688 2074 3744 vivendi

479 3778 732 3848 operibus
761 3789 816 3834 et
833 3778 1062 3834 actibus.

548 3873 701 3927 CAP.
721 3873 760 3927 Ι.
778 3872 1025 3928 —Vsns.
1054 3873 1104 3927 l.
1126 3871 1374 3928 —Suniit
1394 3887 1522 3944 ergo
1545 3871 1754 3928 initium
1778 3873 2072 3941 Christum,

480 3974 542 4020 ut
570 3966 806 4021 insinuet
859 3977 914 4022 et
957 3982 1078 4022 eum
1116 3981 1175 4022 se
1219 3966 1592 4040 evangelizare
1633 3968 1963 4040 protiteatur,
2023 3978 2078 4024 et

479 4059 620 4130 quod
652 4060 706 4115 in
737 4064 855 4130 ipso
886 4073 992 4115 uno
1025 4060 1095 4115 sit
1132 4073 1278 4130 spes.
1343 4058 1398 4114 In
1437 4074 1545 4130 quo
1585 4059 1850 4132 principio
1884 4075 2078 4116 secun-

477 4153 606 4208 dum
635 4153 1077 4212 consuetudinem
1108 4169 1257 4210 suam
1286 4153 1602 4223 Apostolum
1627 4169 1687 4209 se
1721 4153 1847 4211 Iesu
1877 4155 2075 4211 Christi

483 4244 634 4311 dicit,
667 4255 724 4300 ut
767 4245 833 4300 ad
871 4245 1186 4301 Romanos:
1232 4245 1433 4302 Paulus
1468 4262 1640 4302 servus
1691 4243 1881 4302 Christi
1925 4246 2074 4304 Iesu.

478 4337 732 4393 Secundo
774 4339 1018 4409 adjunxit
1062 4349 1268 4394 uocatus
1313 4339 1578 4410 apostolus
1600 4338 1783 4411 utique
1804 4350 2024 4395 vocatus
2045 4355 2076 4397 a

483 4430 719 4495 Christo;
752 4441 808 4486 et
852 4446 973 4486 cum
1009 4429 1418 4500 przedestinatus
1448 4429 1500 4484 in
1532 4433 1869 4503 evangelium
1908 4432 2024 4497 Dei,
2046 4449 2077 4489 a

482 4522 699 4578 Christo
719 4523 1151 4596 prmdestinatus;
1170 4523 1297 4578 olim
1324 4523 1757 4593 praedestinatus;
1782 4533 1836 4579 et
1860 4525 1904 4579 si
1923 4525 2076 4592 olim,

479 4635 608 4689 ergo
624 4619 752 4673 olim
769 4619 1031 4684 Christus;
1049 4617 1150 4672 hoc
1162 4618 1305 4674 enim
1324 4617 1495 4674 Iudasi
1511 4626 1724 4687 negant.
1744 4617 1948 4673 Eodem
1965 4635 2078 4673 mo-

482 4709 553 4764 do
582 4711 646 4764 ad
671 4709 978 4765 Corinthios
1005 4708 1199 4765 Paulus
1217 4720 1422 4765 vocatus
1450 4709 1712 4780 apostolus
1736 4709 1862 4766 Iesu
1887 4708 2079 4768 Christi

479 4819 573 4874 per
598 4802 906 4856 voluntatem
931 4802 1047 4870 Dei,
1092 4819 1211 4875 qua:
1229 4811 1314 4859 est
1332 4801 1580 4859 Christus
1602 4820 1614 4857 :
1665 4803 1913 4860 voluntas
1931 4805 2078 4861 cnim

479 4893 596 4956 Dei,
635 4891 879 4947 Christus
906 4905 1026 4962 est;
1073 4896 1193 4966 quia
1215 4911 1276 4952 ea
1301 4893 1426 4951 facit
1454 4911 1572 4966 qua:
1593 4895 1736 4951 Deus
1765 4897 1895 4952 vult.
1937 4897 2079 4971 Ergo

480 4987 681 5042 Christi
701 4988 976 5058 apostolus
1003 4997 1058 5042 et
1077 4999 1298 5045 vocatus
1319 5005 1347 5043 a
1377 4988 1592 5046 Christo
1625 5008 1637 5045 :
1689 4989 1804 5045 hmc
1824 5002 1905 5046 est
1934 4999 2077 5048 enim

481 5081 728 5134 voluntas
762 5079 879 5134 Dei.
931 5077 1132 5135 Eodem
1166 5081 1324 5136 modo
1362 5092 1416 5138 et
1461 5082 1514 5138 in
1550 5083 1826 5140 secunda:
1877 5083 2079 5142 Paulus

481 5170 743 5244 apostolus
765 5168 890 5225 Iesu
908 5169 1103 5225 Christi
1117 5189 1208 5241 per
1229 5173 1533 5229 voluntatem
1553 5173 1668 5230 Dei.
1693 5175 1842 5232 Nunc
1862 5193 2078 5247 quoque

483 5262 674 5318 iisdem
699 5263 910 5318 verbis:
937 5260 1130 5316 Paulus
1151 5267 1414 5332 apostolus
1433 5265 1560 5320 Iesu
1582 5265 1772 5322 Christi
1791 5285 1882 5338 per
1903 5269 2080 5324 volun-

485 5370 638 5414 tatem
662 5359 780 5414 Dei.
814 5359 921 5415 Sed
942 5359 1058 5414 htec
1076 5373 1197 5414 cum
1218 5359 1368 5428 dicit,
1391 5363 1578 5416 sanctis
1595 5364 1682 5433 qui
1701 5373 1817 5418 sunt
1835 5363 2075 5434 ﬁdelibus

485 5451 676 5523 Ephesi
705 5452 805 5525 (1),
839 5451 965 5524 quid
996 5451 1306 5524 adjungltur
1326 5451 1350 5494 ν
1379 5454 1431 5508 in
1451 5452 1650 5510 Christo
1679 5455 1824 5510 Iesu.
1861 5455 1937 5512 lla
1959 5471 2077 5514 om-

556 5623 649 5700 (l)_
675 5624 834 5697 Vulg.
861 5627 1022 5700 linem
1049 5628 1208 5700 hujus
1241 5644 1384 5688 vers.
1421 5631 1501 5688 sic
1541 5633 1758 5690 exhibet
1787 5652 1801 5688 :
1830 5634 2078 5694 Omnibus

484 5698 698 5763 sanctis,
721 5700 808 5766 qui
831 5711 946 5755 sunt
974 5698 1192 5772 Ephesi,
1222 5711 1270 5758 et
1295 5703 1532 5771 ﬁdelibus
1555 5705 1608 5761 in
1629 5703 1830 5764 Christo
1854 5705 2002 5762 Iesu.

2105 4584 2159 4646 D

2178 1358 2338 1416 nibus
2369 1357 2543 1416 modis
2561 1357 2847 1416 conﬁrmat
2891 1375 3108 1418 omnem
3146 1362 3394 1424 virtutem
3423 1371 3478 1422 et
3507 1367 3776 1436 evangelii

2175 1463 2228 1508 et
2267 1453 2634 1524 intelligentiae
2666 1454 2718 1510 in
2750 1455 2968 1512 Christo
3014 1455 3142 1514 Iesu
3192 1459 3512 1526 consistere,
3551 1470 3609 1516 et
3655 1461 3782 1518 inde

2183 1544 2559 1602 liberationem
2591 1557 2646 1604 et
2667 1549 2928 1617 promissa
2978 1557 3033 1604 et
3065 1552 3526 1609 aeteruomvitsm.
3575 1552 3780 1608 Eodem

2175 1637 2337 1694 modo
2359 1647 2409 1694 et
2430 1637 2484 1693 in
2503 1640 2735 1706 czeteris,
2759 1650 2816 1698 ut
2845 1649 2966 1711 post
2986 1642 3248 1700 dicemus.

2250 1730 2453 1788 Paulus
2483 1735 2746 1805 apostolus
2776 1733 2903 1790 Iesu
2945 1733 3136 1792 Christi
3175 1753 3266 1807 per
3312 1737 3621 1795 voluntatem
3659 1740 3781 1796 Dei.

2174 1825 2422 1882 Christus
2448 1827 2588 1883 enim
2619 1827 2777 1883 Iesus
2808 1830 2859 1884 in
2890 1843 3137 1899 corpore,
3196 1831 3311 1902 ipse
3340 1841 3520 1888 autem
3562 1834 3615 1887 in
3661 1837 3782 1904 spi-

2179 1918 2284 1973 ritu
2314 1917 2562 1972 voluntas
2598 1918 2688 1974 Dei
2719 1929 2822 1975 est.
2859 1920 2991 1975 Cum
3013 1935 3142 1992 ergo
3158 1922 3322 1993 elegit
3337 1921 3495 1980 Iesus
3517 1924 3778 1983 Christus

2179 2019 2233 2066 et
2263 2011 2566 2084 apostolum
2615 2011 2835 2070 Paulum
2875 2012 3022 2076 fecit.
3073 2030 3172 2086 per
3193 2015 3437 2087 spiritum
3456 2018 3643 2090 elegit,
3689 2021 3786 2091 qui

2177 2115 2259 2160 est
2293 2103 2540 2159 voluntas
2581 2104 2695 2172 Dei,
2730 2106 2813 2161 vel
2845 2105 3081 2177 potentia
3100 2109 3292 2178 agendi
3323 2125 3442 2180 quae
3473 2112 3603 2166 velit
3629 2115 3784 2168 :vult

2178 2207 2358 2254 autem
2381 2194 2632 2254 Christus
2661 2212 2782 2269 qua:
2828 2198 2970 2254 Deus
3015 2199 3146 2256 vult.
3197 2200 3563 2272 lntelligamus
3594 2204 3786 2275 igitur,

2179 2301 2401 2360 utstepe
2428 2290 2686 2358 diximus,
2709 2292 2872 2347 Deum
2902 2307 3024 2348 esse
3048 2294 3217 2363 ipsam
3265 2296 3579 2365 pctentiam,
3634 2315 3788 2370 mag-

2178 2382 2500 2447 nitudinem,
2558 2383 2916 2441 substantiam
2957 2385 3306 2456 plenitudinis
3363 2388 3561 2455 totius;
3608 2389 3775 2445 Chri-

2177 2488 2318 2536 stum
2334 2493 2484 2544 vero,
2507 2478 2558 2533 id
2581 2481 2818 2554 εειλόγον
2841 2496 2986 2547 eum,
3009 2481 3099 2552 qui
3127 2482 3176 2536 in
3191 2480 3406 2538 Christo
3429 2482 3547 2550 luit,
3575 2485 3668 2540 Dei
3690 2502 3788 2540 vo-

2176 2571 2458 2626 luntatem.
2507 2572 2576 2628 Et
2600 2571 2702 2629 hoc
2727 2572 2774 2628 si
2804 2573 3019 2644 penitus
3058 2573 3218 2644 aliqui
3250 2573 3331 2647 (Ι)
3376 2590 3440 2631 ac
3493 2575 3787 2648 diligenter

2176 2665 2438 2734 attendat,
2469 2665 2708 2722 inveniet
2737 2667 3112 2738 iuseparabilia
3166 2683 3287 2724 esse
3333 2669 3501 2728 Deum
3551 2679 3609 2728 et
3656 2671 3784 2741 ejus

2179 2759 2533 2827 voluntatem,
2561 2769 2615 2814 et
2641 2769 2817 2816 tamen
2843 2765 2993 2830 (ptasi
3033 2762 3372 2832 separabilia.
3420 2762 3581 2820 Aliud
3637 2765 3789 2822 enim

2179 2857 2343 2921 Deus,
2377 2855 2523 2911 aliud
2549 2856 2814 2916 voluntas.
2834 2854 3018 2926 juncta
3048 2864 3225 2916 tamen
3256 2865 3312 2913 et
3339 2855 3694 2922 colutrentia,
3731 2869 3792 2914 et

2178 2967 2448 3022 nunquam
2481 2950 2713 3006 discreta
2743 2950 2883 3006 inter
2927 2966 2986 3007 se
3015 2959 3160 3015 sunt,
3214 2961 3270 3010 et
3324 2951 3462 3010 Deus
3485 2960 3541 3008 et
3565 2951 3660 3006 Dei
3682 2968 3787 3008 vo-

2178 3044 2376 3100 luntas.
2411 3044 2500 3100 Sic
2528 3043 2585 3098 lit
2617 3052 2674 3098 ut
2703 3045 2815 3098 sola
2848 3043 3094 3098 voluntas
3122 3043 3280 3111 sciat,
3311 3043 3438 3114 quid
3485 3043 3629 3100 Deus
3656 3046 3789 3101 velit

2178 3147 2235 3193 et
2256 3138 2476 3208 cogitet.
2515 3135 2796 3207 Signiﬁcat
2819 3153 2948 3206 ergo
2977 3147 3250 3206 paternam
3272 3137 3566 3208 potentiam
3590 3137 3786 3194 volun.

2184 3242 2264 3287 tas
2292 3231 2409 3298 Dei,
2432 3231 2562 3286 etin
2592 3241 2740 3301 patre
2765 3231 2939 3302 posita
2974 3247 2988 3297 ;
3051 3240 3109 3288 et
3135 3247 3320 3290 rursus
3349 3232 3463 3300 ipsa
3485 3234 3660 3304 patria
3689 3250 3788 3303 po-

2185 3325 2346 3379 tentia
2380 3325 2431 3378 in
2456 3322 2566 3378 lilio
2595 3340 2609 3389 ;
2638 3324 2761 3394 quia
2793 3323 2934 3378 [ilius
2957 3325 3282 3380 voluntatem
3310 3325 3399 3382 Dei
3424 3327 3571 3384 facit.
3609 3327 3791 3385 Situnl

2182 3427 2237 3474 et
2273 3419 2374 3474 hoc
2411 3419 2666 3474 attentius
2709 3411 3022 3486 videndum,
3077 3421 3348 3492 quomodo
3405 3421 3548 3482 [llius
3596 3425 3690 3484 sit.
3733 3437 3791 3480 et

2184 3512 2454 3583 tummodo
2494 3525 2665 3582 pater.
2718 3511 2836 3570 Non
2887 3513 3031 3570 enim
3085 3515 3435 3584 generatione
3478 3526 3650 3585 mota,
3689 3519 3787 3574 sed

2187 3603 2255 3677 (si
2281 3603 2576 3658 similitudo
2603 3601 2863 3673 capienda
2889 3605 2996 3676 est)
3019 3605 3171 3674 quasi
3191 3606 3420 3675 quodam
3451 3617 3605 3676 partu
3634 3625 3790 3664 men-

2182 3697 2273 3765 tis,
2302 3697 2628 3768 cogitatione
2657 3698 2956 3769 prorumpit
2988 3698 3126 3758 vclle
3167 3710 3482 3770 conceptum
3507 3711 3562 3756 et
3609 3701 3790 3759 ell‘un-

2182 3790 2348 3845 dilur.
2395 3790 2605 3846 Etenim
2652 3791 3005 3862 cogitationes
3043 3791 3258 3857 animae,
3309 3793 3465 3863 quasi
3510 3793 3606 3849 lilii
3661 3806 3786 3851 sunt

2183 3885 2398 3938 animas.
2435 3883 2604 3939 Porro
2625 3898 2746 3938 cum
2781 3883 2924 3939 Deus
2953 3884 3244 3940 universali
3265 3886 3587 3956 cogitatione
3619 3903 3785 3946 unam

2183 3977 2513 4034 voluntatem
2536 3976 2756 4046 habeat,
2801 3976 3004 4034 idcirco
3035 3993 3170 4033 unus
3197 3989 3284 4034 est
3321 3978 3465 4034 ﬁlius
3490 3988 3546 4034 et
3569 3981 3784 4038 unicus.

2181 4072 2299 4129 Non
2327 4072 2473 4128 enim
2495 4071 2749 4142 cogitavit
2779 4071 2927 4141 prius
2957 4071 3179 4142 aliquid,
3229 4081 3281 4127 et
3306 4082 3489 4142 postea
3516 4074 3665 4129 aliud
3701 4077 3786 4131 vel

2182 4165 2479 4231 diversum,
2503 4179 2612 4220 non
2641 4163 2801 4220 tnodo
2829 4166 3180 4220 contrarium.
3238 4163 3384 4221 Unde
3434 4181 3573 4222 unus
3616 4169 3782 4235 Deus,

2185 4275 2322 4315 unus
2349 4257 2598 4317 Christus
2623 4273 2638 4324 ;
2669 4257 2721 4313 id
2745 4267 2829 4312 est
2852 4271 2990 4314 unus
3021 4267 3190 4328 pater,
3220 4275 3354 4314 unus
3383 4259 3544 4315 titius.
3577 4260 3688 4316 Sed
3728 4272 3788 4317 ut

2185 4352 2445 4419 diximus,
2478 4351 2595 4407 hzec
2623 4365 2838 4423 semper
2865 4352 3116 4410 voluntas
3142 4368 3171 4407 a
3198 4353 3327 4421 Deo,
3368 4364 3423 4410 et
3451 4355 3501 4412 in
3533 4357 3647 4414 Deo
3701 4369 3786 4413 est

2185 4446 2443 4517 potentia,
2468 4454 2520 4502 et
2546 4445 2662 4517 ipsa
2692 4445 2806 4512 Dei,
2850 4452 2906 4502 et
2935 4455 3102 4517 patris
3128 4447 3324 4503 virtute
3367 4448 3523 4518 plena
3567 4459 3623 4505 et
3672 4452 3786 4522 ipsa

2183 4539 2445 4605 existens,
2501 4547 2556 4594 et
2605 4538 2721 4609 ipsa
2762 4553 2883 4610 quae
2910 4537 3014 4595 huc
3035 4540 3245 4597 venerit
3265 4541 3318 4596 in
3351 4541 3609 4598 mundum
3637 4558 3788 4614 saepe

2188 4633 2294 4688 alio
2322 4642 2482 4703 atque
2507 4631 2613 4686 alio
2636 4631 2834 4700 modo;
2866 4642 2920 4689 et
2948 4649 3089 4690 nunc
3135 4633 3191 4688 in
3234 4649 3418 4702 carne,
3472 4651 3636 4706 quam
3683 4639 3787 4693 sibi

2188 4727 2426 4798 potentia
2448 4741 2544 4782 sua
2567 4725 2849 4793 formavit;
2871 4737 2926 4782 et
2947 4728 3259 4798 mysterium
3284 4738 3503 4798 prOpter
3524 4730 3786 4786 mundum

2186 4827 2242 4874 et
2265 4818 2492 4885 animas,
2517 4832 2636 4888 qua:
2658 4817 2711 4872 in
2733 4817 2935 4874 mundo
2955 4818 3324 4884 trahebantur,
3349 4819 3612 4890 implevit.
3640 4821 3784 4877 Scri-

2187 4910 2266 4967 bit
2297 4910 2455 4981 igitur
2481 4910 2675 4966 Paulus
2701 4911 2912 4977 sanctis,
2937 4909 3130 4981 inquit,
3180 4913 3266 4980 qui
3313 4925 3431 4965 sunt
3479 4911 3696 4984 Ephesi,
3736 4925 3786 4971 et

2182 5003 2420 5074 ﬁdelibus
2445 5003 2498 5058 in
2524 4999 2726 5057 Christo
2755 5001 2903 5057 Iesu.
2946 5000 3289 5058 Constrinxit
3333 5004 3455 5060 illos
3502 5012 3558 5060 et
3598 5005 3786 5076 ligavit

2181 5094 2250 5150 ad
2273 5095 2591 5166 religionem
2635 5104 2995 5165 eieteramque
3047 5095 3260 5150 vivendi
3298 5095 3492 5167 legem,
3552 5098 3700 5168 quod
3733 5107 3788 5154 et

2181 5195 2396 5246 sanctos
2440 5188 2562 5244 illos
2607 5188 2894 5260 appellavit
2940 5199 2990 5244 et
3024 5188 3212 5245 lideles
3240 5189 3296 5246 in
3322 5189 3780 5262 Cltristo,inquil,

2181 5281 2327 5337 Iesu.
2357 5282 2412 5336 In
2445 5281 2563 5336 aliis
2588 5281 2831 5350 epistolis
2855 5298 2976 5337 cum
2998 5283 3064 5337 ad
3093 5282 3390 5339 Ecclesiam
3428 5296 3479 5341 et
3510 5285 3580 5341 ad
3613 5302 3785 5358 pupu-

2137 5429 2140 5431 λ
2179 5378 2291 5432 lum
2322 5375 2529 5444 scribit,
2563 5391 2668 5432 non
2692 5377 2912 5446 apponit
2940 5376 3128 5432 sanctis
3156 5387 3203 5432 et
3231 5377 3491 5447 ﬁdelibus;
3554 5390 3609 5434 at
3650 5396 3784 5435 vero

2180 5483 2342 5535 nunc,
2370 5469 2494 5539 quia
2521 5468 2647 5524 illos
2672 5468 2739 5524 ad
2770 5470 2942 5540 legem
2979 5469 3215 5525 nominis
3264 5480 3451 5526 tenere
3499 5472 3775 5543 cupiebat,

2181 5578 2248 5619 ne
2280 5577 2476 5619 novum
2504 5562 2647 5618 aliud
2669 5563 2810 5633 quod
2840 5572 2992 5618 extra
3016 5579 3209 5619 nomen
3233 5573 3380 5619 esset
3398 5564 3781 5638 adjuogereut,

2256 5709 2339 5783 (l)
2379 5710 2454 5769 Ita
2485 5711 2644 5769 codd.
2677 5726 2777 5784 pro
2813 5713 3018 5804 aliquis.
