4010 6306
317 144 459 207 1⁸257

1166 144 1230 200 IN
1270 144 1656 205 EPISTOLAM
1688 143 1892 206 PAULI
1927 144 2019 204 AD
2072 146 2406 209 EPHESIOS
2444 149 2647 207 LIBER
2682 150 2721 206 l.

3484 156 3622 213 ϋὶίξῖ

316 264 571 339 quoniam
599 264 913 323 sanetiiieati
939 265 1049 337 jam
1076 274 1201 323 sunt
1229 265 1330 322 hoc
1361 267 1597 335 nomine,
1647 274 1701 322 et
1728 264 1913 323 ﬁdeles
1942 266 1987 325 A
2017 264 2246 321 nedictus
2262 275 2333 320 est
2360 276 2523 338 pater.
2568 267 2835 342 Quoniam
2857 275 2912 324 et
2956 276 3141 325 noster
3168 279 3222 326 et
3260 270 3480 340 Christi,
3524 272 3619 326 ad-

318 357 372 413 in
393 356 611 415 Christo
634 367 761 417 sunt
790 375 805 427 ;
836 358 1039 415 idcirco
1064 375 1130 415 eo
1161 361 1276 432 ipso
1304 359 1447 432 quod
1473 359 1595 418 illos
1617 360 1669 415 in
1699 357 1912 416 Christo
2007 355 2187 425 junxit
2216 367 2360 428 pater
2384 355 2598 413 Domini
2619 359 2777 414 nostri
2792 357 2919 414 Iesu
2941 357 3153 416 Christi.

318 461 536 509 sanctos
558 459 613 507 et
639 449 827 509 ﬁdeles
851 453 1167 521 nominavit,
1191 452 1423 510 ostendit
1454 452 1576 509 illos
1606 453 1735 510 nihil
1765 451 1911 509 aliud

318 542 520 600 sentire
540 541 760 610 debere,
791 541 894 600 nisi
924 543 1108 601 iesum
1136 542 1434 614 Christum,
1484 546 1639 617 cujus
1694 543 1914 601 nomine

320 633 496 695 sancti
524 643 651 692 sunt
675 644 730 691 et
760 633 966 693 lldeles.

393 725 557 785 Vsus.
583 726 638 781 2.
661 758 733 768 —
763 726 945 783 Gratia
972 728 1111 785 vobis
1138 737 1187 785 et
1207 746 1312 803 pax
1352 747 1385 785 a
1428 729 1534 785 Deo
1575 740 1723 802 patre
1744 738 1915 786 nostra

319 836 369 878 et
409 819 629 878 Domino
655 820 781 878 Iesu
821 822 1040 880 Christo.
1085 823 1199 880 Duo
1241 832 1368 880 sunt
1411 841 1532 896 quae
1582 823 1818 882 maxime
1863 832 1917 879 et

319 916 696 973 contentiones
744 917 938 973 tollunt
972 926 1027 974 et
1062 918 1476 990 praeceptionem
1534 918 1631 975 Dei
1677 917 1912 989 tradunt,

319 1008 492 1082 gratia
510 1016 564 1064 et
582 1023 709 1082 pax.
725 1008 986 1078 Quoniam
1008 1010 1166 1083 igitur
1181 1011 1270 1069 isti
1288 1026 1474 1068 errore
1490 1009 1915 1085 tenebantur(i),

321 1101 524 1158 idcirco
549 1110 730 1173 optata
754 1113 837 1159 est
860 1102 966 1159 illis
988 1105 1179 1176 gratia,
1208 1104 1260 1161 id
1279 1113 1360 1161 est
1378 1116 1432 1161 ut
1457 1105 1623 1161 Deum
1646 1104 1916 1174 noverint,

321 1204 377 1251 et
399 1195 556 1266 plene
579 1195 750 1251 Deum
779 1203 835 1252 et
859 1196 1131 1254 Christum
1170 1208 1481 1270 sequantur,
1536 1209 1591 1256 et
1618 1199 1672 1255 in
1702 1199 1919 1257 Christo

321 1291 502 1347 omnia
528 1291 819 1362 collocent,
853 1291 1091 1363 nihilque
1116 1292 1261 1349 aliud
1282 1293 1602 1351 admittant:
1633 1293 1916 1366 siquidem

316 1384 618 1457 judaismus
649 1399 755 1440 non
782 1384 972 1443 eodem
1028 1385 1190 1443 modo
1220 1394 1324 1456 est,
1377 1395 1436 1442 ut
1482 1404 1587 1442 non
1642 1386 1918 1445 Christum

322 1479 527 1535 laceret
555 1496 569 1533 :
603 1494 708 1534 non
741 1479 883 1535 enim
911 1480 1107 1551 legem,
1140 1479 1233 1536 sed
1265 1480 1675 1553 intelligentiam
1706 1480 1920 1536 vivendi

324 1583 599 1649 acceptam
627 1572 875 1629 aJudaeis
916 1573 1181 1646 repudiat,
1227 1574 1369 1630 sicut
1418 1583 1540 1647 post
1584 1573 1917 1630 docebimus.

2088 453 2293 510 Deinde
2328 455 2865 525 subjunxitcausam,
2894 456 3164 529 quomodo
3196 457 3507 515 benedictus
3530 460 3618 532 qui

2014 563 2139 616 nos,
2170 546 2377 619 inquit,
2412 548 2666 605 benedixit
2703 548 2757 603 in
2788 549 2927 604 omni
2952 549 3297 606 benedictione
3324 552 3546 622 spiritali
3567 554 3619 609 in

2013 639 2316 697 caelestibus.
2352 636 2450 696 [lic
2483 641 2757 698 hominum
2787 642 3128 699 miserandus
3156 658 3312 700 error
3338 644 3579 700 attendat
3601 687 3619 713 ,

2015 731 2331 789 benedictos
2365 748 2465 790 nos
2493 733 2626 790 dixit
2666 746 2719 791 et
2747 736 2803 792 in
2844 738 2991 793 omni
3037 735 3413 794 benedictione
3452 737 3619 794 bene-

2018 824 2190 881 dictos
2219 844 2231 878 :
2257 840 2386 898 ergo
2415 824 2544 882 nihil
2576 825 2702 882 mali
2731 827 2837 899 pati
2866 827 3026 885 debet
3051 829 3140 902 qui
3164 827 3480 884 benedictus
3510 838 3616 885 est.

2020 920 2127 979 Sed
2174 921 2298 995 quid
2343 920 2422 994 ll)
2463 921 2740 994 adjunxit?
2782 922 2834 980 id
2862 934 2945 980 est
2990 924 3042 982 in
3073 924 3221 979 omni
3248 923 3622 980 benedictione

2020 1017 2267 1088 spiritali,
2304 1032 2407 1073 non
2439 1018 2661 1075 carnali.
2682 1018 2836 1088 Quod
2868 1019 2911 1073 si
2941 1017 3065 1090 quid
3099 1018 3185 1073 hic
3214 1017 3266 1072 in
3297 1018 3496 1074 mundo
3527 1034 3622 1090 pa-

2021 1112 2184 1171 timur
2221 1111 2484 1167 malorum
2505 1154 2519 1177 ,
2552 1112 2596 1169 si
2629 1110 2755 1182 quid
2786 1112 2947 1168 etiam
2979 1119 3164 1178 extra,
3204 1125 3313 1166 non
3345 1112 3622 1188 adscriba-

2021 1219 2141 1260 mus
2174 1203 2314 1271 Deo,
2345 1202 2623 1275 sednobis
2646 1202 2833 1275 magis.
2857 1203 3007 1260 Tunc
3028 1204 3170 1260 enim
3192 1203 3623 1261 benedictionem

2021 1295 2405 1366 consequimur
2444 1296 2491 1351 si
2527 1295 2798 1367 Spiritales
2836 1297 3046 1364 simus,
3094 1306 3149 1353 et
3188 1296 3505 1368 spiritaliter
3537 1313 3621 1353 sa-

2024 1388 2265 1459 piamus,
2297 1398 2351 1443 et
2379 1388 2642 1460 spiritalia
2675 1390 2809 1444 hona
2841 1403 3165 1460 quaeramus.
3200 1389 3269 1445 Et
3298 1398 3467 1461 potest
3499 1390 3622 1461 qui-

2023 1480 2147 1535 dem
2178 1478 2296 1536 lieri
2322 1490 2378 1536 ut
2406 1482 2522 1536 haec
2553 1481 2730 1537 omnia
2768 1480 3092 1548 sentiamus;
3125 1497 3226 1537 nec
3252 1482 3414 1557 obsit,
3436 1482 3481 1536 si
3507 1481 3623 1536 haec

2024 1580 2078 1626 et
2108 1571 2209 1626 alia
2240 1574 2568 1639 sentientes,
2601 1573 2867 1644 patiamur
2896 1581 3074 1628 tamen
3104 1572 3302 1643 aliquid
3332 1572 3540 1627 adversi
3571 1572 3626 1628 in

324 1665 468 1738 Ergo
487 1665 658 1737 gratia
690 1665 861 1731 vobis,
888 1665 1081 1738 inquit,
1112 1675 1168 1722 ut
1199 1664 1513 1738 intelligatis
1533 1665 1722 1733 Deum,
1754 1677 1809 1723 et
1836 1681 1918 1722 se-
1950 1663 2000 1725 B
2028 1663 2247 1719 mundo.
2277 1663 2518 1735 Namque
2537 1664 2690 1719 multi
2713 1664 3025 1735 Spiritaliter
3043 1672 3285 1735 agentes,
3310 1664 3624 1735 spiritaliter

323 1757 557 1813 cundum
588 1756 681 1814 Dei
705 1766 967 1829 praecepta
997 1758 1209 1814 vivatis.
1244 1758 1498 1829 Adjunxit
1523 1768 1569 1814 et
1597 1776 1700 1831 pax
1720 1776 1751 1813 a
1774 1758 1882 1816 Deo
1902 1776 1922 1815 :

323 1852 447 1924 quia
466 1851 556 1923 qui
584 1850 854 1920 dissentit,
882 1850 1068 1923 utique
1093 1851 1395 1909 discordat:
1448 1867 1577 1926 ergo
1628 1863 1682 1908 et
1732 1870 1830 1925 pax
1890 1869 1920 1909 a

325 1941 439 1999 Deo
483 1942 658 2010 vobis,
706 1958 827 1999 cum
889 1942 1003 1998 Deo
1056 1952 1229 2015 patre,
1290 1943 1483 2017 inquit,
1537 1954 1742 2003 nostro.
1790 1945 1922 2001 Vide

324 2043 581 2106 quantum
608 2035 794 2106 gratia:
813 2035 971 2092 datur
991 2049 1021 2090 a
1054 2036 1186 2102 Deo,
1210 2050 1331 2107 qua:
1370 2046 1552 2108 optata
1610 2049 1693 2095 est
1740 2036 1922 2107 Ephe-

324 2130 450 2188 siis:
471 2129 732 2203 siquidem
765 2129 906 2185 Deus
939 2138 1090 2200 pater
1115 2139 1198 2185 est
1220 2138 1423 2185 noster.
1457 2129 1659 2187 Deinde
1680 2130 1924 2202 adjunxit

328 2224 514 2296 (unum
569 2231 655 2278 est
703 2221 846 2278 enim
898 2220 1056 2277 sicuti
1111 2235 1272 2292 supra
1323 2222 1577 2296 diximus)
1608 2233 1656 2279 et
1701 2221 1924 2280 Domino

326 2326 501 2371 nostro
548 2314 676 2371 Iesu
716 2314 937 2373 Christo.
984 2315 1078 2373 Ille
1118 2315 1262 2372 enim
1311 2315 1453 2371 Deus
1480 2327 1583 2380 est,
1642 2315 1729 2372 hic
1781 2318 1924 2373 enim

326 2410 427 2467 Dei
458 2410 694 2482 potentia
727 2419 805 2466 est
840 2409 971 2478 ;ille
998 2418 1167 2481 pater,
1196 2408 1285 2465 hic
1314 2409 1477 2464 Illius.
1527 2408 1763 2465 Maxime
1809 2425 1927 2464 om-

328 2502 415 2558 nis
433 2501 529 2557 Dei
556 2500 725 2573 gratia
751 2509 806 2557 et
830 2501 1063 2572 potentia
1093 2501 1147 2555 in
1181 2499 1394 2556 Christo
1424 2499 1554 2556 Jesu
1580 2508 1683 2557 est.
1731 2499 1836 2556 Per
1864 2500 1930 2557 il-

332 2595 443 2652 lum
473 2593 617 2651 enim
639 2609 761 2651 cum
793 2592 1073 2666 impletum
1103 2594 1176 2650 sit
1231 2593 1545 2667 mysterium
1594 2594 1926 2662 salvationis,

330 2691 385 2746 in
418 2690 535 2762 ipso
581 2698 667 2746 est
710 2690 889 2746 omnis
931 2689 1174 2745 salvatio.
1216 2687 1351 2744 Nam
1386 2697 1441 2745 et
1492 2697 1619 2745 ante
1655 2688 1928 2748 Christum

332 2783 476 2841 idem
508 2783 601 2840 Dei
629 2783 789 2851 illius,
822 2783 876 2839 id
924 2791 1007 2839 est
1032 2781 1201 2859 λόγος,
1235 2782 1286 2838 id
1310 2793 1394 2839 est
1418 2780 1688 2852 Christus,
1723 2794 1778 2840 et
1806 2784 1926 2856 l'nit,

333 2887 388 2936 et
437 2894 651 2951 semper
679 2888 780 2948 est,
815 2888 869 2937 et
916 2879 1041 2948 erit,
1094 2889 1148 2935 et
1177 2894 1272 2950 per
1308 2880 1484 2953 ipsum
1533 2881 1748 2937 condita
1805 2892 1930 2938 sunt

332 2973 533 3029 omnia.
564 2973 669 3028 Sed
699 2972 841 3029 idem
869 2971 986 3044 ipse
1014 2972 1068 3029 in
1086 2970 1302 3028 Christo
1325 2971 1447 3040 fuit,
1478 2971 1613 3028 idest
1658 2971 1736 3047 (2)
1763 2973 1926 3039 Jesu;

2024 1755 2267 1813 viventes
2285 1800 2299 1823 ,
2323 1757 2485 1813 multa
2507 1758 2803 1814 substinent
2827 1757 3078 1823 adversa,
3103 1766 3159 1811 ut
3186 1756 3383 1812 Paulus
3403 1799 3418 1824 ,
3452 1766 3508 1811 ut
3529 1756 3627 1812 Pe-

2026 1849 2665 1917 trus,utcmteri.Verum
2692 1849 2780 1905 ubi
2805 1858 2889 1906 est
2912 1850 2996 1904 illa
3025 1849 3349 1917 benedictio,
3378 1865 3502 1922 quae
3529 1865 3628 1904 nos

2026 1940 2337 1997 benedictos
2365 1940 2525 1997 facit?
2546 1941 2639 1998 Dei
2671 1942 2975 2000 benedictio
2999 1960 3011 1996 :
3040 1958 3144 1997 non
3170 1942 3395 2014 spiritali
3422 1952 3626 1999 tantum

2023 2035 2432 2103 benedictione,
2464 2034 2559 2091 sed
2593 2036 2643 2090 in
2677 2036 3021 2102 coelesribus,
3056 2034 3106 2089 id
3141 2043 3223 2091 est
3252 2050 3375 2090 eum
3420 2051 3484 2091 ex
3527 2036 3629 2091 hnc

2028 2130 2230 2186 mundo
2275 2130 2586 2185 exierimus.
2625 2130 2767 2202 Ergo
2810 2128 3034 2186 ferenda
3073 2138 3202 2185 sunt
3240 2133 3457 2196 omnia,
3505 2130 3627 2199 quia

2027 2241 2147 2293 qua:
2180 2224 2332 2279 nobis
2364 2226 2743 2294 promittuntur
2768 2239 2832 2280 ex
2864 2224 2955 2280 Dei
2988 2224 3397 2293 benedictione,
3428 2232 3485 2280 et
3512 2225 3627 2295 spi-

2028 2317 2199 2373 ritalia
2220 2326 2340 2372 sunt
2366 2326 2418 2373 et
2440 2317 2492 2372 in
2512 2317 2821 2373 caelestibus
2841 2327 2985 2383 sunt,
3003 2317 3053 2371 id
3069 2327 3150 2372 est
3171 2326 3323 2372 extra
3345 2316 3627 2372 mundum.

2030 2425 2188 2481 supra
2220 2411 2406 2467 caelos.
2450 2409 2514 2466 Et
2560 2410 2676 2467 hmo
2713 2418 2890 2466 tamen
2934 2410 3112 2466 omnia
3135 2453 3149 2474 ,
3197 2410 3355 2466 sicuti
3387 2410 3545 2476 dicit,
3578 2411 3628 2465 in

2028 2501 2158 2559 Jcsu
2177 2502 2393 2558 Christo
2419 2519 2432 2556 :
2458 2504 2572 2574 ipse
2597 2514 2677 2559 est
2700 2504 2841 2558 enim
2871 2503 3109 2572 spiritus.
3141 2503 3200 2558 Et
3226 2501 3487 2573 spiritalia
3506 2517 3629 2556 cum

2030 2597 2413 2669 promittuntur
2462 2596 2517 2652 in
2561 2594 2775 2652 Christo
2815 2596 3237 2669 promittuntur:
3283 2606 3337 2652 et
3366 2612 3464 2653 nos
3506 2609 3630 2653 tunc

2031 2703 2422 2760 consequemur
2451 2688 2707 2760 spiritalia
2727 2732 2742 2757 ,
2771 2691 2815 2745 si
2841 2688 3116 2745 Christum
3149 2704 3454 2760 sequemur.

2108 2781 2271 2838 Vens.
2308 2783 2357 2838 4.
2385 2813 2459 2824 -
2494 2780 2581 2836 Ita
2611 2791 2667 2835 ut
2706 2779 2783 2854 (2)
2823 2782 2971 2853 elegit
2998 2798 3089 2837 nos
3115 2782 3169 2837 in
3200 2782 3315 2853 ipso
3342 2792 3459 2837 ante
3506 2797 3631 2837 con-

2033 2876 2348 2932 stitutionem
2390 2875 2592 2943 mundi,
2639 2885 2694 2930 ut
2744 2890 2964 2930 essemus
3006 2875 3189 2930 sancti.
3238 2875 3315 2930 De
3357 2874 3637 2930 divinitate

2037 2982 2292 3028 tractatus
2321 2982 2432 3036 est,
2469 2980 2522 3028 et
2550 2971 2792 3045 mysterii
2826 2973 2987 3026 totius
3017 2969 3200 3026 brevis
3237 2970 3547 3042 explicatio,
3580 2969 3634 3025 in

336 3077 391 3122 et
421 3077 531 3121 tum
563 3066 813 3122 subvenit
842 3067 999 3121 saluti
1031 3066 1270 3122 omnium
1304 3065 1584 3122 hominum
1612 3066 1781 3123 Deum
1832 3082 1926 3124 eoo
1955 3061 2001 3125 C
2033 3080 2138 3133 quo
2171 3072 2438 3134 ponuntur
2470 3064 2619 3131 haec;
2649 3063 2790 3135 quod
2837 3069 2961 3117 ante
2990 3060 3248 3117 mundum
3288 3061 3553 3126 Christus,
3586 3068 3639 3116 rt.

332 3158 710 3233 gnoscentium
733 3167 787 3215 et
806 3168 1071 3231 praecepta
1089 3174 1183 3215 sua
1208 3152 1563 3215 servandum.

405 3252 572 3309 Vens.
604 3253 661 3308 3.
681 3284 753 3295 —
778 3252 1084 3308 Benedictus
1104 3261 1177 3308 est
1216 3253 1296 3326 (5)
1324 3262 1466 3326 pater
1513 3253 1718 3309 Domini
1768 3255 1930 3309 nostri

332 3348 459 3404 Iesu
485 3344 698 3403 Christi.
753 3345 1087 3419 Magniﬁcum
1120 3356 1493 3420 argumentum
1522 3348 1704 3416 sumit,
1748 3357 1805 3403 ut
1831 3363 1928 3403 ex-

334 3450 500 3515 ponat
522 3456 618 3514 per
644 3440 918 3498 Christum
950 3442 1129 3497 omnia
1166 3440 1324 3509 facta,
1378 3451 1432 3497 et
1482 3442 1775 3512 potentiam
1809 3456 1928 3513 my-

334 3535 508 3595 sterii.
564 3532 621 3590 Id
650 3549 779 3606 ergo
796 3533 976 3605 jnnxit
1008 3542 1065 3589 ut
1109 3547 1367 3605 quantum
1413 3534 1569 3589 nobis
1611 3534 1931 3605 praestiterit

335 3631 604 3698 Christus,
634 3629 687 3685 id
704 3640 786 3686 est
817 3630 958 3685 Deus
976 3644 1072 3700 per
1089 3628 1385 3696 Christum,
1416 3639 1803 3701 cognoscerent
1833 3630 1933 3685 ho-

336 3727 530 3793 mines,
556 3733 611 3782 et
632 3725 800 3797 magis
828 3723 1048 3794 Ephesii
1081 3741 1094 3777 :
1139 3737 1247 3795 quo
1272 3723 1511 3795 cognito,
1550 3737 1579 3777 a
1609 3723 1806 3780 Christi
1836 3739 1934 3780 no-

335 3822 483 3879 mine
505 3836 610 3876 non
643 3818 977 3877 recederent.
1019 3817 1231 3874 Etenim
1250 3833 1407 3889 supra
1437 3817 1576 3874 dixit
1601 3819 1769 3891 gratia
1793 3818 1933 3874 vobis

337 3924 385 3972 et
413 3930 516 3986 pax
536 3932 567 3970 a
600 3912 707 3969 Deo
735 3923 881 3986 patre
904 3922 1098 3967 nostro.
1142 3910 1212 3966 Et
1238 3926 1359 3966 cum
1391 3910 1619 3968 dixisset
1644 3921 1691 3967 et
1714 3911 1935 3967 Domino

336 4008 461 4065 Jesu
483 4009 704 4076 Christo,
738 4005 865 4080 quid
896 4006 1204 4078 subiungit?
1235 4004 1541 4062 Benedictus
1562 4016 1634 4062 est
1657 4014 1799 4080 pater
1824 4005 1934 4060 Do-

338 4103 467 4158 mini
493 4103 655 4158 nostri
680 4101 805 4157 Jesu
831 4084 1041 4158 Christi.
1071 4099 1190 4156 Jam
1220 4113 1350 4171 ergo
1399 4099 1447 4155 si
1491 4100 1631 4156 Deus
1685 4108 1737 4156 et
1786 4108 1937 4170 pater

340 4207 525 4255 noster
550 4207 655 4267 est,
682 4197 866 4269 quanti
895 4211 1105 4265 sumus,
1136 4202 1191 4251 et
1216 4193 1406 4268 quanti
1448 4193 1673 4265 gratiam
1725 4192 1938 4265 accepi-

340 4292 501 4349 mus?
553 4291 819 4364 siquidem
866 4287 1080 4346 Christo
1117 4288 1319 4359 cogniti
1374 4300 1581 4355 sumus,
1633 4295 1689 4343 et
1744 4286 1937 4344 fratres

340 4389 540 4447 ChriSti
561 4388 684 4444 facti
714 4405 727 4443 :
753 4386 1015 4460 siquidem
1040 4403 1204 4443 unum
1232 4388 1396 4442 Deum
1422 4394 1627 4457 patrem
1650 4383 1930 4440 habemus.

2033 3158 2175 3228 quod
2200 3158 2429 3212 mundus
2449 3157 2639 3225 lactus,
2658 3169 2708 3212 et
2730 3157 2872 3226 quod
2894 3167 3018 3211 ante
3038 3156 3294 3210 mundum
3317 3157 3508 3210 animm
3528 3152 3630 3226 (5),

2032 3259 2087 3305 et
2118 3249 2257 3320 quod
2290 3249 2382 3305 Dei
2414 3247 2765 3322 dispositione
2795 3248 3055 3313 mundus,
3081 3256 3134 3302 et
3170 3247 3309 3319 quod
3339 3247 3429 3302 Dei
3452 3246 3636 3318 dispo-

2032 3342 2226 3400 sitione
2248 3343 2441 3398 animre
2472 3342 2552 3399 vel
2577 3342 2629 3397 in
2657 3342 2912 3398 mundum
2937 3342 3204 3406 venerint,
3233 3341 3315 3397 vel
3341 3340 3409 3395 de
3438 3340 3636 3396 mundo

2034 3436 2325 3493 liberentur
2381 3454 2393 3489 :
2451 3436 2627 3507 sitque
2673 3437 2921 3491 voluntas
2987 3435 3078 3491 Dei
3128 3450 3290 3490 omne
3344 3435 3485 3504 quod
3546 3450 3638 3506 gc-

2033 3533 2190 3600 ritur,
2260 3540 2314 3588 et
2382 3532 2524 3603 quod
2583 3531 2860 3603 praemium
2908 3533 2979 3586 sit
3030 3530 3323 3586 secundum
3362 3529 3635 3584 Christum

2033 3624 2357 3692 viventibus,
2407 3633 2465 3679 ut
2516 3632 2571 3680 et
2615 3633 2831 3694 peccata
2880 3623 3168 3688 donentur,
3200 3631 3254 3675 et
3303 3619 3637 3691 participatio

2034 3719 2103 3774 sit
2135 3717 2288 3773 nobis
2315 3718 2499 3788 gloriae
2532 3718 2647 3783 Dei;
2680 3717 2747 3771 de
2768 3730 2872 3787 qua
2902 3723 2956 3771 et
2991 3715 3042 3769 in
3069 3713 3186 3769 aliis
3217 3711 3465 3782 epistolis
3494 3722 3638 3766 trac-

2037 3810 2283 3866 tavimus.
2306 3809 2583 3880 Simulque
2602 3809 2689 3864 hic
2702 3807 2937 3879 tangitur
2954 3823 3074 3878 qua!
3094 3820 3325 3871 summa,
3346 3820 3465 3877 qua:
3478 3818 3638 3859 causa

2035 3907 2105 3962 sit
2131 3904 2292 3960 totius
2327 3902 2598 3976 mysterii;
2640 3902 2724 3959 vel
2765 3901 3020 3957 mundum
3054 3900 3250 3956 factum
3274 3914 3399 3955 esse
3420 3941 3435 3966 ,
3466 3898 3548 3953 vel
3581 3896 3635 3951 in

2034 3998 2249 4054 Christo
2274 3997 2553 4061 mundum,
2586 4004 2678 4052 aut
2706 4010 2737 4052 a
2766 3994 2982 4052 Christo
3006 3994 3262 4049 mundum
3288 3992 3485 4049 factum
3511 4008 3523 4045 :
3552 3990 3638 4046 vel

2037 4094 2242 4148 animas
2271 4093 2322 4147 in
2348 4090 2604 4146 mundum
2627 4090 2840 4159 missas,
2872 4089 2956 4144 vel
2979 4097 3105 4143 ante
3126 4086 3384 4154 mundum
3410 4085 3640 4153 animas,

2036 4192 2089 4241 et
2116 4198 2302 4240 rursus
2325 4182 2393 4239 de
2415 4182 2616 4239 mundo
2640 4182 2846 4237 animas
2870 4182 3121 4237 liberatas
3140 4198 3153 4235 :
3171 4195 3290 4251 quae
3316 4177 3530 4250 quidem
3545 4190 3641 4233 oc-

2036 4277 2177 4333 culta
2206 4291 2333 4333 vera
2365 4287 2542 4332 tamen
2572 4284 2627 4331 et
2652 4274 2808 4347 plena
2829 4282 2972 4331 sunt.
2993 4273 3172 4343 Quare
3197 4285 3406 4327 summa
3425 4270 3644 4326 conclu-

2038 4371 2204 4438 ditur,
2226 4369 2366 4441 quod
2394 4370 2608 4427 Christo
2635 4376 2892 4439 operante
2913 4411 2927 4435 ,
2961 4375 3017 4423 et
3054 4381 3150 4433 per
3170 4361 3441 4420 Christum
3461 4405 3475 4429 ,
3505 4371 3559 4418 et
3589 4362 3640 4417 in

340 4483 446 4542 Sed
474 4484 588 4540 haec
616 4480 795 4539 omnia
821 4454 934 4537 non
964 4480 1066 4536 nisi
1091 4495 1187 4552 per
1214 4454 1509 4535 Christum.
1570 4476 1811 4549 Denique
1853 4475 1932 4532 sic
1965 4457 2019 4516 Ῐ)
2044 4462 2294 4532 (Ππίειο,
2332 4463 2513 4552 ὒῐηηῖθ
2547 4461 2963 4518 ι’θθοηοίίίτιηιυτ
3011 4459 3120 4515 Deo
3149 4472 3271 4530 ιιυω
3309 4465 3365 4552 ξι
3397 4456 3451 4511 ίιι
3491 4454 3647 4552 fimi“

343 4578 639 4652 subjungit,
662 4577 785 4650 quia
812 4591 907 4649 per
929 4574 1201 4631 Christum
1222 4583 1277 4630 et
1296 4588 1395 4630 nos
1424 4573 1588 4628 Deum
1614 4578 1819 4644 patrem
1848 4568 1935 4625 ha-

342 4674 556 4733 bemus.
591 4673 690 4742 Qui
711 4670 966 4728 benedixit
992 4687 1084 4725 nos
1107 4671 1158 4724 in
1182 4669 1320 4724 omni
1342 4666 1689 4723 benedictione
1715 4662 1939 4736 spiritali

343 4767 396 4822 in
424 4765 703 4822 caelestibus
727 4766 780 4819 in
802 4761 1005 4819 Christo
1033 4759 1179 4818 Iesu.
1211 4758 1355 4831 Ergo
1396 4772 1492 4814 nos
1525 4756 1621 4813 lilii
1650 4755 1936 4820 efﬁcimur,

346 4860 440 4917 sed
472 4860 523 4915 in
547 4857 762 4915 Christo
791 4857 884 4913 ﬁlii
919 4874 934 4925 ;
964 4856 1016 4912 id
1046 4853 1192 4911 estsi
1240 4853 1514 4910 Christum
1566 4851 1851 4919 fateamur,
1894 4851 1942 4908 si

2044 4566 2169 4612 sunt
2196 4566 2250 4611 et
2269 4557 2319 4611 in
2352 4542 2510 4624 leria,
2532 4555 2585 4611 in
2617 4552 2834 4610 Christo
2869 4563 3070 4619 tamen,
3100 4561 3156 4607 ut
3179 4549 3424 4606 omnibus
3446 4547 3510 4601 ad
3535 4546 3649 4619 ple-

2045 4654 2340 4711 nitudinem
2363 4652 2613 4720 redactis,
2632 4651 2809 4705 omnia
2837 4649 2890 4704 in
2914 4647 3164 4703 omnibus
3180 4660 3346 4701 unum
3365 4650 3568 4707 essent,
3590 4648 3647 4695 et

2048 4750 2099 4806 id
2124 4762 2299 4806 tamen
2328 4749 2480 4804 fieret
2508 4762 2601 4819 per
2622 4744 3007 4819 plenitudinem
3035 4741 3325 4811 temporis;
3350 4737 3479 4793 nihil
3501 4738 3644 4791 enim

2044 4843 2411 4908 immaturum,
2434 4840 2563 4896 nihil
2584 4854 2688 4895 non
2707 4837 3035 4902 ordinatum,
3052 4834 3144 4891 sed
3161 4831 3491 4906 plenitudine
3513 4838 3646 4884 tem-

347 4955 494 5012 illum
534 4967 843 5027 sequamur,
861 4951 906 5008 si
942 4952 1117 5023 ipsum
1138 4948 1503 5020 concipiamus
1522 4947 1725 5015 animo,
1750 4946 1794 5002 si
1825 4946 1945 5017 ejus
2045 4952 2235 5011 porum
2263 4948 2471 5009 gesmm
2498 4941 2582 4991 εει
2603 4976 2617 5000 ν
2642 4942 2699 5027 “Al
2738 4947 2835 5027 8119
2864 4932 2984 4987 Ιοοο
3008 4925 3453 5027 docebimus-pd
3478 4938 3642 5027 ξιιιίιιξι

348 5045 892 5111 administrationem,
926 5059 1030 5118 qua
1059 5041 1350 5114 complevit
1382 5041 1661 5108 universa,
1710 5051 1765 5097 et
1787 5038 1944 5096 intel-

348 5139 578 5213 ligamus
604 5149 660 5196 et
686 5154 1007 5195 veneremur
1040 5156 1055 5193 :
1091 5145 1149 5193 et
1193 5136 1367 5206 ipsum
1406 5145 1697 5205 sequentes
1744 5148 1945 5206 genere

349 5231 562 5291 vivendi
591 5246 687 5305 per
712 5240 981 5304 praecepta
1018 5228 1164 5300 data,
1216 5227 1311 5287 lilii
1344 5225 1630 5286 efﬁcimur.
1683 5225 1825 5300 Ergo
1863 5226 1948 5282 be-

427 5474 512 5543 (l)
549 5474 722 5532 Codd.
752 5474 1005 5531 tenebant.

434 5545 518 5693 iii
553 5547 825 5693 trat-

555 5617 636 5673 lta
659 5618 822 5676 codd.
852 5627 963 5685 est,
984 5630 1094 5675 non
1124 5615 1265 5675 Deus
1283 5659 1298 5685 ,
1323 5614 1465 5689 quod
1492 5615 1715 5673 verbum
1746 5613 1970 5672 exhibet

371 5689 526 5781 Vulg.
542 5690 627 5747 ed.

2048 5030 2433 5102 plenitudinem
2465 5025 2769 5099 Specialiter
2789 5023 3123 5082 descendens
3143 5019 3453 5095 Apostolus,
3473 5017 3650 5090 jungit

2161 5250 2212 5322 i)
2249 5248 2421 5322 Codd.
2453 5264 2568 5322 cum
2596 5262 2692 5319 pro
2721 5246 2867 5321 quid.

2156 5314 2217 5392 2')
2257 5320 2413 5393 Vulg.
2442 5339 2455 5377 :
2488 5314 2754 5393 Sicut....'.
2785 5327 2903 5374 ante
2931 5316 3107 5371 mundi
3134 5314 3561 5393 constitutionem.

2136 5386 2219 5469 (Si
2254 5386 2576 5469 Qpinioper
2602 5390 2841 5469 se_i'alsa,
2874 5404 3195 5469 quamquam
3222 5388 3290 5469 ab
3309 5386 3426 5440 aliis
3448 5398 3664 5469 qumque

2064 5455 2339 5523 nonnullis
2366 5455 2607 5521 reeiiata.
2636 5455 3016 5518 Verumtamen
3035 5455 3363 5521 Victorinus,
3395 5455 3500 5513 col.
3522 5455 3661 5513 1241

2071 5537 2371 5595 subtilitate
2406 5536 2660 5611 quadam
2693 5532 3062 5611 philosophica
3106 5531 3347 5587 declarat
3370 5571 3385 5595 ,
3433 5543 3666 5611 quanam

2075 5610 2288 5667 ratione
2332 5606 2527 5665 animae
2577 5606 2858 5664 videantur
2904 5606 3070 5661 multo
3112 5612 3237 5660 ante
3275 5612 3505 5672 corpora
3532 5606 3670 5657 exti-

2072 5683 2221 5741 tisse.
