4010 6306
405 164 543 220 1259

1648 151 1837 208 MAR"
1879 149 2218 209 VIC'I‘OBINI
2262 153 2421 210 ΛΡΜ

3566 154 3708 212 1240

403 279 565 336 etiam
586 272 854 345 Ephesios
873 280 1126 328 evocatos
1154 285 1296 336 esse,
1320 277 1378 324 ut
1397 277 1451 324 et
1469 267 1574 339 ipsi
1597 269 1649 322 in
1672 265 2000 337 plenitudine
2027 268 2082 331 Α
2106 267 2207 323 nisi
2246 269 2298 324 iu
2325 267 2612 323 mundanis
2651 277 2704 323 et.
2743 268 2795 323 in
2834 269 3056 326 materie
3093 270 3172 343 (l)
3195 286 3353 343 quam
3381 271 3503 333 ὕλην
3529 271 3707 327 Graeci

407 369 545 433 sint;
572 376 630 422 ut
656 381 722 423 ex
745 367 847 420 hoc
866 379 961 420 eos
982 364 1230 420 hortetur
1251 377 1313 417 ac
1341 371 1554 416 moneat
1577 359 1774 415 debere
1800 360 2003 416 servari

405 460 589 520 ﬁdem.
605 468 658 515 et
681 463 732 513 in
755 456 1051 521 Christum,
1071 457 1198 510 etin
1223 455 1386 510 Deum
1411 453 1590 514 fidem.
1618 453 1691 506 uti
1712 451 1842 508 nihil
1860 452 2003 507 aliud

403 553 661 616 sentiant,
686 553 784 606 nisi
809 566 970 604 oume
1002 550 1338 620 mysterium,
1362 555 1417 600 et
1440 561 1534 615 per
1561 543 1834 598 Christum
1866 553 1920 598 et
1951 546 2002 597 in

407 648 622 705 Chrisw
652 665 680 700 a
716 648 822 701 Deo
854 647 1170 716 perfecmnt.
1203 640 1356 710 Quod
1377 643 1420 695 si
1444 643 1516 694 ita
1536 649 1635 701 est,
1661 639 1794 694 nihil
1816 638 2007 708 adjun-

409 748 558 812 gaut.
584 739 826 809 nihilque
856 739 1166 793 existiment
1192 751 1314 792 esse
1344 734 1642 789 faciendum
1667 751 1680 787 :
1711 736 2007 805 corrigant-

407 851 513 906 que
541 834 709 898 illud,
742 832 884 903 quod
909 830 1234 900 judaistnum
1271 829 1669 885 aSSuciaveraut
1709 827 2006 896 disciplinae

408 948 557 1002 pura:
615 929 844 1000 simplici
886 929 953 983 de
983 928 1089 984 fide
1135 927 1186 982 itt
1218 925 1488 982 Christum
1532 936 1584 980 et
1631 925 1924 980 salvatione
1953 931 2007 979 et

406 1023 727 1078 liberatione
760 1036 852 1091 per
883 1020 1155 1075 Christum
1186 1026 1242 1075 et
1268 1035 1332 1072 ex
1365 1019 1456 1072 Dei
1489 1017 1782 1072 voluntate.

475 1117 712 1171 Primum
762 1116 920 1186 igitur
962 1113 1366 1168 consideremus
1395 1111 1538 1181 quod
1585 1111 1653 1165 ita
1688 1111 1896 1165 locutus
1927 1118 2010 1164 est

401 1210 551 1280 elegit
593 1209 729 1263 Dens
773 1224 864 1262 nos
910 1207 1090 1278 utique
1115 1207 1225 1277 jam
1257 1221 1378 1258 cum
1427 1219 1672 1259 essemus
1703 1204 1784 1274 (1)
1816 1203 2004 1274 elegit;

402 1312 455 1358 et
484 1302 643 1370 elegit
668 1301 721 1354 in
751 1298 1005 1353 Christo:
1035 1315 1163 1369 ergo
1191 1309 1244 1352 et
1265 1313 1385 1365 nos,
1414 1306 1467 1350 et
1495 1295 1744 1351 Christus
1773 1305 1918 1349 attte.
1946 1296 2010 1348 Et

402 1396 530 1466 quid
562 1405 646 1451 Cal
675 1394 836 1448 ante?
863 1395 1046 1464 utique
1071 1409 1138 1448 ex
1163 1403 1387 1448 aeterno.
1427 1391 1540 1446 Hoc
1563 1392 1705 1446 enim
1731 1390 1867 1445 dixit
1893 1402 2011 1442 ante

403 1491 814 1545 constitutionem
845 1489 1023 1543 mundi
1047 1505 1064 1543 :
1087 1491 1270 1561 elegit,
1298 1489 1466 1559 inquit
1497 1529 1510 1551 ,
1542 1498 1660 1541 ante
1687 1485 2010 1540 constitutio-

401 1601 516 1639 nem
556 1585 734 1639 nnmdi
762 1601 780 1638 :
814 1601 918 1639 non
970 1585 1134 1653 elegit
1178 1583 1280 1638 nisi
1323 1583 1390 1637 de
1439 1583 1522 1636 his
1566 1581 1655 1652 qui
1702 1589 1856 1635 erant
1895 1597 1908 1632 ε
1957 1589 2010 1632 et

2107 363 2342 418 vocant?
2371 361 2676 416 carnalibus
2707 362 2849 418 enim
2873 407 2888 432 ,
2911 372 2963 418 et
2983 363 3335 419 foraminibus
3358 364 3435 438 (2)
3463 411 3477 430 ,
3509 371 3564 420 et
3581 379 3707 419 sen-

2110 456 2274 510 tiendi
2307 456 2588 511 virtutibus
2611 497 2626 521 ,
2675 458 2825 527 quasi
2858 458 3072 528 quidam
3123 458 3428 513 intellectus
3471 458 3710 512 nascitur

2108 549 2268 603 fallax
2316 559 2368 603 et
2399 549 2673 619 tuuftiplici
2725 549 2845 604 fuco
2875 550 3150 620 decipiens
3199 552 3462 622 integram
3511 550 3712 606 intelli-

2108 642 2340 712 gentiam
2369 651 2424 698 et
2453 642 2656 698 laedens
2687 642 2916 712 quodam
2949 643 3108 697 modo
3141 660 3234 714 per
3280 644 3543 714 imagines
3565 642 3711 698 veri-

2109 745 2292 790 tatem.
2327 734 2459 790 Cum
2496 738 2561 790 sit
2605 737 2766 806 igitur
2797 737 2990 791 animze
3023 740 3264 793 naturale
3285 738 3364 809 (5)
3392 780 3407 804 ,
3435 746 3493 791 ut
3514 737 3717 793 intelli‘

2108 828 2265 898 gendi
2311 828 2525 899 quidem
2569 838 2758 898 potens
2799 830 2908 894 sit,
2943 830 3296 901 intelligentia
3330 839 3508 886 tamen
3556 831 3715 885 facile

2110 921 2218 975 labi
2245 921 2508 976 etcadere
2538 921 2590 976 in
2620 923 2849 978 vicinam
2879 923 3130 978 virtutem
3159 924 3326 994 possit
3353 966 3368 991 ,
3393 932 3553 994 atque
3581 923 3718 978 ima-

2108 1015 2285 1085 ginem
2324 1015 2654 1087 intelligendi
2679 1060 2693 1082 ,
2722 1017 2775 1072 id
2803 1025 2889 1072 est
2917 1033 3132 1072 sensum
3159 1059 3173 1084 ,
3206 1019 3293 1088 qui
3324 1019 3374 1072 in
3418 1019 3620 1073 mundo
3647 1035 3715 1074 ex

2111 1121 2300 1165 natura
2334 1120 2476 1165 tutus
2506 1120 2625 1179 est,
2659 1123 2716 1167 ut
2765 1112 2866 1168 huc
2909 1125 3163 1184 caperet,
3208 1129 3381 1184 neque
3424 1113 3720 1185 aliquando

2110 1213 2430 1271 caperetur;
2463 1219 2626 1273 opera
2662 1205 2755 1258 Dei
2775 1215 2830 1260 et
2861 1207 3134 1260 voluntate
3159 1207 3388 1260 muodus
3414 1205 3590 1262 factus
3611 1216 3721 1272 est,

2111 1303 2167 1350 et
2201 1294 2380 1349 omnia
2423 1297 2722 1365 composita
2768 1306 2894 1352 sunt
2930 1297 2984 1351 in
3035 1297 3284 1351 materia:
3317 1299 3512 1368 quibus
3542 1297 3722 1352 anima

2111 1388 2329 1445 detenta
2379 1401 2764 1461 cognosceret,
2811 1402 2866 1447 et
2895 1391 2984 1461 qui
3017 1400 3142 1446 sunt
3172 1407 3394 1456 sensus,
3445 1403 3500 1446 et
3547 1407 3727 1464 quan-

2113 1493 2223 1539 ttun
2246 1488 2486 1539 valeant:
2521 1486 2754 1557 dataque
2783 1487 2869 1542 lex
2899 1503 2928 1541 a
2953 1487 3061 1541 Deo
3081 1497 3234 1542 estet
3264 1487 3594 1543 monitiones
3619 1531 3633 1550 .
3665 1497 3729 1542 ut

2112 1590 2531 1647 cognosceretur
2566 1579 2706 1634 Deus
2728 1622 2742 1645 ,
2771 1591 2824 1635 et
2851 1589 3271 1650 cognosceretur
3299 1581 3440 1650 quod
3477 1580 3572 1637 Dei
3607 1597 3723 1636 non

402 1680 598 1734 deinde
631 1689 741 1734 tum
776 1678 914 1734 dixit
949 1680 1000 1733 in
1031 1675 1277 1743 Christo,
1322 1675 1375 1730 id
1409 1685 1491 1730 est
1519 1675 1569 1728 iu
1603 1676 1718 1744 ipso
1752 1692 1765 1728 :
1799 1687 1930 1744 ergo
1955 1681 2008 1726 et
2040 1673 2086 1732 B
2113 1681 2232 1735 est;
2264 1671 2358 1725 sed
2390 1681 2591 1726 tantum
2625 1673 2778 1729 victa:
2807 1674 3001 1728 animm
3045 1675 3388 1730 seusualibus
3416 1675 3680 1747 potentiis
3707 1717 3725 1743 ,

400 1773 648 1830 Christus
674 1774 880 1839 fuerat,
925 1783 980 1828 et
1011 1788 1108 1828 nos
1141 1774 1195 1827 in
1234 1771 1470 1826 Christo.
1505 1769 1688 1842 Neque
1717 1768 1860 1825 ettim
1890 1768 2006 1821 fieri

401 1882 580 1942 potest
625 1882 683 1925 ut
725 1868 973 1924 Christus
1019 1868 1213 1934 fuerit,
1259 1883 1314 1923 et
1354 1882 1451 1922 nos
1483 1881 1586 1921 non
1633 1863 1915 1919 fuerimus.
1950 1862 2006 1917 Si

402 1968 562 2036 elegit
585 1980 682 2020 nos
705 1967 758 2020 in
790 1965 907 2036 ipso
927 1963 1164 2027 Christo,
1190 1977 1322 2033 ergo
1347 1959 1619 2032 spiritales
1641 1958 1859 2025 fuimus,
1888 1957 2008 2012 siin

407 2059 626 2116 Christo
665 2059 868 2115 fuimus
894 2076 907 2114 :
940 2069 994 2114 et
1023 2061 1067 2114 si
1100 2056 1299 2112 fuimus
1328 2056 1381 2110 in
1407 2055 1626 2110 Christo
1654 2064 1709 2109 et
1737 2053 2008 2124 spiritales

403 2153 639 2219 fuimus;
681 2152 876 2207 fuimus
919 2161 1132 2219 autem,
1177 2163 1235 2206 ut
1289 2161 1474 2222 postea
1526 2149 1834 2219 subjuugit,
1893 2156 2012 2200 ante

410 2247 822 2302 constitutionem
851 2247 1068 2310 mundi;
1096 2244 1224 2316 quid
1253 2255 1337 2300 est
1365 2258 1541 2298 causa:
1570 2251 1629 2297 ut
1659 2243 1762 2297 huc
1792 2240 2008 2296 venire-

409 2355 550 2408 mus,
580 2350 636 2395 et
657 2356 752 2395 cur
781 2339 1203 2394 conStilueretur
1233 2336 1501 2392 mundus?
1530 2335 1575 2389 si
1606 2333 1854 2389 Christus
1890 2348 2010 2386 om-

405 2432 527 2497 nia,
563 2447 684 2502 quae
719 2441 777 2486 et
818 2431 870 2486 in
908 2432 1126 2486 aeternis
1155 2438 1282 2484 sunt
1321 2439 1373 2483 et
1413 2429 1467 2482 in
1496 2427 1700 2483 mundo
1722 2468 1737 2493 ,
1770 2426 1886 2496 ipse
1916 2439 2012 2494 per

411 2525 505 2581 Dei
535 2527 863 2580 voluntatem
887 2526 1011 2580 fecit
1033 2525 1236 2585 omnia.
1264 2531 1318 2578 et
1338 2524 1516 2577 omnia
1542 2523 1591 2574 in
1619 2520 1737 2590 ipso
1763 2518 2008 2584 fuerunt;

405 2626 463 2675 et
490 2618 703 2673 fuerunt
734 2617 918 2688 utique
945 2617 1389 2680 substantialiter,
1418 2615 1528 2686 jam
1562 2631 1668 2669 non
1703 2613 1752 2668 vi
1782 2625 1881 2667 nec
1913 2627 2003 2682 po-

407 2711 573 2767 tentia
613 2726 721 2783 qua
756 2713 929 2765 futura
959 2719 1148 2776 erant,
1180 2708 1274 2764 sed
1307 2724 1408 2779 qua
1445 2714 1556 2778 jam
1589 2707 1824 2762 fuerant.
1869 2705 2012 2775 Ergo

408 2816 564 2861 erant
594 2803 774 2859 omnia
806 2803 858 2858 in
903 2802 1142 2858 Christo.
1173 2809 1254 2856 An
1296 2818 1394 2857 cur
1422 2801 1748 2857 constitutus
1768 2839 1784 2865 ,
1815 2813 1884 2852 an
1915 2812 2012 2852 cur

407 2901 462 2954 in
495 2897 752 2953 nnmdum
781 2898 1008 2968 plurima
1039 2897 1144 2953 huc
1175 2905 1458 2959 venerunt,
1490 2894 1682 2948 animis
1716 2901 1772 2948 et
1801 2894 2012 2946 caeteris

404 2991 714 3062 hujusmodi
749 2991 999 3062 potentiis
1022 2990 1075 3046 iu
1104 2991 1320 3045 Christo
1348 2997 1406 3044 ut
1433 2989 1542 3044 dixi
1572 2988 1782 3058 positis,
1809 2986 2013 3056 perfec-

2113 1763 2244 1818 nihil
2274 1764 2375 1818 nisi
2419 1765 2700 1832 mundum,
2738 1767 3036 1831 materiam,
3070 1777 3123 1822 et
3152 1782 3392 1830 carnem,
3439 1777 3496 1822 et
3522 1784 3732 1839 corpus

2115 1857 2167 1912 in
2199 1873 2360 1912 sensu
2404 1856 2704 1924 haberent;
2737 1869 2792 1913 et
2827 1860 2942 1914 luec
2975 1877 3101 1916 vera
3128 1862 3240 1916 sola
3267 1861 3592 1927 crederent;
3623 1877 3724 1917 ne-

2113 1969 2218 2022 que
2248 1952 2456 2007 idonea:
2491 1962 2674 2008 essent
2703 1954 2768 2008 ad
2798 1954 3056 2010 vincenda
3088 1966 3140 2010 et
3171 1955 3464 2025 rumpenda
3497 1956 3719 2012 vitreula

2113 2059 2233 2114 qua:
2261 2043 2497 2099 animam
2535 2047 2877 2102 continerent
2909 2047 3000 2102 Dei
3033 2048 3270 2117 potentia
3311 2058 3365 2102 et
3393 2048 3717 2114 voluntate;

2118 2153 2177 2196 ut
2207 2157 2300 2197 eas
2328 2141 2585 2198 liberaret
2626 2157 2654 2196 a
2687 2143 2938 2198 sensibus
2963 2154 3016 2199 et
3051 2159 3081 2198 a
3113 2143 3288 2198 fallaci
3321 2144 3522 2198 mundo
3575 2146 3732 2200 misit

2116 2234 2284 2290 ﬁlium
2315 2251 2470 2291 suum
2507 2235 2789 2290 Dominum
2817 2245 3057 2291 nostrum
3083 2235 3416 2292 Salvatorem
3441 2237 3728 2293 Christum

2116 2330 2360 2400 spiritum
2403 2341 2687 2396 sanctum,
2744 2330 2818 2384 uti
2873 2329 3133 2402 mysterio
3175 2329 3444 2400 patefacto
3492 2331 3724 2386 doceret

2119 2423 2350 2494 primum
2374 2423 2499 2494 quid
2533 2433 2686 2492 pater
2715 2432 2858 2478 esset
2885 2439 2898 2488 ;
2929 2423 3125 2478 deinde
3145 2425 3268 2492 quid
3291 2433 3434 2479 esset
3461 2425 3715 2494 Spiritus,

2117 2527 2173 2572 et
2199 2517 2327 2587 quid
2357 2516 2672 2586 Spiritaliter
2693 2519 2874 2572 vivere
2895 2559 2910 2584 ,
2944 2525 3000 2573 et
3025 2515 3150 2586 quid
3174 2517 3350 2571 anima
3379 2526 3727 2588 sequeretur,

2118 2612 2328 2682 etquid
2368 2621 2517 2668 esset
2559 2613 2833 2677 alienum,
2881 2614 3034 2667 sicuti
3067 2612 3245 2668 docui.
3296 2614 3420 2668 llzec
3456 2622 3540 2669 est
3580 2613 3732 2668 enim

2117 2707 2290 2762 virtus
2326 2704 2650 2770 Christiani.
2681 2707 2993 2763 discernere
3037 2707 3138 2762 ista
3182 2717 3238 2763 et
3274 2722 3527 2778 separare
3550 2749 3565 2774 ,
3601 2723 3728 2778 qua:

2117 2806 2245 2853 sunt
2271 2808 2470 2854 aeterna
2493 2841 2508 2865 ,
2555 2815 2677 2872 qua:
2707 2800 2954 2855 mortalia
2975 2842 2990 2868 ,
3035 2817 3156 2873 qua:
3185 2801 3252 2857 ad
3295 2801 3588 2872 perniciem
3622 2801 3729 2858 du-

2117 2901 2280 2955 cant,
2311 2907 2432 2963 quae
2462 2893 2528 2947 ad
2553 2894 2804 2948 salutem.

2190 2985 2334 3057 Ergo
2383 2987 2642 3056 mysterio
2671 2988 2816 3059 quod
2868 2988 2954 3043 hic
3002 2988 3273 3057 lm|ll0\il,
3308 3000 3363 3044 et
3414 3004 3620 3057 carne,
3671 3001 3733 3047 et

405 3088 481 3142 tio
506 3087 751 3158 quaedam
779 3087 955 3141 minor
983 3085 1105 3141 est?
1128 3085 1228 3140 nisi
1251 3085 1452 3148 oumia,
1476 3099 1596 3154 qum
1617 3097 1739 3137 esse
1758 3091 2004 3152 possunt,
2035 3079 2080 3142 C
2114 3093 2275 3134 cruce
2301 3120 2315 3144 ,
2346 3089 2401 3134 et
2446 3090 2620 3134 morte
2642 3123 2657 3146 ,
2697 3091 2751 3136 et
2801 3083 3234 3149 resurrectione,
3268 3084 3591 3139 subventum
3641 3097 3732 3141 est

404 3183 777 3248 experiantur,
801 3191 1156 3251 cognoscant:
1185 3188 1238 3235 et
1255 3180 1331 3234 sic
1347 3179 1475 3249 quid
1500 3176 1858 3246 sequendum,
1879 3173 2004 3245 quid

406 3273 711 3344 eligendum
731 3275 821 3338 sit,
844 3274 1080 3339 videant,
1104 3283 1160 3328 ct
1187 3283 1481 3341 sequantur
1506 3270 1560 3324 in
1582 3269 1773 3339 spiritu
1795 3267 2001 3338 utique,

408 3368 499 3434 qui
527 3362 773 3420 Christus
804 3373 887 3420 est
911 3383 923 3418 :
949 3365 1087 3420 sicut
1118 3364 1168 3418 vi
1199 3373 1253 3420 et
1280 3378 1376 3418 sua
1402 3363 1641 3433 potentia
1670 3361 1867 3416 anima:
1899 3375 2006 3415 non

409 3455 514 3510 huc
542 3457 716 3526 ipsum
763 3468 888 3512 sunt
917 3457 1058 3527 quod
1089 3459 1346 3527 Spiritus,
1381 3455 1476 3510 sed
1512 3463 1639 3508 sunt
1680 3464 1737 3508 ut
1765 3453 2008 3524 recipere

405 3550 653 3619 spiritum
697 3549 906 3620 possint
937 3568 950 3605 :
984 3565 1091 3605 non
1138 3561 1315 3606 tamen
1343 3549 1395 3604 iu
1427 3564 1493 3604 eo
1531 3547 1609 3620 (2)
1642 3547 1784 3620 quod
1813 3549 2008 3605 animae

405 3654 553 3710 sunt,
582 3645 690 3713 jam
721 3645 945 3714 spiritus
975 3653 1099 3699 sunt
1128 3643 1230 3715 (5).

479 3740 743 3808 Quoniam
798 3741 957 3811 igitur
986 3740 1106 3794 talis
1137 3746 1325 3794 natura
1365 3739 1666 3793 animarum
1703 3748 1818 3804 est,
1850 3741 1926 3794 uti
1964 3741 2008 3795 si

409 3833 620 3904 integre
646 3842 699 3887 et
737 3832 990 3903 perfectis
1019 3832 1270 3887 omnibus
1299 3847 1358 3886 se
1385 3841 1545 3903 agat;
1587 3831 1639 3886 id
1680 3843 1763 3887 est
1792 3832 1836 3887 si
1867 3843 1923 3888 et
1951 3848 2010 3887 se

408 3927 659 3994 noverit,
692 3934 748 3980 ct
792 3927 956 3981 lteum
1009 3925 1179 3992 sciat,
1225 3933 1279 3979 et
1306 3940 1367 3980 ea
1413 3941 1531 3995 quae
1563 3933 1689 3979 sunt
1733 3926 1907 3980 aliena
1939 3928 2008 3980 ita

407 4020 614 4084 discat,
653 4029 710 4074 ut
740 4019 978 4088 repudiet
1004 4027 1063 4072 ut
1102 4017 1385 4085 excludat,
1420 4018 1614 4072 merito
1645 4019 1701 4072 tit
1730 4017 2004 4088 perfecta;

408 4125 462 4172 et
493 4114 730 4187 perfecta
776 4129 899 4169 cum
932 4113 1129 4178 fuerit,
1177 4113 1475 4184 repudiatis
1513 4114 1706 4170 alienis
1731 4155 1744 4178 ,
1793 4115 2008 4186 cognito

407 4209 551 4274 Deo,
593 4208 874 4264 scientiam
907 4208 1116 4277 plenam
1148 4221 1271 4261 cum
1304 4207 1569 4276 receperit
1608 4206 2005 4276 universitatis,

406 4305 665 4358 continuo
696 4301 928 4358 efficitur
979 4300 1258 4371 Spit-italis.
1293 4301 1381 4357 Sic
1410 4303 1572 4358 etiam
1619 4312 1672 4356 et
1701 4303 1863 4357 homo
1889 4344 1905 4370 ,
1954 4311 2010 4358 et

408 4411 569 4451 onme
599 4395 740 4467 quod
778 4395 941 4449 homo
981 4402 1083 4448 est.
1115 4391 1249 4448 Cum
1296 4403 1475 4449 autem
1517 4393 1814 4450 secundum
1845 4395 2005 4450 intel-

2112 3177 2339 3230 animis:
2364 3177 2464 3232 etsi
2491 3177 2542 3231 in
2567 3177 2782 3232 Christo
2812 3175 2947 3232 fides
2968 3189 3233 3243 sumatur,
3263 3178 3352 3233 ille
3375 3181 3604 3250 suscipit
3627 3181 3732 3234 bu-

2106 3266 2344 3337 jusmodi
2375 3267 2583 3322 animas
2610 3278 2663 3322 et
2692 3267 2913 3338 adjuvat
2941 3280 2994 3324 et
3021 3269 3234 3326 liberat.
3263 3269 3542 3326 Christum
3571 3273 3724 3329 enim

2112 3362 2369 3428 credere,
2403 3373 2459 3418 et
2489 3363 2541 3417 in
2572 3361 2846 3418 Christum
2879 3363 3040 3419 fidem
3071 3381 3320 3432 sumere,
3350 3365 3462 3435 jam
3505 3368 3731 3437 Spirita-

2112 3456 2236 3512 liter
2265 3458 2502 3525 sentire,
2535 3467 2590 3514 et
2627 3458 2738 3529 jam
2791 3459 2902 3513 tolli
2935 3475 2964 3514 a
3009 3458 3295 3515 desideriis
3317 3461 3629 3518 carnalibus
3670 3471 3728 3519 et

2115 3552 2518 3607 materialibus:
2551 3562 2604 3608 et
2631 3567 2698 3607 ex
2744 3553 2846 3608 hoc
2878 3554 3042 3608 veluti
3091 3555 3340 3625 eognatio
3381 3555 3727 3624 intelligendi

2115 3643 2414 3714 nosjungit
2455 3654 2508 3698 et
2538 3644 2708 3701 sociat
2736 3645 2989 3701 Christo:
3023 3659 3076 3702 et
3127 3647 3254 3701 dum
3298 3647 3517 3702 Cltristo
3546 3651 3728 3704 socia—

2112 3739 2284 3804 verit,
2318 3739 2522 3810 iuquit,
2557 3749 2610 3793 et
2635 3740 2764 3794 Deo.
2797 3739 2898 3794 Per
2920 3740 3189 3794 Christum
3223 3741 3368 3796 enim
3399 3742 3511 3796 Deo
3535 3742 3727 3812 jungi-

2118 3846 2258 3895 tuur,
2303 3845 2476 3900 neque
2522 3846 2646 3900 spes
2679 3832 2780 3885 ulla
2828 3832 3017 3887 salutis
3064 3841 3261 3887 nostra:
3313 3833 3412 3888 nisi
3441 3833 3723 3890 Christum

2115 3923 2355 3977 credere.
2389 3923 2498 3977 lloc
2527 3931 2612 3977 est
2649 3925 2961 3993 Spiritaliter
3013 3925 3124 3996 jam
3165 3927 3396 3992 sentire,
3427 3937 3480 3982 et
3522 3943 3725 3998 capere

2114 4032 2331 4073 sensum
2357 4060 2372 4086 ,
2398 4027 2452 4073 et
2475 4019 2740 4091 mumliet
2767 4020 3005 4073 materizu
3032 4020 3267 4075 motibus
3293 4036 3398 4075 non
3423 4024 3719 4093 exagitari:

2115 4111 2309 4181 quibus
2339 4112 2590 4168 omnibus
2612 4111 2772 4166 homo
2796 4121 2941 4167 totus
2971 4114 3022 4166 in
3051 4113 3236 4183 spiritu
3263 4128 3392 4168 vero
3414 4125 3496 4169 est
3521 4159 3534 4179 ,
3560 4125 3616 4170 et
3647 4134 3720 4172 cx

2115 4205 2218 4261 hoc
2241 4207 2350 4277 jam
2384 4207 2436 4262 in
2464 4204 2681 4262 Christo
2710 4215 2793 4262 est
2823 4207 2961 4261 vita:
3003 4221 3125 4262 cum
3172 4216 3348 4262 autem
3397 4208 3451 4262 in
3494 4209 3722 4265 Christo

2114 4299 2218 4352 vita
2244 4306 2354 4363 est;
2379 4299 2490 4368 jam
2539 4299 2796 4370 mysterio
2826 4307 2948 4352 acto
2993 4314 3022 4351 a
3055 4297 3270 4353 Christo
3299 4300 3614 4371 recipimur,
3668 4311 3725 4356 et

2114 4409 2209 4464 per
2228 4392 2500 4448 Christum
2525 4394 2578 4448 in
2603 4409 2885 4448 numerum
2913 4394 3141 4449 filiorum
3166 4396 3488 4464 suscipimur
3512 4412 3545 4451 a
3576 4397 3718 4463 Deo,

406 4479 602 4542 lectum
637 4499 824 4556 potens
852 4485 1030 4542 anima
1065 4486 1171 4553 sit,
1205 4485 1317 4540 falli
1353 4495 1534 4542 autem
1564 4487 1874 4543 intellectus
1916 4504 2010 4558 po-
2035 4489 2086 4548 D
2113 4487 2384 4554 Spit-itales
2411 4486 2538 4541 facti
2561 4529 2576 4554 ,
2609 4495 2666 4541 ut
2688 4504 2784 4542 nos
2807 4503 3021 4558 quoque
3049 4488 3115 4542 de
3143 4489 3342 4544 mundo
3371 4505 3720 4560 resurgamns

405 4588 549 4647 test;
583 4579 685 4635 nisi
727 4582 862 4636 sciat
887 4582 1048 4636 etiam
1083 4579 1134 4634 id
1167 4578 1309 4650 quod
1355 4579 1592 4635 imitatur
1629 4579 2003 4646 intellectum;

409 4689 518 4727 non
549 4681 727 4727 tamen
767 4683 851 4729 est
899 4674 1203 4729 intellectus
1229 4672 1274 4726 si
1305 4673 1356 4726 iu
1407 4670 1487 4745 (4)
1524 4672 1624 4727 hoc
1653 4674 1796 4743 quod
1829 4675 2003 4738 fallit,

408 4763 552 4836 quod
586 4766 859 4826 mentitur.
904 4780 968 4819 ac
991 4765 1226 4834 decipit,
1257 4764 1650 4820 animadvertat
1681 4766 1880 4831 anima,
1913 4783 2005 4820 co-

407 4866 651 4929 gnoscat,
680 4865 736 4911 et
769 4857 1032 4928 repudiet,
1057 4867 1112 4912 et
1141 4857 1306 4928 fugiat
1330 4858 1481 4929 quasi
1506 4857 1714 4913 hostem
1739 4867 1791 4913 et
1811 4859 2007 4931 decep-

405 4959 618 5016 torem,
650 4949 804 5003 facile
849 4965 908 5004 se
955 4959 1009 5004 et
1036 4950 1286 5004 virtutem
1339 4967 1490 5005 suam
1523 4951 1761 5017 tenebit,
1814 4962 1867 5007 et
1910 4967 2007 5006 eo-

406 5054 648 5115 gnoscet,
680 5051 733 5098 et
761 5042 866 5098 erit
897 5043 1052 5112 plena
1088 5052 1142 5098 et
1172 5046 1406 5113 perfecta
1451 5046 1501 5099 in
1540 5045 1793 5112 Christo,
1827 5045 1880 5100 id
1923 5056 2008 5102 est

404 5137 680 5207 Spiritalis.
713 5135 852 5204 Quid
883 5144 964 5192 est
993 5145 1172 5190 autem
1218 5138 1359 5205 quod
1401 5139 1560 5194 faciat
1599 5139 2004 5196 similittulinem

403 5231 773 5303 intelligentiae
794 5274 809 5299 ,
837 5240 892 5288 et
920 5230 1153 5300 decipiat
1176 5240 1352 5286 tamen
1383 5246 1599 5288 sensum
1625 5275 1642 5302 ,
1674 5235 1762 5304 qui
1794 5250 1902 5291 non
1921 5244 2006 5292 est

476 5399 566 5474 (l)
595 5401 798 5474 Nempe
826 5401 881 5457 in
905 5398 1231 5473 cogitatione
1258 5399 1373 5469 Dei,
1405 5409 1465 5456 ut
1489 5400 1618 5460 dicit
1647 5401 1869 5459 inferius
1893 5402 1998 5460 loc.

399 5473 494 5529 cit.
532 5473 856 5530 Victorinus.

474 5545 554 5615 (2)
595 5543 764 5600 Codd.
796 5561 916 5617 quo.

496 5617 552 5690 5)
590 5617 876 5690 bistiucuo
907 5618 1022 5676 haec
1049 5618 1415 5678 declarabitur
1440 5633 1589 5677 mox.

489 5688 546 5762 4)
575 5688 744 5749 Codd.
776 5690 832 5746 in
852 5705 973 5761 qua.

2113 4581 2263 4636 etde
2304 4590 2476 4636 morte
2509 4597 2602 4652 per
2643 4581 2736 4636 Dei
2765 4583 3127 4648 voluntatem,
3156 4583 3251 4638 sed
3293 4583 3345 4636 iu
3374 4584 3591 4638 Christo
3637 4595 3720 4640 ta-

2115 4689 2258 4728 men.
2289 4675 2400 4730 Hoc
2431 4677 2574 4731 enim
2607 4683 2662 4731 et
2713 4691 2871 4743 nunc,
2923 4685 2979 4730 et
3020 4691 3164 4747 saepe
3203 4686 3258 4731 et
3301 4677 3496 4748 ubique
3529 4680 3724 4748 praeci-

2111 4768 2274 4838 pitur,
2309 4779 2367 4823 nt
2415 4769 2466 4824 in
2495 4769 2710 4824 Christo
2742 4778 2849 4825 tota
2901 4769 2972 4824 sit
3012 4769 3118 4824 vita
3169 4778 3373 4836 nostra,
3423 4779 3532 4826 tota
3564 4787 3716 4844 Spes,

2111 4869 2254 4918 totus
2285 4863 2614 4934 intelligendi
2667 4864 2837 4918 labor.
2869 4863 3057 4919 Omnis
3096 4865 3240 4919 enim
3278 4866 3412 4919 ratio
3441 4868 3721 4922 aeternita-

2112 4955 2178 5009 tis
2211 4961 2410 5009 nostra:
2439 4963 2495 5010 et
2522 4955 2708 5026 gloria:
2735 4964 2791 5010 et
2835 4956 3149 5011 salvationis
3173 4997 3188 5022 ,
3236 4966 3291 5012 et
3319 4956 3566 5013 Christus
3594 4971 3716 5024 est.

2109 5058 2164 5106 et
2192 5049 2243 5104 in
2274 5048 2491 5103 Christo
2527 5058 2644 5114 est,
2694 5050 2738 5104 si
2769 5049 3112 5120 projicientes
3142 5050 3320 5104 omnia
3369 5051 3721 5122 spiritaliter-

2109 5123 2214 5211 qiie
2243 5143 2571 5207 sentientes,
2606 5156 2921 5210 separemus
2960 5157 2990 5196 a
3024 5143 3180 5198 nobis
3230 5143 3528 5198 mundanas
3565 5147 3719 5216 cogi-

2111 5233 2378 5299 tationes,
2409 5233 2713 5288 mnndanos
2746 5231 2972 5288 all‘ectus
2995 5273 3010 5299 ,
3046 5234 3283 5289 carnalia
3309 5235 3716 5305 quodammodo

2111 5327 2399 5394 desideria,
2429 5327 2670 5382 carnales
2699 5325 3008 5398 dignitates,
3039 5329 3286 5383 carnales
3313 5338 3630 5400 potestates,
3658 5342 3720 5387 et

2108 5419 2296 5476 mundi
2339 5419 2501 5474 etiam
2547 5419 2686 5475 velle
2735 5423 3001 5491 potentias
3040 5421 3128 5478 vel
3177 5421 3484 5494 dignitates.
3533 5423 3716 5482 Omne

2179 5558 2257 5631 (1)
2289 5558 2364 5631 Ita
2393 5557 2574 5631 codd,
2609 5565 2666 5613 at
2686 5555 2823 5613 infra
2843 5557 3082 5616 materia.

2183 5629 2261 5701 (2)
2293 5630 2364 5701 lta
2395 5629 2553 5685 codd.

2177 5700 2257 5774 (ὅ)
2287 5700 2456 5759 Codd.
2479 5703 2655 5757 anima
2683 5702 2931 5760 naturali.
