4010 6306
262 209 396 266 ΗΜ

1127 213 1190 269 ΙΝ
1220 211 1609 270 EI’ISTOLAM
1639 210 1840 269 PAULI
1881 212 1970 267 AD
2010 210 2342 291 EPHESIOS
2365 212 2568 269 LIBER
2599 214 2639 271 Ι.

3424 182 3566 301 ista

261 331 403 387 enim
431 332 688 406 quidquid
738 331 1066 388 mundanum
1095 342 1217 400 est,
1270 331 1397 389 licet
1443 331 1667 389 cmleste
1713 331 1785 386 sit
1813 332 1865 386 in
1892 330 2077 392 Asint
2104 331 2279 399 aliud,
2334 332 2384 388 in
2416 348 2663 401 sensum,
2720 335 2811 407 qui
2845 338 3124 412 mundiet
3177 339 3568 397 mundanorum

261 425 465 481 mundo
492 428 655 482 etiam
690 426 773 483 vel
814 427 1096 482 aetherium
1130 426 1213 482 vel
1254 425 1533 497 quodlibet
1560 422 1702 479 aliud
1729 422 1868 478 divi-

261 536 388 575 num
418 520 724 575 nominatur
745 521 1039 576 secundum
1072 519 1331 575 mundmn
1362 529 1416 575 et
1441 527 1735 584 aeternum,
1769 517 1864 573 sed

264 612 560 669 secundum
591 613 850 668 mttndum
877 622 1056 669 tamen
1076 656 1090 678 ,
1116 629 1289 684 neque
1315 612 1555 667 divinum
1584 618 1668 667 est
1692 626 1865 680 neque

259 713 520 760 :eternum
554 716 668 772 est;
702 706 900 762 etenim
948 707 1259 761 materiale:
1305 712 1359 759 et
1399 704 1650 775 quicquid
1696 712 1866 761 mate-

258 800 395 857 riale
415 810 499 857 cst
517 844 531 869 ,
551 808 607 857 et
627 800 926 871 temporale
951 808 1035 856 est
1055 808 1108 856 et
1132 798 1395 855 caducum
1418 806 1473 854 ct
1490 798 1859 868 corruptibile.

330 894 474 964 Ergo
500 895 544 949 si
573 893 788 949 omissis
811 892 1062 947 omnibus
1104 891 1410 955 mundanis,
1441 893 1597 947 sicuti
1625 892 1734 947 divi
1760 933 1775 959 ,
1808 894 1860 949 in

253 985 471 1044 Christo
495 995 607 1043 tota
660 986 1012 1057 intelligentia
1055 986 1160 1052 sit,
1188 994 1244 1042 et
1285 986 1353 1042 de
1382 984 1597 1044 Christo
1626 994 1737 1041 tota
1781 986 1863 1042 in-

254 1082 550 1152 telligentia
584 1091 767 1136 nostra
798 1082 871 1137 sit
893 1123 909 1148 ,
941 1088 996 1136 et
1048 1090 1331 1150 propterea
1366 1095 1465 1151 per
1493 1078 1764 1134 Christum
1792 1079 1862 1135 de

258 1176 387 1231 Deo.
420 1174 570 1232 Unde
614 1175 885 1245 spiritales
909 1217 924 1241 ,
953 1184 1007 1229 ut
1041 1156 1150 1229 dixi
1172 1216 1187 1239 ,
1238 1174 1358 1229 facti
1390 1173 1718 1244 resurgimus
1744 1216 1758 1240 ,
1807 1183 1858 1230 et

256 1269 370 1325 Deo
400 1286 495 1337 per
522 1268 792 1325 Christum
815 1268 1111 1340 jungimur,
1152 1266 1318 1340 ﬁtque
1348 1283 1443 1337 per
1468 1266 1647 1323 omnia
1687 1267 1861 1339 pleni-

251 1362 419 1427 tudo;
442 1377 560 1432 qua:
586 1361 863 1431 plenitudo
885 1361 1014 1416 nihil
1037 1360 1178 1415 aliud
1200 1370 1283 1415 est
1309 1403 1322 1424 ,
1347 1376 1504 1432 quam
1533 1361 1672 1432 quod
1697 1376 1859 1417 omne

249 1454 394 1527 quod
448 1455 564 1523 ejus
594 1464 709 1519 est,
760 1455 927 1527 ipsius
957 1455 1061 1509 sit:
1111 1454 1252 1510 unde
1281 1470 1401 1509 cum
1451 1454 1645 1509 anima:
1690 1453 1857 1524 gradu

252 1547 650 1620 progressionis
680 1564 747 1603 cx
829 1549 943 1617 ipso
968 1588 983 1615 ,
1015 1562 1135 1605 cum
1191 1548 1359 1618 ipsius
1402 1556 1618 1612 essent,
1676 1556 1855 1604 tamen

250 1642 375 1713 quia
416 1640 647 1712 quadam
682 1640 1072 1712 longinquitate
1116 1642 1182 1697 ab
1209 1641 1327 1712 ipso
1358 1642 1565 1697 minore
1608 1642 1726 1697 luce
1757 1641 1857 1697 ful-

1969 434 2113 480 totus
2144 434 2262 494 est,
2293 424 2399 482 labi
2430 427 2635 498 possint
2677 437 2732 485 et
2763 445 2948 486 rursus
2976 433 3209 489 excitam
3252 435 3446 491 virtute
3477 448 3571 489 na-

1969 518 2159 585 turali,
2188 526 2243 573 et
2274 518 2439 575 Deum
2469 522 2716 576 noverint
2741 563 2754 588 ,
2781 532 2835 579 et
2856 524 2964 582 Deo
2991 527 3181 583 vicina:
3207 528 3337 594 sint,
3369 538 3425 586 et
3455 529 3567 585 Deo

1966 611 2129 667 veluti
2165 612 2255 668 lilii
2284 612 2548 668 exsistant
2569 631 2586 679 ;
2607 627 2734 671 ante
2760 619 3198 677 constitutionem
3220 622 3404 678 mundi
3426 622 3569 680 Deus

1966 707 2243 764 constituit
2272 707 2389 763 illas
2414 718 2575 780 atque
2598 711 2761 783 elegit
2787 722 2845 768 ut
2868 723 3066 771 sancta:
3094 714 3304 785 fierent,
3329 727 3385 774 et
3411 731 3568 772 sanc—

1967 802 2335 867 tilicareutur;
2369 801 2707 874 mundusque
2726 817 2948 878 propter
2971 823 3063 863 eas
3091 817 3176 864 est
3199 810 3521 865 constitutus
3546 824 3563 875 ;

1966 906 2023 952 ut
2052 896 2383 952 intellectum
2414 911 2600 953 verum
2631 900 2968 959 susciperent
2994 902 3283 960 mundanis
3312 905 3564 961 omnibus

1965 1006 2062 1062 per
2088 1005 2305 1045 sensum
2327 1031 2343 1056 ,
2373 991 2462 1061 qui
2494 990 2752 1063 deceptor
2773 1011 2913 1052 vera:
2945 996 3313 1070 intelligentiae
3342 1007 3398 1055 et
3428 1000 3565 1056 inte-

1964 1086 2174 1157 gritatis
2192 1102 2256 1142 ac
2284 1086 2545 1141 veritatis.
2574 1086 2631 1142 lu
2659 1089 2899 1146 adversis
2919 1092 3061 1147 enim
3088 1093 3345 1162 probatur
3361 1092 3562 1163 justus,

1964 1189 2019 1236 et
2062 1181 2113 1235 in
2148 1179 2380 1234 tenebris
2430 1179 2641 1246 lumen,
2674 1190 2726 1237 et
2770 1183 2821 1238 in
2873 1183 3008 1239 falso
3045 1185 3273 1241 veritas:
3323 1185 3464 1241 unde
3512 1187 3564 1240 in

1963 1276 2164 1332 mundo
2185 1276 2339 1332 facile
2360 1277 2525 1335 Deum
2555 1289 2942 1350 cognoscerent
2961 1322 2977 1347 ,
3005 1288 3061 1336 et
3088 1296 3182 1350 per
3206 1281 3479 1337 Christum
3512 1281 3568 1337 id

1962 1381 2045 1427 est
2070 1388 2165 1441 per
2191 1373 2436 1443 spiritum
2467 1374 2783 1447 spiritaliter
2830 1373 3176 1444 intelligendo
3217 1376 3442 1446 spiritus
3474 1374 3569 1433 lic-

1961 1473 2112 1521 rent:
2160 1464 2261 1522 hoc
2285 1477 2368 1522 est
2396 1468 2538 1523 enim
2585 1467 2932 1524 sanctilicari.
2973 1467 3370 1524 Prtedestinavit
3407 1470 3567 1541 igitur

1963 1558 2102 1613 Deus
2137 1568 2192 1614 ut
2238 1577 2459 1616 essemus
2510 1561 2694 1616 sancti.
2730 1559 3125 1618 Prwdestinavit
3166 1576 3298 1633 ergo
3346 1578 3453 1619 non
3482 1572 3568 1619 est

1961 1652 2062 1707 nisi
2089 1668 2275 1709 eorum
2306 1669 2426 1725 qtne
2451 1662 2609 1721 sunt,
2639 1664 2691 1708 ut
2713 1655 2865 1726 quasi
2894 1653 3029 1710 ordo
3062 1654 3279 1727 quidam
3308 1655 3374 1711 sit
3403 1655 3566 1712 ell'ec-

248 1736 451 1806 gebant
476 1744 530 1790 et
562 1735 770 1791 minore
816 1736 1019 1791 lumine
1062 1752 1167 1790 non
1203 1736 1273 1790 ita
1304 1737 1552 1806 perfecta:
1597 1735 1810 1791 fuerant
1837 1779 1851 1803 ,
1883 1730 1931 1790 Β
1961 1755 2063 1801 ωε,
2103 1743 2316 1803 videris
2357 1747 2500 1802 enim
2531 1747 2800 1818 quomodo
2826 1747 2948 1818 quis
2976 1746 3222 1818 accipiat.
3269 1746 3387 1804 Jam
3418 1748 3563 1804 enim

248 1828 302 1884 id
329 1837 412 1885 est
440 1829 563 1900 quia
596 1829 698 1885 labi
745 1829 813 1883 ab
861 1829 1212 1901 intelligentia
1243 1828 1355 1884 veri
1388 1838 1637 1900 poterant
1688 1829 1740 1884 in
1789 1845 1851 1884 ea

246 1939 367 1993 qua:
392 1922 704 1978 verisimilia
737 1930 893 1977 erant
917 1964 930 1986 ,
966 1932 1018 1978 et
1048 1935 1076 1976 a
1111 1920 1492 1977 verisimilibus
1518 1921 1570 1976 in
1602 1920 1766 1989 l‘alsa,
1800 1922 1854 1977 id

244 2026 330 2074 est
356 2019 409 2074 iu
433 2032 495 2074 ea
526 2033 646 2089 quze
671 2032 861 2075 sensus
892 2026 1057 2084 sunt;
1086 2028 1211 2073 sunt
1237 2026 1417 2074 autem
1439 2033 1502 2074 ea
1522 2058 1538 2085 ,
1570 2034 1689 2089 qua:
1719 2017 1850 2083 dixi,

242 2112 329 2169 vel
362 2110 595 2166 mundus
624 2112 708 2166 vel
754 2112 981 2167 materia
1010 2111 1092 2168 vel
1124 2113 1304 2166 omnia
1350 2112 1403 2166 in
1455 2110 1678 2167 mundo.
1728 2111 1854 2166 llacc

248 2202 542 2260 nesciendo
571 2204 749 2259 anima
775 2204 951 2260 minus
981 2204 1214 2274 perfecta
1238 2212 1385 2260 esset
1411 2246 1425 2271 ,
1454 2215 1507 2259 et
1539 2204 1628 2258 tali
1663 2212 1851 2259 natura

242 2303 625 2369 permaneret,
659 2296 703 2351 si
737 2295 834 2351 ista
875 2297 1096 2352 veniens
1136 2305 1488 2368 cognosceret
1518 2304 1571 2351 et
1608 2308 1853 2351 contem-

244 2397 430 2446 nerct:
453 2396 509 2443 et
539 2398 596 2443 ut
642 2388 877 2459 perfecta
906 2388 974 2443 ab
1003 2404 1068 2445 eo
1096 2404 1204 2460 quo
1240 2389 1358 2459 capi
1392 2397 1625 2460 poterat,
1675 2388 1851 2459 adque

244 2484 451 2555 integra
485 2483 820 2551 redderetur,
847 2483 973 2540 fecit
1019 2484 1160 2539 Deus
1204 2484 1462 2539 mundum
1494 2484 1561 2540 ad
1588 2485 1853 2555 cognitio-

244 2594 367 2634 nem
396 2594 651 2634 sensuum
682 2620 697 2646 ,
748 2579 822 2633 uti
874 2578 997 2649 quia
1043 2579 1251 2649 magnis
1281 2579 1550 2635 illecebris
1591 2594 1848 2636 sensuum

244 2680 416 2743 captae
446 2671 643 2726 anima:
690 2673 800 2742 jam
836 2671 980 2726 illam
1009 2673 1261 2727 virtutem
1308 2671 1527 2727 luminis
1557 2675 1636 2727 sui
1670 2674 1850 2744 perdi-

243 2767 453 2822 derant.
493 2766 702 2838 Quippe
745 2780 873 2821 caro
930 2765 1081 2821 facta:
1128 2774 1184 2821 et
1224 2768 1463 2823 carnalia
1513 2767 1845 2837 sentientes,

243 2862 557 2934 mysterium
587 2877 680 2932 per
710 2861 1042 2919 Salvatorem
1065 2861 1392 2932 completum
1420 2871 1525 2930 est,
1560 2865 1635 2917 uti
1665 2870 1720 2918 et
1739 2863 1848 2918 dis-

240 2964 432 3010 cerent
461 2954 706 3010 homines
737 2962 1013 3025 parentem
1042 2969 1198 3010 suum
1229 2996 1243 3021 ,
1294 2964 1349 3010 et
1390 2955 1455 3010 ad
1484 2955 1734 3011 virtutem
1766 2956 1848 3011 in~

242 3046 552 3119 telligendi,
587 3048 912 3118 contemptis
940 3047 1190 3103 sensibus
1217 3058 1269 3101 et
1312 3047 1532 3103 calcatis
1568 3056 1623 3102 et
1647 3049 1847 3103 contri-

241 3143 311 3198 tis
340 3142 591 3197 omnibus
617 3184 631 3209 ,
659 3143 1005 3213 pervenirent
1030 3160 1042 3197 :
1066 3152 1119 3197 et
1148 3142 1226 3197 sic
1252 3140 1584 3211 perfectione
1611 3157 1706 3212 per
1725 3157 1843 3197 om-
1869 3133 1915 3197 C

242 3235 329 3291 tzia
360 3236 661 3307 completa,
708 3246 763 3291 et
793 3236 843 3289 in
886 3235 1136 3290 omnibus
1165 3234 1459 3289 secundum
1489 3233 1760 3289 Christum
1791 3244 1845 3291 et

241 3343 338 3399 per
357 3327 629 3383 Christum
657 3334 711 3382 el
742 3329 793 3383 in
815 3327 1032 3383 Christo
1057 3344 1220 3383 unum
1254 3326 1448 3383 ﬁerent
1474 3328 1721 3384 universa
1746 3346 1760 3383 :
1791 3338 1846 3385 et

238 3423 319 3478 sic
351 3421 625 3492 plenitudo
658 3421 741 3475 illa
765 3463 780 3490 ,
814 3421 971 3476 sit-uti
1000 3437 1161 3493 supra
1187 3420 1331 3486 dixi,
1363 3418 1603 3490 perfecta
1630 3435 1696 3477 ex
1726 3436 1845 3476 om-

238 3521 398 3578 nibus
429 3519 770 3576 redderetur.

310 3613 439 3669 Ha-c
466 3614 518 3668 in
564 3613 647 3669 his
689 3612 1032 3668 sermonibus
1061 3613 1133 3668 ita
1180 3618 1474 3667 tractantur
1506 3611 1579 3666 uti
1611 3612 1846 3666 docean-

243 3716 329 3764 tur
357 3708 606 3764 universa
641 3705 809 3770 facta,
842 3716 896 3761 et
921 3722 1015 3777 per
1038 3705 1312 3761 Christum
1342 3704 1479 3761 facta
1505 3746 1519 3771 ,
1546 3713 1600 3760 et
1629 3704 1721 3760 Dei
1749 3719 1846 3775 per

239 3801 509 3859 Christum
545 3802 597 3856 in
633 3802 908 3855 voluntate
936 3800 1244 3870 completa:
1298 3800 1367 3854 ita
1402 3808 1458 3853 ut
1506 3798 1668 3870 elegit
1697 3813 1796 3853 nos
1821 3840 1837 3864 ,

238 3898 514 3955 benedixit
535 3913 632 3953 nos
661 3897 711 3950 in
736 3897 873 3967 ipso.
903 3895 1056 3952 Unde
1086 3894 1136 3949 id
1165 3894 1405 3964 probas?
1427 3894 1552 3965 quia
1580 3892 1842 3948 benedixit

236 4011 331 4051 nos
358 3995 426 4048 ita
456 4002 545 4059 ut,
578 3993 783 4064 inquit,
819 3991 1001 4063 elegit.
1030 3990 1254 4058 Quando
1279 4000 1458 4045 autem
1486 3989 1687 4061 elegit?
1715 3998 1835 4044 ante

236 4088 648 4143 constitutionem
687 4085 888 4140 mundi.
922 4084 1147 4154 Quando
1177 4093 1356 4139 autem
1400 4083 1675 4139 benedixit
1703 4084 1841 4139 nos?

237 4180 453 4253 quando
493 4180 557 4235 ad
600 4180 759 4236 fidem
790 4180 1119 4235 accessimus
1149 4178 1612 4249 cognovimusque
1643 4186 1843 4250 myste-

236 4278 414 4335 rium:
442 4276 515 4330 ita
540 4286 595 4331 ut
621 4274 773 4346 elegit
820 4290 913 4328 nos
938 4275 991 4328 in
1033 4274 1145 4345 ipso
1184 4282 1301 4327 ante
1346 4272 1757 4326 constitutionem
1785 4281 1843 4326 ut

238 4385 462 4425 essemus
503 4368 687 4423 sancti.
720 4365 1037 4431 Admoneo,
1074 4375 1131 4420 ut
1178 4380 1322 4437 εει-βε
1360 4362 1651 4429 admonui,
1696 4363 1843 4418 salu.

237 4472 347 4518 tem
400 4470 639 4517 nostram
669 4469 829 4532 atque
871 4473 1085 4515 omnem
1143 4456 1498 4514 :rternitatem
1541 4458 1595 4514 in
1625 4456 1840 4513 Christo

235 4570 361 4612 esse
406 4564 461 4611 et
507 4569 602 4625 per
631 4553 937 4617 Christum;
990 4552 1306 4620 animasque
1354 4558 1569 4606 nostras
1611 4559 1665 4606 et
1712 4535 1917 4607 anteD

237 4645 419 4701 mundi
460 4644 898 4702 constitutionem
943 4642 1131 4710 fuisse,
1166 4645 1364 4715 quippe
1405 4660 1528 4699 cum
1586 4658 1681 4698 sua
1711 4644 1837 4701 sul)-

237 4740 433 4795 stantia
487 4741 539 4793 in
569 4739 787 4794 :eternis
836 4752 1053 4808 semper
1092 4737 1368 4793 extiterint
1399 4737 1498 4809 (1).
1542 4736 1648 4791 Has
1676 4737 1838 4808 igitur

236 4832 379 4888 Deus
397 4843 521 4887 ante
548 4832 729 4888 mundi
757 4833 1194 4888 constitutionem
1221 4830 1620 4900 przedestinavit
1638 4840 1693 4886 et
1720 4833 1834 4887 ele-

232 4926 308 4995 git
332 4935 389 4981 ut
418 4925 911 4981 sanetillcarentur:
946 4926 998 4981 id
1021 4933 1105 4981 est
1131 4925 1371 4996 acceptio
1389 4926 1673 4997 spirituum
1702 4942 1837 4983 con-

234 5020 562 5085 firmaretur,
595 5018 853 5090 depositis
884 5019 1136 5075 omnibus
1168 5019 1345 5086 vitiis,
1388 5035 1508 5090 quae
1539 5021 1589 5075 in
1629 5035 1721 5075 eas
1755 5022 1839 5075 in-

232 5112 415 5171 cidere
448 5125 704 5185 possent,
754 5115 975 5187 spiritus
1026 5114 1243 5171 lierent.
1274 5113 1407 5170 Cum
1456 5113 1603 5170 enim
1647 5124 1837 5170 natura

307 5254 591 5339 (l)Adlmc
612 5256 843 5313 inculcat
865 5256 1172 5315 Victorinus
1194 5259 1652 5339 prirexistentiam
1677 5270 1837 5339 mter-

234 5344 359 5401 nam
387 5330 723 5394 animarum;
770 5345 932 5400 quem
963 5346 1201 5387 errorem
1229 5330 1316 5386 vix
1365 5339 1456 5385 aut
1503 5346 1571 5386 ne
1599 5334 1683 5385 vix
1712 5333 1833 5401 qui-

232 5400 357 5456 dem
390 5407 580 5471 purgat
605 5416 726 5455 mox
753 5441 768 5464 ,
795 5417 915 5456 cum
942 5405 1148 5457 animas
1178 5404 1423 5457 extitisse
1442 5404 1521 5456 ait
1550 5403 1602 5457 in
1631 5400 1834 5459 Dei’co-

232 5473 513 5543 gitatione.
563 5471 721 5527 Aliud
768 5474 911 5527 enim
942 5484 1025 5528 est
1071 5473 1366 5543 praevidere
1414 5490 1527 5530 rem
1558 5475 1831 5540 futuram,

233 5541 381 5598 aliud
429 5541 576 5597 illam
620 5545 872 5599 existere.
900 5543 998 5600 Est
1039 5541 1217 5599 autem
1265 5544 1508 5600 doctrina
1540 5545 1833 5602 christiana

232 5615 408 5686 creari
437 5629 467 5668 a
502 5615 611 5670 Deo
639 5615 876 5685 singulas
905 5617 1114 5672 animas
1134 5657 1147 5679 ,
1172 5630 1293 5670 cum
1325 5616 1377 5671 in
1397 5616 1697 5686 genitorum
1734 5633 1834 5672 nu-

233 5702 332 5813 pe:
367 5684 649 5814 hlpnrnuust
660 5700 906 5814 1corpora
949 5688 1329 5747 imtuittuntur.
1361 5684 1584 5760 Legesis
1613 5687 1828 5747 collect.

233 5774 297 5813 va
329 5789 342 5813 .
424 5795 438 5813 .
499 5798 511 5812 .
536 5773 590 5814 ι).
704 5772 823 5814 εηει.

232 5757 342 5813 vat.
377 5757 438 5813 Τ.
471 5757 511 5814 l.
536 5757 823 5832 p.815qq.

1959 1838 2386 1895 substantialiter
2407 1839 2650 1907 fuerant,
2683 1840 2841 1897 sicuti
2872 1850 2927 1896 et
2952 1854 3053 1910 ego
3074 1840 3260 1911 judico
3280 1850 3335 1897 et
3363 1840 3561 1897 credo:

1957 1933 2072 1989 sive
2100 1950 2204 1988 non
2234 1932 2448 1990 fuerant
2469 1949 2534 1989 eo
2559 1935 2721 1991 modo
2741 1976 2757 2003 ,
2788 1935 3242 2008 quemadmodum
3274 1934 3439 1991 credo
3459 1976 3474 2000 ,
3507 1935 3563 1991 in

1957 2041 2052 2082 sua
2076 2027 2374 2083 substantia
2407 2028 2490 2084 vel
2514 2029 2820 2084 existentia.
2856 2028 3067 2085 Etenim
3100 2044 3222 2085 cum
3255 2028 3308 2084 in
3340 2028 3434 2085 Dei
3463 2043 3562 2085 co-

1930 2106 2218 2192 ‘gitatione
2265 2120 2512 2187 fuerant,
2562 2122 2815 2193 cogitatio
2848 2121 2942 2177 Dei
2972 2123 3226 2192 quoniam
3271 2138 3376 2178 non
3430 2120 3565 2177 nihil

1957 2223 2071 2279 est,
2148 2214 2242 2270 sed
2310 2225 2392 2270 est
2437 2226 2583 2271 certa
2631 2216 2911 2271 existentia
2940 2258 2955 2283 ,
3013 2216 3321 2272 necessario
3365 2230 3564 2272 conce-

1954 2307 2191 2363 dendum
2214 2317 2298 2364 est
2335 2317 2393 2363 ut
2425 2309 2618 2364 anima:
2648 2309 2847 2365 fuerint
2878 2310 2929 2365 in
2960 2324 3086 2365 vera
3120 2319 3372 2380 rectaque
3413 2309 3563 2366 exis-

1956 2402 2142 2455 tentia.
2205 2402 2415 2458 Etenim
2466 2413 2647 2458 nostra
2703 2402 2957 2475 cogitatio
3005 2403 3156 2474 quasi
3195 2403 3386 2465 ,inanis
3440 2410 3559 2468 est;

1955 2509 2056 2548 non
2079 2493 2154 2566 (l)
2180 2494 2247 2549 ita
2271 2505 2325 2550 et
2349 2495 2440 2551 Dei
2459 2516 2472 2551 :
2492 2511 2812 2567 quamquam
2829 2498 3148 2567 sapientium
3165 2496 3374 2552 ratione
3394 2495 3557 2552 etiam

1954 2598 2154 2645 nostra:
2194 2590 2582 2661 cogitationes,
2633 2591 2844 2646 nonnisi
2892 2591 3198 2646 esistentia:
3253 2599 3379 2647 sunt
3431 2590 3561 2646 sub-

1952 2682 2277 2738 stantialiter
2307 2698 2510 2738 rerum.
2542 2682 2650 2739 Sed
2680 2683 2749 2738 de
2782 2683 2864 2738 bis
2892 2698 2956 2738 ac
2984 2682 3054 2739 de
3083 2681 3277 2740 eodem
3324 2691 3562 2740 tractatu

1952 2777 2084 2832 alias
2112 2785 2166 2832 et
2196 2776 2436 2845 pluribus
2464 2776 2871 2846 explicavimus.

2024 2869 2092 2925 Et
2132 2870 2466 2925 immaculati.
2500 2869 2661 2925 Vides
2693 2870 2853 2941 igitur
2881 2880 3141 2942 quantum
3191 2869 3477 2942 adjiciatur
3502 2877 3559 2926 et

1952 2962 2080 3032 quid
2127 2962 2320 3019 habeat
2370 2963 2736 3020 immaculalio
2765 2982 2870 3019 non
2927 2975 2984 3020 ut
3012 2979 3293 3026 essemus.
3352 2963 3559 3035 inquit,

1949 3055 2045 3112 sed
2077 3065 2135 3111 ut
2159 3073 2384 3113 essemus
2410 3059 2616 3124 sancti;
2643 3075 2814 3128 neque
2859 3067 2918 3113 ut
2943 3073 3189 3115 essemus
3211 3101 3225 3123 ,
3257 3058 3350 3114 sed
3385 3068 3443 3112 ut
3473 3073 3565 3112 es-

1948 3166 2129 3207 Semus
2167 3154 2504 3210 immaculati.
2551 3154 2692 3225 Ergo
2717 3154 2921 3209 macula
2968 3170 3055 3209 res
3083 3154 3288 3223 adjecta
3321 3161 3405 3208 est
3429 3152 3558 3209 sub-

1949 3244 2185 3300 stantiaz.
2220 3244 2345 3300 Fuit
2369 3261 2498 3316 ergo
2523 3246 2843 3312 substantia,
2874 3244 2968 3301 sed
3002 3245 3175 3317 potuit
3198 3245 3406 3301 macula
3426 3258 3563 3300 con-

1949 3336 2182 3408 tingere.
2218 3338 2331 3394 Hoc
2362 3339 2766 3410 praedestinavit
2804 3340 2945 3393 Dens
2975 3349 3032 3393 ut
3058 3355 3280 3393 essemus
3307 3340 3558 3393 immacu-

1949 3430 2061 3486 lati.
2092 3429 2240 3487 Licet
2264 3433 2407 3488 enim
2440 3433 2677 3488 nondum
2708 3433 3028 3488 maculasset
3056 3447 3153 3487 nos
3178 3431 3408 3488 mundus
3433 3473 3448 3495 ,
3478 3440 3562 3488 ta-

1947 3539 2070 3579 men
2097 3525 2348 3595 quoniam
2377 3536 2562 3582 natura
2594 3525 2684 3582 tali
2715 3524 2950 3591 fuimus,
2985 3534 3041 3578 ut
3077 3524 3129 3579 in
3163 3524 3426 3579 maculam
3457 3540 3554 3580 ca-

1946 3617 2079 3673 dere
2123 3635 2443 3688 possemus,
2474 3616 2675 3676 idcirco
2703 3618 3103 3691 praedestinavit
3147 3633 3246 3673 nos
3279 3617 3425 3674 Deus
3446 3659 3460 3680 ,
3490 3626 3550 3673 ut

1947 3724 2068 3765 cum
2099 3711 2151 3765 in
2194 3713 2457 3767 maculam
2508 3711 2885 3767 incidissemus
2906 3752 2921 3775 ,
2955 3723 3199 3765 essemus
3230 3707 3556 3764 immaculati

1949 3820 2045 3870 per
2074 3803 2190 3875 ejus
2221 3804 2448 3875 gratiam
2473 3846 2487 3870 ,
2519 3805 2568 3859 id
2600 3816 2681 3859 est
2712 3820 2807 3873 per
2833 3801 3129 3858 Christum.
3160 3799 3555 3873 Cognosceudo

1947 3899 2090 3954 enim
2120 3897 2395 3953 Christum
2423 3940 2438 3965 ,
2468 3907 2523 3953 et
2550 3897 2926 3969 cognoscendo
2957 3898 3009 3953 in
3063 3895 3265 3951 mundo
3286 3937 3302 3963 ,
3344 3904 3400 3950 et
3427 3909 3554 3967 cog-

1947 3991 2221 4047 noscendo
2250 3992 2302 4047 in
2325 3990 2575 4047 sensibus
2597 4031 2612 4056 ,
2638 4000 2695 4046 et
2714 3987 3092 4062 cognoscendo
3115 3990 3166 4043 in
3192 4004 3258 4044 eo
3284 3987 3426 4057 quod
3448 3987 3516 4043 ad
3532 4016 3547 4029 -

1947 4101 2167 4141 versum
2193 4094 2308 4148 est;
2335 4095 2388 4139 et
2416 4082 2790 4155 cognoscendo
2829 4084 2880 4137 in
2914 4082 3184 4146 tenebris,
3212 4089 3339 4138 tunc
3355 4096 3542 4138 verum

1945 4178 2125 4235 lumen
2138 4178 2453 4248 accipimus,
2469 4176 2903 4240 tuncCln-istum,
2922 4177 2971 4231 id
2992 4184 3078 4233 est
3096 4174 3366 4245 Spiritum,
3384 4175 3545 4232 smni-

1946 4287 2098 4327 mus:
2129 4280 2186 4327 et
2214 4280 2342 4326 tunc
2363 4271 2581 4341 rejectis
2606 4272 2883 4340 corporeis
2908 4269 3156 4337 maculis,
3184 4267 3340 4325 idest
3367 4270 3541 4324 sensi-

1946 4363 2049 4420 bus
2068 4363 2394 4429 carnalibus,
2419 4363 2711 4419 existimus
2730 4362 3329 4417 immaculatietsumus
3351 4362 3547 4417 sancti.

2014 4459 2185 4516 Vsus.
2263 4459 2323 4528 5,
2371 4457 2426 4514 6.
2474 4488 2547 4500 ——
2605 4455 2794 4514 Coram
2862 4458 2978 4527 ipso
3032 4457 3086 4510 in
3146 4456 3400 4510 cltarttale
3446 4454 3550 4527 (ἓ),

1943 4556 2310 4627 prtedestinans
2374 4571 2467 4610 nos
2525 4554 2605 4625 ('5)
2670 4554 2722 4608 in
2789 4552 3118 4623 adeptionem
3181 4551 3410 4622 ﬁiiorum
3462 4568 3554 4623 per

1943 4647 2124 4703 Iesum
2182 4645 2481 4714 Christum,
2536 4648 2590 4702 in
2642 4647 2813 4718 ipsum
2882 4643 3159 4700 secundum
3232 4645 3551 4715 propositum

1942 4743 2223 4798 voluntatis
2278 4757 2405 4808 suae,
2482 4741 2536 4795 in
2597 4740 2801 4795 laudent
2840 4740 3022 4812 gloria:
3072 4739 3256 4810 gratim
3307 4754 3433 4794 sum.
3484 4738 3554 4794 Et

1943 4835 2096 4906 quid,
2114 4833 2394 4901 etqnibus,
2418 4842 2473 4888 et
2490 4847 2674 4903 quare,
2700 4841 2754 4886 et
2777 4847 3064 4903 perquem,
3088 4831 3213 4903 quid
3237 4831 3397 4886 etiam
3416 4846 3552 4903 prae-

1942 4935 2072 4991 stat,
2092 4935 2153 4981 ut
2178 4927 2410 4981 liliorum
2429 4924 2772 4995 adoptionem
2797 4925 2997 4980 habere
3024 4922 3349 4979 videaturde
3372 4923 3547 4989 nobis,

1940 5019 2083 5091 quod
2111 5034 2385 5089 magnum,
2418 5026 2471 5073 ct
2500 5018 2827 5088 prmcipunm
2858 5027 2911 5071 et
2938 5016 3024 5071 vix
3055 5017 3194 5071 votis
3220 5017 3422 5071 nostris
3447 5030 3548 5086 op-

1941 5113 2102 5169 tabile
2124 5120 2208 5168 est
2226 5120 2284 5166 ut
2303 5110 2540 5180 adoptati
2559 5112 2648 5164 lilii
2665 5109 2963 5166 rideamur.
2988 5109 3196 5178 Quibus
3209 5118 3386 5164 autem
3413 5123 3548 5178 pra:-

1938 5207 2069 5263 stat?
2094 5205 2288 5261 animis
2313 5205 2522 5260 scilicet
2548 5205 2705 5275 longe
2728 5219 2759 5260 a
2787 5203 2982 5261 virtute
3004 5204 3094 5260 Dei
3117 5204 3323 5275 positis,
3348 5202 3546 5275 quippe

1937 5299 2031 5371 qui
2057 5298 2251 5355 cadere
2277 5298 2329 5353 in
2360 5296 2485 5353 vitia
2517 5296 2747 5366 possint;
2772 5298 2969 5368 quippe
2995 5312 3116 5352 cum
3148 5295 3389 5351 tnatulas
3408 5296 3547 5351 reci-

1939 5393 2109 5462 piant.
2142 5391 2248 5446 Per
2290 5405 2447 5461 quem
2476 5399 2657 5445 autem
2707 5390 2963 5460 praestat?
2993 5404 3091 5460 per
3133 5388 3317 5444 Jesum
3360 5385 3546 5444 Chris-

1938 5492 2054 5540 tum
2081 5495 2246 5557 atque
2275 5483 2328 5540 in
2358 5484 2554 5555 ipsum.
2584 5485 2766 5553 Quare
2799 5491 2979 5540 autem
3004 5483 3091 5540 vel
3127 5493 3344 5556 propter
3370 5483 3542 5557 quid?

2011 5616 2423 5704 illi‘v'itilebatpr
2451 5617 2580 5673 mihi
2606 5632 2825 5704 prorsus
2846 5616 3149 5704 addendum
3173 5636 3298 5704 non.

2010 5688 2092 5764 (2)
2119 5688 2274 5761 Vulg.
2304 5707 2320 5745 :
2348 5688 2414 5745 In
2445 5688 2715 5763 conspectu
2740 5692 2850 5763 ejus
2880 5691 2935 5744 in
2964 5691 3235 5748 charilate.

2015 5763 2095 5834 t5)
2124 5761 2276 5835 Vulg.
2310 5760 2500 5819 habet:
2537 5761 2641 5829 Qui
2662 5761 3039 5833 prcedestinavit
3067 5778 3200 5835 nos,
3234 5771 3339 5822 etc.
