4010 6306
572 157 713 216 ³1245

572 381 821 439 magnum
871 365 1187 421 beneﬁcium
1239 364 1358 430 dat,
1418 364 1739 437 prarcipuam
1772 362 1994 435 gloriam
2030 363 2169 419 Dens

571 473 637 515 ex
667 458 768 514 hoc
799 457 1049 530 potentia:
1089 472 1202 513 suae
1250 456 1537 524 ostendat,
1568 456 1783 529 quando
1826 471 1924 513 nos
1955 456 2089 513 tales
2117 466 2169 511 et

571 552 625 609 in
658 549 801 607 vitiis
831 547 911 624 (t)
939 552 1143 622 positos
1163 559 1213 605 et
1243 552 1476 622 peccatis
1502 549 1810 605 carnalibus
1835 591 1849 616 ,
1881 558 1937 607 et
1968 549 2171 624 obliga-

571 654 690 712 tos,
726 658 832 699 non
860 643 1032 699 solum
1058 643 1285 711 liberat,
1327 652 1381 698 et
1416 643 1628 699 donatis
1658 644 1890 716 peccatis
1918 658 2113 699 saeuos
2142 661 2169 697 a

573 737 886 796 criminibus
935 736 1113 792 reddit
1136 781 1150 805 ,
1182 736 1278 792 sed
1308 736 1469 792 etiam
1496 736 1716 809 adoptat
1756 744 1817 793 ut
1854 736 2010 792 ﬁlios.
2046 735 2173 792 [huc

575 832 737 904 igitur
760 839 846 886 est
890 829 1008 885 laus
1037 829 1223 901 gloria:
1247 871 1261 896 ,
1294 839 1343 884 et
1376 831 1561 900 gratim
1589 829 1735 900 ejus:
1781 829 1998 904 gloriie,
2029 831 2172 903 quod

575 932 782 983 tantum
814 933 1016 995 potest:
1040 924 1247 995 gratiae,
1270 923 1411 995 quod
1444 923 1558 980 haec
1582 923 1736 981 nobis
1765 932 2001 995 prmstat.

646 1017 800 1088 Quod
830 1026 1008 1073 autem
1059 1016 1199 1073 dixit
1247 1016 1300 1073 in
1329 1016 1655 1087 adoptionem
1702 1017 1927 1090 ﬁliorum
1977 1019 2171 1091 plene,

575 1120 743 1177 certe,
777 1109 1027 1180 proprie:
1058 1124 1289 1181 namque
1319 1109 1457 1164 tilius
1483 1109 1730 1167 Christus
1754 1152 1770 1177 ,
1798 1119 1852 1166 et
1878 1125 2004 1166 vere
2035 1112 2175 1168 ﬁlius

574 1202 845 1270 Christus,
874 1210 928 1258 et
943 1218 1071 1259 vere
1094 1200 1255 1269 ﬁlius,
1288 1202 1445 1261 sicuti
1468 1218 1613 1277 smpe
1636 1203 1815 1268 docui,
1849 1219 1969 1260 cum
2000 1205 2176 1275 imago

576 1299 670 1355 Dei
698 1308 801 1356 est.
830 1301 963 1357 Cum
990 1309 1170 1357 autem
1201 1300 1359 1371 longe
1388 1314 1419 1354 a
1448 1300 1539 1355 Dei
1572 1299 1805 1371 imagine
1829 1299 1937 1355 sint
1958 1299 2172 1366 animae;

577 1402 632 1450 et
652 1410 863 1451 rursum
890 1397 1155 1468 accipiant
1176 1394 1370 1450 anima:
1391 1395 1549 1466 longe
1566 1394 1753 1466 posita:
1775 1394 2042 1463 spiritum;
2069 1394 2179 1465 Spi—

576 1488 715 1544 ritus
740 1498 918 1544 autem
943 1488 1102 1555 ﬁlius;
1143 1488 1273 1542 ﬁttnt
1302 1490 1421 1543 loco
1442 1487 1534 1542 ﬁlii
1564 1487 1754 1542 anima-
1778 1506 1790 1541 :
1823 1494 1878 1542 et
1905 1502 2025 1541 cum
2059 1486 2177 1541 loco

578 1579 672 1635 lilii
695 1578 1002 1636 efﬁciuntur
1027 1580 1241 1651 animae,
1270 1580 1322 1636 in
1350 1581 1691 1651 adoptionem
1726 1580 1953 1635 ﬁliorum
1984 1580 2177 1636 animze

1799 151 1989 209 ΜΛΙΠΙ
2033 149 2372 211 VICTORINI
2403 149 2565 209 AFRI

568 273 624 330 in
650 273 880 340 laudent,
913 272 1103 345 inquit,
1135 272 1322 345 gloria:
1358 286 1487 327 suae.
1523 270 1743 336 Gratim,
1774 271 1824 327 id
1854 279 1937 325 est
1961 278 2017 326 ut
2043 285 2164 325 cum
2194 269 2241 333 Α

3681 160 3784 221 liii

2346 266 2510 323 Vens.
2573 268 2625 324 8.
2683 298 2753 309 --
2832 268 3129 326 Secundum
3196 271 3389 328 divitias
3445 275 3606 347 gratia:
3663 284 3785 352 ejus,

2271 377 2373 434 qua
2424 360 2701 418 abundavit
2751 360 2866 439 (l)
2934 363 2987 418 in
3043 364 3277 419 nobisin
3327 366 3459 421 omni
3506 369 3718 441 sapientia
3754 388 3787 430 et

2272 455 2566 529 prudentia.
2635 455 2776 512 Deus
2842 464 2999 530 pater
3042 466 3127 513 est
3190 458 3257 514 ab
3325 460 3434 531 ipso
3485 462 3610 516 enim
3663 465 3787 523 veluti

2273 551 2421 607 fonte
2457 559 2574 607 orta
2608 562 2733 608 sunt
2775 552 2975 607 omnia.
3014 550 3293 622 Quomodo
3338 564 3471 622 orta,
3512 572 3700 629 magnus
3733 561 3790 613 in-

2273 644 2521 702 tellectus
2539 654 2595 702 et
2622 661 2812 717 magna
2832 645 3075 701 doctrina
3102 655 3186 703 est
3207 664 3221 700 :
3241 654 3324 702 est
3343 656 3511 703 tamen
3543 659 3667 705 certa
3692 666 3788 707 con-

2276 739 2461 809 fessio,
2490 756 2520 796 a
2551 740 2662 797 Deo
2694 740 2896 799 omnia.
2926 740 3096 798 Porro
3124 751 3298 797 autem
3336 744 3527 811 omnia,
3560 752 3610 800 et
3632 760 3682 800 ea
3704 765 3790 817 qua

2275 850 2483 890 summa
2506 844 2652 901 sunt,
2682 845 2736 891 et
2755 852 2815 891 ca
2845 851 2965 908 quae
2995 836 3226 900 inﬁrma,
3253 845 3307 893 et
3333 853 3391 893 ea
3421 854 3534 909 qua:
3560 854 3650 894 non
3676 851 3793 896 mter-

2277 943 2367 996 na,
2386 935 2443 983 et
2457 936 2654 984 caetera
2675 928 3003 998 huiusmodi.
3032 928 3164 986 Cum
3194 928 3336 987 enim
3353 930 3520 987 omnia
3539 930 3662 1002 dico,
3680 933 3794 991 inte!-

2277 1018 2486 1092 ligenda
2523 1028 2578 1077 et
2606 1020 2840 1090 diversa,
2887 1030 2943 1078 et
2981 1021 3275 1087 contraria,
3304 1031 3357 1079 et
3385 1026 3723 1096 repugnantia;
3757 1038 3794 1083 et

2277 1111 2456 1169 omnia
2494 1113 2727 1187 denique
2758 1114 2943 1187 utique
2989 1123 3114 1171 sunt
3153 1130 3295 1188 quae,
3334 1116 3414 1171 vel
3444 1117 3700 1188 quomodo,
3738 1121 3795 1176 vel

2277 1206 2686 1279 qualiacumque
2699 1215 2843 1274 sunt;
2867 1224 2987 1280 qum
3005 1224 3127 1264 cum
3152 1209 3251 1265 ista
3269 1218 3409 1275 sunt,
3429 1220 3631 1266 manent
3645 1218 3793 1278 tamen,

2279 1308 2336 1356 et
2362 1299 2414 1355 itt
2448 1316 2546 1357 suo
2576 1302 2755 1368 modo,
2777 1310 2832 1357 et
2860 1302 2912 1357 in
2944 1301 3267 1371 substantia,
3288 1313 3340 1358 et
3388 1302 3440 1359 in
3461 1319 3549 1359 sua
3568 1319 3640 1372 re,
3670 1315 3714 1361 et
3730 1320 3796 1360 sua

2279 1394 2555 1468 qualitate.
2582 1394 2748 1468 Igitur
2769 1404 2823 1450 et
2856 1410 2978 1450 cum
2998 1395 3196 1467 angeli,
3218 1404 3272 1451 et
3299 1395 3577 1458 daemones.
3604 1406 3651 1452 et
3675 1408 3799 1454 mate-

2279 1488 2381 1555 ria,
2414 1500 2468 1546 et
2489 1488 2780 1557 elementa,
2809 1500 2862 1547 et
2900 1492 3092 1544 anima:
3110 1497 3409 1561 caeteraque
3429 1489 3697 1562 huiusmodi
3719 1509 3801 1547 om-

2281 1585 2367 1642 nia
2388 1600 2611 1656 qumque
2633 1592 2778 1650 sunt,
2801 1583 3032 1640 habeant
3060 1592 3303 1639 naturam
3334 1599 3503 1649 suam,
3530 1599 3799 1641 communem

571 1674 695 1747 jure
708 1684 969 1746 suscepta:
985 1690 1106 1732 esse
1119 1676 1384 1747 dicuntur,
1404 1691 1499 1749 per
1512 1677 1677 1733 Deum
1694 1685 1868 1732 tamen
1881 1673 2172 1747 Christum,
2207 1679 2254 1740 Β
2283 1676 2719 1750 procreationish
2741 1676 3376 1748 thentvimvirtutemque
3402 1676 3801 1732 etconditionosua

578 1767 630 1823 id
654 1778 738 1824 est
765 1784 861 1840 per
906 1770 1151 1842 spiritum
1180 1812 1194 1837 ,
1225 1770 1316 1842 qui
1342 1780 1426 1828 est
1461 1786 1586 1829 vere
1632 1770 1769 1826 ﬁlius
1790 1812 1806 1840 ,
1854 1777 1909 1827 et
1937 1770 2082 1826 solus
2114 1770 2172 1824 ﬁo

579 1862 702 1918 lius.
759 1862 815 1920 Si
858 1880 988 1936 ergo
1017 1880 1178 1920 verus
1208 1874 1265 1921 et
1291 1865 1477 1932 solus,
1523 1881 1645 1921 cum
1688 1864 1974 1937 recipimus
2021 1861 2176 1921 Chri-

582 1964 759 2025 stum,
793 1956 843 2013 id
873 1966 956 2013 est
985 1959 1255 2029 spiritum,
1281 1957 1518 2030 adoptati
1548 1959 1642 2014 ﬁlii
1672 1974 1880 2026 sumus,
1912 1973 2015 2013 non
2049 1958 2173 2025 lilii;

578 2063 679 2119 per
704 2051 954 2106 virtutem
988 2052 1128 2107 enim
1176 2051 1334 2119 Filii,
1364 2070 1461 2108 nos
1487 2052 1752 2109 efﬁcimur
1788 2052 1882 2110 ﬁlii
1919 2070 1932 2108 :
1976 2061 2031 2109 et
2063 2054 2179 2110 lucc

580 2151 664 2197 est
692 2142 994 2214 adoptatio,
1045 2144 1099 2200 in
1132 2162 1234 2217 qua
1277 2147 1582 2219 gratiﬁcavit
1623 2163 1714 2203 nos
1758 2147 1811 2202 in
1853 2147 2035 2203 dilecto
2066 2147 2177 2216 [ilio

579 2251 673 2290 suo
697 2278 711 2301 ,
742 2235 793 2291 id
815 2246 898 2292 est
918 2238 1142 2306 gratiam
1170 2238 1325 2294 nobis
1348 2240 1627 2311 prmstitit:
1663 2237 1765 2295 hoc
1786 2239 1926 2295 enim
1950 2249 2033 2295 est
2056 2255 2180 2310 gra-

582 2327 823 2385 tiﬁcavit.
852 2330 956 2387 Sed
978 2331 1172 2405 ubique
1199 2332 1409 2400 ﬁrmat,
1437 2342 1493 2389 et
1521 2350 1639 2404 qua:
1668 2334 1738 2388 sit
1764 2333 1931 2405 gratia
1954 2374 1968 2399 ,
2001 2344 2054 2389 et
2084 2349 2181 2407 per

581 2435 742 2491 quem
769 2424 971 2493 gratia:
994 2440 1114 2479 nam
1137 2437 1187 2480 et
1212 2441 1305 2498 per
1329 2442 1487 2499 quem
1505 2426 1674 2498 gratia
1695 2433 1780 2481 est
1807 2425 2101 2501 subiungit,
2125 2428 2180 2483 in

583 2514 766 2569 dilecto
785 2516 896 2581 ﬁlio
924 2516 1230 2589 suo.eqtc
1259 2520 1481 2591 gratiam
1511 2520 1817 2593 subiungit:

658 2606 820 2663 Vens.
855 2611 906 2666 7.
935 2640 1009 2651 _.
1038 2607 1104 2666 In
1124 2628 1222 2684 quo
1245 2612 1484 2670 habemus
1513 2614 1909 2686 redemptionem
1937 2630 2027 2687 per
2056 2630 2176 2669 san-

583 2702 788 2772 guinem
825 2703 988 2774 ipsius
1033 2702 1110 2778 (2)
1141 2705 1487 2761 remissionem
1513 2718 1853 2775 peccatorum.
1884 2706 2011 2763 Haec
2037 2707 2181 2763 enim

582 2793 750 2863 gratia
774 2804 857 2850 est
877 2803 936 2851 ut
965 2797 1014 2850 in
1041 2794 1257 2852 Christo
1285 2814 1379 2868 per
1399 2799 1517 2868 ejus
1544 2801 1858 2872 sanguinem
1890 2799 2181 2859 habeamus

581 2883 1031 2957 redemptionem,
1060 2900 1114 2946 et
1142 2891 1510 2948 remissionem
1543 2905 1904 2964 peccatorum,
1927 2904 1985 2953 ut
2012 2904 2065 2952 et
2096 2912 2184 2953 re-

584 2980 865 3037 mittantur
894 2983 1050 3040 nohis
1080 2998 1294 3056 peccata
1325 2997 1507 3044 nostra
1537 3006 1633 3062 per
1660 2990 1711 3045 id
1747 2990 1887 3061 quod
1918 2991 2034 3064 lege
2061 3007 2184 3047 eru-

2280 1772 2574 1840 tnanentia,
2595 1772 2789 1826 anima:
2818 1778 2997 1826 tamen
3021 1787 3141 1843 qum
3166 1771 3351 1843 utique
3372 1778 3425 1826 et
3444 1771 3563 1843 ipsa:
3590 1769 3707 1826 inter
3721 1786 3801 1826 om-

2280 1865 2368 1922 nia
2389 1866 2439 1919 vi
2464 1877 2559 1919 sua
2583 1863 2782 1928 valent,
2805 1876 2909 1918 non
2940 1861 2992 1917 in
3025 1877 3090 1917 eo
3122 1870 3488 1934 perseverant,
3512 1863 3803 1918 utextiternnt

2279 1967 2442 2031 atque
2494 1955 2850 2012 substantiam
2888 1955 3093 2010 sortita:
3130 1965 3278 2020 sunt,
3310 1954 3404 2010 sed
3443 1954 3530 2009 Dei
3560 1954 3800 2024 potentiiin

2281 2051 2559 2108 meliorem
2586 2049 2938 2105 substantiam
2972 2048 3341 2119 provehuntur
3363 2064 3376 2103 :
3397 2054 3451 2104 et
3468 2063 3528 2103 ex
3549 2045 3802 2101 anianiseam

2280 2145 2475 2202 anima:
2506 2144 2634 2211 sint,
2666 2142 2886 2215 spiritus
2928 2140 3061 2197 ﬁunt
3104 2142 3203 2215 (2).
3246 2141 3386 2214 Ergo
3417 2143 3526 2196 istae
3556 2140 3634 2196 Dei
3660 2139 3803 2194 divitia:

2280 2238 2336 2293 in
2370 2251 2466 2293 nos
2488 2235 2701 2293 collata:
2723 2244 2785 2291 ut
2801 2234 3032 2308 amplius
3059 2233 3363 2289 ellieiamur
3388 2250 3542 2306 quam
3568 2248 3672 2288 esse
3687 2232 3805 2302 rapi.

2284 2346 2402 2386 mus
2424 2338 2586 2401 atque
2604 2329 2901 2395 extitimus,
2928 2327 3139 2383 cmteris
3166 2327 3477 2385 conditione
3494 2341 3579 2381 sua
3607 2324 3805 2379 manenti-

2282 2425 2405 2493 bus,
2424 2434 2481 2479 ut
2500 2437 2652 2478 suam
2668 2422 3019 2478 substantiam
3040 2436 3305 2492 suamque
3322 2420 3636 2492 qualitatem,
3663 2427 3708 2472 ut
3722 2425 3806 2470 sunt

2284 2525 2420 2583 orta,
2450 2515 2773 2572 custodiant.
2795 2512 2979 2570 Gratia
3010 2513 3290 2586 magniﬁca
3312 2514 3429 2579 Dei,
3455 2513 3541 2568 Dei
3561 2525 3729 2580 magna-
3750 2507 3805 2561 di-

2282 2611 2429 2669 vitia:
2447 2626 2567 2666 cum
2583 2609 2777 2667 animis
2793 2616 3010 2680 praestat
3026 2607 3127 2664 hoc
3150 2621 3348 2663 munus
3374 2613 3432 2662 ut
3456 2605 3518 2661 ad
3538 2603 3804 2677 adoptionem

2287 2704 2505 2761 veniant
2521 2704 2747 2759 ﬁliorum
2766 2704 2880 2771 Dei,
2897 2701 3184 2774 perJesunt
3210 2709 3391 2757 tamen
3425 2700 3689 2761 Christum,
3703 2694 3740 2750 id
3751 2704 3807 2749 est

2286 2814 2384 2871 per
2405 2797 2650 2869 spiritum
2672 2797 2931 2869 spiritalia
2952 2796 3269 2860 sentientes,
3295 2801 3352 2849 ut
3367 2794 3584 2868 spiritus
3599 2791 3703 2847 sint.
3725 2788 3805 2843 Ista:

2288 2901 2415 2949 sunt
2437 2892 2636 2947 divitia:
2664 2891 2803 2964 ejus,
2833 2902 2886 2947 et
2904 2892 3021 2961 ejus
3042 2890 3245 2961 gratim,
3263 2905 3369 2962 qua
3389 2886 3706 2943 abundavitin
3725 2897 3805 2936 nos.

2288 2987 2479 3045 Merito
2494 3001 2624 3057 ergo
2642 2984 2850 3042 abunda
2862 2986 2938 3040 vit
2954 2986 3003 3039 in
3028 3000 3124 3040 nos
3150 3002 3163 3039 :
3182 3000 3305 3039 nam
3321 2985 3537 3057 angelus
3562 2984 3608 3037 in
3635 2994 3689 3035 eo
3710 2976 3808 3050 quod

583 3076 775 3133 ciﬁxus
802 3085 905 3134 est.
928 3077 1039 3135 lloc
1058 3091 1139 3136 est
1165 3081 1307 3136 enim
1333 3098 1428 3154 per
1455 3083 1771 3155 sanguinem
1796 3084 1961 3156 ipsius
1985 3094 2040 3141 et
2067 3084 2179 3157 ipse
2208 3084 2256 3150 C
2284 3088 2369 3137 est
2388 3080 2631 3152 angelus,
2660 3079 2916 3144 manebit;
2942 3079 3177 3149 itemque
3197 3085 3416 3142 caetera,
3433 3076 3540 3131 sive
3557 3074 3602 3128 in
3626 3070 3806 3131 materia,

586 3186 685 3226 nos
708 3170 938 3228 redemit
954 3188 982 3226 a
1009 3182 1200 3240 morte,
1225 3174 1276 3229 id
1298 3184 1381 3230 est
1398 3190 1427 3229 a
1446 3175 1750 3231 carnalibus
1771 3177 2185 3248 cogitationibus

584 3273 638 3318 et
655 3264 1055 3336 cupiditatibus,
1075 3278 1127 3321 et
1144 3281 1270 3322 suos
1290 3266 1415 3323 fecit
1436 3283 1645 3335 servos,
1670 3269 1720 3324 id
1736 3280 1815 3325 est
1837 3269 1937 3325 sibi
1956 3272 2183 3339 servire,

586 3359 728 3430 quod
754 3369 835 3415 est
864 3360 1175 3431 spiritaliter
1196 3362 1303 3430 iam
1334 3363 1514 3418 vivere
1538 3381 1551 3416 :
1577 3361 1703 3418 item
1727 3360 1808 3437 (5)
1838 3361 1970 3423 nihil
1997 3378 2187 3421 carna-

586 3454 711 3509 liter
750 3471 930 3528 agere,
957 3455 1193 3529 nihilque
1214 3471 1371 3511 sensu
1404 3458 1625 3526 sentire,
1660 3456 1754 3514 sed
1785 3467 1924 3514 totos
1954 3456 2088 3514 verti
2119 3456 2185 3513 ad

589 3549 757 3605 Deum
788 3561 841 3607 et
874 3550 1141 3605 mundana
1171 3551 1350 3606 omnia
1392 3550 1601 3609 calcare
1626 3596 1641 3621 ,
1673 3561 1727 3609 et
1754 3553 2014 3626 originem
2057 3568 2180 3609 nos-

588 3651 723 3699 tram
747 3648 1029 3714 repetere:
1063 3642 1165 3699 hoc
1190 3652 1270 3699 est
1301 3642 1442 3699 enim
1473 3644 1664 3701 redimi
1691 3687 1705 3711 ,
1735 3661 1763 3701 a
1793 3645 2102 3718 captivitate
2124 3645 2189 3702 li-

587 3735 784 3792 berari.
814 3735 983 3792 Porro
1011 3737 1291 3806 captivitas
1321 3753 1424 3793 non
1454 3745 1537 3794 est
1575 3739 1676 3795 nisi
1699 3738 1768 3797 ab
1794 3740 2001 3812 origine
2029 3739 2190 3796 liber-

590 3831 714 3885 tatis
741 3830 790 3884 in
832 3830 1196 3903 captivitatem
1229 3831 1370 3887 duci.
1405 3831 1545 3904 Ergo
1571 3831 1769 3888 fuimus
1797 3831 1991 3901 liberi,
2025 3832 2075 3889 id
2107 3842 2190 3890 est

587 3930 713 3979 ante
755 3922 1044 3979 mundum:
1092 3925 1185 3980 sed
1215 3924 1446 3981 mundus
1489 3940 1587 3981 nos
1633 3925 1874 3999 captivos
1905 3927 2063 3995 fecit;
2096 3944 2187 3983 na-

588 4024 703 4070 tura
726 4017 867 4071 enim
895 4017 983 4072 tali
1014 4015 1213 4073 fuimus
1236 4027 1293 4074 ut
1314 4018 1631 4075 caderemus
1651 4029 1706 4075 et
1722 4020 1838 4091 capi
1871 4034 2189 4092 possemus:

587 4111 680 4168 sed
716 4112 831 4167 lucc
869 4112 1152 4183 captivitas
1182 4115 1248 4170 ad
1299 4114 1583 4171 utilitatem
1616 4124 1854 4173 nostram
1907 4118 2187 4191 provenit:

587 4224 710 4264 nam
746 4209 975 4279 cognitis
1005 4209 1257 4266 omnibus
1286 4212 1562 4269 servitutis
1591 4214 1744 4270 malis
1761 4223 1814 4271 et
1841 4215 2187 4287 captivitatis,

587 4301 852 4373 redempti
880 4318 909 4357 a
950 4298 1169 4359 Christo
1198 4319 1424 4362 sumus:
1465 4307 1516 4362 id
1545 4317 1628 4364 est
1671 4308 1739 4364 ad
1768 4319 2011 4365 naturam
2045 4310 2189 4368 illam

588 4396 866 4466 pristinam
899 4411 1019 4466 qum
1049 4395 1203 4451 nobis
1247 4413 1275 4451 a
1308 4397 1419 4454 Deo
1446 4408 1601 4467 erat,
1642 4401 1886 4469 reducti,
1932 4403 2190 4475 spiritali«

2287 3176 2401 3231 sive
2431 3175 2483 3230 in
2507 3172 2882 3240 luminaribus,
2905 3173 3019 3229 sive
3051 3175 3101 3228 in
3123 3172 3339 3228 caeteris
3360 3166 3645 3240 huiusmodi
3666 3165 3805 3226 rebus;

2287 3284 2407 3341 quae
2425 3267 2602 3322 omnia
2621 3277 2745 3323 sunt
2764 3283 2792 3321 a
2817 3267 2925 3323 Deo
2951 3274 3131 3338 parata
3147 3274 3309 3337 atque
3340 3258 3804 3320 conservata.Anima

2290 3368 2467 3416 tamen
2516 3359 2655 3415 inter
2688 3358 2868 3413 omnia
2930 3357 3048 3428 plus
3074 3374 3101 3410 a
3126 3357 3236 3412 Deo
3259 3357 3483 3423 meruit,
3515 3362 3567 3411 et
3586 3350 3805 3407 niaximum

2291 3469 2500 3519 munus,
2544 3463 2598 3509 et
2628 3467 2847 3522 magnas
2876 3450 3113 3517 divitias,
3134 3466 3255 3506 cum
3285 3446 3646 3522 cognoscendo
3673 3447 3806 3504 Deum,

2291 3547 2385 3602 Dei
2416 3555 2593 3602 tamen
2626 3544 2899 3600 voluntate
2922 3543 3093 3599 infusa
3123 3544 3223 3599 sibi
3259 3560 3358 3614 per
3376 3541 3633 3599 Christum
3656 3537 3808 3599 .Icsnm,

2291 3651 2528 3697 meretur
2554 3650 2611 3695 ttt
2634 3639 2773 3695 inter
2803 3638 2942 3693 ﬁlios
2971 3644 3186 3708 accepta
3225 3637 3338 3693 Deo
3360 3637 3526 3693 vicina
3555 3628 3808 3699 sit;ctﬁlin.

2290 3733 2342 3790 id
2362 3714 2588 3793 est‘Jesu
2621 3730 2860 3801 Christo,
2888 3748 2983 3805 per
3012 3734 3183 3804 ipsunt
3209 3731 3482 3788 Christum
3504 3720 3811 3797 tamen.veluti

2290 3827 2540 3887 cohaeres
2560 3827 2879 3886 aeternitatis
2904 3834 2958 3882 et
2978 3826 3275 3897 maiestatis
3300 3838 3353 3883 et
3383 3824 3622 3898 potentia:
3657 3818 3810 3877 eﬁccta.

2292 3930 2530 3979 meretur
2551 3921 2643 3976 ﬁlii
2685 3935 2878 3976 nomen
2913 3927 2969 3976 et
3010 3929 3351 3991 potestatem.
3402 3915 3810 3981 Ahuudavitergo.

2292 4018 2488 4090 inquit,
2512 4015 2565 4073 in
2592 4032 2711 4072 nos.
2743 4015 3026 4084 Quomodo
3068 4024 3245 4070 autem
3286 4013 3601 4071 abundavit?
3622 4008 3732 4065 omni
3759 4020 3814 4057 sa-

2294 4112 2486 4187 pientia
2517 4121 2562 4167 et
2600 4110 2891 4183 prudentia.
2924 4109 3063 4165 Vere
3089 4110 3231 4164 enim
3256 4108 3437 4165 omnis
3464 4106 3573 4162 htrc
3615 4096 3812 4174 sapientia

2294 4214 2379 4261 est
2400 4211 2455 4261 et
2480 4203 2783 4275 prudentia,
2806 4201 3078 4258 Christum
3098 4215 3459 4273 cognoscere;
3484 4215 3572 4272 per
3584 4195 3811 4253 Cltristum,

2295 4302 2465 4357 Deum
2486 4307 2541 4356 et
2568 4298 2868 4366 intelligere
2894 4306 2949 4353 et
2971 4295 3188 4353 videre:
3222 4295 3428 4366 reliqua
3452 4294 3586 4351 enim
3612 4287 3680 4345 vel
3700 4298 3813 4341 mun-

2295 4393 2431 4450 dana
2462 4391 2723 4464 sapientia
2756 4391 2915 4447 licet:
2947 4389 3048 4445 alia
3088 4388 3421 4460 huiusmodi,
3455 4395 3595 4445 extra
3621 4378 3811 4438 mundum

588 4488 800 4559 teriam
832 4488 1097 4544 vivimus:
1129 4497 1185 4545 et
1208 4504 1274 4545 ex
1302 4490 1403 4545 hoc
1433 4490 1653 4562 spiritus
1682 4467 1909 4561 sumus,
1942 4467 1998 4550 et
2027 4510 2190 4567 prop-
2220 4483 2270 4544 D
2297 4488 2441 4545 licet.
2483 4485 2613 4543 Sine
2650 4484 2867 4542 Christo
2903 4492 3106 4551 tamen,
3139 4497 3273 4539 vana
3305 4492 3358 4538 et
3404 4482 3591 4538 misera
3618 4467 3813 4567 sapientia

589 4587 736 4636 terea
771 4580 861 4636 Dei
892 4580 1020 4651 ﬁlii,
1053 4580 1148 4636 sed
1180 4597 1275 4653 per
1301 4583 1646 4654 adoptionem
1674 4627 1690 4652 ,
1711 4585 1955 4644 remissis
1984 4586 2193 4644 scilicet

592 4671 847 4728 omnibus
878 4675 1113 4744 peccatis
1141 4675 1376 4732 nostris:
1427 4692 1534 4733 non
1586 4678 1727 4736 enim
1758 4678 1957 4736 virtute
2010 4690 2191 4736 nostra

592 4770 658 4826 ad
682 4772 925 4843 spiritum
957 4775 1161 4831 reversi
1192 4791 1378 4833 sumus
1404 4818 1420 4844 ,
1442 4784 1497 4831 et
1527 4790 1624 4847 per
1652 4774 1968 4848 sanguinem
1990 4773 2192 4832 Cltristi

594 4864 843 4937 spiritum
872 4867 1197 4939 accepimus.
1249 4869 1389 4943 Ergo
1416 4869 1766 4925 remittuntur
1790 4869 1947 4925 nobis
1974 4876 2194 4941 peccata

593 4966 649 5015 et
672 4959 941 5014 donantur
966 4976 1063 5032 per
1094 4961 1189 5018 Dei
1216 4965 1442 5032 gratiam
1469 4980 1484 5030 ;
1529 4978 1638 5019 non
1687 4971 1871 5018 nostra
1903 4962 2103 5020 virtute
2131 4978 2197 5020 ea

595 5052 913 5124 deponimus
937 5072 952 5117 ;
980 5056 1263 5128 solumque
1293 5057 1394 5114 hoc
1424 5058 1636 5114 virtutis
1660 5068 1859 5114 nostra).
1884 5099 1899 5125 ,
1924 5057 2197 5117 Christum

596 5146 859 5216 credere,
909 5163 974 5205 ac
1018 5161 1239 5219 propter
1293 5148 1566 5206 Christum
1616 5150 1931 5222 spiritaliter
1978 5152 2198 5210 vivere:

595 5241 714 5314 ipse
742 5258 871 5299 vero
900 5243 1130 5301 remittit
1160 5255 1413 5314 peccata,
1446 5243 1561 5315 ipse
1586 5245 1807 5301 redimit
1833 5261 1931 5302 nos
1950 5288 1965 5315 ,
1997 5257 2050 5304 et
2076 5261 2201 5320 gra-

597 5336 726 5392 tiam
766 5336 860 5393 Dei
890 5337 1271 5403 commendat,
1306 5345 1363 5392 nt
1389 5337 1741 5393 :eternitatem
1774 5348 1829 5396 et
1854 5339 2197 5400 sanctitatem

600 5429 929 5486 immaculati
948 5430 1061 5502 iam
1090 5429 1290 5487 habere
1312 5428 1604 5501 possimus.

673 5566 755 5638 (1)
785 5565 957 5623 Codd.
989 5567 1195 5638 incitus.

680 5636 762 5716 (2)
788 5638 943 5716 \julg.
968 5636 1146 5716 :_Eius
1172 5640 1316 5714 quod
1344 5636 1587 5716 sequitur
1613 5652 1844 5697 comma.

677 5714 763 5785 ('5)
792 5713 961 5770 Codd.
992 5713 1148 5771 idem.
1426 5713 1436 5757 ἷ
1619 5730 1623 5735 ’
1814 5740 1819 5741 ν

2297 4593 2400 4649 est.
2432 4589 2487 4637 et
2513 4579 2692 4636 omnis
2717 4578 3030 4651 prudentia;
3064 4577 3149 4633 illa
3171 4577 3381 4633 scilicet
3402 4576 3617 4632 ratione.
3639 4569 3736 4641 quia
3754 4561 3813 4631 ιμιί

2297 4674 2570 4733 Christum
2622 4671 2918 4745 cognoscit,
2968 4672 3056 4743 qui
3099 4669 3377 4727 Christum
3418 4668 3624 4739 accipit,
3656 4658 3814 4732 Spirillﬁ

2299 4771 2392 4826 ﬁt:
2423 4766 2684 4839 spiritalia
2722 4766 2906 4825 omnia
2945 4763 3185 4837 agendo,
3231 4763 3375 4820 inter
3413 4763 3547 4818 lilios
3585 4747 3816 4825 adoptittnis

2298 4863 2607 4936 suscipitur,
2631 4870 2686 4918 et
2708 4858 3107 4932 quodammodo
3135 4866 3190 4915 et
3217 4858 3332 4931 ipse
3356 4855 3555 4914 existit.
3585 4851 3680 4908 Hac
3705 4843 3816 4916 igitur

2296 4959 2355 5015 in
2385 4973 2483 5014 nos
2522 4955 2811 5013 abundavit
2837 4954 2976 5010 Deus
3005 4952 3208 5025 gratia,
3242 4960 3297 5008 et
3325 4951 3470 5007 omni
3510 4941 3760 5018 sapientia,
3783 4940 3819 4986 ει

2301 5052 2446 5110 omni
2477 5050 2791 5122 prudentia;
2820 5055 2878 5103 ut
2899 5060 3091 5120 genus,
3117 5043 3416 5118 sapientia;
3442 5052 3500 5100 ut
3518 5037 3818 5114 speciessl‘m‘

2301 5145 2502 5204 dentia.

2382 5239 2547 5296 Vens.
2579 5237 2632 5293 9.
2667 5267 2738 5280 —-
2764 5234 2834 5292 Ut
2860 5234 3005 5291 nobis
3030 5241 3211 5289 notum
3248 5237 3433 5307 faceret
3472 5223 3735 5301 mysterium

2309 5334 2522 5391 luntatis
2565 5347 2692 5389 suae.
2744 5329 3138 5401 NobisLutrum
3185 5324 3679 5383 hominibushom:
3715 5309 3821 5411 nng

2310 5425 2620 5484 christianis
2649 5423 2739 5497 qui
2769 5421 2941 5494 legem
2975 5418 3314 5493 accepimus?
3343 5417 3451 5474 Nos
3478 5414 3612 5472 enim
3634 5401 3820 5498 intelligi.“

2307 5536 2431 5581 mus
2481 5495 2797 5593 mysterium
2832 5516 3127 5574 voluntatis
3169 5514 3288 5582 Dei,
3316 5528 3424 5587 quo
3450 5495 3822 5583 superabundant

2385 5638 2460 5712 (ti
2484 5635 2646 5712 iulg:
2672 5650 2686 5690 :
2714 5633 2844 5712 Quae
2867 5630 3317 5707 superabundavit.

2387 5705 2472 5786 (ε)
2497 5705 2667 5766 Codd.
2700 5707 2823 5795 aut.
2933 5705 2972 5731 τ
