4010 6306
331 110 473 169 ηιδ

1211 108 1278 164 ΙΝ
1318 106 1704 165 EPISTOLAM
1747 105 1950 165 PAULI
1980 106 2072 165 AD
2114 104 2450 165 EPIIESIOS
2489 105 2694 162 LIBER
2736 106 2775 162 I.

3499 106 3637 165 1256

328 216 505 302 gratia
526 227 646 302 ejus
675 227 728 283 in
760 241 881 290 nos,
901 236 957 282 ιιι
987 225 1205 281 divitias
1227 226 1344 297 ejus
1365 239 1818 296 cognosceremus
1837 238 1934 295 per
1963 230 2015 290 Α
2041 234 2238 289 motus,
2270 232 2325 278 et
2354 223 2594 279 omnium
2627 239 2802 278 rctqu
2838 232 3011 278 tholus
3033 265 3048 291 ,
3081 224 3292 280 nonnisi
3325 240 3352 281 a
3411 226 3550 291 Deo,
3582 236 3637 282 et

326 321 645 393 sanguinem
676 320 901 386 Christi,
928 329 984 374 et
1012 336 1105 389 per
1148 318 1522 374 remissionem
1562 327 1927 389 peccatorum.

326 416 497 485 Quam
522 413 738 488 quidem
762 414 1110 480 voluntatem,
1135 413 1275 467 sicut
1297 413 1446 483 dicit,
1467 412 1783 486 mySterium
1804 427 1930 486 pru-

326 508 548 575 dentiae,
583 507 667 563 vel
715 510 1029 580 mysterium
1077 506 1370 562 voluntatis
1420 505 1474 561 in
1520 504 1736 562 Christo
1776 505 1927 563 Jesu.

326 599 419 655 Sic
442 600 588 655 enim
612 596 833 669 subiicit
860 598 1143 653 secundum
1168 602 1477 654 voluntatem
1495 615 1647 671 quam
1664 599 1931 671 proposuit

325 691 381 747 in
407 690 502 747 illo
530 692 637 762 (I).
665 690 782 747 Non
821 691 963 748 enim
993 690 1168 747 solum
1202 692 1526 747 toluntatem
1576 693 1718 762 licet,
1749 692 1843 749 sed
1877 693 1928 749 in

324 786 424 845 illo
466 785 591 843 licet
627 786 959 856 propositam
998 784 1350 843 voluntatem.
1400 783 1591 842 Omnia
1643 785 1786 842 enim
1833 802 1931 857 per

325 879 501 949 illum,
525 890 578 936 et
608 878 742 935 nihil
770 879 949 935 omnia
970 921 985 948 ,
1025 880 1267 951 nihilque
1307 891 1361 935 et
1391 880 1444 936 in
1485 880 1745 954 mysterio
1785 880 1930 953 quod

324 969 524 1029 factum
561 971 632 1028 sit
670 988 775 1029 non
809 988 904 1047 per
923 972 1107 1030 Jesum
1152 972 1468 1033 Christum:
1497 984 1552 1031 et
1590 974 1846 1045 mundus,
1875 985 1933 1033 et

325 1065 381 1121 in
416 1063 641 1131 mundo,
675 1074 731 1123 et
761 1066 1009 1123 liberatio
1036 1076 1256 1137 nostra,
1291 1076 1348 1125 et
1374 1083 1534 1125 causa
1570 1068 1845 1137 omnium,
1875 1071 1927 1129 in

323 1159 544 1218 Christo
572 1170 721 1228 sunt,
755 1170 811 1219 et
838 1158 1086 1218 Christus
1115 1170 1261 1219 sunt.

395 1251 563 1310 Vsus.
601 1254 686 1311 10.
726 1284 797 1295 -
822 1251 890 1307 Et
921 1253 1031 1311 ha’c
1059 1263 1133 1309 est
1160 1256 1397 1311 voluntas
1439 1254 1535 1311 Dei
1564 1272 1715 1326 quam
1742 1273 1931 1333 propo-

322 1344 424 1402 suit
453 1352 508 1401 in
534 1346 626 1402 illo
647 1343 725 1418 (2)
756 1347 809 1402 in
855 1346 1233 1418 dispensatione
1257 1348 1589 1420 plenitudinis
1622 1359 1925 1423 temporum.

323 1438 568 1498 Ostendit
592 1439 782 1496 ordine
798 1450 989 1496 cuncta
1017 1439 1302 1510 disposita,
1325 1451 1385 1497 ut
1406 1440 1735 1512 dispensatio
1757 1442 1926 1499 lieret.

321 1533 452 1590 Item
495 1533 677 1589 omnia
708 1532 873 1589 veluti
912 1542 1293 1605 erogarentur;
1332 1532 1589 1608 quidquid
1622 1532 1764 1592 enim
1812 1534 1926 1605 ﬂet,

2035 331 2130 389 per
2151 317 2339 372 Dento.
2368 317 2550 388 Itaque
2575 316 2817 387 operatio
2843 332 2962 372 cum
2995 329 3168 371 motus
3199 317 3288 381 sit,
3321 336 3348 369 ει
3377 317 3485 372 Deo
3509 336 3637 389 «φρ.

2032 411 2171 471 ratio
2218 420 2319 481 est,
2350 411 2471 482 quia
2513 420 2593 468 est
2627 420 2803 465 motus
2845 411 3108 480 Operatio.
3160 411 3382 484 Reliqui
3430 414 3629 469 ett-nitu

2036 513 2270 574 torpent,
2302 502 2489 575 ignava
2536 510 2682 566 sunt,
2731 503 2953 571 vitiosa,
2999 505 3166 576 pigra.
3207 503 3445 575 Denique
3491 513 3548 560 ιιι
3581 504 3632 560 in

2033 606 2236 654 motum
2268 598 2507 667 veniant,
2543 598 2635 652 Dei
2667 596 2912 668 operatio
2945 609 3046 662 est,
3079 614 3173 672 per
3209 596 3392 653 Jcsum
3429 597 3638 654 scilicet

2031 687 2328 745 Christum.
2376 688 2519 761 Ergo
2550 689 2689 744 Deus
2729 698 2809 743 est
2841 690 2929 759 qui
2973 688 3223 744 universa
3252 698 3525 761 Operatur,
3582 698 3638 746 et

2032 794 2284 856 operatur
2306 783 2603 845 secundum
2626 783 2911 840 consilium
2937 784 3226 840 voluntatis
3253 800 3386 841 sua).
3415 784 3529 841 Hoc
3551 785 3633 840 itt-

2034 884 2199 933 terest
2235 891 2385 949 ergo,
2419 875 2561 949 quod
2609 892 2730 932 cum
2773 876 2916 933 Deus
2959 885 3236 948 operatur,
3286 886 3342 933 et
3385 874 3635 933 Chrisms

2031 978 2325 1041 operatur,
2392 968 2639 1029 Christus
2702 982 2956 1042 operatur
3021 985 3091 1025 ex
3156 970 3247 1026 Dei
3323 970 3628 1036 voluntate;

2034 1066 2173 1122 Deus
2262 1066 2553 1137 operaturi
2602 1064 2896 1121 secundum
2981 1064 3266 1120 consilium
3340 1065 3632 1121 voluntat's

2030 1172 2144 1214 suae
2191 1176 2207 1216 ε
2258 1159 2458 1216 etenim
2520 1155 2768 1215 Christus
2845 1156 3092 1213 voluntas
3160 1157 3254 1214 Dei
3328 1166 3431 1214 est.
3502 1157 3633 1213 Aliis

2031 1249 2183 1307 libris
2232 1249 2359 1322 quid
2416 1250 2485 1306 sit
2543 1249 2793 1305 voluntas
2860 1249 2976 1314 Dei.
3031 1259 3086 1304 et
3138 1249 3263 1322 quid
3320 1250 3459 1306 Deus
3523 1252 3629 1320 sit,

2032 1344 2173 1400 idetn
2205 1360 2272 1403 ne
2317 1359 2385 1400 an
2422 1343 2566 1400 aliud
2608 1344 2713 1411 sit;
2744 1359 2934 1407 unum,
2968 1358 3034 1398 an
3061 1354 3115 1399 et
3143 1343 3309 1412 aliud,
3341 1356 3393 1401 et
3434 1354 3631 1401 caetera

2030 1435 2358 1511 Itujusmodi,
2389 1448 2439 1494 et
2465 1437 2765 1509 explieasse
2793 1451 2890 1492 nos
2920 1447 3047 1509 puto
3069 1445 3126 1494 et
3163 1436 3507 1496 satisfecisse.
3539 1439 3634 1494 llic

2029 1532 2173 1588 enim
2222 1531 2460 1588 contenti
2518 1547 2639 1588 esse
2687 1532 2916 1605 simplici
2964 1532 3303 1604 espositione
3349 1532 3631 1601 debemus,

319 1625 627 1689 ordinatum
659 1637 771 1683 est:
799 1636 859 1683 ut
890 1628 1000 1695 liat,
1029 1626 1147 1683 sine
1175 1626 1337 1684 dubio
1359 1627 1779 1700 dispensandum
1809 1640 1926 1693 est;
1960 1624 2008 1685 B
2036 1636 2182 1683 metu
2211 1626 2310 1680 hoc
2356 1635 2410 1680 et
2436 1625 2697 1696 religione
2728 1625 3051 1692 retinentes,
3085 1625 3226 1701 quod
3259 1625 3349 1681 Dei
3383 1626 3632 1682 voluntas

318 1723 551 1779 mundus
577 1732 756 1779 autem
788 1730 842 1779 et
880 1722 1135 1779 omniain
1169 1722 1369 1779 mundo
1403 1723 1660 1792 disposita
1694 1734 1843 1794 sunt,
1875 1731 1930 1781 et

316 1814 399 1871 sic
443 1813 574 1879 ﬁunt
604 1824 657 1869 et
680 1828 801 1886 qua:
829 1813 899 1868 sit
920 1828 1129 1870 summa
1157 1813 1594 1885 dispensationis,
1622 1816 1807 1887 utique
1836 1834 1931 1888 ap-

316 1915 471 1979 paret
493 1921 586 1978 per
611 1906 817 1979 singula
846 1922 965 1978 quae
992 1905 1147 1961 ﬁunt.
1181 1905 1307 1961 Haec
1344 1916 1429 1962 est
1456 1918 1635 1963 autem
1663 1909 1927 1977 plenitudo

315 2008 625 2070 temporum,
650 2014 770 2053 cum
792 1998 904 2054 suis
926 1997 1228 2071 quibusque
1259 2000 1591 2072 temporibus
1617 2004 1927 2072 pervenitur

314 2091 383 2148 ad
410 2108 701 2159 summam,
724 2108 843 2165 qua:
865 2093 1148 2149 conficitur
1165 2108 1232 2148 ex
1255 2093 1525 2162 omnibus,
1552 2094 1759 2151 scilicet
1790 2094 1927 2163 lihe-

312 2186 454 2247 ratio
473 2194 655 2243 nostra
676 2195 732 2243 et
755 2187 1054 2242 animarum
1077 2188 1340 2254 omnium,
1361 2188 1659 2246 cmitestium
1683 2190 1921 2247 scilicet:

311 2278 406 2343 sed
435 2279 485 2337 id
530 2288 591 2337 ut
623 2279 702 2355 (5)
732 2281 1049 2355 plenitudine
1096 2292 1403 2351 temporum,
1451 2300 1572 2339 cum
1628 2284 1924 2357 implentur

312 2384 575 2447 tempora,
600 2373 728 2431 dum
758 2373 892 2430 iiunt
922 2375 1018 2430 ista
1045 2391 1164 2447 qua:
1190 2373 1258 2433 de
1284 2373 1394 2431 Deo
1420 2375 1680 2448 disposita
1713 2388 1836 2434 sunt
1868 2381 1920 2437 in

310 2463 554 2523 Christo.

382 2555 451 2613 Et
504 2575 594 2632 per
637 2555 895 2614 Christum
939 2569 1229 2618 restaurare
1285 2561 1459 2618 omnia
1510 2562 1564 2618 in
1615 2561 1818 2620 Christo
1873 2573 1921 2622 et

305 2666 421 2725 qua:
439 2648 491 2706 in
515 2650 653 2707 caelis
683 2661 826 2720 sunt,
859 2663 906 2707 et
932 2668 1046 2724 qute
1071 2671 1225 2727 super
1251 2665 1437 2710 (errant
1461 2666 1580 2711 sunt
1600 2656 1653 2712 in
1681 2659 1789 2732 ipso
1813 2656 1917 2731 (4).

305 2741 423 2799 Non
453 2744 594 2802 enim
627 2744 806 2801 omnia
839 2752 1216 2802 restaurantur
1244 2764 1365 2821 qua:
1398 2748 1450 2804 in
1482 2747 1699 2805 Christo
1750 2759 1914 2819 sunt,

306 2846 361 2890 et
408 2850 469 2890 ea
527 2835 641 2909 ipsa
696 2853 817 2910 quae
876 2837 927 2894 in
984 2839 1137 2897 caelis
1183 2847 1331 2907 sunt,
1379 2848 1434 2895 et
1478 2857 1542 2897 ea
1590 2857 1711 2916 quze
1753 2858 1917 2914 supra

305 2933 480 2984 terras
524 2938 684 2996 sunt;
725 2930 818 2988 sed
867 2930 920 2986 in
969 2930 1191 2988 Christo
1238 2950 1359 3002 quae
1407 2945 1721 2991 suntzsunt
1766 2934 1910 2995 enim

2033 1732 2117 1777 est
2161 1719 2428 1788 Christus,
2477 1717 2620 1791 quod
2674 1717 2769 1774 Dei
2813 1719 3058 1774 voluntas
3109 1727 3191 1775 est
3237 1727 3435 1784 motus,
3488 1718 3630 1790 quod

2032 1814 2175 1870 Deus
2205 1810 2385 1867 omnia
2427 1821 2704 1882 aperatur,
2737 1811 2859 1882 quia
2892 1810 3032 1866 Deus
3059 1821 3266 1880 motus,
3310 1818 3363 1866 et
3393 1811 3489 1867 Dei
3540 1827 3633 1865 vo-

2030 1903 2210 1964 luntas
2233 1914 2319 1961 est
2349 1914 2547 1970 motus,
2577 1915 2630 1958 et
2663 1903 2803 1959 Deus
2824 1902 2914 1958 sit.

2100 1997 2266 2058 Vsus.
2303 1999 2391 2054 I2.
2419 2029 2489 2040 -—
2515 1997 2583 2054 Ut
2604 1998 2763 2053 simus
2786 1998 2839 2052 in
2866 1996 3069 2052 laudent
3100 1996 3279 2069 gloriae
3320 1997 3481 2070 ipsius
3523 1997 3627 2071 (1).

2027 2092 2083 2149 Si
2113 2093 2255 2148 enim
2281 2092 2333 2149 in
2361 2094 2531 2163 ipsmn
2562 2090 2856 2157 credimus,
2881 2099 3043 2162 atque
3069 2089 3338 2160 Spiritales
3363 2089 3631 2146 efficimur

2026 2186 2303 2260 sequendo
2329 2186 2603 2245 Christum
2633 2229 2647 2254 ,
2688 2185 2891 2241 erimus
2920 2184 2972 2239 in
3002 2184 3212 2239 laudem
3240 2184 3426 2255 gloriae
3461 2185 3628 2257 ipsius

2041 2282 2133 2339 Dei
2163 2282 2250 2354 qui
2291 2291 2408 2335 ante
2448 2281 2764 2361 speravimus
2808 2278 2861 2333 in
2893 2275 3117 2333 Christo.
3155 2277 3412 2333 Ordinem
3457 2278 3622 2335 dedit.

2023 2372 2176 2430 Tunc
2196 2375 2397 2428 erimus
2423 2373 2476 2428 in
2516 2372 2719 2426 laudent
2756 2370 2937 2442 gloria:
2958 2370 3144 2439 ipsius,
3172 2387 3293 2426 cum
3324 2372 3629 2439 speraveri-

2024 2482 2141 2522 tnus
2173 2466 2224 2521 in
2258 2466 2510 2522 Christo:
2549 2465 2631 2520 vel
2657 2464 2731 2519 illi
2760 2464 2964 2519 erimus
2992 2463 3046 2517 in
3080 2463 3283 2518 laudem
3320 2463 3503 2536 gloria
3539 2466 3623 2533 ip-

2021 2561 2126 2614 sius
2146 2560 2235 2631 qui
2262 2570 2383 2614 ante
2429 2558 2745 2632 speravimus
2782 2561 2835 2611 in
2883 2555 3108 2611 Christo.
3161 2557 3316 2612 Prius
3363 2565 3449 2613 est
3493 2573 3622 2629 ergo

2019 2667 2241 2724 sperare
2266 2653 2315 2707 itt
2340 2651 2581 2717 Christo,
2611 2650 2661 2705 id
2688 2659 2772 2706 est
2810 2649 3083 2705 Christum
3111 2651 3283 2722 sequi,
3315 2662 3369 2707 et
3397 2652 3622 2709 credere

2020 2747 2197 2803 omnia
2220 2746 2485 2816 compleri
2517 2760 2675 2818 posse
2702 2760 2731 2800 a
2755 2742 2972 2800 Christo
2997 2746 3259 2816 promissa
3284 2762 3299 2811 ;
3333 2753 3390 2803 et
3413 2746 3493 2801 sic
3516 2748 3621 2803 crit

2018 2854 2380 2912 consequens,
2416 2847 2473 2894 ut
2500 2840 2670 2895 simus
2700 2837 2753 2893 in
2774 2838 2988 2895 Iaudem
3012 2838 3198 2909 gloria:
3224 2839 3319 2894 Dei
3348 2858 3360 2893 :
3389 2841 3536 2912 quia,
3564 2848 3621 2896 ut

2017 2950 2162 3004 saepe
2183 2933 2318 2998 dixi,
2350 2947 2444 3004 per
2471 2930 2742 2988 Christum
2768 2929 3044 2986 teternitas
3069 2929 3288 3003 pariter,
3314 2947 3435 3003 quae
3462 2931 3616 2988 nobis

303 3027 358 3075 et
405 3020 509 3076 alia
562 3033 722 3095 atque
760 3022 957 3081 aliena.
1004 3025 1371 3101 Quaecumque
1417 3044 1546 3100 ergo
1593 3029 1646 3084 in
1687 3028 1909 3087 Christo
1934 3013 1980 3077 Π
2014 3026 2162 3081 salus
2182 3033 2287 3095 est,
2309 3036 2361 3082 et
2388 3024 2478 3080 Dei
2503 3024 2670 3097 gloria
2694 3033 2796 3083 est:
2831 3024 2972 3079 unde
2995 3024 3109 3079 laus
3130 3026 3233 3081 erit
3255 3024 3441 3097 gloriae
3468 3025 3607 3093 ejus.

301 3120 447 3179 sunt,
475 3113 591 3170 htee
630 3124 1003 3172 restaurantur
1028 3129 1082 3174 et
1125 3129 1432 3193 resurgunt,
1484 3137 1603 3194 que
1647 3121 1700 3178 in
1748 3124 1902 3181 caelis

300 3219 445 3276 sunt,
478 3210 594 3264 sive
621 3208 674 3264 iit
709 3219 872 3266 terra.
901 3209 1023 3287 Ipse
1069 3212 1211 3269 enim
1244 3215 1411 3278 Salus,
1442 3214 1555 3287 ipse
1604 3217 1903 3287 renovatio,

298 3299 418 3370 ipse
444 3302 831 3357 aeternitas:in
878 3319 985 3375 quo
1032 3311 1085 3360 et
1115 3317 1317 3360 sortem
1363 3306 1638 3363 consecuti
1691 3323 1902 3366 sumus.

298 3391 451 3458 Quod
491 3393 811 3462 oportebat,
842 3393 1107 3464 adjunxit.
1148 3395 1264 3459 Non
1311 3398 1452 3454 enim
1490 3414 1680 3456 omnes
1715 3402 1903 3471 simul,

299 3485 468 3541 sicubi
499 3485 681 3541 etalio
704 3487 824 3542 loco
849 3487 1051 3544 dictum
1079 3505 1093 3544 :
1120 3488 1369 3547 Christus
1414 3492 1679 3564 primum;
1708 3493 1904 3553 deinde

298 3592 425 3645 nos;
459 3579 652 3639 deinde
682 3581 884 3638 caeteri.
922 3582 1033 3639 Hoc
1057 3598 1138 3641 εει
1169 3600 1298 3656 ergo
1341 3588 1483 3658 quod
1509 3588 1584 3643 ait
1614 3607 1628 3644 :

368 3670 537 3728 Vsus.
574 3673 662 3730 11.
692 3705 762 3715 -
792 3670 997 3731 Sortem
1028 3679 1288 3734 consecuti
1317 3696 1515 3747 sumus,
1554 3680 1905 3753 prtedestinati

295 3765 469 3837 utique
502 3767 781 3821 secundum
805 3769 1127 3839 propositum
1149 3773 1260 3838 ejus
1283 3771 1403 3845 (5);
1437 3772 1487 3829 id
1519 3785 1605 3831 est
1640 3777 1762 3848 quis
1796 3793 1904 3851 quo

298 3868 561 3929 tempore,
586 3869 640 3914 et
668 3868 727 3915 ut
747 3876 910 3931 supra
936 3861 1194 3929 diximus;
1223 3863 1361 3920 etad
1385 3865 1772 3937 perfectionem
1800 3871 1904 3925 uti-

293 3968 398 4025 que
416 3953 774 4025 przedestinati
788 3955 898 4027 jam
914 3972 1178 4014 essemus.
1204 3957 1344 4015 Nihil
1367 3958 1508 4017 enim
1527 3970 1632 4030 est,
1652 3964 1794 4035 quod
1820 3966 1897 4036 lit,

293 4045 437 4117 quod
465 4063 570 4101 non
609 4063 640 4102 a
670 4046 780 4103 Deo
810 4049 1248 4119 prmdestinatum
1279 4054 1380 4118 sit,
1409 4062 1465 4109 et
1489 4063 1614 4111 ante
1642 4057 1903 4128 quodam-

290 4141 455 4198 modo
487 4141 705 4199 factum.
737 4142 891 4201 Nune
920 4146 1251 4204 sensibiliter
1276 4148 1413 4205 ﬁunt
1436 4166 1555 4222 quae
1585 4153 1902 4225 spiritaliter

291 4248 322 4289 a
356 4234 469 4290 Deo
500 4244 627 4291 sunt
654 4239 966 4297 constituta.

367 4325 467 4395 Qui
509 4330 747 4386 universa
793 4341 1037 4404 operatur
1068 4333 1150 4406 (6)
1184 4335 1463 4391 secundum
1489 4340 1762 4396 consilium
1808 4358 1897 4399 vo-

2082 3119 2247 3175 Vsns.
2303 3119 2388 3175 15.
2423 3150 2492 3160 -—
2539 3118 2605 3172 In
2636 3136 2733 3193 quo
2762 3129 2809 3174 et
2838 3135 2945 3187 vos,
2978 3119 3154 3174 audito
3188 3119 3337 3174 verba
3383 3121 3614 3176 veritatis

2007 3211 2259 3285 evangelii
2300 3212 2484 3267 salutis
2540 3223 2718 3267 vestra:
2748 3210 2850 3287 (2).
2911 3212 3218 3280 Descendit,
3270 3229 3337 3269 ne
3384 3229 3612 3285 genera-

2006 3305 2131 3362 Iiter
2162 3306 2294 3362 illud
2336 3317 2498 3377 atque
2526 3320 2631 3360 non
2662 3304 2948 3362 commode
2983 3306 3062 3362 vel
3106 3307 3312 3363 utiliter
3350 3317 3611 3362 tractasse

2006 3399 2304 3467 videretur,
2334 3409 2390 3456 et
2413 3400 2643 3456 aliorum
2682 3400 2826 3457 istud
2859 3409 3005 3457 esset
3038 3400 3380 3471 beneﬁcium,
3420 3416 3524 3455 non
3557 3410 3612 3456 et

2005 3508 2192 3551 eorum
2224 3493 2291 3548 ad
2321 3508 2457 3564 quos
2493 3493 2748 3566 loquitur.
2797 3495 3057 3567 Adjunxit
3100 3494 3358 3565 speciale,
3400 3496 3612 3552 scilicet

2004 3585 2149 3658 quod
2204 3584 2271 3640 ad
2328 3585 2591 3656 Ephesios
2635 3588 2918 3659 epistolam
2972 3589 3173 3643 mittit.-
3209 3588 3345 3655 hoc,
3396 3589 3604 3659 inquit,

2005 3680 2165 3735 etiam
2191 3690 2427 3735 vestrum
2455 3691 2570 3748 est;
2600 3697 2720 3737 nam
2747 3691 2803 3738 et
2826 3698 2920 3739 vos
2951 3683 3003 3739 in
3037 3682 3138 3738 hoc
3162 3682 3311 3738 estis.
3357 3683 3493 3752 Quid
3525 3694 3607 3740 est

2004 3780 2183 3828 autem
2205 3772 2257 3826 in
2281 3788 2381 3844 quo
2403 3783 2447 3827 et
2478 3773 2605 3828 vos?
2651 3775 2702 3829 in
2734 3774 2953 3832 Christo
2980 3776 3206 3833 scilicet.
3252 3776 3390 3844 Quid
3424 3787 3604 3832 autem

2004 3864 2057 3919 in
2080 3864 2329 3920 Christo?
2351 3865 2493 3938 quod
2523 3868 2702 3923 audito
2721 3870 2868 3924 verbo
2896 3870 3122 3925 veritatis
3147 3870 3394 3943 evangelii
3421 3870 3605 3925 salutis

2003 3970 2201 4027 vestrae,
2234 3957 2394 4016 fidem
2426 3963 2594 4018 secuti
2620 3962 2752 4018 estis
2774 3963 2885 4034 jam
2914 3964 2966 4020 itt
2993 3963 3226 4020 Christo.
3263 3963 3331 4019 In
3362 3982 3462 4036 quo
3486 3982 3602 4021 cre-

2004 4051 2178 4108 dentes
2223 4054 2412 4125 signati
2455 4054 2575 4109 estis
2605 4054 2808 4126 Spiritu
2853 4057 3209 4129 promissionis
3256 4068 3455 4113 sancto.
3481 4058 3602 4128 Ipsa

2002 4147 2142 4201 ratio
2168 4144 2564 4203 exhortationis
2584 4190 2600 4217 ,
2634 4150 2952 4221 plerumque
2987 4152 3301 4224 mysterium
3329 4168 3343 4218 ;
3375 4153 3602 4209 credere

2004 4236 2056 4291 in
2081 4235 2377 4304 Christum,
2403 4239 2627 4297 credere
2643 4240 2959 4317 Evangelia,
2986 4243 3090 4300 hoc
3115 4255 3200 4300 ρει
3223 4245 3387 4301 verbo
3411 4246 3603 4302 verita-

2004 4331 2093 4400 tis,
2128 4334 2301 4405 inquit
2330 4351 2343 4389 :
2378 4335 2430 4389 itt
2461 4334 2585 4404 hoc,
2613 4344 2668 4393 et
2697 4352 2791 4395 vos
2819 4339 3081 4395 credentes
3110 4342 3302 4412 signati
3329 4341 3449 4396 estis
3473 4340 3601 4411 Spi-

292 4420 501 4477 luntatis
522 4437 650 4477 sum.
680 4423 780 4491 Qui
821 4425 1008 4497 utique
1036 4428 1287 4485 universa
1322 4429 1494 4498 Deus,
1524 4430 1728 4506 inquit,
1761 4450 1892 4506 Ope-
1921 4421 1973 4482 D
1998 4427 2104 4482 ritu
2144 4429 2498 4499 promissionis
2528 4443 2707 4487 sancto
2739 4450 2752 4489 :
2778 4441 2834 4489 ut
2858 4433 2967 4504 jam
3001 4443 3057 4490 et
3089 4450 3184 4491 vos
3214 4436 3471 4506 Spiritum
3505 4454 3597 4494 re-

287 4524 439 4569 ratur
468 4529 481 4564 :
514 4516 713 4570 etenim
740 4514 988 4574 Christus
1020 4519 1114 4576 Dei
1138 4521 1336 4578 virtute
1367 4533 1656 4595 Operatur;
1686 4537 1740 4584 et
1766 4544 1889 4586 cunt

288 4618 539 4678 operator
564 4608 679 4680 ipse
710 4610 775 4666 sit
800 4653 815 4678 ,
864 4618 1042 4669 tamen
1073 4614 1214 4671 Deus
1247 4632 1342 4686 per
1377 4617 1553 4687 ipsum
1596 4629 1886 4692 operatur:

289 4715 419 4773 ergo
465 4700 611 4757 Deus
654 4711 932 4775 operatur,
980 4715 1036 4761 et
1076 4716 1335 4778 operatur
1372 4711 1645 4767 universa.
1701 4713 1891 4772 Omnis

363 4860 459 4947 (1)
483 4861 666 4947 γιιιςδ
704 4862 1005 4921 Secundum
1020 4864 1393 4939 beneplacilum
1430 4871 1562 4942 ejus,
1599 4871 1738 4943 quod
1761 4889 1884 4947 pro-

290 4944 459 4997 posuit
483 4944 534 4990 tn
555 4951 633 4990 eo.

362 5005 821 5091 (2)_Iitee._verba:
853 5007 1055 5091 Et_ha_u_:
1076 5020 1152 5091 est
1184 5011 1421 5069 voluntas
1450 5011 1547 5069 Dei
1571 5032 1726 5088 quam
1762 5034 1888 5091 pro-

285 5077 533 5154 posuitjn
562 5078 889 5154 illo,_de_suttt
913 5083 970 5154 in
1004 5080 1159 5154 Vulg.

358 5149 442 5231 (ὅ)
466 5148 541 5231 Ita
563 5150 721 5231 ettdd.
743 5150 813 5205 Et
834 5153 1049 5231 quidem
1077 5148 1451 5212 obscurissimi
1472 5155 1739 5231 ferreique
1758 5158 1888 5218 Vic-

285 5221 443 5275 torini
469 5221 671 5287 iamdiu
697 5238 781 5278 me
811 5221 988 5281 tardet.

355 5289 558 5371 (4)_Sie
583 5292 735 5365 Vulg.
764 5294 984 5371 exhibet
1015 5296 1460 5371 hancseeundam
1487 5311 1695 5371 partem
1728 5318 1875 5361 vers.

286 5362 392 5449 ξος
419 5362 722 5449 Instaurant;
740 5367 911 5449 omnia
946 5368 999 5424 in
1043 5367 1269 5443 Christo,
1290 5362 1645 5444 quain-ratiis
1683 5385 1731 5431 et
1766 5392 1883 5449 qute

281 5443 338 5490 in
369 5443 507 5510 terra
526 5446 662 5510 sunt,
692 5443 746 5510 i_n
774 5443 908 5510 ipso.

356 5505 438 5631 (ili)
468 5507 622 5579 Vulg.
651 5525 664 5563 :
696 5506 764 5563 In
791 5505 893 5581 quo
917 5511 1069 5566 etiam
1113 5522 1162 5568 et
1187 5529 1282 5570 nos
1310 5526 1449 5572 sorte
1479 5519 1644 5578 vocati
1679 5534 1878 5589 sumus,

356 5594 395 5631 te
433 5579 639 5631 estinati
659 5582 937 5631 secundum
964 5586 1283 5631 nronnsilum
1310 5591 1439 5631 ρῑιιι

284 5579 639 5662 ργιξςζεξςὺξαιὶ
659 5579 937 5662 secundum
964 5586 1283 5662 prapositum
1310 5591 1441 5662 ejus.

356 5648 436 5725 (6)
465 5649 621 5724 Vulg.
649 5670 661 5707 :
698 5652 804 5731 Qui
822 5648 1073 5728 opertitur'
1094 5658 1286 5725 omnia,

1999 4521 2256 4590 ceperitis
2281 4531 2527 4579 Sanctum
2554 4526 2927 4595 promissionis
2958 4527 3179 4585 Christi.
3210 4530 3314 4587 Sed
3344 4532 3596 4602 quoniam

1998 4613 2146 4669 velut
2191 4614 2333 4670 aliud
2361 4624 2446 4670 est
2472 4616 2704 4686 Spiritus
2734 4628 2972 4686 sanctus,
3001 4621 3147 4676 aliud
3193 4620 3466 4691 Christus,
3512 4633 3597 4680 ta-

1997 4722 2120 4790 men
2169 4713 2567 4766 eonsummatio
2610 4726 2666 4769 et
2715 4716 2972 4785 perfectio
3009 4724 3065 4772 et
3110 4718 3269 4789 plena
3322 4720 3594 4789 llberatio,

1996 4798 2230 4870 Spiritus
2255 4811 2473 4859 sanctus
2500 4813 2604 4861 est.
2635 4805 2842 4878 Signati
2870 4809 3012 4876 estis,
3037 4810 3238 4882 inquit,
3285 4811 3339 4865 in
3388 4812 3595 4885 Spiritu

1990 4903 2165 4950 sancto
2189 4896 2544 4966 promissionis
2571 4897 2713 4955 circa
2737 4915 2798 4955 ea
2822 4915 2942 4974 quae
2972 4903 3242 4972 promissa
3270 4913 3397 4960 sunt
3421 4925 3433 4960 :
3459 4922 3594 4978 quo-

1990 4986 2132 5043 niam
2164 4987 2324 5044 nobis
2348 4988 2584 5060 Spiritus
2612 5003 2833 5049 sanctus
2858 4995 3155 5065 promissus
3186 5004 3269 5054 est
3307 5006 3362 5053 et
3389 4997 3547 5054 datus
3575 5017 3589 5055 :

1990 5089 2046 5138 et
2068 5078 2138 5138 de
2163 5097 2229 5138 eo
2271 5084 2350 5139 sic
2388 5085 2665 5157 subiungit
2695 5105 2708 5143 :

2061 5172 2227 5231 Vsus.
2261 5174 2346 5230 M.
2378 5206 2447 5217 —
2481 5176 2584 5246 Qui
2621 5188 2694 5235 est
2745 5180 2928 5252 pignus
2956 5182 3269 5238 htereditatis
3303 5194 3512 5252 nostrte,
3537 5186 3591 5241 in

1989 5269 2388 5339 redemptionem
2412 5271 2704 5346 adoptionis
2721 5256 2846 5348 ’(5),
2874 5276 2929 5331 in
2953 5276 3153 5332 laudem
3197 5278 3377 5350 gloria:
3404 5279 3587 5350 ipsius.

2065 5449 2149 5526 (t)
2180 5450 2335 5526 iulg.
2364 5468 2377 5505 :
2411 5450 2601 5526 (μη...
2625 5455 2734 5526 ejus
2757 5471 2869 5511 nos.

2070 5521 2151 5595 (2)
2186 5521 2340 5595 Vitl'g.
2377 5542 2389 5578 :
2424 5522 2490 5578 In
2514 5542 2615 5594 quo
2640 5521 2685 5581 et
2707 5542 2815 5592 vos,
2842 5543 2960 5583 cum
2985 5526 3256 5589 audissetis
3280 5530 3483 5593 verbum
3508 5546 3590 5593 ve-

1990 5593 2169 5674 ritatis
2186 5593 2551 5674 (@vttngelium
2570 5598 2752 5674 salutis
2777 5599 2997 5674 vestrte).

2079 5665 2160 5745 (5)
2190 5664 2378 5739 νυιεέ
2400 5670 2768 5742 acquisitionis.
