4010 6306
466 175 605 231 1257

1717 174 1905 230 MAltll
1948 176 2296 233 VICTORINI
2341 176 2499 233 ΛΡΜ

3619 176 3760 232 1218

462 291 564 362 Qui
593 291 848 363 Spiritus,
879 291 1069 362 inquit,
1095 291 1281 362 pignus
1303 299 1376 346 est
1395 291 1707 347 Inereditatis
1735 303 1960 348 nostra':
1989 292 2069 364 ip-
2094 296 2147 356 Α
2174 291 2556 362 intelligamus,
2586 291 2803 363 spiritus
2833 289 2983 347 nobis
3007 305 3035 344 a
3069 289 3179 346 Deo
3199 290 3377 356 datur,
3408 289 3505 347 sed
3543 291 3767 362 spiritus

462 403 580 445 sum
603 389 742 444 enim
780 387 937 444 nobis
971 388 1115 442 misit
1139 388 1286 457 quasi
1312 385 1525 458 pignus,
1553 387 1920 445 hmreditatem
1963 403 2062 444 nos

461 481 753 552 adeptnros
777 496 898 536 esse
923 481 1226 539 caslestium
1248 491 1302 536 et
1328 480 1642 536 mternitatis
1663 482 1919 551 etgloriae
1946 482 2060 538 Dei.

461 572 576 630 Hoc
597 573 740 628 enim
762 574 965 630 dictum
990 575 1042 629 in
1074 574 1497 644 redemptionem
1523 574 1848 644 adoptionis,
1881 584 1938 629 ut
1967 590 2064 630 nos

461 667 797 722 redimantur
817 666 886 720 ab
917 668 1032 722 istis
1057 666 1341 722 mundanis
1367 668 1704 738 terrenisque
1727 678 1778 724 et
1809 683 2066 738 corpora-

461 759 603 816 libus
625 769 681 816 et
718 761 1029 817 carnalibus
1053 762 1236 827 malis;
1265 771 1320 816 et
1363 762 1695 818 rediinainnr
1738 764 1790 818 in
1816 763 2063 832 ad0ptio-

462 872 608 920 nem,
636 864 689 911 et
711 855 802 911 lilii
827 857 1144 921 existamus,
1170 866 1474 928 quaerentes
1498 857 1668 928 magis
1689 857 1918 929 gloriam
1948 858 2062 914 Dei.

461 949 530 1007 Et
551 951 717 1020 gratia
745 961 828 1004 est
849 966 968 1020 qua:
993 951 1239 1005 meritum
1272 962 1511 1004 nostrum
1539 969 1553 1005 :
1580 953 1718 1005 ultra
1757 951 1898 1005 enim
1949 965 2064 1005 me-

459 1047 619 1102 ritum
643 1060 837 1101 munus
859 1061 1133 1117 magnum,
1163 1045 1304 1116 quod
1329 1044 1590 1114 accipitur
1615 1063 1626 1098 :
1652 1044 1822 1117 gloria
1840 1044 1955 1115 ejus
1983 1052 2066 1099 est

458 1141 547 1212 qui
579 1140 846 1210 prmstitit,
879 1154 984 1194 non
1015 1137 1133 1210 ejus
1161 1141 1249 1210 qui
1273 1140 1500 1208 accepit.

517 1232 679 1290 Vsus.
716 1235 800 1290 15.
819 1233 1022 1288 —Ideo
1051 1243 1096 1287 et
1126 1248 1217 1302 ego
1242 1232 1418 1286 audita
1450 1231 1551 1300 ﬁde
1579 1243 1744 1286 uestra
1765 1232 1817 1285 in
1843 1229 2064 1286 Domino

456 1326 585 1381 Jesu
605 1325 808 1382 Christo
837 1329 937 1400 (1).
965 1326 1282 1397 Specialiter
1307 1327 1590 1384 descendit
1615 1323 1695 1400 (‘2)
1716 1325 1780 1380 ad
1809 1326 2063 1381 exhorta-

459 1419 658 1475 tionem
677 1421 1052 1492 Ephesiorum,
1070 1424 1335 1494 simulque
1346 1437 1468 1478 cum
1489 1420 1575 1476 illa
1590 1418 1978 1482 admonitione.
1995 1435 2062 1474 ne

456 1514 614 1569 aliter
639 1516 891 1570 sentiant.
922 1515 1142 1572 Urbano
1173 1515 1384 1572 dicendi
1411 1529 1609 1586 genere
1635 1514 1834 1581 audita,
1860 1514 2053 1583 inquit,

457 1617 626 1662 vestra
651 1607 755 1677 ﬁde
776 1608 827 1663 in
857 1606 1079 1663 Domino
1105 1608 1230 1664 Jesu
1251 1607 1474 1663 Christo.
1523 1606 1648 1663 "me
1673 1608 1817 1662 enim
1846 1622 2054 1661 summa

2164 387 2467 458 sapientiai.

2240 483 2480 552 Denique
2507 481 2768 554 adjungit,
2799 499 2902 537 non
2935 492 3176 539 nostrum
3199 485 3432 554 probans
3459 499 3581 540 esse
3611 485 3759 557 quod

2167 575 2538 647 intelligimus,
2573 576 2652 630 vel
2686 577 2988 647 intelligere
3020 577 3259 631 nitimur.
3296 577 3438 646 Quid
3476 578 3623 633 enim
3652 578 3768 634 ait?

2167 678 2212 723 et
2233 668 2560 722 reuelationis
2583 668 2635 722 in
2656 669 2912 739 agnitione
2938 670 3066 741 ejus,

2241 760 2406 816 Vens.
2431 760 2520 816 18.
2552 793 2620 801 —
2645 763 2970 818 illuminatos
2988 763 3172 819 oculos
3190 763 3370 821 cordis
3399 766 3586 832 vestri,
3609 777 3664 820 ut
3682 767 3772 823 det

2168 855 2306 909 vobis
2330 857 2564 924 spiritum
2580 858 2845 926 sapientia:
2867 869 2912 912 et
2939 860 3275 915 reuelationis.
3297 860 3530 931 Spiritus
3552 866 3773 933 sapien-

2169 951 2255 1004 tia:
2273 961 2356 1005 est
2380 961 2436 1004 ut
2460 953 2571 1022 ipse
2593 969 2691 1006 nos
2714 953 2929 1022 spiritus
2946 955 3095 1008 faciat
3116 970 3326 1026 sapere,
3350 967 3404 1011 et
3424 959 3475 1011 in
3499 958 3656 1012 nobis
3678 960 3770 1026 sit,

2167 1043 2394 1114 etquasi
2419 1059 2516 1100 nos
2538 1046 2635 1115 ipsi
2667 1061 2759 1115 per
2781 1049 3138 1116 nosmetipsos
3187 1049 3478 1116 sapiamus,
3507 1065 3632 1105 cum
3661 1052 3776 1122 Spi-

2167 1141 2303 1194 ritus
2323 1155 2420 1193 nos
2453 1137 2610 1195 faciat
2637 1157 2844 1210 sapere.
2870 1140 3039 1196 Porro
3069 1144 3290 1213 spiritus
3319 1146 3691 1212 revelationis,
3716 1156 3779 1202 ut

2168 1232 2445 1287 reveletur
2468 1234 2622 1289 nobis
2644 1235 2794 1304 quasi
2815 1247 2964 1289 exu'a
2991 1250 3107 1296 nos.
3141 1238 3282 1306 quod
3302 1239 3695 1310 intelligamus,
3721 1251 3780 1296 et

2166 1323 2309 1394 quod
2337 1326 2665 1396 accipiamus
2693 1336 2748 1382 et
2773 1343 3081 1399 sequamur.
3113 1329 3186 1384 Ita
3228 1331 3407 1401 aliquo
3435 1332 3599 1388 modo
3628 1333 3780 1390 aliud

2165 1417 2394 1487 spiritus
2415 1429 2497 1474 est
2517 1420 2816 1491 Sapientiae,
2834 1421 2974 1476 aliud
2991 1422 3210 1492 spiritus
3229 1425 3600 1480 revelationis.
3618 1427 3780 1481 Scia-

2163 1527 2280 1566 mus
2310 1513 2472 1584 igitur
2500 1515 2649 1585 quasi
2682 1515 2892 1570 duobus
2916 1517 3088 1573 modis
3109 1535 3207 1573 nos
3231 1518 3297 1573 ad
3318 1520 3599 1576 veritatem
3623 1533 3679 1576 et
3709 1521 3783 1578 ad

2160 1607 2472 1672 mysterium
2509 1607 2877 1676 plenissimum
2906 1611 3207 1678 pervenire,
3231 1611 3311 1666 vel
3338 1613 3462 1667 dum
3484 1613 3586 1683 ipsi
3615 1613 3784 1669 intel-

456 1715 639 1755 rertnn
686 1710 790 1768 est,
839 1701 954 1756 hare
983 1701 1177 1766 virtus,
1217 1701 1318 1756 hoc
1357 1700 1696 1773 mysterium,
1749 1709 1804 1754 ut
1843 1699 1978 1754 ﬁdes
2007 1700 2060 1754 in
2092 1708 2138 1767 B
2165 1696 2378 1766 ligimns
2425 1697 2612 1763 Deum,
2645 1708 2698 1754 et
2727 1701 3008 1756 scientiam
3029 1702 3097 1758 de
3123 1703 3318 1759 divinis
3345 1706 3780 1776 comprehendi-

456 1792 732 1850 Christum
759 1794 942 1850 Jesum
972 1797 1061 1852 sit.
1107 1796 1239 1864 Qua:
1266 1810 1353 1850 res
1380 1799 1541 1850 etiam
1583 1794 1714 1849 illud
1752 1793 2060 1850 ueces<ario

456 1885 620 1942 habet
646 1897 704 1943 ut
733 1888 1020 1961 diligantur
1050 1905 1240 1944 omnes
1281 1893 1451 1944 sancti
1493 1889 1583 1959 qui
1616 1888 1774 1943 (idem
1807 1888 1859 1944 in
1890 1886 2052 1944 Chri-

457 1993 603 2041 stum
632 1995 978 2054 sumpserunt
1003 1994 1054 2039 et
1081 1983 1398 2039 sanetilicati
1431 1991 1574 2039 sunt.
1611 1982 1684 2037 Ita
1713 1984 1780 2050 is,
1805 1981 1894 2054 qui
1926 1981 2060 2037 lide-

457 2079 524 2136 lis
555 2080 608 2134 in
629 2077 902 2135 Christum
935 2088 1040 2146 est,
1072 2078 1250 2150 diligit
1277 2088 1517 2146 sanctos,
1548 2077 1600 2133 id
1627 2088 1731 2144 est,
1757 2077 2062 2134 sanctiﬁca-

460 2183 546 2229 tos
576 2186 644 2228 ex
672 2173 774 2230 [ide
795 2173 998 2229 Christi
1024 2183 1077 2229 et
1099 2172 1357 2245 mysterio
1388 2171 1660 2243 baptismi.
1695 2170 1837 2242 Ergo
1871 2180 1927 2225 et
1961 2186 2060 2242 ego

459 2268 642 2324 auditi
690 2267 792 2322 lide
837 2266 1038 2323 Christi
1085 2276 1140 2322 et
1183 2265 1445 2338 mysterio
1495 2263 1782 2335 baptismi;
1827 2279 1957 2333 ergo
2007 2273 2062 2318 et

459 2379 561 2435 ego
593 2362 672 2435 (5)
702 2361 878 2418 audita
901 2361 1001 2426 [ide
1024 2373 1212 2426 vestra,
1242 2374 1337 2414 vos
1367 2360 1528 2429 diligo
1555 2376 1566 2412 :
1591 2358 1771 2414 audita
1794 2359 1954 2413 etiam
1979 2357 2062 2412 di-

461 2457 697 2514 lectione
717 2466 917 2524 vestra,
949 2455 1220 2510 dilectione
1244 2456 1298 2510 in
1323 2463 1546 2522 sanctos,
1570 2468 1790 2525 operam
1817 2452 1979 2520 dabo,
2003 2464 2063 2506 ut

466 2553 668 2624 gratias
699 2567 852 2622 agam
885 2566 981 2621 pro
1010 2551 1122 2606 Deo
1154 2550 1324 2605 vobis.

535 2645 698 2700 Vens.
745 2645 832 2700 16.
858 2674 930 2686 —
952 2643 1073 2699 Non
1109 2643 1313 2700 cessabo
1345 2643 1422 2715 (4)
1445 2643 1638 2716 gratias
1663 2659 1820 2714 agens
1858 2658 1952 2712 pro
1975 2657 2062 2695 vo.

459 2738 558 2807 bis,
588 2740 882 2793 memoriam
904 2740 1054 2794 vestri
1077 2741 1268 2808 faciens
1290 2740 1340 2793 in
1371 2737 1686 2792 orationibus
1708 2737 1850 2791 meis.
1875 2736 2064 2791 Omnis

457 2836 633 2890 oratio
654 2849 813 2904 quam
842 2832 1050 2904 agimus
1070 2837 1136 2888 ad
1165 2833 1352 2895 Deum,
1384 2843 1472 2887 aut
1496 2831 1563 2887 de
1591 2847 1658 2887 eo
1685 2832 1894 2900 agimus
1921 2829 2063 2900 quod

457 2926 790 2996 acrepimus,
820 2936 914 2981 aut
949 2926 1016 2982 de
1038 2941 1104 2981 eo
1129 2935 1184 2980 ut
1219 2927 1542 2994 accipiamus
1581 2923 1798 2994 aliquid.
1834 2922 1901 2976 Et
1925 2938 2060 2992 quo-

457 3021 602 3078 niam
633 3022 829 3089 omuis,
869 3020 963 3092 qui
991 3025 1143 3076 oratu
1166 3035 1287 3077 nem
1320 3019 1464 3085 facit,
1497 3019 1667 3090 primo
1701 3034 1797 3088 pro
1828 3031 1886 3072 se
1916 3017 2060 3079 facit,

2168 1806 2305 1856 mus,
2329 1791 2410 1846 vel
2427 1791 2550 1845 dum
2574 1792 2831 1848 revelatio
2849 1794 3092 1866 quaedam
3107 1805 3208 1861 est,
3229 1796 3280 1852 id
3296 1807 3378 1853 est
3391 1799 3543 1869 quasi
3566 1800 3782 1855 extrin-

2164 1899 2322 1939 secus
2350 1883 2668 1954 admonitio,
2702 1903 2821 1958 qua:
2854 1888 3006 1943 nobis
3036 1890 3271 1944 ostendit
3298 1891 3464 1946 Deum
3495 1901 3552 1948 et
3589 1893 3778 1950 omnia

2163 1978 2362 2033 divina.
2395 1980 2488 2035 Est
2517 1981 2732 2051 quidem
2765 1982 2903 2053 apud
2934 1983 3192 2055 quosdam
3218 1986 3548 2058 praecipuum
3580 1999 3635 2043 et
3656 2004 3778 2042 ma-

2163 2090 2349 2146 gnum,
2365 2084 2418 2131 et
2437 2077 2586 2147 qu:isi
2603 2091 2731 2133 vero
2752 2077 3005 2141 vicinum,
3033 2079 3360 2135 revelatioue
3371 2080 3576 2151 aliquid
3595 2082 3781 2151 perci-

2169 2184 2316 2239 pere;
2343 2169 2435 2224 sed
2472 2177 2563 2223 aut
2599 2169 2795 2234 simile,
2837 2179 2932 2224 aut
2959 2171 3162 2241 paravit
3191 2171 3271 2244 (1)
3303 2172 3480 2228 simile
3517 2176 3694 2245 magis
3718 2183 3783 2230 et

2165 2271 2391 2316 certum.
2417 2261 2550 2316 Cum
2570 2271 2746 2316 autem
2767 2278 2864 2317 nos
2882 2263 3197 2333 sapientiam
3218 2263 3537 2334 accipimus,
3559 2276 3616 2320 ut
3639 2281 3776 2321 nos-

2168 2365 2252 2410 tro
2276 2356 2508 2427 ingenio,
2535 2367 2588 2412 et
2613 2366 2669 2410 ut
2687 2371 2811 2412 vere
2833 2357 3026 2423 dicam,
3061 2359 3580 2429 etquemadmodum
3603 2361 3781 2419 etiam

2167 2449 2256 2506 hic
2277 2451 2512 2521 positum
2539 2459 2623 2506 est
2650 2451 2838 2519 Spiritu
2864 2452 3067 2514 divino,
3093 2467 3213 2523 quae
3239 2465 3362 2508 sunt
3383 2454 3560 2509 divina
3586 2460 3782 2527 capia-

2166 2559 2308 2607 mus,
2340 2544 2480 2599 inter
2505 2560 2602 2600 nos
2622 2546 2828 2600 scilicet
2847 2557 2898 2600 et
2927 2546 3204 2602 nobiseum
3229 2556 3511 2604 tractatum
3535 2551 3651 2620 jam
3676 2551 3778 2606 ha-

2165 2635 2378 2704 bentes,
2421 2648 2475 2692 et
2522 2647 2578 2692 ut
2625 2642 2700 2692 las
2729 2648 2811 2692 est
2841 2639 3040 2700 dicere.
3069 2640 3180 2711 jam
3227 2642 3379 2712 quasi
3422 2643 3618 2712 Spiritu
3649 2644 3778 2700 exi-

2165 2739 2362 2786 stente.
2387 2730 2496 2785 Oro
2523 2732 2702 2802 igitur,
2739 2740 2797 2785 ut
2823 2733 2911 2787 det
2945 2733 3100 2787 nobis
3129 2734 3374 2804 spirituum
3401 2737 3693 2808 sapientia:
3723 2750 3782 2796 et

2168 2827 2532 2883 revelatiunis.
2565 2827 2714 2883 Circa
2747 2843 2903 2898 quam
2937 2845 3074 2895 rem,
3103 2830 3410 2899 snlijunxit;
3458 2831 3678 2888 scilicet
3724 2835 3779 2890 in

2166 2921 2437 2990 agnitione
2465 2922 2600 2991 ejus,
2633 2931 2691 2974 ut
2719 2921 2832 2976 lucc
2861 2922 2930 2975 sit
2953 2922 3234 2992 sapientia,
3265 2932 3320 2978 et
3351 2940 3446 2993 per
3474 2925 3593 2980 bzec
3619 2941 3782 2982 reve-

2167 3015 2312 3080 latio,
2343 3016 2392 3070 id
2418 3025 2501 3071 est
2524 3025 2580 3070 nt
2598 3016 2762 3070 Deum
2786 3031 3194 3088 cognoscamus,
3221 3017 3625 3092 habeamusqne
3649 3021 3781 3077 illu-

459 3113 655 3171 deinde
686 3116 768 3185 (5)
811 3130 908 3184 pro
940 3115 1042 3180 his,
1066 3129 1201 3185 quos
1231 3124 1395 3181 amat,
1430 3114 1506 3168 sic
1546 3112 1619 3166 ait
1645 3111 1911 3167 Paulusin
1939 3126 2062 3165 ora-
2088 3113 2131 3174 C
2165 3111 2397 3165 minatos
2439 3111 2625 3166 oculos
2669 3111 2850 3166 cordis
2893 3113 3032 3168 circa
3074 3113 3166 3168 Dei
3208 3115 3599 3184 cognitionem.
3633 3117 3778 3186 Hoc,

459 3205 606 3261 tione
647 3209 985 3273 memoriam,
1010 3207 1202 3279 inquit,
1231 3206 1393 3262 vestri
1420 3205 1575 3261 facio.
1604 3205 1744 3274 Ergo
1770 3213 1853 3260 est
1873 3203 2066 3275 princi-

462 3301 600 3369 palis
631 3299 826 3366 oratio,
859 3300 1032 3371 primo
1057 3317 1154 3370 pro
1184 3316 1291 3366 me,
1329 3299 1526 3354 deinde
1567 3299 1728 3353 etiam
1761 3312 1857 3366 pro
1888 3296 2060 3350 vobis.

465 3391 534 3448 Et
579 3393 721 3448 illam
777 3394 1044 3459 duplicem
1083 3410 1298 3449 causam
1344 3395 1616 3465 supponit,
1657 3393 1857 3462 gratias
1899 3403 2064 3461 agens

463 3499 562 3555 pro
590 3485 761 3541 vobis.
796 3484 907 3541 Hoc
943 3486 1012 3542 de
1037 3487 1310 3557 prieterito
1344 3495 1446 3541 est.
1485 3485 1594 3541 Sed
1625 3484 1901 3551 adiunxit:

537 3577 702 3634 Vsus.
754 3579 840 3634 17.
878 3610 950 3620 --
975 3578 1211 3652 Deus(6)
1239 3580 1444 3634 Domini
1474 3580 1635 3633 nostri
1683 3576 1808 3634 Jesn
1849 3577 2060 3642 Christi,

467 3680 613 3741 pater
639 3671 820 3742 gloria:
839 3672 920 3727 det
940 3673 1076 3728 vobis
1106 3674 1342 3743 spiritum
1357 3673 1639 3745 sapientiae.
1678 3671 1792 3728 Hoc
1814 3671 1973 3741 igitur
1996 3671 2063 3726 de

463 3760 648 3820 futuro
675 3774 778 3831 est,
803 3766 1099 3821 orationem
1131 3765 1311 3823 facere
1349 3781 1469 3821 cum
1499 3765 1675 3836 aliqua
1701 3765 1978 3835 petitione,
2009 3772 2066 3818 ut

461 3872 584 3913 cum
608 3858 660 3912 iu
684 3857 955 3914 Christum
979 3860 1222 3927 creditis,
1244 3876 1397 3933 agam
1418 3877 1512 3931 pro
1531 3861 1682 3916 vobis
1705 3860 1904 3932 gratias
1922 3860 2059 3914 Deo:

460 3967 758 4023 rursusque
785 3969 932 4008 orem
964 3963 1020 4009 et
1046 3957 1356 4010 memoriam
1379 3955 1540 4009 vestri
1573 3953 1761 4010 faciam
1789 3954 1838 4006 in
1865 3955 2065 4008 oratio-

463 4047 621 4104 nibus
639 4050 794 4115 meis,
819 4058 878 4103 ut
907 4049 1046 4104 Deus
1077 4049 1188 4121 (qui
1218 4049 1383 4104 Deus?
1407 4066 1474 4104 ne
1499 4049 1773 4112 aberrent,
1801 4063 1868 4103 ne
1890 4048 2066 4116 suspi—

461 4150 652 4196 centur
680 4141 806 4208 alia,
831 4141 916 4197 vel
937 4142 1180 4211 gentilia,
1205 4141 1656 4214 i'elJquOI'uni),
1686 4140 1842 4206 Deus,
1868 4141 2061 4211 inquit,

464 4234 673 4289 Domini
683 4237 843 4291 nostri
855 4233 979 4291 Iesu
994 4235 1180 4291 Christi
1193 4247 1354 4307 pater,
1373 4236 1462 4306 qui
1477 4246 1558 4290 est
1573 4247 1724 4306 pater
1735 4235 1942 4306 gloriae.
1959 4234 2032 4289 Po
2045 4264 2064 4274 -

462 4336 567 4385 test
591 4344 718 4399 ergo
734 4342 1041 4400 separatum
1064 4329 1324 4395 videri,ut
1342 4330 1482 4385 Dens
1510 4329 1720 4384 Domini
1745 4330 1914 4384 nostri
1937 4328 2067 4384 Jesu

463 4419 661 4478 Christi
689 4442 701 4478 :
738 4425 851 4494 ipse
871 4435 952 4479 est
981 4425 1123 4480 enim
1153 4425 1292 4479 Deus
1313 4421 1534 4478 Christi:
1563 4439 1692 4494 ergo
1722 4433 1776 4480 et
1807 4423 2066 4478 Dominus

2166 3205 2359 3277 inquit,
2387 3221 2575 3276 precor
2596 3205 2772 3272 vobis,
2795 3215 2854 3260 ut
2873 3206 3052 3261 sciatis
3071 3223 3191 3275 qum
3216 3208 3287 3262 sit
3311 3224 3436 3278 spes
3460 3212 3775 3268 vocationis

2165 3300 2304 3369 ejus,
2338 3313 2459 3370 qum
2488 3297 2686 3353 divitia:
2714 3299 2897 3369 gloria:
2926 3296 3260 3354 haereditatis
3287 3299 3404 3370 ejus
3447 3302 3500 3356 in
3543 3306 3781 3360 sanctis.

2167 3391 2334 3446 Deum
2367 3404 2718 3461 cognoscere,
2764 3406 3012 3461 magnum
3059 3391 3275 3463 quidem
3319 3397 3640 3462 prmmium;
3686 3414 3785 3454 ve-

2167 3495 2468 3539 rumtamen
2520 3484 2703 3539 nescio
2743 3483 2886 3555 quod
2936 3499 3157 3555 parvum
3209 3487 3411 3540 homini
3461 3491 3780 3559 pra-mium,

2167 3575 2267 3630 nisi
2309 3576 2422 3646 ipse
2453 3576 2652 3647 aliquid
2680 3587 3059 3648 consequatur,
3091 3587 3252 3650 atque
3292 3580 3474 3651 aliquo
3514 3581 3684 3638 modo
3721 3601 3785 3641 se

2168 3669 2357 3723 melior
2387 3669 2494 3723 liat.
2532 3669 2670 3739 Ergo
2699 3679 2844 3739 peto,
2879 3671 3072 3741 inquit,
3103 3680 3162 3726 ut
3185 3672 3407 3742 spiritus
3437 3673 3593 3728 vobis
3613 3674 3785 3734 detur

2165 3761 2445 3828 sapientiae
2472 3772 2524 3817 et
2556 3762 2902 3817 reVelationis
2933 3764 2983 3818 in
3014 3764 3290 3834 agnitione
3321 3765 3461 3837 ejus,
3494 3777 3548 3823 ct
3580 3771 3784 3827 oculos

2168 3853 2410 3909 habeatis
2439 3855 2623 3910 cordis
2649 3856 2810 3911 vestri
2843 3855 3195 3914 illuminatos.

2239 3947 2344 4004 Sed
2378 3949 2653 4017 quoniam,
2702 3959 2760 4004 ut
2785 3950 2917 4016 dixi,
2945 3953 3145 4021 agnitio
3182 3952 3273 4008 Dei
3305 3968 3493 4024 magna
3523 3956 3782 4026 quidem,

2166 4056 2328 4113 parva
2361 4051 2536 4095 tamen
2566 4040 2706 4111 apud
2738 4056 2853 4110 nos,
2887 4042 2986 4097 nisi
3014 4043 3208 4099 exinde
3237 4045 3438 4115 aliquid
3466 4047 3783 4116 capiamus,

2168 4136 2431 4207 adjuuxit,
2472 4137 2522 4190 iu
2563 4137 2675 4206 ipsa
2709 4137 2799 4193 Dei
2822 4139 3097 4209 agnitione
3125 4139 3252 4210 quid
3294 4143 3464 4212 magis
3502 4144 3788 4216 intelliga-

2168 4231 2267 4297 tis;
2296 4239 2354 4285 ut
2376 4231 2568 4295 sciatis,
2602 4231 2792 4301 inquit,
2822 4247 2937 4300 quia
2956 4233 3020 4286 sit
3047 4249 3162 4302 spes
3183 4236 3462 4290 vocationis
3489 4239 3625 4308 ejus.
3660 4237 3788 4292 Pri-

2170 4340 2315 4381 mum
2342 4340 2500 4396 quam
2533 4340 2682 4393 spem
2713 4323 3007 4380 habeamus
3036 4326 3216 4382 vocali
3244 4345 3256 4381 :
3291 4326 3489 4384 deinde
3514 4345 3656 4400 quas
3696 4332 3788 4386 di-

2168 4418 2324 4475 vitias
2351 4434 2769 4490 consequamur,
2803 4428 2858 4474 et
2896 4419 3112 4476 divitias
3137 4421 3350 4491 gloriae;
3382 4439 3503 4495 qua:
3531 4437 3666 4480 sunt
3691 4425 3785 4482 di-

465 4526 762 4582 nosterest;
782 4520 904 4589 quia
920 4519 1178 4574 Dominus
1193 4527 1394 4585 noster,
1411 4518 1905 4584 estChristus;etis
1921 4518 2062 4573 Deus
2089 4512 2144 4572 D
2168 4514 2310 4569 vitiae
2338 4515 2524 4584 gloriae
2553 4513 2882 4568 hmreditatis
2908 4514 3046 4585 ejus,
3076 4524 3133 4571 ut
3166 4525 3220 4571 et
3245 4516 3469 4587 gloriam
3501 4519 3624 4586 ejus
3653 4536 3787 4578 con-

465 4617 672 4672 noster,
700 4611 787 4680 qui
815 4621 899 4666 est
932 4612 1071 4667 Deus
1113 4612 1321 4666 Domini
1357 4612 1528 4667 nostri
1556 4611 1685 4667 Jesu
1707 4611 1930 4678 Christi,
1972 4613 2060 4680 qui

465 4700 626 4771 longe
654 4714 933 4772 separatus
964 4715 1048 4761 est
1078 4720 1106 4758 a
1139 4707 1250 4761 Deo
1276 4705 1620 4771 Judaeorum;
1652 4706 1696 4760 is
1729 4706 1864 4776 ipse,
1894 4706 1982 4777 qui
2009 4716 2064 4762 et

469 4803 623 4867 pater
646 4797 850 4869 gloriae.
893 4801 1033 4871 Ergo
1081 4800 1218 4856 l'acio
1248 4800 1573 4865 orationem,
1598 4807 1657 4853 ut
1686 4799 1828 4854 Deus
1849 4799 1939 4854 det
1965 4816 2061 4855 vo.

470 4893 553 4949 bis
574 4891 821 4960 spiritum
851 4895 1150 4962 sapientize,
1177 4903 1234 4949 ut
1261 4893 1503 4964 saltittlis,
1527 4901 1582 4949 et
1610 4892 1750 4960 quod
1775 4908 1960 4948 verum
1985 4901 2068 4947 est

466 4985 798 5056 intelligatis.
830 4984 898 5039 Et
929 4985 1016 5040 hic
1057 4994 1111 5039 et
1139 4986 1382 5055 plurimis
1421 4987 1474 5041 in
1528 4986 1664 5042 locis
1686 4986 1818 5040 satis
1865 4986 2065 5041 contir-

467 5089 668 5135 matum
722 5079 960 5150 satisque
994 5088 1198 5134 certum
1224 5089 1277 5133 et
1301 5079 1705 5134 demonstratur
1742 5087 1797 5134 et
1821 5079 2064 5134 ostendi-

466 5184 574 5240 tur,
623 5173 763 5245 quod
795 5183 852 5228 ut
874 5171 1149 5243 sapiamus
1174 5180 1335 5241 atque
1375 5172 1737 5242 intelligamus
1777 5182 1832 5227 et
1878 5186 2060 5227 verum

537 5289 617 5363 (1)
651 5289 1108 5363 Vulg.iPropterea
1140 5296 1185 5342 et
1217 5304 1308 5359 ego
1353 5287 1566 5343 audiens
1616 5288 1774 5358 [idem
1818 5297 2055 5357 uestram,

463 5359 582 5432 qua:
599 5359 680 5432 est
704 5359 774 5417 in'
791 5362 1010 5416 Domino
1035 5359 1185 5414 Iesu.

537 5433 622 5505 (2)
650 5431 822 5489 Codd.
848 5433 1108 5488 descendi.

540 5502 618 5576 (ὃ)
653 5506 724 5576 Ita
758 5505 1018 5576 repetitur
1049 5505 1100 5560 iu
1130 5502 1292 5561 codd.

538 5575 619 5714 (ὦ)
653 5575 1004 5646 Vulgi-csso.

565 5645 621 5714 5)
653 5644 823 5700 Codd.
857 5647 920 5701 de
945 5648 1004 5700 hi.

565 5645 621 5718 5)
653 5644 823 5718 Codd.
857 5647 920 5701 de
945 5648 1024 5702 his
1052 5663 1151 5718 pro
1178 5647 1385 5707 deinde.

549 5663 598 5714 ιθ
653 5663 823 5700 unua.
857 5663 920 5701 ae
945 5663 1024 5702 ms
1052 5663 1122 5718 pri

549 5663 626 5788 (6)
657 5717 814 5787 Vulg.
847 5718 1015 5786 addit,
1045 5729 1122 5774 nt.

2168 4623 2454 4678 sequamur
2481 4615 2536 4662 et
2557 4606 2940 4673 lnereditatem,
2974 4618 3032 4663 ut
3052 4609 3190 4664 inter
3218 4609 3354 4667 [ilius
3384 4628 3767 4672 numeremur.

2167 4700 2301 4756 Cum
2331 4700 2474 4755 enim
2517 4700 2568 4754 in
2602 4699 2944 4770 adoptionem
2974 4716 3072 4756 nos
3104 4703 3325 4772 recipiat
3357 4705 3529 4773 [uetas
3561 4705 3687 4772 Dei,
3726 4708 3784 4763 in

2169 4793 2511 4864 adoptionem
2573 4793 2805 4848 liliorum
2856 4807 3099 4858 suorum,
3152 4795 3508 4867 lneredesque
3563 4801 3780 4867 simus;

2170 4886 2413 4942 hatredes
2439 4895 2642 4951 autem,
2672 4901 2778 4941 non
2808 4894 2866 4940 ut
2895 4887 2949 4941 in
2973 4886 3260 4943 mundanis
3282 4898 3384 4952 est,
3414 4906 3482 4946 eo
3505 4905 3780 4962 pereunte

2167 4979 2320 5049 cujus
2347 4980 2469 5050 quis
2501 4980 2675 5036 haeres
2703 4988 2804 5042 est,
2835 4979 2978 5050 quod
3013 4981 3166 5036 nefas
3210 4983 3488 5040 intellectu
3529 4994 3587 5040 et
3629 4986 3784 5043 dictu

2167 5082 2282 5138 est;
2315 5071 2409 5128 sed
2437 5081 2496 5127 ut
2529 5073 2581 5127 in
2609 5071 2708 5134 his,
2743 5071 2811 5128 de
2840 5073 3015 5133 bonis.
3047 5075 3215 5145 utqui
3248 5076 3494 5132 ha~redes
3521 5088 3656 5134 sunt
3684 5082 3783 5136 ha-

2167 5164 2430 5232 beamur;
2475 5175 2530 5219 nt
2561 5165 2756 5236 quibus
2789 5164 2943 5220 bonis
2977 5167 3116 5221 Deus
3146 5169 3334 5234 utitur,
3364 5167 3560 5226 iisdem
3587 5181 3647 5227 et
3679 5188 3785 5228 nos

2165 5258 2322 5314 bonis
2345 5266 2578 5322 utamur,
2609 5259 2779 5313 simus
2803 5260 2854 5314 in
2880 5260 3071 5328 gloria,
3099 5263 3268 5316 simus
3290 5263 3499 5319 :eterni.
3532 5264 3665 5321 lizec
3695 5277 3786 5324 est

2164 5349 2472 5405 htereditas.
2501 5351 2633 5406 Nam
2661 5361 2716 5407 et
2741 5368 2862 5407 cum
2890 5353 3111 5410 Christo
3141 5356 3456 5412 coltmredes
3481 5374 3700 5424 sumus,
3724 5373 3788 5418 et

2165 5445 2417 5500 Christus
2443 5445 2584 5501 Deus
2606 5455 2724 5501 est:
2749 5460 2876 5517 ergo
2898 5462 3018 5502 cum
3053 5447 3165 5503 Deo
3189 5447 3435 5506 haeredes
3459 5451 3782 5511 divitiarum

2167 5537 2354 5611 gloria:
2383 5537 2500 5610 ejus
2528 5553 2734 5596 sumus.
2767 5540 2874 5598 Sed
2917 5540 3036 5599 base
3064 5543 3242 5600 omnia
3284 5553 3411 5601 sunt
3447 5546 3502 5602 in
3543 5550 3779 5618 sanctis,

2245 5725 2325 5797 (1)
2356 5725 2433 5782 Ita
2453 5725 2611 5784 codd.
