  <div class='ocr_page' id='page_1' title='image "/cluster/home/n/w/nwhite01/storage/ocr_20150623/8/hvd.32044015471253/632.png"; bbox 0 0 4010 6306; ppageno 0'>
   <div class='ocr_carea' id='block_1_1' title="bbox 237 316 375 377">
    <p class='ocr_par' dir='ltr' id='par_1_1' title="bbox 237 316 375 377">
     <span class='ocr_line' id='line_1_1' title="bbox 237 316 375 377; baseline -0.029 0"><span class='ocrx_word' id='word_1_1' title='bbox 237 316 375 377; x_wconf 72' lang='grc'><strong>1249</strong></span> 
     </span>
    </p>
   </div>
   <div class='ocr_carea' id='block_1_2' title="bbox 1137 311 2693 375">
    <p class='ocr_par' dir='ltr' id='par_1_2' title="bbox 1137 311 2693 375">
     <span class='ocr_line' id='line_1_2' title="bbox 1137 311 2693 375; baseline 0.001 -5"><span class='ocrx_word' id='word_1_2' title='bbox 1137 314 1203 372; x_wconf 87' lang='grc' dir='ltr'><strong>ΙΝ</strong></span> <span class='ocrx_word' id='word_1_3' title='bbox 1241 314 1621 374; x_wconf 71' lang='lat' dir='ltr'><strong>El’lSTOLAM</strong></span> <span class='ocrx_word' id='word_1_4' title='bbox 1664 311 1868 375; x_wconf 76' lang='lat' dir='ltr'><strong>PAULI</strong></span> <span class='ocrx_word' id='word_1_5' title='bbox 1896 314 1988 372; x_wconf 85' lang='lat' dir='ltr'><strong>AD</strong></span> <span class='ocrx_word' id='word_1_6' title='bbox 2026 312 2360 372; x_wconf 80' lang='lat' dir='ltr'><strong>EPHESIOS</strong></span> <span class='ocrx_word' id='word_1_7' title='bbox 2410 313 2614 372; x_wconf 79' lang='lat' dir='ltr'><strong>LIBER</strong></span> <span class='ocrx_word' id='word_1_8' title='bbox 2653 313 2693 370; x_wconf 86' lang='grc' dir='ltr'><strong>Ι.</strong></span> 
     </span>
    </p>
   </div>
   <div class='ocr_carea' id='block_1_3' title="bbox 3391 311 3531 371">
    <p class='ocr_par' dir='ltr' id='par_1_3' title="bbox 3391 311 3531 371">
     <span class='ocr_line' id='line_1_3' title="bbox 3391 311 3531 371; baseline -0.007 0"><span class='ocrx_word' id='word_1_9' title='bbox 3391 311 3531 371; x_wconf 72' lang='lat'><strong>1250</strong></span> 
     </span>
    </p>
   </div>
   <div class='ocr_carea' id='block_1_4' title="bbox 234 429 3531 509">
    <p class='ocr_par' dir='ltr' id='par_1_4' title="bbox 234 429 3531 509">
     <span class='ocr_line' id='line_1_4' title="bbox 234 429 3531 509; baseline -0.002 -16"><span class='ocrx_word' id='word_1_10' title='bbox 234 435 286 493; x_wconf 92' lang='lat' dir='ltr'><strong>id</strong></span> <span class='ocrx_word' id='word_1_11' title='bbox 308 444 390 493; x_wconf 91' lang='lat' dir='ltr'><strong>cst</strong></span> <span class='ocrx_word' id='word_1_12' title='bbox 416 434 467 490; x_wconf 91' lang='lat' dir='ltr'><strong>in</strong></span> <span class='ocrx_word' id='word_1_13' title='bbox 499 434 581 493; x_wconf 79' lang='lat' dir='ltr'><strong>his</strong></span> <span class='ocrx_word' id='word_1_14' title='bbox 605 436 694 509; x_wconf 92' lang='lat' dir='ltr'><strong>qui</strong></span> <span class='ocrx_word' id='word_1_15' title='bbox 715 435 1029 494; x_wconf 79' lang='lat' dir='ltr'><strong>sanctificati</strong></span> <span class='ocrx_word' id='word_1_16' title='bbox 1056 442 1183 492; x_wconf 90' lang='lat' dir='ltr'><strong>sunt</strong></span> <span class='ocrx_word' id='word_1_17' title='bbox 1204 437 1481 509; x_wconf 84' lang='lat' dir='ltr'><strong>mysterio,</strong></span> <span class='ocrx_word' id='word_1_18' title='bbox 1507 434 1707 491; x_wconf 79' lang='lat' dir='ltr'><strong>Christi</strong></span> <span class='ocrx_word' id='word_1_19' title='bbox 1734 451 1831 492; x_wconf 84' lang='lat' dir='ltr'><strong>no-</strong></span> <span class='ocrx_word' id='word_1_20' title='bbox 1857 436 1911 498; x_wconf 81' lang='grc' dir='ltr'><strong>Α</strong></span> <span class='ocrx_word' id='word_1_21' title='bbox 1938 434 2113 505; x_wconf 79' lang='lat' dir='ltr'><strong>Supra</strong></span> <span class='ocrx_word' id='word_1_22' title='bbox 2151 450 2373 500; x_wconf 89' lang='lat' dir='ltr'><strong>omnem,</strong></span> <span class='ocrx_word' id='word_1_23' title='bbox 2409 433 2601 504; x_wconf 85' lang='lat' dir='ltr'><strong>inquit,</strong></span> <span class='ocrx_word' id='word_1_24' title='bbox 2643 431 2987 504; x_wconf 80' lang='lat' dir='ltr'><strong>principatum</strong></span> <span class='ocrx_word' id='word_1_25' title='bbox 3007 447 3027 498; x_wconf 88' lang='lat'><strong><em>;</em></strong></span> <span class='ocrx_word' id='word_1_26' title='bbox 3073 437 3132 485; x_wconf 88' lang='lat' dir='ltr'><strong>ut</strong></span> <span class='ocrx_word' id='word_1_27' title='bbox 3171 429 3349 487; x_wconf 88' lang='lat' dir='ltr'><strong>nullus</strong></span> <span class='ocrx_word' id='word_1_28' title='bbox 3391 433 3531 491; x_wconf 86' lang='lat' dir='ltr'><strong>alius</strong></span> 
     </span>
    </p>
   </div>
   <div class='ocr_carea' id='block_1_5' title="bbox 235 530 1826 601">
    <p class='ocr_par' dir='ltr' id='par_1_5' title="bbox 235 530 1826 601">
     <span class='ocr_line' id='line_1_5' title="bbox 235 530 1826 601; baseline -0.003 -13"><span class='ocrx_word' id='word_1_29' title='bbox 235 532 401 588; x_wconf 91' lang='lat' dir='ltr'><strong>minc.</strong></span> <span class='ocrx_word' id='word_1_30' title='bbox 433 531 879 588; x_wconf 84' lang='lat' dir='ltr'><strong>Prohatissimum</strong></span> <span class='ocrx_word' id='word_1_31' title='bbox 915 530 1018 587; x_wconf 89' lang='lat' dir='ltr'><strong>hoc</strong></span> <span class='ocrx_word' id='word_1_32' title='bbox 1046 545 1175 601; x_wconf 82' lang='lat' dir='ltr'><strong>ergo</strong></span> <span class='ocrx_word' id='word_1_33' title='bbox 1202 538 1327 601; x_wconf 81' lang='lat' dir='ltr'><strong>peto</strong></span> <span class='ocrx_word' id='word_1_34' title='bbox 1348 540 1405 585; x_wconf 91' lang='lat' dir='ltr'><strong>ut</strong></span> <span class='ocrx_word' id='word_1_35' title='bbox 1427 530 1826 596; x_wconf 89' lang='lat' dir='ltr'><strong>illuminemini,</strong></span> 
     </span>
    </p>
   </div>
   <div class='ocr_carea' id='block_1_6' title="bbox 234 622 1830 694">
    <p class='ocr_par' dir='ltr' id='par_1_6' title="bbox 234 622 1830 694">
     <span class='ocr_line' id='line_1_6' title="bbox 234 622 1830 694; baseline -0.002 -15"><span class='ocrx_word' id='word_1_36' title='bbox 234 632 288 680; x_wconf 90' lang='lat' dir='ltr'><strong>et</strong></span> <span class='ocrx_word' id='word_1_37' title='bbox 313 623 498 681; x_wconf 90' lang='lat' dir='ltr'><strong>sciatis</strong></span> <span class='ocrx_word' id='word_1_38' title='bbox 529 622 630 680; x_wconf 93' lang='lat' dir='ltr'><strong>hoc</strong></span> <span class='ocrx_word' id='word_1_39' title='bbox 655 640 905 694; x_wconf 84' lang='lat' dir='ltr'><strong>maguum</strong></span> <span class='ocrx_word' id='word_1_40' title='bbox 929 623 1271 684; x_wconf 72' lang='lat' dir='ltr'><strong>beneficium.</strong></span> <span class='ocrx_word' id='word_1_41' title='bbox 1307 634 1363 678; x_wconf 90' lang='lat' dir='ltr'><strong>ut</strong></span> <span class='ocrx_word' id='word_1_42' title='bbox 1388 624 1638 692; x_wconf 81' lang='lat' dir='ltr'><strong>imploret</strong></span> <span class='ocrx_word' id='word_1_43' title='bbox 1660 634 1714 678; x_wconf 91' lang='lat' dir='ltr'><strong>et</strong></span> <span class='ocrx_word' id='word_1_44' title='bbox 1739 639 1830 678; x_wconf 88' lang='lat' dir='ltr'><strong>ro-</strong></span> 
     </span>
    </p>
   </div>
   <div class='ocr_carea' id='block_1_7' title="bbox 233 716 1828 788">
    <p class='ocr_par' dir='ltr' id='par_1_7' title="bbox 233 716 1828 788">
     <span class='ocr_line' id='line_1_7' title="bbox 233 716 1828 788; baseline -0.001 -15"><span class='ocrx_word' id='word_1_45' title='bbox 233 725 343 788; x_wconf 91' lang='lat' dir='ltr'><strong>get,</strong></span> <span class='ocrx_word' id='word_1_46' title='bbox 388 726 446 772; x_wconf 92' lang='lat' dir='ltr'><strong>ut</strong></span> <span class='ocrx_word' id='word_1_47' title='bbox 476 717 630 773; x_wconf 87' lang='lat' dir='ltr'><strong>nobis</strong></span> <span class='ocrx_word' id='word_1_48' title='bbox 659 716 910 774; x_wconf 87' lang='lat' dir='ltr'><strong>adventet</strong></span> <span class='ocrx_word' id='word_1_49' title='bbox 947 717 1191 787; x_wconf 77' lang='lat' dir='ltr'><strong>spiritus,</strong></span> <span class='ocrx_word' id='word_1_50' title='bbox 1221 717 1310 788; x_wconf 87' lang='lat' dir='ltr'><strong>qui</strong></span> <span class='ocrx_word' id='word_1_51' title='bbox 1354 732 1452 772; x_wconf 91' lang='lat' dir='ltr'><strong>nos</strong></span> <span class='ocrx_word' id='word_1_52' title='bbox 1481 716 1584 773; x_wconf 91' lang='lat' dir='ltr'><strong>hoc</strong></span> <span class='ocrx_word' id='word_1_53' title='bbox 1615 716 1828 772; x_wconf 81' lang='lat' dir='ltr'><strong>doceat.</strong></span> 
     </span>
    </p>
   </div>
   <div class='ocr_carea' id='block_1_8' title="bbox 233 808 1830 882">
    <p class='ocr_par' dir='ltr' id='par_1_8' title="bbox 233 808 1830 882">
     <span class='ocr_line' id='line_1_8' title="bbox 233 808 1830 882; baseline 0 -17"><span class='ocrx_word' id='word_1_54' title='bbox 233 808 300 865; x_wconf 87' lang='lat' dir='ltr'><strong>Et</strong></span> <span class='ocrx_word' id='word_1_55' title='bbox 347 822 448 865; x_wconf 91' lang='lat' dir='ltr'><strong>nos</strong></span> <span class='ocrx_word' id='word_1_56' title='bbox 473 808 688 881; x_wconf 84' lang='lat' dir='ltr'><strong>quidem</strong></span> <span class='ocrx_word' id='word_1_57' title='bbox 731 824 828 882; x_wconf 91' lang='lat' dir='ltr'><strong>pro</strong></span> <span class='ocrx_word' id='word_1_58' title='bbox 859 810 1014 866; x_wconf 89' lang='lat' dir='ltr'><strong>nobis</strong></span> <span class='ocrx_word' id='word_1_59' title='bbox 1055 810 1364 882; x_wconf 77' lang='lat' dir='ltr'><strong>frequenter</strong></span> <span class='ocrx_word' id='word_1_60' title='bbox 1399 810 1503 867; x_wconf 76' lang='lat' dir='ltr'><strong>hoc</strong></span> <span class='ocrx_word' id='word_1_61' title='bbox 1549 809 1781 880; x_wconf 80' lang='lat' dir='ltr'><strong>petimus</strong></span> <span class='ocrx_word' id='word_1_62' title='bbox 1814 828 1830 865; x_wconf 87' lang='lat'><strong>:</strong></span> 
     </span>
    </p>
   </div>
   <div class='ocr_carea' id='block_1_9' title="bbox 232 902 1829 974">
    <p class='ocr_par' dir='ltr' id='par_1_9' title="bbox 232 902 1829 974">
     <span class='ocr_line' id='line_1_9' title="bbox 232 902 1829 974; baseline 0.001 -19"><span class='ocrx_word' id='word_1_63' title='bbox 232 916 418 958; x_wconf 88' lang='lat' dir='ltr'><strong>verum</strong></span> <span class='ocrx_word' id='word_1_64' title='bbox 465 918 572 958; x_wconf 91' lang='lat' dir='ltr'><strong>non</strong></span> <span class='ocrx_word' id='word_1_65' title='bbox 617 918 840 973; x_wconf 88' lang='lat' dir='ltr'><strong>parvum</strong></span> <span class='ocrx_word' id='word_1_66' title='bbox 871 902 1190 958; x_wconf 75' lang='lat' dir='ltr'><strong>bent-licium</strong></span> <span class='ocrx_word' id='word_1_67' title='bbox 1236 912 1455 974; x_wconf 62' lang='lat' dir='ltr'><strong>praestat</strong></span> <span class='ocrx_word' id='word_1_68' title='bbox 1487 903 1578 959; x_wconf 92' lang='lat' dir='ltr'><strong>ille</strong></span> <span class='ocrx_word' id='word_1_69' title='bbox 1606 902 1697 972; x_wconf 86' lang='lat' dir='ltr'><strong>qui</strong></span> <span class='ocrx_word' id='word_1_70' title='bbox 1722 902 1829 974; x_wconf 85' lang='lat' dir='ltr'><strong>jam</strong></span> 
     </span>
    </p>
   </div>
   <div class='ocr_carea' id='block_1_10' title="bbox 230 994 1835 1066">
    <p class='ocr_par' dir='ltr' id='par_1_10' title="bbox 230 994 1835 1066">
     <span class='ocr_line' id='line_1_10' title="bbox 230 994 1835 1066; baseline -0.001 -15"><span class='ocrx_word' id='word_1_71' title='bbox 230 994 488 1051; x_wconf 88' lang='lat' dir='ltr'><strong>emeritus</strong></span> <span class='ocrx_word' id='word_1_72' title='bbox 521 994 731 1050; x_wconf 83' lang='lat' dir='ltr'><strong>Domini</strong></span> <span class='ocrx_word' id='word_1_73' title='bbox 758 1006 811 1051; x_wconf 91' lang='lat' dir='ltr'><strong>et</strong></span> <span class='ocrx_word' id='word_1_74' title='bbox 839 994 1210 1051; x_wconf 75' lang='lat' dir='ltr'><strong>Sanctificatus</strong></span> <span class='ocrx_word' id='word_1_75' title='bbox 1239 1003 1341 1050; x_wconf 84' lang='lat' dir='ltr'><strong>est.</strong></span> <span class='ocrx_word' id='word_1_76' title='bbox 1369 994 1514 1051; x_wconf 90' lang='lat' dir='ltr'><strong>ldem</strong></span> <span class='ocrx_word' id='word_1_77' title='bbox 1546 997 1720 1066; x_wconf 73' lang='lat' dir='ltr'><strong>ipsum</strong></span> <span class='ocrx_word' id='word_1_78' title='bbox 1753 1009 1835 1050; x_wconf 83' lang='lat' dir='ltr'><strong>ro-</strong></span> 
     </span>
    </p>
   </div>
   <div class='ocr_carea' id='block_1_11' title="bbox 230 1088 1833 1165">
    <p class='ocr_par' dir='ltr' id='par_1_11' title="bbox 230 1088 1833 1165">
     <span class='ocr_line' id='line_1_11' title="bbox 230 1088 1833 1165; baseline 0.001 -21"><span class='ocrx_word' id='word_1_79' title='bbox 230 1100 318 1162; x_wconf 92' lang='lat' dir='ltr'><strong>gat</strong></span> <span class='ocrx_word' id='word_1_80' title='bbox 333 1089 489 1165; x_wconf 87' lang='lat' dir='ltr'><strong>nobis</strong></span> <span class='ocrx_word' id='word_1_81' title='bbox 509 1090 791 1160; x_wconf 79' lang='lat' dir='ltr'><strong>provenire</strong></span> <span class='ocrx_word' id='word_1_82' title='bbox 811 1088 953 1162; x_wconf 89' lang='lat' dir='ltr'><strong>quod</strong></span> <span class='ocrx_word' id='word_1_83' title='bbox 977 1104 1075 1146; x_wconf 90' lang='lat' dir='ltr'><strong>nos</strong></span> <span class='ocrx_word' id='word_1_84' title='bbox 1087 1088 1331 1160; x_wconf 87' lang='lat' dir='ltr'><strong>cupimus</strong></span> <span class='ocrx_word' id='word_1_85' title='bbox 1349 1097 1403 1145; x_wconf 90' lang='lat' dir='ltr'><strong>et</strong></span> <span class='ocrx_word' id='word_1_86' title='bbox 1425 1104 1692 1161; x_wconf 82' lang='lat' dir='ltr'><strong>rogamus.</strong></span> <span class='ocrx_word' id='word_1_87' title='bbox 1720 1088 1833 1146; x_wconf 87' lang='lat' dir='ltr'><strong>Hoc</strong></span> 
     </span>
    </p>
   </div>
   <div class='ocr_carea' id='block_1_12' title="bbox 230 1181 1828 1256">
    <p class='ocr_par' dir='ltr' id='par_1_12' title="bbox 230 1181 1828 1256">
     <span class='ocr_line' id='line_1_12' title="bbox 230 1181 1828 1256; baseline -0.001 -16"><span class='ocrx_word' id='word_1_88' title='bbox 230 1198 361 1256; x_wconf 88' lang='lat' dir='ltr'><strong>ergo</strong></span> <span class='ocrx_word' id='word_1_89' title='bbox 386 1181 640 1254; x_wconf 82' lang='lat' dir='ltr'><strong>Ephesiis</strong></span> <span class='ocrx_word' id='word_1_90' title='bbox 674 1198 734 1239; x_wconf 90' lang='lat' dir='ltr'><strong>se</strong></span> <span class='ocrx_word' id='word_1_91' title='bbox 778 1182 858 1256; x_wconf 84' lang='grc'><strong>(1)</strong></span> <span class='ocrx_word' id='word_1_92' title='bbox 893 1194 1152 1254; x_wconf 65' lang='lat' dir='ltr'><strong>praestare</strong></span> <span class='ocrx_word' id='word_1_93' title='bbox 1195 1182 1393 1239; x_wconf 84' lang='lat' dir='ltr'><strong>Paulus</strong></span> <span class='ocrx_word' id='word_1_94' title='bbox 1419 1192 1828 1240; x_wconf 85' lang='lat' dir='ltr'><strong>commemorat.</strong></span> 
     </span>
    </p>
   </div>
   <div class='ocr_carea' id='block_1_13' title="bbox 304 1274 1832 1347">
    <p class='ocr_par' dir='ltr' id='par_1_13' title="bbox 304 1274 1832 1347">
     <span class='ocr_line' id='line_1_13' title="bbox 304 1274 1832 1347; baseline -0.001 -15"><span class='ocrx_word' id='word_1_95' title='bbox 304 1274 471 1332; x_wconf 70' lang='lat' dir='ltr'><strong>Vens.</strong></span> <span class='ocrx_word' id='word_1_96' title='bbox 524 1274 612 1343; x_wconf 82' lang='grc'><strong>19,</strong></span> <span class='ocrx_word' id='word_1_97' title='bbox 642 1275 733 1332; x_wconf 70' lang='grc'><strong>20.</strong></span> <span class='ocrx_word' id='word_1_98' title='bbox 786 1306 861 1318; x_wconf 92' lang='grc'><strong><em>-</em></strong></span> <span class='ocrx_word' id='word_1_99' title='bbox 891 1274 959 1330; x_wconf 85' lang='lat' dir='ltr'><strong>Et</strong></span> <span class='ocrx_word' id='word_1_100' title='bbox 1001 1291 1115 1347; x_wconf 76' lang='lat' dir='ltr'><strong>qua:</strong></span> <span class='ocrx_word' id='word_1_101' title='bbox 1142 1276 1208 1331; x_wconf 87' lang='lat' dir='ltr'><strong>sit</strong></span> <span class='ocrx_word' id='word_1_102' title='bbox 1258 1274 1541 1331; x_wconf 85' lang='lat' dir='ltr'><strong>sublimitas</strong></span> <span class='ocrx_word' id='word_1_103' title='bbox 1571 1277 1832 1347; x_wconf 84' lang='lat' dir='ltr'><strong>magnitu-</strong></span> 
     </span>
    </p>
   </div>
   <div class='ocr_carea' id='block_1_14' title="bbox 230 1363 1832 1443">
    <p class='ocr_par' dir='ltr' id='par_1_14' title="bbox 230 1363 1832 1443">
     <span class='ocr_line' id='line_1_14' title="bbox 230 1363 1832 1443; baseline -0.001 -16"><span class='ocrx_word' id='word_1_104' title='bbox 230 1369 368 1427; x_wconf 87' lang='lat' dir='ltr'><strong>dinis</strong></span> <span class='ocrx_word' id='word_1_105' title='bbox 395 1371 597 1426; x_wconf 82' lang='lat' dir='ltr'><strong>virtutis</strong></span> <span class='ocrx_word' id='word_1_106' title='bbox 626 1373 737 1443; x_wconf 89' lang='lat' dir='ltr'><strong>ejus</strong></span> <span class='ocrx_word' id='word_1_107' title='bbox 763 1370 816 1425; x_wconf 89' lang='lat' dir='ltr'><strong>in</strong></span> <span class='ocrx_word' id='word_1_108' title='bbox 845 1387 933 1426; x_wconf 79' lang='lat' dir='ltr'><strong>vos</strong></span> <span class='ocrx_word' id='word_1_109' title='bbox 958 1371 1046 1440; x_wconf 84' lang='lat' dir='ltr'><strong>qui</strong></span> <span class='ocrx_word' id='word_1_110' title='bbox 1087 1363 1376 1426; x_wconf 78' lang='lat' dir='ltr'><strong>credidistis</strong></span> <span class='ocrx_word' id='word_1_111' title='bbox 1400 1371 1676 1426; x_wconf 82' lang='lat' dir='ltr'><strong>secundant</strong></span> <span class='ocrx_word' id='word_1_112' title='bbox 1711 1387 1832 1441; x_wconf 86' lang='lat' dir='ltr'><strong>ope-</strong></span> 
     </span>
    </p>
   </div>
   <div class='ocr_carea' id='block_1_15' title="bbox 229 1462 1830 1537">
    <p class='ocr_par' dir='ltr' id='par_1_15' title="bbox 229 1462 1830 1537">
     <span class='ocr_line' id='line_1_15' title="bbox 229 1462 1830 1537; baseline -0.001 -18"><span class='ocrx_word' id='word_1_113' title='bbox 229 1464 479 1519; x_wconf 75' lang='lat' dir='ltr'><strong>rationem</strong></span> <span class='ocrx_word' id='word_1_114' title='bbox 511 1462 771 1533; x_wconf 87' lang='lat' dir='ltr'><strong>potestatis</strong></span> <span class='ocrx_word' id='word_1_115' title='bbox 807 1463 1010 1518; x_wconf 75' lang='lat' dir='ltr'><strong>virtutis</strong></span> <span class='ocrx_word' id='word_1_116' title='bbox 1050 1465 1182 1537; x_wconf 88' lang='lat' dir='ltr'><strong>ejus,</strong></span> <span class='ocrx_word' id='word_1_117' title='bbox 1210 1479 1362 1534; x_wconf 85' lang='lat' dir='ltr'><strong>quam</strong></span> <span class='ocrx_word' id='word_1_118' title='bbox 1404 1473 1647 1532; x_wconf 80' lang='lat' dir='ltr'><strong>operatus</strong></span> <span class='ocrx_word' id='word_1_119' title='bbox 1672 1474 1745 1518; x_wconf 90' lang='lat' dir='ltr'><strong>est</strong></span> <span class='ocrx_word' id='word_1_120' title='bbox 1774 1465 1830 1517; x_wconf 88' lang='lat' dir='ltr'><strong>in</strong></span> 
     </span>
    </p>
   </div>
   <div class='ocr_carea' id='block_1_16' title="bbox 231 1556 1831 1632">
    <p class='ocr_par' dir='ltr' id='par_1_16' title="bbox 231 1556 1831 1632">
     <span class='ocr_line' id='line_1_16' title="bbox 231 1556 1831 1632; baseline -0.002 -18"><span class='ocrx_word' id='word_1_121' title='bbox 231 1557 437 1614; x_wconf 81' lang='lat' dir='ltr'><strong>Christo</strong></span> <span class='ocrx_word' id='word_1_122' title='bbox 465 1556 569 1632; x_wconf 73' lang='grc'><strong>(2).</strong></span> <span class='ocrx_word' id='word_1_123' title='bbox 601 1556 734 1626; x_wconf 89' lang='lat' dir='ltr'><strong>Hoc,</strong></span> <span class='ocrx_word' id='word_1_124' title='bbox 769 1556 964 1629; x_wconf 88' lang='lat' dir='ltr'><strong>inquit,</strong></span> <span class='ocrx_word' id='word_1_125' title='bbox 995 1556 1048 1612; x_wconf 91' lang='lat' dir='ltr'><strong>in</strong></span> <span class='ocrx_word' id='word_1_126' title='bbox 1076 1557 1413 1613; x_wconf 87' lang='lat' dir='ltr'><strong>orationibus</strong></span> <span class='ocrx_word' id='word_1_127' title='bbox 1438 1558 1573 1615; x_wconf 86' lang='lat' dir='ltr'><strong>meis</strong></span> <span class='ocrx_word' id='word_1_128' title='bbox 1601 1567 1747 1629; x_wconf 89' lang='lat' dir='ltr'><strong>peto,</strong></span> <span class='ocrx_word' id='word_1_129' title='bbox 1777 1567 1831 1612; x_wconf 90' lang='lat' dir='ltr'><strong>ut</strong></span> 
     </span>
    </p>
   </div>
   <div class='ocr_carea' id='block_1_17' title="bbox 229 1649 1830 1721">
    <p class='ocr_par' dir='ltr' id='par_1_17' title="bbox 229 1649 1830 1721">
     <span class='ocr_line' id='line_1_17' title="bbox 229 1649 1830 1721; baseline -0.001 -14"><span class='ocrx_word' id='word_1_130' title='bbox 229 1652 315 1707; x_wconf 84' lang='lat' dir='ltr'><strong>det</strong></span> <span class='ocrx_word' id='word_1_131' title='bbox 353 1650 493 1706; x_wconf 79' lang='lat' dir='ltr'><strong>vobis</strong></span> <span class='ocrx_word' id='word_1_132' title='bbox 521 1650 757 1718; x_wconf 73' lang='lat' dir='ltr'><strong>spiritum</strong></span> <span class='ocrx_word' id='word_1_133' title='bbox 781 1649 1052 1721; x_wconf 79' lang='lat' dir='ltr'><strong>sapientite</strong></span> <span class='ocrx_word' id='word_1_134' title='bbox 1079 1659 1127 1704; x_wconf 87' lang='lat' dir='ltr'><strong>et</strong></span> <span class='ocrx_word' id='word_1_135' title='bbox 1152 1649 1473 1705; x_wconf 76' lang='lat' dir='ltr'><strong>reuelationis</strong></span> <span class='ocrx_word' id='word_1_136' title='bbox 1501 1667 1519 1705; x_wconf 91' lang='lat'><strong><em>:</em></strong></span> <span class='ocrx_word' id='word_1_137' title='bbox 1551 1650 1676 1705; x_wconf 88' lang='lat' dir='ltr'><strong>item</strong></span> <span class='ocrx_word' id='word_1_138' title='bbox 1708 1657 1830 1721; x_wconf 88' lang='lat' dir='ltr'><strong>peto</strong></span> 
     </span>
    </p>
   </div>
   <div class='ocr_carea' id='block_1_18' title="bbox 228 1743 1832 1818">
    <p class='ocr_par' dir='ltr' id='par_1_18' title="bbox 228 1743 1832 1818">
     <span class='ocr_line' id='line_1_18' title="bbox 228 1743 1832 1818; baseline -0.004 -14"><span class='ocrx_word' id='word_1_139' title='bbox 228 1754 293 1804; x_wconf 88' lang='lat' dir='ltr'><strong>ut</strong></span> <span class='ocrx_word' id='word_1_140' title='bbox 336 1746 520 1802; x_wconf 86' lang='lat' dir='ltr'><strong>sciatis</strong></span> <span class='ocrx_word' id='word_1_141' title='bbox 562 1761 685 1818; x_wconf 72' lang='lat' dir='ltr'><strong>qua:</strong></span> <span class='ocrx_word' id='word_1_142' title='bbox 720 1744 790 1802; x_wconf 92' lang='lat' dir='ltr'><strong>sit</strong></span> <span class='ocrx_word' id='word_1_143' title='bbox 828 1758 952 1816; x_wconf 89' lang='lat' dir='ltr'><strong>spes</strong></span> <span class='ocrx_word' id='word_1_144' title='bbox 983 1744 1299 1813; x_wconf 67' lang='lat' dir='ltr'><strong>vocationis,</strong></span> <span class='ocrx_word' id='word_1_145' title='bbox 1333 1759 1455 1816; x_wconf 70' lang='lat' dir='ltr'><strong>qure</strong></span> <span class='ocrx_word' id='word_1_146' title='bbox 1502 1743 1733 1809; x_wconf 77' lang='lat' dir='ltr'><strong>divitite;</strong></span> <span class='ocrx_word' id='word_1_147' title='bbox 1778 1751 1832 1800; x_wconf 87' lang='lat' dir='ltr'><strong>et</strong></span> 
     </span>
    </p>
   </div>
   <div class='ocr_carea' id='block_1_19' title="bbox 1931 524 3529 600">
    <p class='ocr_par' dir='ltr' id='par_1_19' title="bbox 1931 524 3529 600">
     <span class='ocr_line' id='line_1_19' title="bbox 1931 524 3529 600; baseline 0 -19"><span class='ocrx_word' id='word_1_148' title='bbox 1931 528 2207 600; x_wconf 80' lang='lat' dir='ltr'><strong>princeps,</strong></span> <span class='ocrx_word' id='word_1_149' title='bbox 2249 528 2363 583; x_wconf 87' lang='lat' dir='ltr'><strong>sive</strong></span> <span class='ocrx_word' id='word_1_150' title='bbox 2393 526 2698 582; x_wconf 90' lang='lat' dir='ltr'><strong>mundanus</strong></span> <span class='ocrx_word' id='word_1_151' title='bbox 2726 526 2841 581; x_wconf 87' lang='lat' dir='ltr'><strong>sive</strong></span> <span class='ocrx_word' id='word_1_152' title='bbox 2882 540 3038 596; x_wconf 89' lang='lat' dir='ltr'><strong>supra</strong></span> <span class='ocrx_word' id='word_1_153' title='bbox 3080 524 3360 592; x_wconf 89' lang='lat' dir='ltr'><strong>mundum,</strong></span> <span class='ocrx_word' id='word_1_154' title='bbox 3390 541 3529 581; x_wconf 86' lang='lat' dir='ltr'><strong>non-</strong></span> 
     </span>
    </p>
   </div>
   <div class='ocr_carea' id='block_1_20' title="bbox 1934 618 3530 693">
    <p class='ocr_par' dir='ltr' id='par_1_20' title="bbox 1934 618 3530 693">
     <span class='ocr_line' id='line_1_20' title="bbox 1934 618 3530 693; baseline -0.001 -17"><span class='ocrx_word' id='word_1_155' title='bbox 1934 621 2035 676; x_wconf 88' lang='lat' dir='ltr'><strong>nisi</strong></span> <span class='ocrx_word' id='word_1_156' title='bbox 2067 620 2289 676; x_wconf 76' lang='lat' dir='ltr'><strong>inlerior</strong></span> <span class='ocrx_word' id='word_1_157' title='bbox 2308 618 2525 677; x_wconf 84' lang='lat' dir='ltr'><strong>Christo</strong></span> <span class='ocrx_word' id='word_1_158' title='bbox 2554 620 2643 675; x_wconf 91' lang='lat' dir='ltr'><strong>sit.</strong></span> <span class='ocrx_word' id='word_1_159' title='bbox 2678 619 2748 675; x_wconf 88' lang='lat' dir='ltr'><strong>Et</strong></span> <span class='ocrx_word' id='word_1_160' title='bbox 2768 635 2926 690; x_wconf 88' lang='lat' dir='ltr'><strong>supra</strong></span> <span class='ocrx_word' id='word_1_161' title='bbox 2949 636 3172 687; x_wconf 88' lang='lat' dir='ltr'><strong>omnem,</strong></span> <span class='ocrx_word' id='word_1_162' title='bbox 3208 620 3401 690; x_wconf 88' lang='lat' dir='ltr'><strong>inquit,</strong></span> <span class='ocrx_word' id='word_1_163' title='bbox 3432 635 3530 693; x_wconf 86' lang='lat' dir='ltr'><strong>po-</strong></span> 
     </span>
    </p>
   </div>
   <div class='ocr_carea' id='block_1_21' title="bbox 1932 714 3534 786">
    <p class='ocr_par' dir='ltr' id='par_1_21' title="bbox 1932 714 3534 786">
     <span class='ocr_line' id='line_1_21' title="bbox 1932 714 3534 786; baseline -0.001 -17"><span class='ocrx_word' id='word_1_164' title='bbox 1932 724 2185 781; x_wconf 88' lang='lat' dir='ltr'><strong>testatem,</strong></span> <span class='ocrx_word' id='word_1_165' title='bbox 2217 723 2271 770; x_wconf 87' lang='lat' dir='ltr'><strong>et</strong></span> <span class='ocrx_word' id='word_1_166' title='bbox 2306 729 2469 786; x_wconf 87' lang='lat' dir='ltr'><strong>supra</strong></span> <span class='ocrx_word' id='word_1_167' title='bbox 2496 730 2698 768; x_wconf 88' lang='lat' dir='ltr'><strong>omnem</strong></span> <span class='ocrx_word' id='word_1_168' title='bbox 2733 714 2991 781; x_wconf 81' lang='lat' dir='ltr'><strong>virtutem,</strong></span> <span class='ocrx_word' id='word_1_169' title='bbox 3021 729 3181 784; x_wconf 87' lang='lat' dir='ltr'><strong>supra</strong></span> <span class='ocrx_word' id='word_1_170' title='bbox 3210 730 3410 769; x_wconf 82' lang='lat' dir='ltr'><strong>onmem</strong></span> <span class='ocrx_word' id='word_1_171' title='bbox 3439 714 3534 768; x_wconf 89' lang='lat' dir='ltr'><strong>do-</strong></span> 
     </span>
    </p>
   </div>
   <div class='ocr_carea' id='block_1_22' title="bbox 1933 806 3534 879">
    <p class='ocr_par' dir='ltr' id='par_1_22' title="bbox 1933 806 3534 879">
     <span class='ocr_line' id='line_1_22' title="bbox 1933 806 3534 879; baseline 0.001 -17"><span class='ocrx_word' id='word_1_172' title='bbox 1933 809 2286 875; x_wconf 87' lang='lat' dir='ltr'><strong>minationem,</strong></span> <span class='ocrx_word' id='word_1_173' title='bbox 2318 818 2375 864; x_wconf 90' lang='lat' dir='ltr'><strong>et</strong></span> <span class='ocrx_word' id='word_1_174' title='bbox 2402 825 2561 879; x_wconf 85' lang='lat' dir='ltr'><strong>supra</strong></span> <span class='ocrx_word' id='word_1_175' title='bbox 2584 824 2734 863; x_wconf 86' lang='lat' dir='ltr'><strong>omne</strong></span> <span class='ocrx_word' id='word_1_176' title='bbox 2758 824 2957 863; x_wconf 89' lang='lat' dir='ltr'><strong>nomen.</strong></span> <span class='ocrx_word' id='word_1_177' title='bbox 2990 806 3142 877; x_wconf 87' lang='lat' dir='ltr'><strong>Quod</strong></span> <span class='ocrx_word' id='word_1_178' title='bbox 3174 808 3414 864; x_wconf 88' lang='lat' dir='ltr'><strong>nomen?</strong></span> <span class='ocrx_word' id='word_1_179' title='bbox 3448 808 3534 864; x_wconf 92' lang='lat' dir='ltr'><strong>vcl</strong></span> 
     </span>
    </p>
   </div>
   <div class='ocr_carea' id='block_1_23' title="bbox 1934 901 3536 971">
    <p class='ocr_par' dir='ltr' id='par_1_23' title="bbox 1934 901 3536 971">
     <span class='ocr_line' id='line_1_23' title="bbox 1934 901 3536 971; baseline -0.001 -14"><span class='ocrx_word' id='word_1_180' title='bbox 1934 903 1986 958; x_wconf 92' lang='lat' dir='ltr'><strong>in</strong></span> <span class='ocrx_word' id='word_1_181' title='bbox 2038 913 2203 971; x_wconf 89' lang='lat' dir='ltr'><strong>terra,</strong></span> <span class='ocrx_word' id='word_1_182' title='bbox 2251 903 2302 958; x_wconf 88' lang='lat' dir='ltr'><strong>id</strong></span> <span class='ocrx_word' id='word_1_183' title='bbox 2341 913 2423 958; x_wconf 91' lang='lat' dir='ltr'><strong>est</strong></span> <span class='ocrx_word' id='word_1_184' title='bbox 2455 904 2506 958; x_wconf 92' lang='lat' dir='ltr'><strong>in</strong></span> <span class='ocrx_word' id='word_1_185' title='bbox 2548 903 2772 970; x_wconf 56' lang='lat' dir='ltr'><strong>sa&#39;culo,</strong></span> <span class='ocrx_word' id='word_1_186' title='bbox 2809 902 3179 968; x_wconf 86' lang='lat' dir='ltr'><strong>nominatum;</strong></span> <span class='ocrx_word' id='word_1_187' title='bbox 3209 905 3293 957; x_wconf 92' lang='lat' dir='ltr'><strong>vel</strong></span> <span class='ocrx_word' id='word_1_188' title='bbox 3342 903 3393 957; x_wconf 92' lang='lat' dir='ltr'><strong>in</strong></span> <span class='ocrx_word' id='word_1_189' title='bbox 3430 901 3536 957; x_wconf 90' lang='lat' dir='ltr'><strong>hoc</strong></span> 
     </span>
    </p>
   </div>
   <div class='ocr_carea' id='block_1_24' title="bbox 1932 996 3537 1069">
    <p class='ocr_par' dir='ltr' id='par_1_24' title="bbox 1932 996 3537 1069">
     <span class='ocr_line' id='line_1_24' title="bbox 1932 996 3537 1069; baseline 0.001 -17"><span class='ocrx_word' id='word_1_190' title='bbox 1932 996 2159 1065; x_wconf 88' lang='lat' dir='ltr'><strong>mundo,</strong></span> <span class='ocrx_word' id='word_1_191' title='bbox 2189 997 2274 1053; x_wconf 88' lang='lat' dir='ltr'><strong>vel</strong></span> <span class='ocrx_word' id='word_1_192' title='bbox 2296 999 2457 1053; x_wconf 89' lang='lat' dir='ltr'><strong>etiam</strong></span> <span class='ocrx_word' id='word_1_193' title='bbox 2484 999 2536 1052; x_wconf 92' lang='lat' dir='ltr'><strong>in</strong></span> <span class='ocrx_word' id='word_1_194' title='bbox 2566 999 2767 1053; x_wconf 81' lang='lat' dir='ltr'><strong>futuro.</strong></span> <span class='ocrx_word' id='word_1_195' title='bbox 2793 997 2924 1054; x_wconf 86' lang='lat' dir='ltr'><strong>Item</strong></span> <span class='ocrx_word' id='word_1_196' title='bbox 2947 996 3075 1069; x_wconf 91' lang='lat' dir='ltr'><strong>quid</strong></span> <span class='ocrx_word' id='word_1_197' title='bbox 3103 1006 3187 1053; x_wconf 91' lang='lat' dir='ltr'><strong>est</strong></span> <span class='ocrx_word' id='word_1_198' title='bbox 3214 998 3358 1069; x_wconf 91' lang='lat' dir='ltr'><strong>quod</strong></span> <span class='ocrx_word' id='word_1_199' title='bbox 3398 1012 3537 1069; x_wconf 68' lang='lat' dir='ltr'><strong>pra:-</strong></span> 
     </span>
    </p>
   </div>
   <div class='ocr_carea' id='block_1_25' title="bbox 1934 1090 3535 1164">
    <p class='ocr_par' dir='ltr' id='par_1_25' title="bbox 1934 1090 3535 1164">
     <span class='ocr_line' id='line_1_25' title="bbox 1934 1090 3535 1164; baseline -0.001 -16"><span class='ocrx_word' id='word_1_200' title='bbox 1934 1090 2098 1148; x_wconf 88' lang='lat' dir='ltr'><strong>stitit?</strong></span> <span class='ocrx_word' id='word_1_201' title='bbox 2112 1092 2252 1164; x_wconf 88' lang='lat' dir='ltr'><strong>quod</strong></span> <span class='ocrx_word' id='word_1_202' title='bbox 2271 1093 2451 1148; x_wconf 85' lang='lat' dir='ltr'><strong>omnia</strong></span> <span class='ocrx_word' id='word_1_203' title='bbox 2474 1092 2704 1164; x_wconf 79' lang='lat' dir='ltr'><strong>subjecit</strong></span> <span class='ocrx_word' id='word_1_204' title='bbox 2724 1092 2951 1164; x_wconf 86' lang='lat' dir='ltr'><strong>pedibus</strong></span> <span class='ocrx_word' id='word_1_205' title='bbox 2972 1091 3112 1163; x_wconf 86' lang='lat' dir='ltr'><strong>ejus,</strong></span> <span class='ocrx_word' id='word_1_206' title='bbox 3126 1091 3340 1162; x_wconf 91' lang='lat' dir='ltr'><strong>etquod</strong></span> <span class='ocrx_word' id='word_1_207' title='bbox 3359 1092 3535 1161; x_wconf 88' lang='lat' dir='ltr'><strong>ipsum</strong></span> 
     </span>
    </p>
   </div>
   <div class='ocr_carea' id='block_1_26' title="bbox 1933 1184 3538 1257">
    <p class='ocr_par' dir='ltr' id='par_1_26' title="bbox 1933 1184 3538 1257">
     <span class='ocr_line' id='line_1_26' title="bbox 1933 1184 3538 1257; baseline -0.001 -15"><span class='ocrx_word' id='word_1_208' title='bbox 1933 1185 2082 1242; x_wconf 84' lang='lat' dir='ltr'><strong>dedit</strong></span> <span class='ocrx_word' id='word_1_209' title='bbox 2107 1195 2266 1256; x_wconf 90' lang='lat' dir='ltr'><strong>caput</strong></span> <span class='ocrx_word' id='word_1_210' title='bbox 2295 1202 2416 1243; x_wconf 90' lang='lat' dir='ltr'><strong>esse</strong></span> <span class='ocrx_word' id='word_1_211' title='bbox 2441 1201 2602 1257; x_wconf 87' lang='lat' dir='ltr'><strong>supra</strong></span> <span class='ocrx_word' id='word_1_212' title='bbox 2625 1201 2846 1242; x_wconf 88' lang='lat' dir='ltr'><strong>omnem</strong></span> <span class='ocrx_word' id='word_1_213' title='bbox 2878 1185 3209 1242; x_wconf 89' lang='lat' dir='ltr'><strong>Ecclesiam:</strong></span> <span class='ocrx_word' id='word_1_214' title='bbox 3235 1200 3395 1256; x_wconf 89' lang='lat' dir='ltr'><strong>quam</strong></span> <span class='ocrx_word' id='word_1_215' title='bbox 3418 1184 3538 1256; x_wconf 89' lang='lat' dir='ltr'><strong>qui-</strong></span> 
     </span>
    </p>
   </div>
   <div class='ocr_carea' id='block_1_27' title="bbox 1933 1281 3537 1355">
    <p class='ocr_par' dir='ltr' id='par_1_27' title="bbox 1933 1281 3537 1355">
     <span class='ocr_line' id='line_1_27' title="bbox 1933 1281 3537 1355; baseline 0 -16"><span class='ocrx_word' id='word_1_216' title='bbox 1933 1281 2055 1339; x_wconf 91' lang='lat' dir='ltr'><strong>dem</strong></span> <span class='ocrx_word' id='word_1_217' title='bbox 2101 1281 2314 1349; x_wconf 80' lang='lat' dir='ltr'><strong>deﬂuit,</strong></span> <span class='ocrx_word' id='word_1_218' title='bbox 2360 1292 2419 1339; x_wconf 91' lang='lat' dir='ltr'><strong>ut</strong></span> <span class='ocrx_word' id='word_1_219' title='bbox 2455 1282 2817 1355; x_wconf 80' lang='lat' dir='ltr'><strong>intelligamus</strong></span> <span class='ocrx_word' id='word_1_220' title='bbox 2846 1282 2973 1354; x_wconf 90' lang='lat' dir='ltr'><strong>quid</strong></span> <span class='ocrx_word' id='word_1_221' title='bbox 3017 1283 3087 1339; x_wconf 87' lang='lat' dir='ltr'><strong>sit</strong></span> <span class='ocrx_word' id='word_1_222' title='bbox 3125 1282 3373 1340; x_wconf 75' lang='lat' dir='ltr'><strong>Ecclesia</strong></span> <span class='ocrx_word' id='word_1_223' title='bbox 3415 1297 3537 1352; x_wconf 74' lang='lat' dir='ltr'><strong>qua:</strong></span> 
     </span>
    </p>
   </div>
   <div class='ocr_carea' id='block_1_28' title="bbox 1932 1375 3539 1448">
    <p class='ocr_par' dir='ltr' id='par_1_28' title="bbox 1932 1375 3539 1448">
     <span class='ocr_line' id='line_1_28' title="bbox 1932 1375 3539 1448; baseline 0.001 -18"><span class='ocrx_word' id='word_1_224' title='bbox 1932 1389 2128 1445; x_wconf 89' lang='lat' dir='ltr'><strong>corpus</strong></span> <span class='ocrx_word' id='word_1_225' title='bbox 2171 1384 2256 1432; x_wconf 89' lang='lat' dir='ltr'><strong>est</strong></span> <span class='ocrx_word' id='word_1_226' title='bbox 2300 1375 2472 1443; x_wconf 91' lang='lat' dir='ltr'><strong>illius;</strong></span> <span class='ocrx_word' id='word_1_227' title='bbox 2514 1375 2566 1432; x_wconf 87' lang='lat' dir='ltr'><strong>id</strong></span> <span class='ocrx_word' id='word_1_228' title='bbox 2615 1385 2700 1432; x_wconf 87' lang='lat' dir='ltr'><strong>est</strong></span> <span class='ocrx_word' id='word_1_229' title='bbox 2748 1392 2867 1448; x_wconf 74' lang='lat' dir='ltr'><strong>qua:</strong></span> <span class='ocrx_word' id='word_1_230' title='bbox 2908 1376 3150 1432; x_wconf 87' lang='lat' dir='ltr'><strong>membra</strong></span> <span class='ocrx_word' id='word_1_231' title='bbox 3196 1375 3375 1431; x_wconf 86' lang='lat' dir='ltr'><strong>omnia</strong></span> <span class='ocrx_word' id='word_1_232' title='bbox 3411 1383 3539 1431; x_wconf 89' lang='lat' dir='ltr'><strong>sunt</strong></span> 
     </span>
    </p>
   </div>
   <div class='ocr_carea' id='block_1_29' title="bbox 1932 1464 3536 1542">
    <p class='ocr_par' dir='ltr' id='par_1_29' title="bbox 1932 1464 3536 1542">
     <span class='ocr_line' id='line_1_29' title="bbox 1932 1464 3536 1542; baseline 0.002 -21"><span class='ocrx_word' id='word_1_233' title='bbox 1932 1464 2155 1535; x_wconf 76' lang='lat' dir='ltr'><strong>Chrisﬁ,</strong></span> <span class='ocrx_word' id='word_1_234' title='bbox 2203 1468 2444 1524; x_wconf 85' lang='lat' dir='ltr'><strong>Ecclesia</strong></span> <span class='ocrx_word' id='word_1_235' title='bbox 2485 1478 2597 1535; x_wconf 90' lang='lat' dir='ltr'><strong>est;</strong></span> <span class='ocrx_word' id='word_1_236' title='bbox 2636 1468 2758 1540; x_wconf 88' lang='lat' dir='ltr'><strong>quia</strong></span> <span class='ocrx_word' id='word_1_237' title='bbox 2798 1468 2912 1541; x_wconf 87' lang='lat' dir='ltr'><strong>ipsa</strong></span> <span class='ocrx_word' id='word_1_238' title='bbox 2959 1467 3224 1541; x_wconf 83' lang='lat' dir='ltr'><strong>plenitudo</strong></span> <span class='ocrx_word' id='word_1_239' title='bbox 3264 1471 3399 1542; x_wconf 79' lang='lat' dir='ltr'><strong>ejus,</strong></span> <span class='ocrx_word' id='word_1_240' title='bbox 3444 1469 3536 1540; x_wconf 89' lang='lat' dir='ltr'><strong>qui</strong></span> 
     </span>
    </p>
   </div>
   <div class='ocr_carea' id='block_1_30' title="bbox 1932 1561 2860 1633">
    <p class='ocr_par' dir='ltr' id='par_1_30' title="bbox 1932 1561 2860 1633">
     <span class='ocr_line' id='line_1_30' title="bbox 1932 1561 2860 1633; baseline -0.001 -16"><span class='ocrx_word' id='word_1_241' title='bbox 1932 1561 2114 1617; x_wconf 87' lang='lat' dir='ltr'><strong>omnia</strong></span> <span class='ocrx_word' id='word_1_242' title='bbox 2147 1562 2200 1616; x_wconf 91' lang='lat' dir='ltr'><strong>in</strong></span> <span class='ocrx_word' id='word_1_243' title='bbox 2231 1562 2484 1618; x_wconf 88' lang='lat' dir='ltr'><strong>omnibus</strong></span> <span class='ocrx_word' id='word_1_244' title='bbox 2512 1561 2860 1633; x_wconf 86' lang='lat' dir='ltr'><strong>adimpletur.</strong></span> 
     </span>
    </p>
   </div>
   <div class='ocr_carea' id='block_1_31' title="bbox 2010 1652 3540 1725">
    <p class='ocr_par' dir='ltr' id='par_1_31' title="bbox 2010 1652 3540 1725">
     <span class='ocr_line' id='line_1_31' title="bbox 2010 1652 3540 1725; baseline 0.001 -18"><span class='ocrx_word' id='word_1_245' title='bbox 2010 1652 2133 1708; x_wconf 73' lang='lat' dir='ltr'><strong>lltec</strong></span> <span class='ocrx_word' id='word_1_246' title='bbox 2173 1668 2303 1724; x_wconf 88' lang='lat' dir='ltr'><strong>ergo</strong></span> <span class='ocrx_word' id='word_1_247' title='bbox 2327 1668 2448 1709; x_wconf 91' lang='lat' dir='ltr'><strong>cum</strong></span> <span class='ocrx_word' id='word_1_248' title='bbox 2478 1653 2792 1725; x_wconf 74' lang='lat' dir='ltr'><strong>prmstiterit</strong></span> <span class='ocrx_word' id='word_1_249' title='bbox 2821 1654 2962 1710; x_wconf 84' lang='lat' dir='ltr'><strong>Deus</strong></span> <span class='ocrx_word' id='word_1_250' title='bbox 2993 1662 3143 1709; x_wconf 89' lang='lat' dir='ltr'><strong>tanta</strong></span> <span class='ocrx_word' id='word_1_251' title='bbox 3185 1663 3239 1710; x_wconf 92' lang='lat' dir='ltr'><strong>et</strong></span> <span class='ocrx_word' id='word_1_252' title='bbox 3279 1663 3388 1710; x_wconf 90' lang='lat' dir='ltr'><strong>tam</strong></span> <span class='ocrx_word' id='word_1_253' title='bbox 3426 1668 3540 1709; x_wconf 88' lang='lat' dir='ltr'><strong>ma-</strong></span> 
     </span>
    </p>
   </div>
   <div class='ocr_carea' id='block_1_32' title="bbox 1933 1746 3538 1821">
    <p class='ocr_par' dir='ltr' id='par_1_32' title="bbox 1933 1746 3538 1821">
     <span class='ocr_line' id='line_1_32' title="bbox 1933 1746 3538 1821; baseline 0.003 -20"><span class='ocrx_word' id='word_1_254' title='bbox 1933 1747 2124 1818; x_wconf 82' lang='lat' dir='ltr'><strong>gniﬁca</strong></span> <span class='ocrx_word' id='word_1_255' title='bbox 2151 1746 2389 1816; x_wconf 87' lang='lat' dir='ltr'><strong>Christo,</strong></span> <span class='ocrx_word' id='word_1_256' title='bbox 2437 1760 2488 1804; x_wconf 90' lang='lat' dir='ltr'><strong>et</strong></span> <span class='ocrx_word' id='word_1_257' title='bbox 2535 1748 2842 1821; x_wconf 83' lang='lat' dir='ltr'><strong>impleverit</strong></span> <span class='ocrx_word' id='word_1_258' title='bbox 2876 1748 3017 1806; x_wconf 89' lang='lat' dir='ltr'><strong>circa</strong></span> <span class='ocrx_word' id='word_1_259' title='bbox 3061 1748 3335 1809; x_wconf 80' lang='lat' dir='ltr'><strong>Chcistum</strong></span> <span class='ocrx_word' id='word_1_260' title='bbox 3377 1766 3538 1821; x_wconf 89' lang='lat' dir='ltr'><strong>quem</strong></span> 
     </span>
    </p>
   </div>
   <div class='ocr_carea' id='block_1_33' title="bbox 228 1836 3541 1917">
    <p class='ocr_par' dir='ltr' id='par_1_33' title="bbox 228 1836 3541 1917">
     <span class='ocr_line' id='line_1_33' title="bbox 228 1836 3541 1917; baseline 0.002 -20"><span class='ocrx_word' id='word_1_261' title='bbox 228 1840 362 1897; x_wconf 90' lang='lat' dir='ltr'><strong>item</strong></span> <span class='ocrx_word' id='word_1_262' title='bbox 412 1850 469 1895; x_wconf 89' lang='lat' dir='ltr'><strong>ut</strong></span> <span class='ocrx_word' id='word_1_263' title='bbox 505 1839 688 1896; x_wconf 78' lang='lat' dir='ltr'><strong>sciatis</strong></span> <span class='ocrx_word' id='word_1_264' title='bbox 737 1854 855 1910; x_wconf 72' lang='lat' dir='ltr'><strong>qua:</strong></span> <span class='ocrx_word' id='word_1_265' title='bbox 908 1838 981 1894; x_wconf 71' lang='lat' dir='ltr'><strong>sit</strong></span> <span class='ocrx_word' id='word_1_266' title='bbox 1007 1836 1331 1894; x_wconf 70' lang='lat' dir='ltr'><strong>sublimitas.</strong></span> <span class='ocrx_word' id='word_1_267' title='bbox 1389 1837 1625 1908; x_wconf 70' lang='lat' dir='ltr'><strong>Exponit</strong></span> <span class='ocrx_word' id='word_1_268' title='bbox 1664 1837 1832 1908; x_wconf 71' lang='lat' dir='ltr'><strong>ipsum</strong></span> <span class='ocrx_word' id='word_1_269' title='bbox 1864 1839 1913 1900; x_wconf 91' lang='lat' dir='ltr'><strong>B</strong></span> <span class='ocrx_word' id='word_1_270' title='bbox 1942 1843 2302 1910; x_wconf 87' lang='lat' dir='ltr'><strong>resuscitavit,</strong></span> <span class='ocrx_word' id='word_1_271' title='bbox 2335 1858 2525 1915; x_wconf 82' lang='lat' dir='ltr'><strong>magna</strong></span> <span class='ocrx_word' id='word_1_272' title='bbox 2572 1844 2758 1916; x_wconf 86' lang='lat' dir='ltr'><strong>utique</strong></span> <span class='ocrx_word' id='word_1_273' title='bbox 2787 1845 3031 1917; x_wconf 87' lang='lat' dir='ltr'><strong>operatio</strong></span> <span class='ocrx_word' id='word_1_274' title='bbox 3061 1845 3343 1916; x_wconf 86' lang='lat' dir='ltr'><strong>potestatis</strong></span> <span class='ocrx_word' id='word_1_275' title='bbox 3372 1846 3541 1902; x_wconf 89' lang='lat' dir='ltr'><strong>virtu-</strong></span> 
     </span>
    </p>
   </div>
   <div class='ocr_carea' id='block_1_34' title="bbox 228 1932 1832 2004">
    <p class='ocr_par' dir='ltr' id='par_1_34' title="bbox 228 1932 1832 2004">
     <span class='ocr_line' id='line_1_34' title="bbox 228 1932 1832 2004; baseline -0.005 -10"><span class='ocrx_word' id='word_1_276' title='bbox 228 1936 616 1994; x_wconf 90' lang='lat' dir='ltr'><strong>sublimitatem</strong></span> <span class='ocrx_word' id='word_1_277' title='bbox 646 1953 660 1990; x_wconf 88' lang='lat'><strong>:</strong></span> <span class='ocrx_word' id='word_1_278' title='bbox 693 1933 1082 2004; x_wconf 83' lang='lat' dir='ltr'><strong>magnitudinis,</strong></span> <span class='ocrx_word' id='word_1_279' title='bbox 1115 1933 1305 2004; x_wconf 87' lang='lat' dir='ltr'><strong>inquit.</strong></span> <span class='ocrx_word' id='word_1_280' title='bbox 1329 1932 1434 1990; x_wconf 90' lang='lat' dir='ltr'><strong>Sed</strong></span> <span class='ocrx_word' id='word_1_281' title='bbox 1459 1950 1579 2004; x_wconf 84' lang='lat' dir='ltr'><strong>qu:e</strong></span> <span class='ocrx_word' id='word_1_282' title='bbox 1609 1940 1695 1989; x_wconf 84' lang='lat' dir='ltr'><strong>est</strong></span> <span class='ocrx_word' id='word_1_283' title='bbox 1734 1933 1832 1987; x_wconf 90' lang='lat' dir='ltr'><strong>ista</strong></span> 
     </span>
    </p>
   </div>
   <div class='ocr_carea' id='block_1_35' title="bbox 228 2026 1836 2102">
    <p class='ocr_par' dir='ltr' id='par_1_35' title="bbox 228 2026 1836 2102">
     <span class='ocr_line' id='line_1_35' title="bbox 228 2026 1836 2102; baseline -0.004 -14"><span class='ocrx_word' id='word_1_284' title='bbox 228 2029 585 2102; x_wconf 83' lang='lat' dir='ltr'><strong>magnitudo?</strong></span> <span class='ocrx_word' id='word_1_285' title='bbox 620 2029 819 2084; x_wconf 80' lang='lat' dir='ltr'><strong>virtutis</strong></span> <span class='ocrx_word' id='word_1_286' title='bbox 844 2028 1059 2100; x_wconf 84' lang='lat' dir='ltr'><strong>adjecit.</strong></span> <span class='ocrx_word' id='word_1_287' title='bbox 1088 2026 1222 2083; x_wconf 90' lang='lat' dir='ltr'><strong>Item</strong></span> <span class='ocrx_word' id='word_1_288' title='bbox 1259 2043 1377 2098; x_wconf 62' lang='lat' dir='ltr'><strong>quae</strong></span> <span class='ocrx_word' id='word_1_289' title='bbox 1404 2033 1490 2083; x_wconf 86' lang='lat' dir='ltr'><strong>est</strong></span> <span class='ocrx_word' id='word_1_290' title='bbox 1510 2028 1607 2081; x_wconf 91' lang='lat' dir='ltr'><strong>ista</strong></span> <span class='ocrx_word' id='word_1_291' title='bbox 1629 2026 1836 2081; x_wconf 85' lang='lat' dir='ltr'><strong>virtus?</strong></span> 
     </span>
    </p>
   </div>
   <div class='ocr_carea' id='block_1_36' title="bbox 227 2118 1830 2197">
    <p class='ocr_par' dir='ltr' id='par_1_36' title="bbox 227 2118 1830 2197">
     <span class='ocr_line' id='line_1_36' title="bbox 227 2118 1830 2197; baseline -0.004 -17"><span class='ocrx_word' id='word_1_292' title='bbox 227 2140 353 2197; x_wconf 59' lang='lat' dir='ltr'><strong>quae</strong></span> <span class='ocrx_word' id='word_1_293' title='bbox 382 2133 467 2180; x_wconf 90' lang='lat' dir='ltr'><strong>est</strong></span> <span class='ocrx_word' id='word_1_294' title='bbox 518 2124 570 2178; x_wconf 90' lang='lat' dir='ltr'><strong>in</strong></span> <span class='ocrx_word' id='word_1_295' title='bbox 601 2121 774 2188; x_wconf 82' lang='lat' dir='ltr'><strong>vobis,</strong></span> <span class='ocrx_word' id='word_1_296' title='bbox 802 2131 894 2178; x_wconf 90' lang='lat' dir='ltr'><strong>aut</strong></span> <span class='ocrx_word' id='word_1_297' title='bbox 939 2122 990 2176; x_wconf 94' lang='lat' dir='ltr'><strong>in</strong></span> <span class='ocrx_word' id='word_1_298' title='bbox 1022 2137 1140 2188; x_wconf 88' lang='lat' dir='ltr'><strong>vos,</strong></span> <span class='ocrx_word' id='word_1_299' title='bbox 1169 2119 1315 2192; x_wconf 88' lang='lat' dir='ltr'><strong>quod</strong></span> <span class='ocrx_word' id='word_1_300' title='bbox 1345 2118 1501 2175; x_wconf 79' lang='lat' dir='ltr'><strong>Vobis</strong></span> <span class='ocrx_word' id='word_1_301' title='bbox 1528 2119 1671 2174; x_wconf 88' lang='lat' dir='ltr'><strong>illam</strong></span> <span class='ocrx_word' id='word_1_302' title='bbox 1702 2133 1830 2189; x_wconf 72' lang='lat' dir='ltr'><strong>pra:-</strong></span> 
     </span>
    </p>
   </div>
   <div class='ocr_carea' id='block_1_37' title="bbox 229 2213 1835 2293">
    <p class='ocr_par' dir='ltr' id='par_1_37' title="bbox 229 2213 1835 2293">
     <span class='ocr_line' id='line_1_37' title="bbox 229 2213 1835 2293; baseline -0.004 -19"><span class='ocrx_word' id='word_1_303' title='bbox 229 2226 362 2275; x_wconf 82' lang='lat' dir='ltr'><strong>stat.</strong></span> <span class='ocrx_word' id='word_1_304' title='bbox 389 2216 521 2286; x_wconf 66' lang='lat' dir='ltr'><strong>Quae</strong></span> <span class='ocrx_word' id='word_1_305' title='bbox 547 2228 631 2273; x_wconf 91' lang='lat' dir='ltr'><strong>est</strong></span> <span class='ocrx_word' id='word_1_306' title='bbox 658 2229 836 2271; x_wconf 83' lang='lat' dir='ltr'><strong>autem</strong></span> <span class='ocrx_word' id='word_1_307' title='bbox 872 2215 988 2287; x_wconf 89' lang='lat' dir='ltr'><strong>ipsa</strong></span> <span class='ocrx_word' id='word_1_308' title='bbox 1015 2215 1187 2293; x_wconf 82' lang='lat' dir='ltr'><strong>virtus</strong></span> <span class='ocrx_word' id='word_1_309' title='bbox 1220 2229 1379 2286; x_wconf 91' lang='lat' dir='ltr'><strong>quam</strong></span> <span class='ocrx_word' id='word_1_310' title='bbox 1402 2214 1556 2271; x_wconf 83' lang='lat' dir='ltr'><strong>vobis</strong></span> <span class='ocrx_word' id='word_1_311' title='bbox 1580 2213 1835 2284; x_wconf 57' lang='lat' dir='ltr'><strong>prastat?</strong></span> 
     </span>
    </p>
   </div>
   <div class='ocr_carea' id='block_1_38' title="bbox 227 2306 1835 2379">
    <p class='ocr_par' dir='ltr' id='par_1_38' title="bbox 227 2306 1835 2379">
     <span class='ocr_line' id='line_1_38' title="bbox 227 2306 1835 2379; baseline -0.005 -9"><span class='ocrx_word' id='word_1_312' title='bbox 227 2323 295 2370; x_wconf 92' lang='lat' dir='ltr'><strong>ut</strong></span> <span class='ocrx_word' id='word_1_313' title='bbox 321 2311 556 2369; x_wconf 87' lang='lat' dir='ltr'><strong>credatis</strong></span> <span class='ocrx_word' id='word_1_314' title='bbox 575 2312 626 2367; x_wconf 92' lang='lat' dir='ltr'><strong>in</strong></span> <span class='ocrx_word' id='word_1_315' title='bbox 655 2327 781 2367; x_wconf 92' lang='lat' dir='ltr'><strong>cum</strong></span> <span class='ocrx_word' id='word_1_316' title='bbox 805 2319 861 2367; x_wconf 89' lang='lat' dir='ltr'><strong>et</strong></span> <span class='ocrx_word' id='word_1_317' title='bbox 885 2309 1122 2366; x_wconf 85' lang='lat' dir='ltr'><strong>credatis</strong></span> <span class='ocrx_word' id='word_1_318' title='bbox 1141 2307 1436 2364; x_wconf 86' lang='lat' dir='ltr'><strong>secundum</strong></span> <span class='ocrx_word' id='word_1_319' title='bbox 1464 2306 1835 2379; x_wconf 88' lang='lat' dir='ltr'><strong>operationem</strong></span> 
     </span>
    </p>
   </div>
   <div class='ocr_carea' id='block_1_39' title="bbox 226 2401 1838 2478">
    <p class='ocr_par' dir='ltr' id='par_1_39' title="bbox 226 2401 1838 2478">
     <span class='ocr_line' id='line_1_39' title="bbox 226 2401 1838 2478; baseline -0.002 -19"><span class='ocrx_word' id='word_1_320' title='bbox 226 2404 516 2478; x_wconf 85' lang='lat' dir='ltr'><strong>potestatis</strong></span> <span class='ocrx_word' id='word_1_321' title='bbox 541 2404 757 2461; x_wconf 91' lang='lat' dir='ltr'><strong>virtutis</strong></span> <span class='ocrx_word' id='word_1_322' title='bbox 783 2404 923 2474; x_wconf 88' lang='lat' dir='ltr'><strong>ejus.</strong></span> <span class='ocrx_word' id='word_1_323' title='bbox 956 2401 1120 2458; x_wconf 85' lang='lat' dir='ltr'><strong>Multa</strong></span> <span class='ocrx_word' id='word_1_324' title='bbox 1145 2412 1329 2458; x_wconf 91' lang='lat' dir='ltr'><strong>autem</strong></span> <span class='ocrx_word' id='word_1_325' title='bbox 1355 2401 1601 2472; x_wconf 89' lang='lat' dir='ltr'><strong>operatio</strong></span> <span class='ocrx_word' id='word_1_326' title='bbox 1623 2409 1708 2457; x_wconf 89' lang='lat' dir='ltr'><strong>est</strong></span> <span class='ocrx_word' id='word_1_327' title='bbox 1727 2401 1838 2456; x_wconf 90' lang='lat' dir='ltr'><strong>vir-</strong></span> 
     </span>
    </p>
   </div>
   <div class='ocr_carea' id='block_1_40' title="bbox 226 2492 1829 2569">
    <p class='ocr_par' dir='ltr' id='par_1_40' title="bbox 226 2492 1829 2569">
     <span class='ocr_line' id='line_1_40' title="bbox 226 2492 1829 2569; baseline -0.006 -13"><span class='ocrx_word' id='word_1_328' title='bbox 226 2499 365 2556; x_wconf 80' lang='lat' dir='ltr'><strong>tutis</strong></span> <span class='ocrx_word' id='word_1_329' title='bbox 393 2499 487 2555; x_wconf 87' lang='lat' dir='ltr'><strong>Dei</strong></span> <span class='ocrx_word' id='word_1_330' title='bbox 515 2514 528 2552; x_wconf 89' lang='lat'><strong>:</strong></span> <span class='ocrx_word' id='word_1_331' title='bbox 562 2498 763 2555; x_wconf 88' lang='lat' dir='ltr'><strong>etenim</strong></span> <span class='ocrx_word' id='word_1_332' title='bbox 794 2494 1054 2569; x_wconf 88' lang='lat' dir='ltr'><strong>quidquid</strong></span> <span class='ocrx_word' id='word_1_333' title='bbox 1083 2510 1180 2566; x_wconf 91' lang='lat' dir='ltr'><strong>per</strong></span> <span class='ocrx_word' id='word_1_334' title='bbox 1203 2493 1479 2551; x_wconf 72' lang='lat' dir='ltr'><strong>Christum</strong></span> <span class='ocrx_word' id='word_1_335' title='bbox 1503 2492 1703 2549; x_wconf 85' lang='lat' dir='ltr'><strong>factum</strong></span> <span class='ocrx_word' id='word_1_336' title='bbox 1728 2501 1829 2559; x_wconf 88' lang='lat' dir='ltr'><strong>est,</strong></span> 
     </span>
    </p>
   </div>
   <div class='ocr_carea' id='block_1_41' title="bbox 226 2586 1839 2673">
    <p class='ocr_par' dir='ltr' id='par_1_41' title="bbox 226 2586 1839 2673">
     <span class='ocr_line' id='line_1_41' title="bbox 226 2586 1839 2673; baseline -0.005 -25"><span class='ocrx_word' id='word_1_337' title='bbox 226 2592 389 2673; x_wconf 83' lang='lat' dir='ltr'><strong>quasi</strong></span> <span class='ocrx_word' id='word_1_338' title='bbox 427 2591 671 2662; x_wconf 88' lang='lat' dir='ltr'><strong>operatio</strong></span> <span class='ocrx_word' id='word_1_339' title='bbox 700 2589 900 2646; x_wconf 85' lang='lat' dir='ltr'><strong>Christi</strong></span> <span class='ocrx_word' id='word_1_340' title='bbox 932 2597 1037 2655; x_wconf 86' lang='lat' dir='ltr'><strong>est,</strong></span> <span class='ocrx_word' id='word_1_341' title='bbox 1073 2596 1130 2644; x_wconf 92' lang='lat' dir='ltr'><strong>ut</strong></span> <span class='ocrx_word' id='word_1_342' title='bbox 1164 2586 1395 2643; x_wconf 90' lang='lat' dir='ltr'><strong>mundus</strong></span> <span class='ocrx_word' id='word_1_343' title='bbox 1428 2596 1482 2642; x_wconf 93' lang='lat' dir='ltr'><strong>et</strong></span> <span class='ocrx_word' id='word_1_344' title='bbox 1512 2587 1688 2641; x_wconf 86' lang='lat' dir='ltr'><strong>omnia</strong></span> <span class='ocrx_word' id='word_1_345' title='bbox 1716 2599 1839 2656; x_wconf 72' lang='lat' dir='ltr'><strong>qua:</strong></span> 
     </span>
    </p>
   </div>
   <div class='ocr_carea' id='block_1_42' title="bbox 228 2680 1838 2759">
    <p class='ocr_par' dir='ltr' id='par_1_42' title="bbox 228 2680 1838 2759">
     <span class='ocr_line' id='line_1_42' title="bbox 228 2680 1838 2759; baseline -0.006 -15"><span class='ocrx_word' id='word_1_346' title='bbox 228 2698 289 2744; x_wconf 87' lang='lat' dir='ltr'><strong>et</strong></span> <span class='ocrx_word' id='word_1_347' title='bbox 319 2702 418 2759; x_wconf 90' lang='lat' dir='ltr'><strong>per</strong></span> <span class='ocrx_word' id='word_1_348' title='bbox 443 2703 565 2743; x_wconf 86' lang='lat' dir='ltr'><strong>eum</strong></span> <span class='ocrx_word' id='word_1_349' title='bbox 593 2685 731 2742; x_wconf 81' lang='lat' dir='ltr'><strong>facta</strong></span> <span class='ocrx_word' id='word_1_350' title='bbox 753 2694 899 2743; x_wconf 90' lang='lat' dir='ltr'><strong>sunt.</strong></span> <span class='ocrx_word' id='word_1_351' title='bbox 930 2684 1133 2740; x_wconf 88' lang='lat' dir='ltr'><strong>Tamen</strong></span> <span class='ocrx_word' id='word_1_352' title='bbox 1158 2683 1402 2756; x_wconf 87' lang='lat' dir='ltr'><strong>operatio</strong></span> <span class='ocrx_word' id='word_1_353' title='bbox 1427 2680 1519 2737; x_wconf 89' lang='lat' dir='ltr'><strong>Dei</strong></span> <span class='ocrx_word' id='word_1_354' title='bbox 1543 2696 1667 2737; x_wconf 90' lang='lat' dir='ltr'><strong>vera</strong></span> <span class='ocrx_word' id='word_1_355' title='bbox 1693 2688 1838 2736; x_wconf 87' lang='lat' dir='ltr'><strong>certa</strong></span> 
     </span>
    </p>
   </div>
   <div class='ocr_carea' id='block_1_43' title="bbox 228 2773 1756 2852">
    <p class='ocr_par' dir='ltr' id='par_1_43' title="bbox 228 2773 1756 2852">
     <span class='ocr_line' id='line_1_43' title="bbox 228 2773 1756 2852; baseline -0.007 -15"><span class='ocrx_word' id='word_1_356' title='bbox 228 2780 505 2852; x_wconf 88' lang='lat' dir='ltr'><strong>simulque</strong></span> <span class='ocrx_word' id='word_1_357' title='bbox 534 2780 839 2852; x_wconf 81' lang='lat' dir='ltr'><strong>magniﬁca,</strong></span> <span class='ocrx_word' id='word_1_358' title='bbox 868 2795 1026 2850; x_wconf 90' lang='lat' dir='ltr'><strong>quam</strong></span> <span class='ocrx_word' id='word_1_359' title='bbox 1056 2787 1310 2848; x_wconf 84' lang='lat' dir='ltr'><strong>operatus</strong></span> <span class='ocrx_word' id='word_1_360' title='bbox 1330 2783 1417 2831; x_wconf 92' lang='lat' dir='ltr'><strong>est</strong></span> <span class='ocrx_word' id='word_1_361' title='bbox 1443 2776 1495 2829; x_wconf 93' lang='lat' dir='ltr'><strong>in</strong></span> <span class='ocrx_word' id='word_1_362' title='bbox 1517 2773 1756 2830; x_wconf 85' lang='lat' dir='ltr'><strong>Christo.</strong></span> 
     </span>
    </p>
   </div>
   <div class='ocr_carea' id='block_1_44' title="bbox 309 2868 1837 2947">
    <p class='ocr_par' dir='ltr' id='par_1_44' title="bbox 309 2868 1837 2947">
     <span class='ocr_line' id='line_1_44' title="bbox 309 2868 1837 2947; baseline -0.005 -15"><span class='ocrx_word' id='word_1_363' title='bbox 309 2875 597 2947; x_wconf 70' lang='lat' dir='ltr'><strong>Suhjuztgit</strong></span> <span class='ocrx_word' id='word_1_364' title='bbox 633 2885 815 2931; x_wconf 86' lang='lat' dir='ltr'><strong>autem</strong></span> <span class='ocrx_word' id='word_1_365' title='bbox 851 2890 972 2942; x_wconf 75' lang='lat' dir='ltr'><strong>qua:</strong></span> <span class='ocrx_word' id='word_1_366' title='bbox 1013 2872 1081 2927; x_wconf 88' lang='lat' dir='ltr'><strong>sit</strong></span> <span class='ocrx_word' id='word_1_367' title='bbox 1122 2871 1212 2926; x_wconf 88' lang='lat' dir='ltr'><strong>illa</strong></span> <span class='ocrx_word' id='word_1_368' title='bbox 1253 2869 1498 2940; x_wconf 81' lang='lat' dir='ltr'><strong>Operatio</strong></span> <span class='ocrx_word' id='word_1_369' title='bbox 1543 2868 1639 2924; x_wconf 91' lang='lat' dir='ltr'><strong>Dei</strong></span> <span class='ocrx_word' id='word_1_370' title='bbox 1676 2883 1837 2939; x_wconf 85' lang='lat' dir='ltr'><strong>quam</strong></span> 
     </span>
    </p>
   </div>
   <div class='ocr_carea' id='block_1_45' title="bbox 228 2962 1842 3043">
    <p class='ocr_par' dir='ltr' id='par_1_45' title="bbox 228 2962 1842 3043">
     <span class='ocr_line' id='line_1_45' title="bbox 228 2962 1842 3043; baseline -0.007 -15"><span class='ocrx_word' id='word_1_371' title='bbox 228 2980 492 3043; x_wconf 85' lang='lat' dir='ltr'><strong>operatus</strong></span> <span class='ocrx_word' id='word_1_372' title='bbox 520 2969 572 3025; x_wconf 90' lang='lat' dir='ltr'><strong>in</strong></span> <span class='ocrx_word' id='word_1_373' title='bbox 617 2967 836 3023; x_wconf 82' lang='lat' dir='ltr'><strong>Christo</strong></span> <span class='ocrx_word' id='word_1_374' title='bbox 875 2978 958 3022; x_wconf 90' lang='lat' dir='ltr'><strong>est</strong></span> <span class='ocrx_word' id='word_1_375' title='bbox 987 2965 1241 3021; x_wconf 79' lang='lat' dir='ltr'><strong>suscitans</strong></span> <span class='ocrx_word' id='word_1_376' title='bbox 1277 2963 1427 3018; x_wconf 89' lang='lat' dir='ltr'><strong>illum</strong></span> <span class='ocrx_word' id='word_1_377' title='bbox 1453 2979 1485 3017; x_wconf 89' lang='lat' dir='ltr'><strong>a</strong></span> <span class='ocrx_word' id='word_1_378' title='bbox 1515 2962 1750 3030; x_wconf 77' lang='lat' dir='ltr'><strong>mortuis,</strong></span> <span class='ocrx_word' id='word_1_379' title='bbox 1793 2969 1842 3017; x_wconf 91' lang='lat' dir='ltr'><strong>et</strong></span> 
     </span>
    </p>
   </div>
   <div class='ocr_carea' id='block_1_46' title="bbox 232 3060 1413 3131">
    <p class='ocr_par' dir='ltr' id='par_1_46' title="bbox 232 3060 1413 3131">
     <span class='ocr_line' id='line_1_46' title="bbox 232 3060 1413 3131; baseline -0.006 -9"><span class='ocrx_word' id='word_1_380' title='bbox 232 3065 548 3122; x_wconf 77' lang='lat' dir='ltr'><strong>constituens</strong></span> <span class='ocrx_word' id='word_1_381' title='bbox 576 3062 726 3119; x_wconf 88' lang='lat' dir='ltr'><strong>illum</strong></span> <span class='ocrx_word' id='word_1_382' title='bbox 756 3063 809 3118; x_wconf 91' lang='lat' dir='ltr'><strong>in</strong></span> <span class='ocrx_word' id='word_1_383' title='bbox 835 3062 1048 3119; x_wconf 76' lang='lat' dir='ltr'><strong>dextera</strong></span> <span class='ocrx_word' id='word_1_384' title='bbox 1069 3063 1122 3116; x_wconf 90' lang='lat' dir='ltr'><strong>in</strong></span> <span class='ocrx_word' id='word_1_385' title='bbox 1149 3061 1287 3115; x_wconf 72' lang='lat' dir='ltr'><strong>caelis</strong></span> <span class='ocrx_word' id='word_1_386' title='bbox 1313 3060 1413 3131; x_wconf 78' lang='lat'><strong>(5).</strong></span> 
     </span>
    </p>
   </div>
   <div class='ocr_carea' id='block_1_47' title="bbox 310 3152 1849 3226">
    <p class='ocr_par' dir='ltr' id='par_1_47' title="bbox 310 3152 1849 3226">
     <span class='ocr_line' id='line_1_47' title="bbox 310 3152 1849 3226; baseline -0.007 -9"><span class='ocrx_word' id='word_1_387' title='bbox 310 3159 478 3217; x_wconf 75' lang='lat' dir='ltr'><strong>Vsus.</strong></span> <span class='ocrx_word' id='word_1_388' title='bbox 496 3158 559 3214; x_wconf 70' lang='lat'><strong>2|</strong></span> <span class='ocrx_word' id='word_1_389' title='bbox 575 3200 591 3226; x_wconf 93' lang='lat'><strong>,</strong></span> <span class='ocrx_word' id='word_1_390' title='bbox 606 3159 698 3221; x_wconf 68' lang='grc'><strong>22.</strong></span> <span class='ocrx_word' id='word_1_391' title='bbox 713 3158 805 3215; x_wconf 77' lang='grc'><strong>25.</strong></span> <span class='ocrx_word' id='word_1_392' title='bbox 820 3187 893 3201; x_wconf 92' lang='grc'><strong>-</strong></span> <span class='ocrx_word' id='word_1_393' title='bbox 906 3156 1082 3226; x_wconf 81' lang='lat' dir='ltr'><strong>Supra</strong></span> <span class='ocrx_word' id='word_1_394' title='bbox 1102 3172 1301 3211; x_wconf 85' lang='lat' dir='ltr'><strong>omnem</strong></span> <span class='ocrx_word' id='word_1_395' title='bbox 1321 3152 1672 3226; x_wconf 83' lang='lat' dir='ltr'><strong>principatum</strong></span> <span class='ocrx_word' id='word_1_396' title='bbox 1690 3160 1738 3207; x_wconf 88' lang='lat' dir='ltr'><strong>et</strong></span> <span class='ocrx_word' id='word_1_397' title='bbox 1758 3158 1849 3226; x_wconf 52' lang='lat' dir='ltr'><strong>p04</strong></span> 
     </span>
    </p>
   </div>
   <div class='ocr_carea' id='block_1_48' title="bbox 1939 1935 3544 2009">
    <p class='ocr_par' dir='ltr' id='par_1_48' title="bbox 1939 1935 3544 2009">
     <span class='ocr_line' id='line_1_48' title="bbox 1939 1935 3544 2009; baseline 0.004 -21"><span class='ocrx_word' id='word_1_398' title='bbox 1939 1935 2005 1990; x_wconf 91' lang='lat' dir='ltr'><strong>tis</strong></span> <span class='ocrx_word' id='word_1_399' title='bbox 2033 1935 2150 2003; x_wconf 89' lang='lat' dir='ltr'><strong>ejus</strong></span> <span class='ocrx_word' id='word_1_400' title='bbox 2178 1944 2281 2002; x_wconf 77' lang='lat' dir='ltr'><strong>est,</strong></span> <span class='ocrx_word' id='word_1_401' title='bbox 2308 1951 2469 2008; x_wconf 90' lang='lat' dir='ltr'><strong>quam</strong></span> <span class='ocrx_word' id='word_1_402' title='bbox 2504 1936 2587 2009; x_wconf 85' lang='lat' dir='ltr'><strong>(l)</strong></span> <span class='ocrx_word' id='word_1_403' title='bbox 2631 1948 2715 1994; x_wconf 90' lang='lat' dir='ltr'><strong>est</strong></span> <span class='ocrx_word' id='word_1_404' title='bbox 2757 1947 3010 2008; x_wconf 89' lang='lat' dir='ltr'><strong>operatus</strong></span> <span class='ocrx_word' id='word_1_405' title='bbox 3037 1938 3088 1992; x_wconf 92' lang='lat' dir='ltr'><strong>iu</strong></span> <span class='ocrx_word' id='word_1_406' title='bbox 3129 1937 3368 1995; x_wconf 88' lang='lat' dir='ltr'><strong>Christo.</strong></span> <span class='ocrx_word' id='word_1_407' title='bbox 3395 1937 3544 2008; x_wconf 81' lang='lat' dir='ltr'><strong>Quo-</strong></span> 
     </span>
    </p>
   </div>
   <div class='ocr_carea' id='block_1_49' title="bbox 1939 2028 3544 2099">
    <p class='ocr_par' dir='ltr' id='par_1_49' title="bbox 1939 2028 3544 2099">
     <span class='ocr_line' id='line_1_49' title="bbox 1939 2028 3544 2099; baseline 0.004 -18"><span class='ocrx_word' id='word_1_408' title='bbox 1939 2028 2082 2083; x_wconf 90' lang='lat' dir='ltr'><strong>niam</strong></span> <span class='ocrx_word' id='word_1_409' title='bbox 2111 2044 2302 2085; x_wconf 91' lang='lat' dir='ltr'><strong>sensus</strong></span> <span class='ocrx_word' id='word_1_410' title='bbox 2332 2040 2576 2099; x_wconf 86' lang='lat' dir='ltr'><strong>apparet,</strong></span> <span class='ocrx_word' id='word_1_411' title='bbox 2618 2039 2673 2086; x_wconf 88' lang='lat' dir='ltr'><strong>et</strong></span> <span class='ocrx_word' id='word_1_412' title='bbox 2702 2045 2909 2086; x_wconf 90' lang='lat' dir='ltr'><strong>summa</strong></span> <span class='ocrx_word' id='word_1_413' title='bbox 2940 2030 3215 2098; x_wconf 88' lang='lat' dir='ltr'><strong>dictionis,</strong></span> <span class='ocrx_word' id='word_1_414' title='bbox 3258 2045 3403 2087; x_wconf 89' lang='lat' dir='ltr'><strong>nunc</strong></span> <span class='ocrx_word' id='word_1_415' title='bbox 3430 2031 3544 2087; x_wconf 86' lang='lat' dir='ltr'><strong>sin-</strong></span> 
     </span>
    </p>
   </div>
   <div class='ocr_carea' id='block_1_50' title="bbox 1936 2122 3541 2195">
    <p class='ocr_par' dir='ltr' id='par_1_50' title="bbox 1936 2122 3541 2195">
     <span class='ocr_line' id='line_1_50' title="bbox 1936 2122 3541 2195; baseline 0.002 -19"><span class='ocrx_word' id='word_1_416' title='bbox 1936 2122 2059 2194; x_wconf 88' lang='lat' dir='ltr'><strong>gula</strong></span> <span class='ocrx_word' id='word_1_417' title='bbox 2112 2132 2487 2179; x_wconf 86' lang='lat' dir='ltr'><strong>retractemus.</strong></span> <span class='ocrx_word' id='word_1_418' title='bbox 2536 2123 2806 2179; x_wconf 85' lang='lat' dir='ltr'><strong>Suscitans</strong></span> <span class='ocrx_word' id='word_1_419' title='bbox 2849 2124 3002 2179; x_wconf 81' lang='lat' dir='ltr'><strong>illaut</strong></span> <span class='ocrx_word' id='word_1_420' title='bbox 3055 2142 3088 2179; x_wconf 92' lang='lat' dir='ltr'><strong>a</strong></span> <span class='ocrx_word' id='word_1_421' title='bbox 3134 2124 3348 2180; x_wconf 87' lang='lat' dir='ltr'><strong>mortuis</strong></span> <span class='ocrx_word' id='word_1_422' title='bbox 3397 2123 3541 2195; x_wconf 86' lang='lat' dir='ltr'><strong>quod</strong></span> 
     </span>
    </p>
   </div>
   <div class='ocr_carea' id='block_1_51' title="bbox 1937 2198 3540 2291">
    <p class='ocr_par' dir='ltr' id='par_1_51' title="bbox 1937 2198 3540 2291">
     <span class='ocr_line' id='line_1_51' title="bbox 1937 2198 3540 2291; baseline 0.002 -18"><span class='ocrx_word' id='word_1_423' title='bbox 1937 2217 2113 2290; x_wconf 87' lang='lat' dir='ltr'><strong>palam</strong></span> <span class='ocrx_word' id='word_1_424' title='bbox 2142 2228 2375 2288; x_wconf 82' lang='lat' dir='ltr'><strong>gestum,</strong></span> <span class='ocrx_word' id='word_1_425' title='bbox 2418 2198 2670 2291; x_wconf 73' lang='lat' dir='ltr'><strong>quodque</strong></span> <span class='ocrx_word' id='word_1_426' title='bbox 2690 2218 2942 2277; x_wconf 90' lang='lat' dir='ltr'><strong>omnibus</strong></span> <span class='ocrx_word' id='word_1_427' title='bbox 2987 2220 3309 2277; x_wconf 89' lang='lat' dir='ltr'><strong>testimoniis</strong></span> <span class='ocrx_word' id='word_1_428' title='bbox 3333 2220 3540 2276; x_wconf 90' lang='lat' dir='ltr'><strong>clarum</strong></span> 
     </span>
    </p>
   </div>
   <div class='ocr_carea' id='block_1_52' title="bbox 1938 2311 3541 2386">
    <p class='ocr_par' dir='ltr' id='par_1_52' title="bbox 1938 2311 3541 2386">
     <span class='ocr_line' id='line_1_52' title="bbox 1938 2311 3541 2386; baseline 0.001 -18"><span class='ocrx_word' id='word_1_429' title='bbox 1938 2320 2043 2378; x_wconf 90' lang='lat' dir='ltr'><strong>est,</strong></span> <span class='ocrx_word' id='word_1_430' title='bbox 2091 2312 2231 2368; x_wconf 88' lang='lat' dir='ltr'><strong>Deus</strong></span> <span class='ocrx_word' id='word_1_431' title='bbox 2274 2311 2546 2369; x_wconf 88' lang='lat' dir='ltr'><strong>Christum</strong></span> <span class='ocrx_word' id='word_1_432' title='bbox 2577 2311 2783 2381; x_wconf 86' lang='lat' dir='ltr'><strong>Jesum,</strong></span> <span class='ocrx_word' id='word_1_433' title='bbox 2830 2316 2918 2386; x_wconf 91' lang='lat' dir='ltr'><strong>qui</strong></span> <span class='ocrx_word' id='word_1_434' title='bbox 2951 2314 3128 2369; x_wconf 80' lang='lat' dir='ltr'><strong>fuitin</strong></span> <span class='ocrx_word' id='word_1_435' title='bbox 3172 2329 3358 2382; x_wconf 89' lang='lat' dir='ltr'><strong>carne,</strong></span> <span class='ocrx_word' id='word_1_436' title='bbox 3391 2329 3541 2370; x_wconf 89' lang='lat' dir='ltr'><strong>mor-</strong></span> 
     </span>
    </p>
   </div>
   <div class='ocr_carea' id='block_1_53' title="bbox 1941 2405 3543 2464">
    <p class='ocr_par' dir='ltr' id='par_1_53' title="bbox 1941 2405 3543 2464">
     <span class='ocr_line' id='line_1_53' title="bbox 1941 2405 3543 2464; baseline 0.003 -6"><span class='ocrx_word' id='word_1_437' title='bbox 1941 2414 2088 2460; x_wconf 90' lang='lat' dir='ltr'><strong>tuum</strong></span> <span class='ocrx_word' id='word_1_438' title='bbox 2115 2406 2250 2460; x_wconf 91' lang='lat' dir='ltr'><strong>etin</strong></span> <span class='ocrx_word' id='word_1_439' title='bbox 2296 2420 2457 2462; x_wconf 92' lang='lat' dir='ltr'><strong>cruce</strong></span> <span class='ocrx_word' id='word_1_440' title='bbox 2502 2405 2770 2462; x_wconf 88' lang='lat' dir='ltr'><strong>sublatum</strong></span> <span class='ocrx_word' id='word_1_441' title='bbox 2802 2406 3140 2463; x_wconf 89' lang='lat' dir='ltr'><strong>resuscitavit</strong></span> <span class='ocrx_word' id='word_1_442' title='bbox 3177 2408 3339 2463; x_wconf 88' lang='lat' dir='ltr'><strong>tertio</strong></span> <span class='ocrx_word' id='word_1_443' title='bbox 3381 2407 3468 2464; x_wconf 92' lang='lat' dir='ltr'><strong>die</strong></span> <span class='ocrx_word' id='word_1_444' title='bbox 3510 2422 3543 2463; x_wconf 88' lang='lat' dir='ltr'><strong>a</strong></span> 
     </span>
    </p>
   </div>
   <div class='ocr_carea' id='block_1_54' title="bbox 1940 2497 3546 2574">
    <p class='ocr_par' dir='ltr' id='par_1_54' title="bbox 1940 2497 3546 2574">
     <span class='ocr_line' id='line_1_54' title="bbox 1940 2497 3546 2574; baseline 0.002 -22"><span class='ocrx_word' id='word_1_445' title='bbox 1940 2500 2186 2554; x_wconf 89' lang='lat' dir='ltr'><strong>mortuis.</strong></span> <span class='ocrx_word' id='word_1_446' title='bbox 2236 2497 2385 2554; x_wconf 84' lang='lat' dir='ltr'><strong>Licet</strong></span> <span class='ocrx_word' id='word_1_447' title='bbox 2427 2497 2658 2569; x_wconf 92' lang='lat' dir='ltr'><strong>simplici</strong></span> <span class='ocrx_word' id='word_1_448' title='bbox 2700 2499 2977 2556; x_wconf 88' lang='lat' dir='ltr'><strong>intellectu</strong></span> <span class='ocrx_word' id='word_1_449' title='bbox 3009 2499 3251 2574; x_wconf 82' lang='lat' dir='ltr'><strong>mystcrii</strong></span> <span class='ocrx_word' id='word_1_450' title='bbox 3294 2501 3433 2556; x_wconf 89' lang='lat' dir='ltr'><strong>ratio</strong></span> <span class='ocrx_word' id='word_1_451' title='bbox 3473 2499 3546 2556; x_wconf 83' lang='lat' dir='ltr'><strong>sit</strong></span> 
     </span>
    </p>
   </div>
   <div class='ocr_carea' id='block_1_55' title="bbox 1940 2593 3544 2665">
    <p class='ocr_par' dir='ltr' id='par_1_55' title="bbox 1940 2593 3544 2665">
     <span class='ocr_line' id='line_1_55' title="bbox 1940 2593 3544 2665; baseline 0.002 -17"><span class='ocrx_word' id='word_1_452' title='bbox 1940 2593 2245 2665; x_wconf 80' lang='lat' dir='ltr'><strong>magniﬁca,</strong></span> <span class='ocrx_word' id='word_1_453' title='bbox 2299 2604 2475 2650; x_wconf 91' lang='lat' dir='ltr'><strong>tamen</strong></span> <span class='ocrx_word' id='word_1_454' title='bbox 2526 2594 2840 2650; x_wconf 89' lang='lat' dir='ltr'><strong>suscitatum</strong></span> <span class='ocrx_word' id='word_1_455' title='bbox 2889 2609 3010 2651; x_wconf 92' lang='lat' dir='ltr'><strong>esse</strong></span> <span class='ocrx_word' id='word_1_456' title='bbox 3038 2611 3068 2649; x_wconf 91' lang='lat' dir='ltr'><strong>a</strong></span> <span class='ocrx_word' id='word_1_457' title='bbox 3114 2596 3363 2661; x_wconf 86' lang='lat' dir='ltr'><strong>mortuis,</strong></span> <span class='ocrx_word' id='word_1_458' title='bbox 3408 2593 3544 2651; x_wconf 88' lang='lat' dir='ltr'><strong>nihil</strong></span> 
     </span>
    </p>
   </div>
   <div class='ocr_carea' id='block_1_56' title="bbox 1940 2685 3546 2758">
    <p class='ocr_par' dir='ltr' id='par_1_56' title="bbox 1940 2685 3546 2758">
     <span class='ocr_line' id='line_1_56' title="bbox 1940 2685 3546 2758; baseline 0.002 -18"><span class='ocrx_word' id='word_1_459' title='bbox 1940 2685 2119 2757; x_wconf 74' lang='lat' dir='ltr'><strong>egisse</strong></span> <span class='ocrx_word' id='word_1_460' title='bbox 2165 2695 2392 2742; x_wconf 90' lang='lat' dir='ltr'><strong>mortem</strong></span> <span class='ocrx_word' id='word_1_461' title='bbox 2434 2687 2602 2753; x_wconf 87' lang='lat' dir='ltr'><strong>illam,</strong></span> <span class='ocrx_word' id='word_1_462' title='bbox 2635 2701 2795 2758; x_wconf 90' lang='lat' dir='ltr'><strong>quam</strong></span> <span class='ocrx_word' id='word_1_463' title='bbox 2827 2686 3073 2741; x_wconf 90' lang='lat' dir='ltr'><strong>homines</strong></span> <span class='ocrx_word' id='word_1_464' title='bbox 3118 2687 3407 2755; x_wconf 82' lang='lat' dir='ltr'><strong>sustinent,</strong></span> <span class='ocrx_word' id='word_1_465' title='bbox 3453 2686 3546 2743; x_wconf 88' lang='lat' dir='ltr'><strong>vel</strong></span> 
     </span>
    </p>
   </div>
   <div class='ocr_carea' id='block_1_57' title="bbox 1944 2779 3544 2851">
    <p class='ocr_par' dir='ltr' id='par_1_57' title="bbox 1944 2779 3544 2851">
     <span class='ocr_line' id='line_1_57' title="bbox 1944 2779 3544 2851; baseline -0.001 -15"><span class='ocrx_word' id='word_1_466' title='bbox 1944 2795 2041 2851; x_wconf 90' lang='lat' dir='ltr'><strong>per</strong></span> <span class='ocrx_word' id='word_1_467' title='bbox 2080 2779 2417 2847; x_wconf 80' lang='lat' dir='ltr'><strong>violentiam,</strong></span> <span class='ocrx_word' id='word_1_468' title='bbox 2448 2780 2535 2836; x_wconf 86' lang='lat' dir='ltr'><strong>vel</strong></span> <span class='ocrx_word' id='word_1_469' title='bbox 2565 2794 2659 2850; x_wconf 89' lang='lat' dir='ltr'><strong>per</strong></span> <span class='ocrx_word' id='word_1_470' title='bbox 2687 2780 2927 2851; x_wconf 85' lang='lat' dir='ltr'><strong>corporis</strong></span> <span class='ocrx_word' id='word_1_471' title='bbox 2949 2779 3348 2846; x_wconf 87' lang='lat' dir='ltr'><strong>necessitatem,</strong></span> <span class='ocrx_word' id='word_1_472' title='bbox 3376 2779 3544 2835; x_wconf 88' lang='lat' dir='ltr'><strong>Deum</strong></span> 
     </span>
    </p>
   </div>
   <div class='ocr_carea' id='block_1_58' title="bbox 1943 2873 3546 2947">
    <p class='ocr_par' dir='ltr' id='par_1_58' title="bbox 1943 2873 3546 2947">
     <span class='ocr_line' id='line_1_58' title="bbox 1943 2873 3546 2947; baseline -0.001 -16"><span class='ocrx_word' id='word_1_473' title='bbox 1943 2874 2047 2931; x_wconf 89' lang='lat' dir='ltr'><strong>hoc</strong></span> <span class='ocrx_word' id='word_1_474' title='bbox 2086 2873 2391 2941; x_wconf 86' lang='lat' dir='ltr'><strong>sustulisse,</strong></span> <span class='ocrx_word' id='word_1_475' title='bbox 2433 2882 2493 2930; x_wconf 89' lang='lat' dir='ltr'><strong>ut</strong></span> <span class='ocrx_word' id='word_1_476' title='bbox 2539 2889 2685 2930; x_wconf 88' lang='lat' dir='ltr'><strong>mors</strong></span> <span class='ocrx_word' id='word_1_477' title='bbox 2719 2889 2826 2929; x_wconf 89' lang='lat' dir='ltr'><strong>non</strong></span> <span class='ocrx_word' id='word_1_478' title='bbox 2859 2874 3084 2942; x_wconf 87' lang='lat' dir='ltr'><strong>valeret,</strong></span> <span class='ocrx_word' id='word_1_479' title='bbox 3126 2890 3318 2946; x_wconf 84' lang='lat' dir='ltr'><strong>magna</strong></span> <span class='ocrx_word' id='word_1_480' title='bbox 3358 2876 3546 2947; x_wconf 86' lang='lat' dir='ltr'><strong>utique</strong></span> 
     </span>
    </p>
   </div>
   <div class='ocr_carea' id='block_1_59' title="bbox 1945 2967 3545 3039">
    <p class='ocr_par' dir='ltr' id='par_1_59' title="bbox 1945 2967 3545 3039">
     <span class='ocr_line' id='line_1_59' title="bbox 1945 2967 3545 3039; baseline 0.001 -17"><span class='ocrx_word' id='word_1_481' title='bbox 1945 2968 2116 3023; x_wconf 91' lang='lat' dir='ltr'><strong>virtus</strong></span> <span class='ocrx_word' id='word_1_482' title='bbox 2140 2968 2254 3034; x_wconf 89' lang='lat' dir='ltr'><strong>Dei,</strong></span> <span class='ocrx_word' id='word_1_483' title='bbox 2281 2983 2473 3038; x_wconf 89' lang='lat' dir='ltr'><strong>magna</strong></span> <span class='ocrx_word' id='word_1_484' title='bbox 2496 2976 2755 3039; x_wconf 71' lang='lat' dir='ltr'><strong>pote~tas,</strong></span> <span class='ocrx_word' id='word_1_485' title='bbox 2781 2982 2967 3039; x_wconf 88' lang='lat' dir='ltr'><strong>magna</strong></span> <span class='ocrx_word' id='word_1_486' title='bbox 2992 2968 3255 3039; x_wconf 84' lang='lat' dir='ltr'><strong>operatio.</strong></span> <span class='ocrx_word' id='word_1_487' title='bbox 3283 2967 3389 3025; x_wconf 89' lang='lat' dir='ltr'><strong>Sed</strong></span> <span class='ocrx_word' id='word_1_488' title='bbox 3410 2983 3545 3039; x_wconf 89' lang='lat' dir='ltr'><strong>quo-</strong></span> 
     </span>
    </p>
   </div>
   <div class='ocr_carea' id='block_1_60' title="bbox 1947 3059 3559 3132">
    <p class='ocr_par' dir='ltr' id='par_1_60' title="bbox 1947 3059 3559 3132">
     <span class='ocr_line' id='line_1_60' title="bbox 1947 3059 3559 3132; baseline 0.002 -18"><span class='ocrx_word' id='word_1_489' title='bbox 1947 3061 2090 3115; x_wconf 90' lang='lat' dir='ltr'><strong>niam</strong></span> <span class='ocrx_word' id='word_1_490' title='bbox 2122 3075 2266 3131; x_wconf 71' lang='lat' dir='ltr'><strong>smpc</strong></span> <span class='ocrx_word' id='word_1_491' title='bbox 2294 3060 2376 3116; x_wconf 88' lang='lat' dir='ltr'><strong>vel</strong></span> <span class='ocrx_word' id='word_1_492' title='bbox 2400 3060 2527 3132; x_wconf 76' lang='lat' dir='ltr'><strong>quid</strong></span> <span class='ocrx_word' id='word_1_493' title='bbox 2554 3061 2623 3115; x_wconf 90' lang='lat' dir='ltr'><strong>sit</strong></span> <span class='ocrx_word' id='word_1_494' title='bbox 2642 3060 2913 3127; x_wconf 87' lang='lat' dir='ltr'><strong>Christus,</strong></span> <span class='ocrx_word' id='word_1_495' title='bbox 2940 3060 3022 3116; x_wconf 86' lang='lat' dir='ltr'><strong>vel</strong></span> <span class='ocrx_word' id='word_1_496' title='bbox 3048 3059 3173 3131; x_wconf 91' lang='lat' dir='ltr'><strong>quid</strong></span> <span class='ocrx_word' id='word_1_497' title='bbox 3203 3061 3273 3116; x_wconf 90' lang='lat' dir='ltr'><strong>sit</strong></span> <span class='ocrx_word' id='word_1_498' title='bbox 3302 3061 3353 3116; x_wconf 93' lang='lat' dir='ltr'><strong>iu</strong></span> <span class='ocrx_word' id='word_1_499' title='bbox 3382 3077 3559 3118; x_wconf 79' lang='lat' dir='ltr'><strong>carne</strong></span> 
     </span>
    </p>
   </div>
   <div class='ocr_carea' id='block_1_61' title="bbox 1947 3151 3546 3226">
    <p class='ocr_par' dir='ltr' id='par_1_61' title="bbox 1947 3151 3546 3226">
     <span class='ocr_line' id='line_1_61' title="bbox 1947 3151 3546 3226; baseline 0.004 -19"><span class='ocrx_word' id='word_1_500' title='bbox 1947 3151 2096 3208; x_wconf 91' lang='lat' dir='ltr'><strong>illum</strong></span> <span class='ocrx_word' id='word_1_501' title='bbox 2145 3169 2288 3221; x_wconf 89' lang='lat' dir='ltr'><strong>esse,</strong></span> <span class='ocrx_word' id='word_1_502' title='bbox 2335 3153 2419 3209; x_wconf 90' lang='lat' dir='ltr'><strong>vel</strong></span> <span class='ocrx_word' id='word_1_503' title='bbox 2451 3154 2578 3226; x_wconf 90' lang='lat' dir='ltr'><strong>quid</strong></span> <span class='ocrx_word' id='word_1_504' title='bbox 2621 3155 2689 3209; x_wconf 90' lang='lat' dir='ltr'><strong>sit</strong></span> <span class='ocrx_word' id='word_1_505' title='bbox 2727 3154 2779 3209; x_wconf 91' lang='lat' dir='ltr'><strong>in</strong></span> <span class='ocrx_word' id='word_1_506' title='bbox 2818 3169 3032 3210; x_wconf 88' lang='lat' dir='ltr'><strong>crucem</strong></span> <span class='ocrx_word' id='word_1_507' title='bbox 3076 3154 3225 3210; x_wconf 90' lang='lat' dir='ltr'><strong>illum</strong></span> <span class='ocrx_word' id='word_1_508' title='bbox 3273 3155 3546 3214; x_wconf 87' lang='lat' dir='ltr'><strong>sublatum</strong></span> 
     </span>
    </p>
   </div>
   <div class='ocr_carea' id='block_1_62' title="bbox 231 3230 3545 3318">
    <p class='ocr_par' dir='ltr' id='par_1_62' title="bbox 231 3230 3545 3318">
     <span class='ocr_line' id='line_1_62' title="bbox 231 3230 3545 3318; baseline -0.002 -8"><span class='ocrx_word' id='word_1_509' title='bbox 231 3265 468 3312; x_wconf 82' lang='lat' dir='ltr'><strong>testatem</strong></span> <span class='ocrx_word' id='word_1_510' title='bbox 497 3262 544 3308; x_wconf 89' lang='lat' dir='ltr'><strong>et</strong></span> <span class='ocrx_word' id='word_1_511' title='bbox 584 3253 820 3307; x_wconf 81' lang='lat' dir='ltr'><strong>virtutem</strong></span> <span class='ocrx_word' id='word_1_512' title='bbox 843 3261 892 3305; x_wconf 86' lang='lat' dir='ltr'><strong>et</strong></span> <span class='ocrx_word' id='word_1_513' title='bbox 935 3249 1352 3312; x_wconf 83' lang='lat' dir='ltr'><strong>dominationem,</strong></span> <span class='ocrx_word' id='word_1_514' title='bbox 1385 3256 1431 3302; x_wconf 87' lang='lat' dir='ltr'><strong>et</strong></span> <span class='ocrx_word' id='word_1_515' title='bbox 1475 3262 1623 3301; x_wconf 89' lang='lat' dir='ltr'><strong>omne</strong></span> <span class='ocrx_word' id='word_1_516' title='bbox 1664 3261 1846 3300; x_wconf 79' lang='lat' dir='ltr'><strong>nomen</strong></span> <span class='ocrx_word' id='word_1_517' title='bbox 1872 3230 1916 3294; x_wconf 84' lang='lat' dir='ltr'><strong>C</strong></span> <span class='ocrx_word' id='word_1_518' title='bbox 1951 3260 2094 3312; x_wconf 90' lang='lat' dir='ltr'><strong>esse,</strong></span> <span class='ocrx_word' id='word_1_519' title='bbox 2121 3246 2207 3301; x_wconf 90' lang='lat' dir='ltr'><strong>vel</strong></span> <span class='ocrx_word' id='word_1_520' title='bbox 2234 3245 2361 3317; x_wconf 89' lang='lat' dir='ltr'><strong>quid</strong></span> <span class='ocrx_word' id='word_1_521' title='bbox 2384 3246 2456 3302; x_wconf 87' lang='lat' dir='ltr'><strong>sit</strong></span> <span class='ocrx_word' id='word_1_522' title='bbox 2486 3247 2859 3302; x_wconf 80' lang='lat' dir='ltr'><strong>resuscitatutn</strong></span> <span class='ocrx_word' id='word_1_523' title='bbox 2886 3261 3030 3314; x_wconf 89' lang='lat' dir='ltr'><strong>esse,</strong></span> <span class='ocrx_word' id='word_1_524' title='bbox 3062 3247 3262 3318; x_wconf 65' lang='lat' dir='ltr'><strong>saepius</strong></span> <span class='ocrx_word' id='word_1_525' title='bbox 3286 3246 3545 3318; x_wconf 80' lang='lat' dir='ltr'><strong>diximus,</strong></span> 
     </span>
    </p>
   </div>
   <div class='ocr_carea' id='block_1_63' title="bbox 232 3338 1845 3423">
    <p class='ocr_par' dir='ltr' id='par_1_63' title="bbox 232 3338 1845 3423">
     <span class='ocr_line' id='line_1_63' title="bbox 232 3338 1845 3423; baseline -0.009 -18"><span class='ocrx_word' id='word_1_526' title='bbox 232 3349 376 3423; x_wconf 82' lang='lat' dir='ltr'><strong>quod</strong></span> <span class='ocrx_word' id='word_1_527' title='bbox 402 3348 692 3402; x_wconf 84' lang='lat' dir='ltr'><strong>nominatur</strong></span> <span class='ocrx_word' id='word_1_528' title='bbox 715 3362 818 3400; x_wconf 87' lang='lat' dir='ltr'><strong>non</strong></span> <span class='ocrx_word' id='word_1_529' title='bbox 843 3342 1012 3399; x_wconf 90' lang='lat' dir='ltr'><strong>solum</strong></span> <span class='ocrx_word' id='word_1_530' title='bbox 1037 3344 1090 3397; x_wconf 89' lang='lat' dir='ltr'><strong>in</strong></span> <span class='ocrx_word' id='word_1_531' title='bbox 1121 3342 1217 3397; x_wconf 83' lang='lat' dir='ltr'><strong>hoc</strong></span> <span class='ocrx_word' id='word_1_532' title='bbox 1238 3341 1426 3398; x_wconf 82' lang='lat' dir='ltr'><strong>stt’cula</strong></span> <span class='ocrx_word' id='word_1_533' title='bbox 1451 3356 1470 3395; x_wconf 90' lang='lat'><strong><em>:</em></strong></span> <span class='ocrx_word' id='word_1_534' title='bbox 1497 3341 1589 3394; x_wconf 81' lang='lat' dir='ltr'><strong>sed</strong></span> <span class='ocrx_word' id='word_1_535' title='bbox 1615 3338 1766 3393; x_wconf 87' lang='lat' dir='ltr'><strong>etiam</strong></span> <span class='ocrx_word' id='word_1_536' title='bbox 1792 3338 1845 3391; x_wconf 89' lang='lat' dir='ltr'><strong>in</strong></span> 
     </span>
    </p>
   </div>
   <div class='ocr_carea' id='block_1_64' title="bbox 234 3432 1849 3516">
    <p class='ocr_par' dir='ltr' id='par_1_64' title="bbox 234 3432 1849 3516">
     <span class='ocr_line' id='line_1_64' title="bbox 234 3432 1849 3516; baseline -0.007 -18"><span class='ocrx_word' id='word_1_537' title='bbox 234 3447 439 3516; x_wconf 78' lang='lat' dir='ltr'><strong>futuro,</strong></span> <span class='ocrx_word' id='word_1_538' title='bbox 460 3450 508 3496; x_wconf 88' lang='lat' dir='ltr'><strong>et</strong></span> <span class='ocrx_word' id='word_1_539' title='bbox 528 3438 701 3495; x_wconf 87' lang='lat' dir='ltr'><strong>omnia</strong></span> <span class='ocrx_word' id='word_1_540' title='bbox 720 3437 932 3510; x_wconf 82' lang='lat' dir='ltr'><strong>subjecit</strong></span> <span class='ocrx_word' id='word_1_541' title='bbox 951 3436 1042 3492; x_wconf 86' lang='lat' dir='ltr'><strong>sub</strong></span> <span class='ocrx_word' id='word_1_542' title='bbox 1069 3436 1282 3507; x_wconf 86' lang='lat' dir='ltr'><strong>pedibus</strong></span> <span class='ocrx_word' id='word_1_543' title='bbox 1303 3439 1435 3510; x_wconf 83' lang='lat' dir='ltr'><strong>ejus,</strong></span> <span class='ocrx_word' id='word_1_544' title='bbox 1459 3443 1506 3489; x_wconf 91' lang='lat' dir='ltr'><strong>et</strong></span> <span class='ocrx_word' id='word_1_545' title='bbox 1526 3434 1694 3503; x_wconf 86' lang='lat' dir='ltr'><strong>ipsum</strong></span> <span class='ocrx_word' id='word_1_546' title='bbox 1711 3432 1849 3486; x_wconf 86' lang='lat' dir='ltr'><strong>dedit</strong></span> 
     </span>
    </p>
   </div>
   <div class='ocr_carea' id='block_1_65' title="bbox 236 3522 1845 3609">
    <p class='ocr_par' dir='ltr' id='par_1_65' title="bbox 236 3522 1845 3609">
     <span class='ocr_line' id='line_1_65' title="bbox 236 3522 1845 3609; baseline -0.009 -18"><span class='ocrx_word' id='word_1_547' title='bbox 236 3546 395 3609; x_wconf 81' lang='lat' dir='ltr'><strong>caput</strong></span> <span class='ocrx_word' id='word_1_548' title='bbox 415 3550 566 3609; x_wconf 88' lang='lat' dir='ltr'><strong>super</strong></span> <span class='ocrx_word' id='word_1_549' title='bbox 587 3548 785 3588; x_wconf 87' lang='lat' dir='ltr'><strong>omnem</strong></span> <span class='ocrx_word' id='word_1_550' title='bbox 811 3529 1123 3595; x_wconf 84' lang='lat' dir='ltr'><strong>Ecclesium,</strong></span> <span class='ocrx_word' id='word_1_551' title='bbox 1146 3545 1259 3597; x_wconf 70' lang='lat' dir='ltr'><strong>qua:</strong></span> <span class='ocrx_word' id='word_1_552' title='bbox 1282 3538 1353 3583; x_wconf 90' lang='lat' dir='ltr'><strong>est</strong></span> <span class='ocrx_word' id='word_1_553' title='bbox 1369 3542 1556 3599; x_wconf 86' lang='lat' dir='ltr'><strong>corpus</strong></span> <span class='ocrx_word' id='word_1_554' title='bbox 1578 3525 1719 3579; x_wconf 87' lang='lat' dir='ltr'><strong>illius</strong></span> <span class='ocrx_word' id='word_1_555' title='bbox 1740 3522 1845 3597; x_wconf 66' lang='lat'><strong>(4),</strong></span> 
     </span>
    </p>
   </div>
   <div class='ocr_carea' id='block_1_66' title="bbox 237 3617 1845 3705">
    <p class='ocr_par' dir='ltr' id='par_1_66' title="bbox 237 3617 1845 3705">
     <span class='ocr_line' id='line_1_66' title="bbox 237 3617 1845 3705; baseline -0.009 -20"><span class='ocrx_word' id='word_1_556' title='bbox 237 3629 506 3705; x_wconf 84' lang='lat' dir='ltr'><strong>plenitudo</strong></span> <span class='ocrx_word' id='word_1_557' title='bbox 551 3629 664 3701; x_wconf 86' lang='lat' dir='ltr'><strong>ejus</strong></span> <span class='ocrx_word' id='word_1_558' title='bbox 689 3622 792 3697; x_wconf 75' lang='grc' dir='ltr'><strong>(ὅ),</strong></span> <span class='ocrx_word' id='word_1_559' title='bbox 820 3623 908 3695; x_wconf 85' lang='lat' dir='ltr'><strong>qui</strong></span> <span class='ocrx_word' id='word_1_560' title='bbox 935 3622 1107 3677; x_wconf 89' lang='lat' dir='ltr'><strong>omnia</strong></span> <span class='ocrx_word' id='word_1_561' title='bbox 1140 3621 1195 3675; x_wconf 83' lang='lat' dir='ltr'><strong>in</strong></span> <span class='ocrx_word' id='word_1_562' title='bbox 1239 3618 1472 3675; x_wconf 90' lang='lat' dir='ltr'><strong>omnibus</strong></span> <span class='ocrx_word' id='word_1_563' title='bbox 1512 3617 1845 3686; x_wconf 86' lang='lat' dir='ltr'><strong>adimpletur.</strong></span> 
     </span>
    </p>
   </div>
   <div class='ocr_carea' id='block_1_67' title="bbox 240 3709 1851 3789">
    <p class='ocr_par' dir='ltr' id='par_1_67' title="bbox 240 3709 1851 3789">
     <span class='ocr_line' id='line_1_67' title="bbox 240 3709 1851 3789; baseline -0.009 -10"><span class='ocrx_word' id='word_1_564' title='bbox 240 3720 567 3786; x_wconf 86' lang='lat' dir='ltr'><strong>Secundum,</strong></span> <span class='ocrx_word' id='word_1_565' title='bbox 587 3718 784 3789; x_wconf 85' lang='lat' dir='ltr'><strong>inquit,</strong></span> <span class='ocrx_word' id='word_1_566' title='bbox 799 3714 1145 3785; x_wconf 84' lang='lat' dir='ltr'><strong>operationem</strong></span> <span class='ocrx_word' id='word_1_567' title='bbox 1159 3714 1420 3783; x_wconf 87' lang='lat' dir='ltr'><strong>potestatis</strong></span> <span class='ocrx_word' id='word_1_568' title='bbox 1434 3711 1633 3766; x_wconf 79' lang='lat' dir='ltr'><strong>virtutis</strong></span> <span class='ocrx_word' id='word_1_569' title='bbox 1649 3709 1740 3765; x_wconf 89' lang='lat' dir='ltr'><strong>Dei</strong></span> <span class='ocrx_word' id='word_1_570' title='bbox 1753 3722 1851 3764; x_wconf 89' lang='lat' dir='ltr'><strong>vos</strong></span> 
     </span>
    </p>
   </div>
   <div class='ocr_carea' id='block_1_68' title="bbox 235 3805 1850 3880">
    <p class='ocr_par' dir='ltr' id='par_1_68' title="bbox 235 3805 1850 3880">
     <span class='ocr_line' id='line_1_68' title="bbox 235 3805 1850 3880; baseline -0.012 -4"><span class='ocrx_word' id='word_1_571' title='bbox 235 3815 571 3876; x_wconf 87' lang='lat' dir='ltr'><strong>credidistis.</strong></span> <span class='ocrx_word' id='word_1_572' title='bbox 592 3814 876 3870; x_wconf 85' lang='lat' dir='ltr'><strong>Estautem</strong></span> <span class='ocrx_word' id='word_1_573' title='bbox 897 3809 1141 3880; x_wconf 82' lang='lat' dir='ltr'><strong>Operatio</strong></span> <span class='ocrx_word' id='word_1_574' title='bbox 1155 3807 1372 3863; x_wconf 86' lang='lat' dir='ltr'><strong>virtutis</strong></span> <span class='ocrx_word' id='word_1_575' title='bbox 1384 3806 1499 3862; x_wconf 90' lang='lat' dir='ltr'><strong>Dei.</strong></span> <span class='ocrx_word' id='word_1_576' title='bbox 1515 3805 1850 3875; x_wconf 86' lang='lat' dir='ltr'><strong>Quamquam</strong></span> 
     </span>
    </p>
   </div>
   <div class='ocr_carea' id='block_1_69' title="bbox 240 3898 1853 3980">
    <p class='ocr_par' dir='ltr' id='par_1_69' title="bbox 240 3898 1853 3980">
     <span class='ocr_line' id='line_1_69' title="bbox 240 3898 1853 3980; baseline -0.01 -12"><span class='ocrx_word' id='word_1_577' title='bbox 240 3912 303 3968; x_wconf 89' lang='lat' dir='ltr'><strong>in</strong></span> <span class='ocrx_word' id='word_1_578' title='bbox 332 3906 594 3980; x_wconf 89' lang='lat' dir='ltr'><strong>principio</strong></span> <span class='ocrx_word' id='word_1_579' title='bbox 618 3906 712 3961; x_wconf 89' lang='lat' dir='ltr'><strong>illa</strong></span> <span class='ocrx_word' id='word_1_580' title='bbox 735 3907 808 3963; x_wconf 91' lang='lat' dir='ltr'><strong>sit</strong></span> <span class='ocrx_word' id='word_1_581' title='bbox 828 3903 1044 3960; x_wconf 87' lang='lat' dir='ltr'><strong>misisse</strong></span> <span class='ocrx_word' id='word_1_582' title='bbox 1069 3900 1370 3968; x_wconf 88' lang='lat' dir='ltr'><strong>Christum,</strong></span> <span class='ocrx_word' id='word_1_583' title='bbox 1397 3898 1481 3954; x_wconf 88' lang='lat' dir='ltr'><strong>vel</strong></span> <span class='ocrx_word' id='word_1_584' title='bbox 1509 3898 1598 3954; x_wconf 88' lang='lat' dir='ltr'><strong>illa</strong></span> <span class='ocrx_word' id='word_1_585' title='bbox 1633 3907 1853 3968; x_wconf 82' lang='lat' dir='ltr'><strong>prepter</strong></span> 
     </span>
    </p>
   </div>
   <div class='ocr_carea' id='block_1_70' title="bbox 236 3989 1854 4078">
    <p class='ocr_par' dir='ltr' id='par_1_70' title="bbox 236 3989 1854 4078">
     <span class='ocr_line' id='line_1_70' title="bbox 236 3989 1854 4078; baseline -0.009 -19"><span class='ocrx_word' id='word_1_586' title='bbox 236 4002 455 4078; x_wconf 77' lang='lat' dir='ltr'><strong>animas</strong></span> <span class='ocrx_word' id='word_1_587' title='bbox 480 3999 780 4072; x_wconf 88' lang='lat' dir='ltr'><strong>subjectum</strong></span> <span class='ocrx_word' id='word_1_588' title='bbox 812 3996 1070 4053; x_wconf 90' lang='lat' dir='ltr'><strong>mundum</strong></span> <span class='ocrx_word' id='word_1_589' title='bbox 1101 3995 1326 4061; x_wconf 80' lang='lat' dir='ltr'><strong>iecisse;</strong></span> <span class='ocrx_word' id='word_1_590' title='bbox 1357 3991 1609 4064; x_wconf 70' lang='lat' dir='ltr'><strong>quoiiiam</strong></span> <span class='ocrx_word' id='word_1_591' title='bbox 1652 3989 1757 4046; x_wconf 85' lang='lat' dir='ltr'><strong>hoc</strong></span> <span class='ocrx_word' id='word_1_592' title='bbox 1798 3998 1854 4046; x_wconf 91' lang='lat' dir='ltr'><strong>et</strong></span> 
     </span>
    </p>
   </div>
   <div class='ocr_carea' id='block_1_71' title="bbox 239 4082 1855 4159">
    <p class='ocr_par' dir='ltr' id='par_1_71' title="bbox 239 4082 1855 4159">
     <span class='ocr_line' id='line_1_71' title="bbox 239 4082 1855 4159; baseline -0.009 -7"><span class='ocrx_word' id='word_1_593' title='bbox 239 4098 411 4154; x_wconf 84' lang='lat' dir='ltr'><strong>altum</strong></span> <span class='ocrx_word' id='word_1_594' title='bbox 440 4106 495 4151; x_wconf 89' lang='lat' dir='ltr'><strong>et</strong></span> <span class='ocrx_word' id='word_1_595' title='bbox 523 4093 860 4151; x_wconf 89' lang='lat' dir='ltr'><strong>reconditum</strong></span> <span class='ocrx_word' id='word_1_596' title='bbox 896 4090 967 4147; x_wconf 90' lang='lat' dir='ltr'><strong>ab</strong></span> <span class='ocrx_word' id='word_1_597' title='bbox 999 4090 1081 4146; x_wconf 90' lang='lat' dir='ltr'><strong>his</strong></span> <span class='ocrx_word' id='word_1_598' title='bbox 1112 4089 1280 4145; x_wconf 87' lang='lat' dir='ltr'><strong>rebus</strong></span> <span class='ocrx_word' id='word_1_599' title='bbox 1307 4103 1429 4159; x_wconf 77' lang='lat' dir='ltr'><strong>qua:</strong></span> <span class='ocrx_word' id='word_1_600' title='bbox 1458 4096 1646 4156; x_wconf 88' lang='lat' dir='ltr'><strong>aperte</strong></span> <span class='ocrx_word' id='word_1_601' title='bbox 1679 4082 1855 4139; x_wconf 80' lang='lat' dir='ltr'><strong>mani-</strong></span> 
     </span>
    </p>
   </div>
   <div class='ocr_carea' id='block_1_72' title="bbox 239 4180 1851 4256">
    <p class='ocr_par' dir='ltr' id='par_1_72' title="bbox 239 4180 1851 4256">
     <span class='ocr_line' id='line_1_72' title="bbox 239 4180 1851 4256; baseline -0.011 -10"><span class='ocrx_word' id='word_1_602' title='bbox 239 4190 403 4246; x_wconf 69' lang='lat' dir='ltr'><strong>festa:</strong></span> <span class='ocrx_word' id='word_1_603' title='bbox 430 4198 587 4254; x_wconf 83' lang='lat' dir='ltr'><strong>sunt;</strong></span> <span class='ocrx_word' id='word_1_604' title='bbox 616 4186 817 4256; x_wconf 88' lang='lat' dir='ltr'><strong>quippe</strong></span> <span class='ocrx_word' id='word_1_605' title='bbox 845 4199 965 4256; x_wconf 71' lang='lat' dir='ltr'><strong>qua:</strong></span> <span class='ocrx_word' id='word_1_606' title='bbox 991 4193 1158 4255; x_wconf 74' lang='lat' dir='ltr'><strong>gesta:</strong></span> <span class='ocrx_word' id='word_1_607' title='bbox 1187 4180 1267 4254; x_wconf 80' lang='grc' dir='ltr'><strong>(ϐ)</strong></span> <span class='ocrx_word' id='word_1_608' title='bbox 1296 4188 1444 4245; x_wconf 88' lang='lat' dir='ltr'><strong>sunt,</strong></span> <span class='ocrx_word' id='word_1_609' title='bbox 1472 4188 1529 4235; x_wconf 91' lang='lat' dir='ltr'><strong>et</strong></span> <span class='ocrx_word' id='word_1_610' title='bbox 1557 4188 1724 4250; x_wconf 74' lang='lat' dir='ltr'><strong>gesta:</strong></span> <span class='ocrx_word' id='word_1_611' title='bbox 1753 4192 1851 4230; x_wconf 88' lang='lat' dir='ltr'><strong>uu—</strong></span> 
     </span>
    </p>
   </div>
   <div class='ocr_carea' id='block_1_73' title="bbox 240 4270 1856 4357">
    <p class='ocr_par' dir='ltr' id='par_1_73' title="bbox 240 4270 1856 4357">
     <span class='ocr_line' id='line_1_73' title="bbox 240 4270 1856 4357; baseline -0.007 -18"><span class='ocrx_word' id='word_1_612' title='bbox 240 4299 367 4357; x_wconf 89' lang='lat' dir='ltr'><strong>per,</strong></span> <span class='ocrx_word' id='word_1_613' title='bbox 397 4291 452 4339; x_wconf 90' lang='lat' dir='ltr'><strong>et</strong></span> <span class='ocrx_word' id='word_1_614' title='bbox 486 4294 612 4337; x_wconf 89' lang='lat' dir='ltr'><strong>ante</strong></span> <span class='ocrx_word' id='word_1_615' title='bbox 638 4281 826 4337; x_wconf 84' lang='lat' dir='ltr'><strong>oculos</strong></span> <span class='ocrx_word' id='word_1_616' title='bbox 852 4277 1030 4334; x_wconf 91' lang='lat' dir='ltr'><strong>adhuc</strong></span> <span class='ocrx_word' id='word_1_617' title='bbox 1066 4285 1371 4331; x_wconf 85' lang='lat' dir='ltr'><strong>versantur.</strong></span> <span class='ocrx_word' id='word_1_618' title='bbox 1408 4272 1537 4329; x_wconf 92' lang='lat' dir='ltr'><strong>Inde</strong></span> <span class='ocrx_word' id='word_1_619' title='bbox 1568 4270 1734 4327; x_wconf 80' lang='lat' dir='ltr'><strong>sumit</strong></span> <span class='ocrx_word' id='word_1_620' title='bbox 1758 4285 1856 4348; x_wconf 76' lang='lat' dir='ltr'><strong>ex-</strong></span> 
     </span>
    </p>
   </div>
   <div class='ocr_carea' id='block_1_74' title="bbox 244 4365 1852 4449">
    <p class='ocr_par' dir='ltr' id='par_1_74' title="bbox 244 4365 1852 4449">
     <span class='ocr_line' id='line_1_74' title="bbox 244 4365 1852 4449; baseline -0.007 -19"><span class='ocrx_word' id='word_1_621' title='bbox 244 4375 574 4449; x_wconf 89' lang='lat' dir='ltr'><strong>positionem</strong></span> <span class='ocrx_word' id='word_1_622' title='bbox 599 4372 812 4430; x_wconf 87' lang='lat' dir='ltr'><strong>virtutis</strong></span> <span class='ocrx_word' id='word_1_623' title='bbox 836 4372 952 4437; x_wconf 94' lang='lat' dir='ltr'><strong>Dei,</strong></span> <span class='ocrx_word' id='word_1_624' title='bbox 970 4387 1131 4442; x_wconf 88' lang='lat' dir='ltr'><strong>quam</strong></span> <span class='ocrx_word' id='word_1_625' title='bbox 1154 4378 1414 4439; x_wconf 85' lang='lat' dir='ltr'><strong>operatus</strong></span> <span class='ocrx_word' id='word_1_626' title='bbox 1434 4378 1518 4424; x_wconf 88' lang='lat' dir='ltr'><strong>est</strong></span> <span class='ocrx_word' id='word_1_627' title='bbox 1540 4367 1594 4422; x_wconf 92' lang='lat' dir='ltr'><strong>in</strong></span> <span class='ocrx_word' id='word_1_628' title='bbox 1615 4365 1852 4422; x_wconf 87' lang='lat' dir='ltr'><strong>Christo.</strong></span> 
     </span>
    </p>
   </div>
   <div class='ocr_carea' id='block_1_75' title="bbox 243 4461 1853 4543">
    <p class='ocr_par' dir='ltr' id='par_1_75' title="bbox 243 4461 1853 4543">
     <span class='ocr_line' id='line_1_75' title="bbox 243 4461 1853 4543; baseline -0.009 -14"><span class='ocrx_word' id='word_1_629' title='bbox 243 4473 380 4543; x_wconf 67' lang='lat' dir='ltr'><strong>Quae</strong></span> <span class='ocrx_word' id='word_1_630' title='bbox 407 4473 499 4530; x_wconf 88' lang='lat' dir='ltr'><strong>illa</strong></span> <span class='ocrx_word' id='word_1_631' title='bbox 526 4471 646 4529; x_wconf 81' lang='lat' dir='ltr'><strong>est?</strong></span> <span class='ocrx_word' id='word_1_632' title='bbox 671 4486 739 4528; x_wconf 81' lang='lat' dir='ltr'><strong>ex</strong></span> <span class='ocrx_word' id='word_1_633' title='bbox 766 4467 1178 4526; x_wconf 83' lang='lat' dir='ltr'><strong>resuscitatione</strong></span> <span class='ocrx_word' id='word_1_634' title='bbox 1206 4481 1234 4519; x_wconf 91' lang='lat' dir='ltr'><strong>a</strong></span> <span class='ocrx_word' id='word_1_635' title='bbox 1267 4463 1519 4521; x_wconf 89' lang='lat' dir='ltr'><strong>mortuis.</strong></span> <span class='ocrx_word' id='word_1_636' title='bbox 1548 4463 1684 4517; x_wconf 87' lang='lat' dir='ltr'><strong>Cum</strong></span> <span class='ocrx_word' id='word_1_637' title='bbox 1708 4461 1853 4517; x_wconf 91' lang='lat' dir='ltr'><strong>enim</strong></span> 
     </span>
    </p>
   </div>
   <div class='ocr_carea' id='block_1_76' title="bbox 244 4554 1855 4631">
    <p class='ocr_par' dir='ltr' id='par_1_76' title="bbox 244 4554 1855 4631">
     <span class='ocr_line' id='line_1_76' title="bbox 244 4554 1855 4631; baseline -0.011 -4"><span class='ocrx_word' id='word_1_638' title='bbox 244 4566 592 4627; x_wconf 56' lang='lat' dir='ltr'><strong>resuscitavit</strong></span> <span class='ocrx_word' id='word_1_639' title='bbox 625 4580 656 4621; x_wconf 91' lang='lat' dir='ltr'><strong>a</strong></span> <span class='ocrx_word' id='word_1_640' title='bbox 698 4564 926 4622; x_wconf 89' lang='lat' dir='ltr'><strong>mortuis</strong></span> <span class='ocrx_word' id='word_1_641' title='bbox 959 4561 1259 4627; x_wconf 83' lang='lat' dir='ltr'><strong>Chrismm,</strong></span> <span class='ocrx_word' id='word_1_642' title='bbox 1295 4575 1455 4631; x_wconf 90' lang='lat' dir='ltr'><strong>quam</strong></span> <span class='ocrx_word' id='word_1_643' title='bbox 1500 4559 1688 4629; x_wconf 84' lang='lat' dir='ltr'><strong>utique</strong></span> <span class='ocrx_word' id='word_1_644' title='bbox 1718 4554 1855 4610; x_wconf 88' lang='lat' dir='ltr'><strong>vidi-</strong></span> 
     </span>
    </p>
   </div>
   <div class='ocr_carea' id='block_1_77' title="bbox 1952 3339 3548 3412">
    <p class='ocr_par' dir='ltr' id='par_1_77' title="bbox 1952 3339 3548 3412">
     <span class='ocr_line' id='line_1_77' title="bbox 1952 3339 3548 3412; baseline 0.002 -19"><span class='ocrx_word' id='word_1_645' title='bbox 1952 3339 2055 3395; x_wconf 92' lang='lat' dir='ltr'><strong>hoc</strong></span> <span class='ocrx_word' id='word_1_646' title='bbox 2100 3339 2337 3395; x_wconf 87' lang='lat' dir='ltr'><strong>breviter</strong></span> <span class='ocrx_word' id='word_1_647' title='bbox 2372 3339 2727 3395; x_wconf 83' lang='lat' dir='ltr'><strong>admonemus</strong></span> <span class='ocrx_word' id='word_1_648' title='bbox 2766 3356 2780 3393; x_wconf 91' lang='lat'><strong>:</strong></span> <span class='ocrx_word' id='word_1_649' title='bbox 2832 3354 2955 3394; x_wconf 89' lang='lat' dir='ltr'><strong>nam</strong></span> <span class='ocrx_word' id='word_1_650' title='bbox 3002 3340 3243 3412; x_wconf 87' lang='lat' dir='ltr'><strong>mysterii</strong></span> <span class='ocrx_word' id='word_1_651' title='bbox 3290 3340 3548 3412; x_wconf 87' lang='lat' dir='ltr'><strong>plenioris</strong></span> 
     </span>
    </p>
   </div>
   <div class='ocr_carea' id='block_1_78' title="bbox 1950 3433 3550 3505">
    <p class='ocr_par' dir='ltr' id='par_1_78' title="bbox 1950 3433 3550 3505">
     <span class='ocr_line' id='line_1_78' title="bbox 1950 3433 3550 3505; baseline 0.001 -15"><span class='ocrx_word' id='word_1_652' title='bbox 1950 3435 2110 3501; x_wconf 84' lang='lat' dir='ltr'><strong>ratio,</strong></span> <span class='ocrx_word' id='word_1_653' title='bbox 2161 3444 2217 3492; x_wconf 91' lang='lat' dir='ltr'><strong>et</strong></span> <span class='ocrx_word' id='word_1_654' title='bbox 2245 3450 2274 3489; x_wconf 87' lang='lat' dir='ltr'><strong>a</strong></span> <span class='ocrx_word' id='word_1_655' title='bbox 2317 3435 2475 3491; x_wconf 85' lang='lat' dir='ltr'><strong>nobis</strong></span> <span class='ocrx_word' id='word_1_656' title='bbox 2503 3434 2558 3490; x_wconf 93' lang='lat' dir='ltr'><strong>in</strong></span> <span class='ocrx_word' id='word_1_657' title='bbox 2598 3433 2683 3489; x_wconf 90' lang='lat' dir='ltr'><strong>his</strong></span> <span class='ocrx_word' id='word_1_658' title='bbox 2731 3433 2884 3491; x_wconf 90' lang='lat' dir='ltr'><strong>libris</strong></span> <span class='ocrx_word' id='word_1_659' title='bbox 2912 3449 3056 3505; x_wconf 67' lang='lat' dir='ltr'><strong>saepe</strong></span> <span class='ocrx_word' id='word_1_660' title='bbox 3102 3444 3326 3490; x_wconf 86' lang='lat' dir='ltr'><strong>tractata</strong></span> <span class='ocrx_word' id='word_1_661' title='bbox 3356 3444 3460 3503; x_wconf 90' lang='lat' dir='ltr'><strong>est,</strong></span> <span class='ocrx_word' id='word_1_662' title='bbox 3493 3442 3550 3491; x_wconf 88' lang='lat' dir='ltr'><strong>et</strong></span> 
     </span>
    </p>
   </div>
   <div class='ocr_carea' id='block_1_79' title="bbox 1950 3527 3550 3602">
    <p class='ocr_par' dir='ltr' id='par_1_79' title="bbox 1950 3527 3550 3602">
     <span class='ocr_line' id='line_1_79' title="bbox 1950 3527 3550 3602; baseline -0.003 -14"><span class='ocrx_word' id='word_1_663' title='bbox 1950 3531 2075 3588; x_wconf 88' lang='lat' dir='ltr'><strong>alibi</strong></span> <span class='ocrx_word' id='word_1_664' title='bbox 2099 3531 2309 3602; x_wconf 89' lang='lat' dir='ltr'><strong>plenius</strong></span> <span class='ocrx_word' id='word_1_665' title='bbox 2331 3530 2617 3601; x_wconf 74' lang='lat' dir='ltr'><strong>explicata.</strong></span> <span class='ocrx_word' id='word_1_666' title='bbox 2659 3529 2762 3586; x_wconf 84' lang='lat' dir='ltr'><strong>Per</strong></span> <span class='ocrx_word' id='word_1_667' title='bbox 2785 3527 3086 3595; x_wconf 85' lang='lat' dir='ltr'><strong>Christum,</strong></span> <span class='ocrx_word' id='word_1_668' title='bbox 3120 3527 3169 3585; x_wconf 90' lang='lat' dir='ltr'><strong>id</strong></span> <span class='ocrx_word' id='word_1_669' title='bbox 3206 3537 3290 3585; x_wconf 91' lang='lat' dir='ltr'><strong>est</strong></span> <span class='ocrx_word' id='word_1_670' title='bbox 3317 3544 3412 3601; x_wconf 89' lang='lat' dir='ltr'><strong>per</strong></span> <span class='ocrx_word' id='word_1_671' title='bbox 3436 3527 3550 3598; x_wconf 71' lang='grc' dir='ltr'><strong>5ρί-</strong></span> 
     </span>
    </p>
   </div>
   <div class='ocr_carea' id='block_1_80' title="bbox 1952 3621 3550 3688">
    <p class='ocr_par' dir='ltr' id='par_1_80' title="bbox 1952 3621 3550 3688">
     <span class='ocr_line' id='line_1_80' title="bbox 1952 3621 3550 3688; baseline 0 -10"><span class='ocrx_word' id='word_1_672' title='bbox 1952 3624 2113 3678; x_wconf 90' lang='lat' dir='ltr'><strong>ritum</strong></span> <span class='ocrx_word' id='word_1_673' title='bbox 2143 3630 2411 3678; x_wconf 88' lang='lat' dir='ltr'><strong>recreatas</strong></span> <span class='ocrx_word' id='word_1_674' title='bbox 2439 3622 2648 3677; x_wconf 88' lang='lat' dir='ltr'><strong>animas</strong></span> <span class='ocrx_word' id='word_1_675' title='bbox 2671 3631 2727 3677; x_wconf 92' lang='lat' dir='ltr'><strong>et</strong></span> <span class='ocrx_word' id='word_1_676' title='bbox 2754 3621 3006 3677; x_wconf 89' lang='lat' dir='ltr'><strong>liberatas</strong></span> <span class='ocrx_word' id='word_1_677' title='bbox 3034 3636 3180 3688; x_wconf 83' lang='lat' dir='ltr'><strong>esse,</strong></span> <span class='ocrx_word' id='word_1_678' title='bbox 3224 3629 3283 3676; x_wconf 91' lang='lat' dir='ltr'><strong>ut</strong></span> <span class='ocrx_word' id='word_1_679' title='bbox 3312 3621 3365 3677; x_wconf 93' lang='lat' dir='ltr'><strong>in</strong></span> <span class='ocrx_word' id='word_1_680' title='bbox 3396 3636 3550 3677; x_wconf 84' lang='lat' dir='ltr'><strong>suam</strong></span> 
     </span>
    </p>
   </div>
   <div class='ocr_carea' id='block_1_81' title="bbox 1951 3714 3551 3787">
    <p class='ocr_par' dir='ltr' id='par_1_81' title="bbox 1951 3714 3551 3787">
     <span class='ocr_line' id='line_1_81' title="bbox 1951 3714 3551 3787; baseline 0 -16"><span class='ocrx_word' id='word_1_681' title='bbox 1951 3715 2217 3787; x_wconf 86' lang='lat' dir='ltr'><strong>originem</strong></span> <span class='ocrx_word' id='word_1_682' title='bbox 2267 3723 2692 3783; x_wconf 85' lang='lat' dir='ltr'><strong>reverterentur,</strong></span> <span class='ocrx_word' id='word_1_683' title='bbox 2740 3722 2796 3770; x_wconf 90' lang='lat' dir='ltr'><strong>et</strong></span> <span class='ocrx_word' id='word_1_684' title='bbox 2845 3724 3058 3784; x_wconf 89' lang='lat' dir='ltr'><strong>peccata</strong></span> <span class='ocrx_word' id='word_1_685' title='bbox 3109 3714 3446 3782; x_wconf 88' lang='lat' dir='ltr'><strong>tollerentur,</strong></span> <span class='ocrx_word' id='word_1_686' title='bbox 3496 3714 3551 3772; x_wconf 91' lang='lat' dir='ltr'><strong>in</strong></span> 
     </span>
    </p>
   </div>
   <div class='ocr_carea' id='block_1_82' title="bbox 1952 3806 3553 3881">
    <p class='ocr_par' dir='ltr' id='par_1_82' title="bbox 1952 3806 3553 3881">
     <span class='ocr_line' id='line_1_82' title="bbox 1952 3806 3553 3881; baseline 0.001 -17"><span class='ocrx_word' id='word_1_687' title='bbox 1952 3825 2072 3881; x_wconf 74' lang='lat' dir='ltr'><strong>qua:</strong></span> <span class='ocrx_word' id='word_1_688' title='bbox 2102 3809 2264 3880; x_wconf 78' lang='lat' dir='ltr'><strong>lapsa:</strong></span> <span class='ocrx_word' id='word_1_689' title='bbox 2294 3808 2487 3865; x_wconf 73' lang='lat' dir='ltr'><strong>anima:</strong></span> <span class='ocrx_word' id='word_1_690' title='bbox 2515 3807 2748 3865; x_wconf 77' lang='lat' dir='ltr'><strong>fuerant.</strong></span> <span class='ocrx_word' id='word_1_691' title='bbox 2795 3806 3058 3876; x_wconf 84' lang='lat' dir='ltr'><strong>Quoniam</strong></span> <span class='ocrx_word' id='word_1_692' title='bbox 3090 3819 3270 3864; x_wconf 87' lang='lat' dir='ltr'><strong>autem</strong></span> <span class='ocrx_word' id='word_1_693' title='bbox 3300 3808 3553 3866; x_wconf 84' lang='lat' dir='ltr'><strong>homines</strong></span> 
     </span>
    </p>
   </div>
   <div class='ocr_carea' id='block_1_83' title="bbox 1954 3899 3554 3974">
    <p class='ocr_par' dir='ltr' id='par_1_83' title="bbox 1954 3899 3554 3974">
     <span class='ocr_line' id='line_1_83' title="bbox 1954 3899 3554 3974; baseline 0.001 -19"><span class='ocrx_word' id='word_1_694' title='bbox 1954 3903 2134 3958; x_wconf 86' lang='lat' dir='ltr'><strong>vivere</strong></span> <span class='ocrx_word' id='word_1_695' title='bbox 2156 3918 2261 3957; x_wconf 90' lang='lat' dir='ltr'><strong>non</strong></span> <span class='ocrx_word' id='word_1_696' title='bbox 2286 3911 2530 3974; x_wconf 90' lang='lat' dir='ltr'><strong>poterant</strong></span> <span class='ocrx_word' id='word_1_697' title='bbox 2556 3916 2650 3974; x_wconf 89' lang='lat' dir='ltr'><strong>per</strong></span> <span class='ocrx_word' id='word_1_698' title='bbox 2672 3902 2853 3958; x_wconf 91' lang='lat' dir='ltr'><strong>carnis</strong></span> <span class='ocrx_word' id='word_1_699' title='bbox 2875 3900 3325 3969; x_wconf 89' lang='lat' dir='ltr'><strong>imbecillitatem,</strong></span> <span class='ocrx_word' id='word_1_700' title='bbox 3354 3899 3554 3958; x_wconf 88' lang='lat' dir='ltr'><strong>missus</strong></span> 
     </span>
    </p>
   </div>
   <div class='ocr_carea' id='block_1_84' title="bbox 1954 3992 3559 4067">
    <p class='ocr_par' dir='ltr' id='par_1_84' title="bbox 1954 3992 3559 4067">
     <span class='ocr_line' id='line_1_84' title="bbox 1954 3992 3559 4067; baseline -0.001 -14"><span class='ocrx_word' id='word_1_701' title='bbox 1954 4004 2039 4053; x_wconf 89' lang='lat' dir='ltr'><strong>est</strong></span> <span class='ocrx_word' id='word_1_702' title='bbox 2061 3995 2331 4065; x_wconf 88' lang='lat' dir='ltr'><strong>Christus,</strong></span> <span class='ocrx_word' id='word_1_703' title='bbox 2363 3995 2415 4051; x_wconf 89' lang='lat' dir='ltr'><strong>id</strong></span> <span class='ocrx_word' id='word_1_704' title='bbox 2440 4004 2523 4052; x_wconf 87' lang='lat' dir='ltr'><strong>est</strong></span> <span class='ocrx_word' id='word_1_705' title='bbox 2550 3996 2793 4067; x_wconf 89' lang='lat' dir='ltr'><strong>spiritus,</strong></span> <span class='ocrx_word' id='word_1_706' title='bbox 2825 4006 2878 4053; x_wconf 91' lang='lat' dir='ltr'><strong>et</strong></span> <span class='ocrx_word' id='word_1_707' title='bbox 2908 3992 3283 4066; x_wconf 86' lang='lat' dir='ltr'><strong>intelligentia,</strong></span> <span class='ocrx_word' id='word_1_708' title='bbox 3316 4002 3371 4050; x_wconf 87' lang='lat' dir='ltr'><strong>et</strong></span> <span class='ocrx_word' id='word_1_709' title='bbox 3399 4009 3559 4051; x_wconf 84' lang='lat' dir='ltr'><strong>reve-</strong></span> 
     </span>
    </p>
   </div>
   <div class='ocr_carea' id='block_1_85' title="bbox 1955 4089 3555 4157">
    <p class='ocr_par' dir='ltr' id='par_1_85' title="bbox 1955 4089 3555 4157">
     <span class='ocr_line' id='line_1_85' title="bbox 1955 4089 3555 4157; baseline -0.002 -11"><span class='ocrx_word' id='word_1_710' title='bbox 1955 4090 2237 4156; x_wconf 85' lang='lat' dir='ltr'><strong>lationum,</strong></span> <span class='ocrx_word' id='word_1_711' title='bbox 2270 4089 2508 4145; x_wconf 91' lang='lat' dir='ltr'><strong>omnium</strong></span> <span class='ocrx_word' id='word_1_712' title='bbox 2536 4089 2838 4146; x_wconf 87' lang='lat' dir='ltr'><strong>divinarum</strong></span> <span class='ocrx_word' id='word_1_713' title='bbox 2868 4105 3072 4157; x_wconf 88' lang='lat' dir='ltr'><strong>rerum,</strong></span> <span class='ocrx_word' id='word_1_714' title='bbox 3100 4099 3157 4146; x_wconf 91' lang='lat' dir='ltr'><strong>et</strong></span> <span class='ocrx_word' id='word_1_715' title='bbox 3182 4091 3305 4144; x_wconf 79' lang='lat' dir='ltr'><strong>vita:</strong></span> <span class='ocrx_word' id='word_1_716' title='bbox 3335 4098 3555 4144; x_wconf 71' lang='lat' dir='ltr'><strong>mtcrna:</strong></span> 
     </span>
    </p>
   </div>
   <div class='ocr_carea' id='block_1_86' title="bbox 1955 4179 3552 4256">
    <p class='ocr_par' dir='ltr' id='par_1_86' title="bbox 1955 4179 3552 4256">
     <span class='ocr_line' id='line_1_86' title="bbox 1955 4179 3552 4256; baseline -0.001 -19"><span class='ocrx_word' id='word_1_717' title='bbox 1955 4182 2200 4255; x_wconf 81' lang='lat' dir='ltr'><strong>Spiritus,</strong></span> <span class='ocrx_word' id='word_1_718' title='bbox 2226 4191 2285 4239; x_wconf 89' lang='lat' dir='ltr'><strong>ut</strong></span> <span class='ocrx_word' id='word_1_719' title='bbox 2322 4198 2418 4254; x_wconf 90' lang='lat' dir='ltr'><strong>per</strong></span> <span class='ocrx_word' id='word_1_720' title='bbox 2459 4185 2575 4253; x_wconf 85' lang='lat' dir='ltr'><strong>ejus</strong></span> <span class='ocrx_word' id='word_1_721' title='bbox 2617 4183 2961 4256; x_wconf 86' lang='lat' dir='ltr'><strong>mysterium,</strong></span> <span class='ocrx_word' id='word_1_722' title='bbox 2992 4190 3048 4239; x_wconf 90' lang='lat' dir='ltr'><strong>et</strong></span> <span class='ocrx_word' id='word_1_723' title='bbox 3093 4197 3188 4253; x_wconf 88' lang='lat' dir='ltr'><strong>per</strong></span> <span class='ocrx_word' id='word_1_724' title='bbox 3214 4179 3552 4253; x_wconf 89' lang='lat' dir='ltr'><strong>corporalem</strong></span> 
     </span>
    </p>
   </div>
   <div class='ocr_carea' id='block_1_87' title="bbox 1956 4273 3558 4333">
    <p class='ocr_par' dir='ltr' id='par_1_87' title="bbox 1956 4273 3558 4333">
     <span class='ocr_line' id='line_1_87' title="bbox 1956 4273 3558 4333; baseline -0.001 -1"><span class='ocrx_word' id='word_1_725' title='bbox 1956 4287 2186 4332; x_wconf 89' lang='lat' dir='ltr'><strong>mortem</strong></span> <span class='ocrx_word' id='word_1_726' title='bbox 2210 4276 2544 4333; x_wconf 73' lang='lat' dir='ltr'><strong>resuscitattc</strong></span> <span class='ocrx_word' id='word_1_727' title='bbox 2567 4277 2761 4332; x_wconf 66' lang='lat' dir='ltr'><strong>anima:</strong></span> <span class='ocrx_word' id='word_1_728' title='bbox 2784 4273 2853 4331; x_wconf 88' lang='lat' dir='ltr'><strong>ad</strong></span> <span class='ocrx_word' id='word_1_729' title='bbox 2879 4275 3129 4332; x_wconf 87' lang='lat' dir='ltr'><strong>virtutem</strong></span> <span class='ocrx_word' id='word_1_730' title='bbox 3161 4274 3440 4331; x_wconf 63' lang='lat' dir='ltr'><strong>caelestem</strong></span> <span class='ocrx_word' id='word_1_731' title='bbox 3469 4288 3558 4330; x_wconf 79' lang='lat' dir='ltr'><strong>re-</strong></span> 
     </span>
    </p>
   </div>
   <div class='ocr_carea' id='block_1_88' title="bbox 1957 4367 3557 4441">
    <p class='ocr_par' dir='ltr' id='par_1_88' title="bbox 1957 4367 3557 4441">
     <span class='ocr_line' id='line_1_88' title="bbox 1957 4367 3557 4441; baseline -0.001 -15"><span class='ocrx_word' id='word_1_732' title='bbox 1957 4369 2139 4427; x_wconf 93' lang='lat' dir='ltr'><strong>dirent</strong></span> <span class='ocrx_word' id='word_1_733' title='bbox 2171 4387 2184 4425; x_wconf 87' lang='lat'><strong>:</strong></span> <span class='ocrx_word' id='word_1_734' title='bbox 2218 4369 2486 4441; x_wconf 86' lang='lat' dir='ltr'><strong>simulque</strong></span> <span class='ocrx_word' id='word_1_735' title='bbox 2513 4384 2702 4441; x_wconf 83' lang='lat' dir='ltr'><strong>passus</strong></span> <span class='ocrx_word' id='word_1_736' title='bbox 2732 4379 2961 4426; x_wconf 90' lang='lat' dir='ltr'><strong>mortem</strong></span> <span class='ocrx_word' id='word_1_737' title='bbox 2993 4369 3168 4426; x_wconf 90' lang='lat' dir='ltr'><strong>crucis</strong></span> <span class='ocrx_word' id='word_1_738' title='bbox 3202 4367 3472 4435; x_wconf 90' lang='lat' dir='ltr'><strong>Christus,</strong></span> <span class='ocrx_word' id='word_1_739' title='bbox 3501 4376 3557 4424; x_wconf 89' lang='lat' dir='ltr'><strong>et</strong></span> 
     </span>
    </p>
   </div>
   <div class='ocr_carea' id='block_1_89' title="bbox 1956 4462 3561 4536">
    <p class='ocr_par' dir='ltr' id='par_1_89' title="bbox 1956 4462 3561 4536">
     <span class='ocr_line' id='line_1_89' title="bbox 1956 4462 3561 4536; baseline -0.001 -16"><span class='ocrx_word' id='word_1_740' title='bbox 1956 4462 2422 4520; x_wconf 60' lang='lat' dir='ltr'><strong>resu~citationem</strong></span> <span class='ocrx_word' id='word_1_741' title='bbox 2471 4480 2502 4520; x_wconf 87' lang='lat' dir='ltr'><strong>a</strong></span> <span class='ocrx_word' id='word_1_742' title='bbox 2554 4472 2708 4536; x_wconf 86' lang='lat' dir='ltr'><strong>patre</strong></span> <span class='ocrx_word' id='word_1_743' title='bbox 2750 4464 3073 4535; x_wconf 87' lang='lat' dir='ltr'><strong>suscipiens,</strong></span> <span class='ocrx_word' id='word_1_744' title='bbox 3124 4463 3410 4534; x_wconf 87' lang='lat' dir='ltr'><strong>imaginem</strong></span> <span class='ocrx_word' id='word_1_745' title='bbox 3461 4476 3561 4531; x_wconf 82' lang='lat' dir='ltr'><strong>per</strong></span> 
     </span>
    </p>
   </div>
   <div class='ocr_carea' id='block_1_90' title="bbox 1960 4554 3563 4628">
    <p class='ocr_par' dir='ltr' id='par_1_90' title="bbox 1960 4554 3563 4628">
     <span class='ocr_line' id='line_1_90' title="bbox 1960 4554 3563 4628; baseline 0 -18"><span class='ocrx_word' id='word_1_746' title='bbox 1960 4556 2274 4627; x_wconf 79' lang='lat' dir='ltr'><strong>mySIerium</strong></span> <span class='ocrx_word' id='word_1_747' title='bbox 2299 4555 2569 4628; x_wconf 70' lang='lat' dir='ltr'><strong>prtcberet</strong></span> <span class='ocrx_word' id='word_1_748' title='bbox 2591 4556 2786 4613; x_wconf 88' lang='lat' dir='ltr'><strong>animis</strong></span> <span class='ocrx_word' id='word_1_749' title='bbox 2814 4556 3064 4612; x_wconf 90' lang='lat' dir='ltr'><strong>omnibus</strong></span> <span class='ocrx_word' id='word_1_750' title='bbox 3095 4555 3160 4609; x_wconf 90' lang='lat' dir='ltr'><strong>ad</strong></span> <span class='ocrx_word' id='word_1_751' title='bbox 3186 4554 3563 4611; x_wconf 82' lang='lat' dir='ltr'><strong>resuscitatio-</strong></span> 
     </span>
    </p>
   </div>
   <div class='ocr_carea' id='block_1_91' title="bbox 247 4635 3343 4733">
    <p class='ocr_par' dir='ltr' id='par_1_91' title="bbox 247 4635 3343 4733">
     <span class='ocr_line' id='line_1_91' title="bbox 247 4635 3343 4733; baseline -0.005 -13"><span class='ocrx_word' id='word_1_752' title='bbox 247 4678 394 4730; x_wconf 86' lang='lat' dir='ltr'><strong>mus,</strong></span> <span class='ocrx_word' id='word_1_753' title='bbox 436 4677 628 4733; x_wconf 86' lang='lat' dir='ltr'><strong>magna</strong></span> <span class='ocrx_word' id='word_1_754' title='bbox 674 4660 860 4731; x_wconf 88' lang='lat' dir='ltr'><strong>utique</strong></span> <span class='ocrx_word' id='word_1_755' title='bbox 905 4657 1152 4729; x_wconf 86' lang='lat' dir='ltr'><strong>operatio</strong></span> <span class='ocrx_word' id='word_1_756' title='bbox 1192 4666 1275 4712; x_wconf 90' lang='lat' dir='ltr'><strong>est</strong></span> <span class='ocrx_word' id='word_1_757' title='bbox 1321 4655 1604 4727; x_wconf 86' lang='lat' dir='ltr'><strong>potestatis</strong></span> <span class='ocrx_word' id='word_1_758' title='bbox 1643 4652 1857 4706; x_wconf 85' lang='lat' dir='ltr'><strong>virtutis</strong></span> <span class='ocrx_word' id='word_1_759' title='bbox 1882 4635 1935 4697; x_wconf 84' lang='lat' dir='ltr'><strong>D</strong></span> <span class='ocrx_word' id='word_1_760' title='bbox 1960 4666 2104 4706; x_wconf 90' lang='lat' dir='ltr'><strong>nem.</strong></span> <span class='ocrx_word' id='word_1_761' title='bbox 2136 4650 2334 4707; x_wconf 83' lang='lat' dir='ltr'><strong>Verum</strong></span> <span class='ocrx_word' id='word_1_762' title='bbox 2364 4650 2500 4719; x_wconf 77' lang='lat' dir='ltr'><strong>lucc,</strong></span> <span class='ocrx_word' id='word_1_763' title='bbox 2528 4661 2581 4706; x_wconf 90' lang='lat' dir='ltr'><strong>ut</strong></span> <span class='ocrx_word' id='word_1_764' title='bbox 2606 4651 2763 4718; x_wconf 81' lang='lat' dir='ltr'><strong>dixit,</strong></span> <span class='ocrx_word' id='word_1_765' title='bbox 2791 4660 2846 4707; x_wconf 90' lang='lat' dir='ltr'><strong>et</strong></span> <span class='ocrx_word' id='word_1_766' title='bbox 2871 4651 3052 4723; x_wconf 88' lang='lat' dir='ltr'><strong>aliquo</strong></span> <span class='ocrx_word' id='word_1_767' title='bbox 3080 4660 3343 4720; x_wconf 87' lang='lat' dir='ltr'><strong>tempore.</strong></span> 
     </span>
    </p>
   </div>
   <div class='ocr_carea' id='block_1_92' title="bbox 248 4754 1855 4825">
    <p class='ocr_par' dir='ltr' id='par_1_92' title="bbox 248 4754 1855 4825">
     <span class='ocr_line' id='line_1_92' title="bbox 248 4754 1855 4825; baseline -0.008 -10"><span class='ocrx_word' id='word_1_768' title='bbox 248 4759 371 4815; x_wconf 87' lang='lat' dir='ltr'><strong>Dei.</strong></span> <span class='ocrx_word' id='word_1_769' title='bbox 422 4756 625 4813; x_wconf 90' lang='lat' dir='ltr'><strong>Deinde</strong></span> <span class='ocrx_word' id='word_1_770' title='bbox 669 4754 788 4810; x_wconf 69' lang='lat' dir='ltr'><strong>haec</strong></span> <span class='ocrx_word' id='word_1_771' title='bbox 827 4769 947 4825; x_wconf 76' lang='lat' dir='ltr'><strong>qua:</strong></span> <span class='ocrx_word' id='word_1_772' title='bbox 974 4761 1266 4809; x_wconf 87' lang='lat' dir='ltr'><strong>consecuta</strong></span> <span class='ocrx_word' id='word_1_773' title='bbox 1308 4757 1434 4804; x_wconf 75' lang='lat' dir='ltr'><strong>sunt</strong></span> <span class='ocrx_word' id='word_1_774' title='bbox 1466 4757 1650 4819; x_wconf 88' lang='lat' dir='ltr'><strong>postea</strong></span> <span class='ocrx_word' id='word_1_775' title='bbox 1691 4762 1855 4818; x_wconf 89' lang='lat' dir='ltr'><strong>quam</strong></span> 
     </span>
    </p>
   </div>
   <div class='ocr_carea' id='block_1_93' title="bbox 249 4840 1856 4914">
    <p class='ocr_par' dir='ltr' id='par_1_93' title="bbox 249 4840 1856 4914">
     <span class='ocr_line' id='line_1_93' title="bbox 249 4840 1856 4914; baseline -0.009 -4"><span class='ocrx_word' id='word_1_776' title='bbox 249 4851 533 4910; x_wconf 82' lang='lat' dir='ltr'><strong>suscitavit</strong></span> <span class='ocrx_word' id='word_1_777' title='bbox 574 4865 603 4904; x_wconf 91' lang='lat' dir='ltr'><strong>a</strong></span> <span class='ocrx_word' id='word_1_778' title='bbox 637 4847 887 4914; x_wconf 90' lang='lat' dir='ltr'><strong>mortuis,</strong></span> <span class='ocrx_word' id='word_1_779' title='bbox 924 4845 1206 4902; x_wconf 81' lang='lat' dir='ltr'><strong>constituit</strong></span> <span class='ocrx_word' id='word_1_780' title='bbox 1248 4843 1396 4898; x_wconf 91' lang='lat' dir='ltr'><strong>illum</strong></span> <span class='ocrx_word' id='word_1_781' title='bbox 1426 4842 1478 4897; x_wconf 91' lang='lat' dir='ltr'><strong>in</strong></span> <span class='ocrx_word' id='word_1_782' title='bbox 1510 4840 1732 4896; x_wconf 85' lang='lat' dir='ltr'><strong>dextera</strong></span> <span class='ocrx_word' id='word_1_783' title='bbox 1759 4855 1856 4896; x_wconf 88' lang='lat' dir='ltr'><strong>sua</strong></span> 
     </span>
    </p>
   </div>
   <div class='ocr_carea' id='block_1_94' title="bbox 252 4931 1850 5017">
    <p class='ocr_par' dir='ltr' id='par_1_94' title="bbox 252 4931 1850 5017">
     <span class='ocr_line' id='line_1_94' title="bbox 252 4931 1850 5017; baseline -0.009 -14"><span class='ocrx_word' id='word_1_784' title='bbox 252 4946 309 5003; x_wconf 85' lang='lat' dir='ltr'><strong>in</strong></span> <span class='ocrx_word' id='word_1_785' title='bbox 341 4944 513 5001; x_wconf 71' lang='lat' dir='ltr'><strong>cmlis.</strong></span> <span class='ocrx_word' id='word_1_786' title='bbox 551 4944 796 5017; x_wconf 85' lang='lat' dir='ltr'><strong>Magnum</strong></span> <span class='ocrx_word' id='word_1_787' title='bbox 827 4940 1016 5012; x_wconf 86' lang='lat' dir='ltr'><strong>utique</strong></span> <span class='ocrx_word' id='word_1_788' title='bbox 1042 4937 1168 5005; x_wconf 87' lang='lat' dir='ltr'><strong>hoc,</strong></span> <span class='ocrx_word' id='word_1_789' title='bbox 1208 4946 1413 4992; x_wconf 89' lang='lat' dir='ltr'><strong>tantum</strong></span> <span class='ocrx_word' id='word_1_790' title='bbox 1452 4933 1717 4990; x_wconf 90' lang='lat' dir='ltr'><strong>honorem</strong></span> <span class='ocrx_word' id='word_1_791' title='bbox 1757 4931 1850 4989; x_wconf 88' lang='lat' dir='ltr'><strong>de-</strong></span> 
     </span>
    </p>
   </div>
   <div class='ocr_carea' id='block_1_95' title="bbox 253 5029 1860 5110">
    <p class='ocr_par' dir='ltr' id='par_1_95' title="bbox 253 5029 1860 5110">
     <span class='ocr_line' id='line_1_95' title="bbox 253 5029 1860 5110; baseline -0.011 -10"><span class='ocrx_word' id='word_1_792' title='bbox 253 5043 423 5110; x_wconf 87' lang='lat' dir='ltr'><strong>disse,</strong></span> <span class='ocrx_word' id='word_1_793' title='bbox 451 5050 652 5097; x_wconf 86' lang='lat' dir='ltr'><strong>tantam</strong></span> <span class='ocrx_word' id='word_1_794' title='bbox 679 5038 1039 5107; x_wconf 89' lang='lat' dir='ltr'><strong>majestatem,</strong></span> <span class='ocrx_word' id='word_1_795' title='bbox 1069 5043 1128 5089; x_wconf 93' lang='lat' dir='ltr'><strong>ut</strong></span> <span class='ocrx_word' id='word_1_796' title='bbox 1156 5041 1212 5089; x_wconf 88' lang='lat' dir='ltr'><strong>et</strong></span> <span class='ocrx_word' id='word_1_797' title='bbox 1240 5032 1293 5088; x_wconf 94' lang='lat' dir='ltr'><strong>in</strong></span> <span class='ocrx_word' id='word_1_798' title='bbox 1322 5030 1477 5088; x_wconf 64' lang='lat' dir='ltr'><strong>caelis</strong></span> <span class='ocrx_word' id='word_1_799' title='bbox 1502 5045 1625 5085; x_wconf 87' lang='lat' dir='ltr'><strong>eum</strong></span> <span class='ocrx_word' id='word_1_800' title='bbox 1657 5029 1860 5085; x_wconf 90' lang='lat' dir='ltr'><strong>consti-</strong></span> 
     </span>
    </p>
   </div>
   <div class='ocr_carea' id='block_1_96' title="bbox 253 5123 1858 5205">
    <p class='ocr_par' dir='ltr' id='par_1_96' title="bbox 253 5123 1858 5205">
     <span class='ocr_line' id='line_1_96' title="bbox 253 5123 1858 5205; baseline -0.01 -10"><span class='ocrx_word' id='word_1_801' title='bbox 253 5145 453 5205; x_wconf 87' lang='lat' dir='ltr'><strong>tueret,</strong></span> <span class='ocrx_word' id='word_1_802' title='bbox 480 5136 607 5194; x_wconf 90' lang='lat' dir='ltr'><strong>etin</strong></span> <span class='ocrx_word' id='word_1_803' title='bbox 627 5133 847 5191; x_wconf 82' lang='lat' dir='ltr'><strong>dextera</strong></span> <span class='ocrx_word' id='word_1_804' title='bbox 868 5147 963 5187; x_wconf 87' lang='lat' dir='ltr'><strong>sua</strong></span> <span class='ocrx_word' id='word_1_805' title='bbox 989 5129 1369 5187; x_wconf 88' lang='lat' dir='ltr'><strong>constitueret.</strong></span> <span class='ocrx_word' id='word_1_806' title='bbox 1397 5126 1593 5183; x_wconf 85' lang='lat' dir='ltr'><strong>Parum</strong></span> <span class='ocrx_word' id='word_1_807' title='bbox 1617 5123 1723 5180; x_wconf 89' lang='lat' dir='ltr'><strong>hoc</strong></span> <span class='ocrx_word' id='word_1_808' title='bbox 1741 5131 1858 5180; x_wconf 90' lang='lat' dir='ltr'><strong>est:</strong></span> 
     </span>
    </p>
   </div>
   <div class='ocr_carea' id='block_1_97' title="bbox 328 5289 1853 5366">
    <p class='ocr_par' dir='ltr' id='par_1_97' title="bbox 328 5289 1853 5366">
     <span class='ocr_line' id='line_1_97' title="bbox 328 5289 1853 5366; baseline -0.007 -13"><span class='ocrx_word' id='word_1_809' title='bbox 328 5296 410 5365; x_wconf 82' lang='lat' dir='ltr'><strong>(l)</strong></span> <span class='ocrx_word' id='word_1_810' title='bbox 450 5292 622 5352; x_wconf 88' lang='lat' dir='ltr'><strong>Codd.</strong></span> <span class='ocrx_word' id='word_1_811' title='bbox 651 5289 876 5366; x_wconf 65' lang='lat' dir='ltr'><strong>Epltessi</strong></span> <span class='ocrx_word' id='word_1_812' title='bbox 903 5290 1037 5363; x_wconf 84' lang='lat' dir='ltr'><strong>ipsa.</strong></span> <span class='ocrx_word' id='word_1_813' title='bbox 1208 5357 1221 5366; x_wconf 89' lang='lat'>_</span> <span class='ocrx_word' id='word_1_814' title='bbox 1533 5353 1566 5366; x_wconf 25' lang='grc' dir='ltr'><strong>,Α</strong></span> <span class='ocrx_word' id='word_1_815' title='bbox 1627 5352 1641 5366; x_wconf 40' lang='grc' dir='ltr'><strong><em>ι</em></strong></span> <span class='ocrx_word' id='word_1_816' title='bbox 1734 5351 1747 5364; x_wconf 41' lang='grc' dir='ltr'>σ</span> <span class='ocrx_word' id='word_1_817' title='bbox 1783 5359 1795 5366; x_wconf 89' lang='lat'><em>_</em></span> <span class='ocrx_word' id='word_1_818' title='bbox 1852 5340 1853 5343; x_wconf 42' lang='grc' dir='ltr'><strong>η</strong></span> 
     </span>
    </p>
   </div>
   <div class='ocr_carea' id='block_1_98' title="bbox 331 5352 1859 5443">
    <p class='ocr_par' dir='ltr' id='par_1_98' title="bbox 331 5352 1859 5443">
     <span class='ocr_line' id='line_1_98' title="bbox 331 5352 1859 5443; baseline -0.012 -20"><span class='ocrx_word' id='word_1_819' title='bbox 331 5352 411 5443; x_wconf 59' lang='grc' dir='ltr'><strong>(ἢ</strong></span> <span class='ocrx_word' id='word_1_820' title='bbox 454 5367 608 5443; x_wconf 61' lang='lat' dir='ltr'><strong>Vulg.</strong></span> <span class='ocrx_word' id='word_1_821' title='bbox 643 5352 715 5420; x_wconf 79' lang='grc' dir='ltr'><strong>Εἰ</strong></span> <span class='ocrx_word' id='word_1_822' title='bbox 738 5377 850 5443; x_wconf 73' lang='lat' dir='ltr'><strong>qute</strong></span> <span class='ocrx_word' id='word_1_823' title='bbox 875 5352 941 5443; x_wconf 45' lang='lat' dir='ltr'><strong>si}</strong></span> <span class='ocrx_word' id='word_1_824' title='bbox 966 5357 1346 5443; x_wconf 65' lang='lat' dir='ltr'><strong>supereminens</strong></span> <span class='ocrx_word' id='word_1_825' title='bbox 1370 5352 1859 5443; x_wconf 15' lang='lat' dir='ltr'><strong>magnitudoiuirtu-</strong></span> 
     </span>
    </p>
   </div>
   <div class='ocr_carea' id='block_1_99' title="bbox 257 5430 1861 5526">
    <p class='ocr_par' dir='ltr' id='par_1_99' title="bbox 257 5430 1861 5526">
     <span class='ocr_line' id='line_1_99' title="bbox 257 5430 1861 5526; baseline -0.011 -29"><span class='ocrx_word' id='word_1_826' title='bbox 257 5440 325 5497; x_wconf 86' lang='lat' dir='ltr'><strong>tis</strong></span> <span class='ocrx_word' id='word_1_827' title='bbox 338 5430 455 5526; x_wconf 53' lang='lat' dir='ltr'><strong>‘rj&#39;us</strong></span> <span class='ocrx_word' id='word_1_828' title='bbox 470 5440 524 5494; x_wconf 88' lang='lat' dir='ltr'><strong>in</strong></span> <span class='ocrx_word' id='word_1_829' title='bbox 544 5430 655 5503; x_wconf 68' lang='lat' dir='ltr'><strong>nos,</strong></span> <span class='ocrx_word' id='word_1_830' title='bbox 800 5433 1078 5500; x_wconf 85' lang='lat' dir='ltr'><strong>credimus,</strong></span> <span class='ocrx_word' id='word_1_831' title='bbox 1099 5430 1379 5486; x_wconf 85' lang='lat' dir='ltr'><strong>secundum</strong></span> <span class='ocrx_word' id='word_1_832' title='bbox 1400 5430 1748 5500; x_wconf 80' lang='lat' dir='ltr'><strong>operationem</strong></span> <span class='ocrx_word' id='word_1_833' title='bbox 1765 5439 1861 5497; x_wconf 88' lang='lat' dir='ltr'><strong>po-</strong></span> 
     </span>
    </p>
   </div>
   <div class='ocr_carea' id='block_1_100' title="bbox 259 5510 1713 5580">
    <p class='ocr_par' dir='ltr' id='par_1_100' title="bbox 259 5510 1713 5580">
     <span class='ocr_line' id='line_1_100' title="bbox 259 5510 1713 5580; baseline 0.001 -11"><span class='ocrx_word' id='word_1_834' title='bbox 259 5510 430 5570; x_wconf 72' lang='lat' dir='ltr'><strong>tentia:</strong></span> <span class='ocrx_word' id='word_1_835' title='bbox 456 5513 662 5567; x_wconf 76' lang='lat' dir='ltr'><strong>virtutis</strong></span> <span class='ocrx_word' id='word_1_836' title='bbox 690 5510 834 5580; x_wconf 51' lang='lat' dir='ltr'><strong>eius.</strong></span> <span class='ocrx_word' id='word_1_837' title='bbox 1340 5579 1343 5580; x_wconf 18' lang='grc' dir='ltr'><em>ν</em></span> <span class='ocrx_word' id='word_1_838' title='bbox 1393 5570 1407 5580; x_wconf 71' lang='grc'><em>,</em></span> <span class='ocrx_word' id='word_1_839' title='bbox 1516 5578 1523 5580; x_wconf 18' lang='grc' dir='ltr'><strong>ᾼ</strong></span> <span class='ocrx_word' id='word_1_840' title='bbox 1682 5566 1713 5580; x_wconf 81' lang='lat'><strong>_,</strong></span> 
     </span>
    </p>
   </div>
   <div class='ocr_carea' id='block_1_101' title="bbox 333 5570 1861 5659">
    <p class='ocr_par' dir='ltr' id='par_1_101' title="bbox 333 5570 1861 5659">
     <span class='ocr_line' id='line_1_101' title="bbox 333 5570 1861 5659; baseline -0.013 -18"><span class='ocrx_word' id='word_1_841' title='bbox 333 5586 411 5659; x_wconf 78' lang='lat'><strong>(3)</strong></span> <span class='ocrx_word' id='word_1_842' title='bbox 454 5581 613 5655; x_wconf 81' lang='lat' dir='ltr'><strong>Vulg.</strong></span> <span class='ocrx_word' id='word_1_843' title='bbox 636 5600 651 5638; x_wconf 89' lang='lat'><strong>:</strong></span> <span class='ocrx_word' id='word_1_844' title='bbox 679 5570 952 5659; x_wconf 71' lang='lat' dir='ltr'><strong>suscitans</strong></span> <span class='ocrx_word' id='word_1_845' title='bbox 967 5573 1129 5659; x_wconf 65' lang='lat' dir='ltr'><strong>illum</strong></span> <span class='ocrx_word' id='word_1_846' title='bbox 1150 5590 1185 5628; x_wconf 89' lang='lat' dir='ltr'><strong>a</strong></span> <span class='ocrx_word' id='word_1_847' title='bbox 1217 5570 1456 5638; x_wconf 88' lang='lat' dir='ltr'><strong>mortuis,</strong></span> <span class='ocrx_word' id='word_1_848' title='bbox 1477 5578 1526 5626; x_wconf 80' lang='lat' dir='ltr'><strong>et</strong></span> <span class='ocrx_word' id='word_1_849' title='bbox 1549 5570 1861 5625; x_wconf 86' lang='lat' dir='ltr'><strong>constituens</strong></span> 
     </span>
    </p>
   </div>
   <div class='ocr_carea' id='block_1_102' title="bbox 259 5648 1186 5715">
    <p class='ocr_par' dir='ltr' id='par_1_102' title="bbox 259 5648 1186 5715">
     <span class='ocr_line' id='line_1_102' title="bbox 259 5648 1186 5715; baseline -0.016 0"><span class='ocrx_word' id='word_1_850' title='bbox 259 5657 331 5715; x_wconf 84' lang='lat' dir='ltr'><strong>ad</strong></span> <span class='ocrx_word' id='word_1_851' title='bbox 341 5648 611 5712; x_wconf 69' lang='lat' dir='ltr'><strong>dexteram</strong></span> <span class='ocrx_word' id='word_1_852' title='bbox 630 5668 778 5710; x_wconf 88' lang='lat' dir='ltr'><strong>suam</strong></span> <span class='ocrx_word' id='word_1_853' title='bbox 805 5654 860 5706; x_wconf 87' lang='lat' dir='ltr'><strong>in</strong></span> <span class='ocrx_word' id='word_1_854' title='bbox 882 5648 1186 5706; x_wconf 74' lang='lat' dir='ltr'><strong>scelestibus.</strong></span> 
     </span>
    </p>
   </div>
   <div class='ocr_carea' id='block_1_103' title="bbox 358 5723 889 5818">
    <p class='ocr_par' dir='ltr' id='par_1_103' title="bbox 358 5723 889 5818">
     <span class='ocr_line' id='line_1_103' title="bbox 358 5723 889 5818; baseline -0.013 -33"><span class='ocrx_word' id='word_1_855' title='bbox 358 5727 417 5818; x_wconf 55' lang='grc' dir='ltr'><strong>ξ)</strong></span> <span class='ocrx_word' id='word_1_856' title='bbox 455 5726 614 5818; x_wconf 53' lang='lat' dir='ltr'><strong>Eni};</strong></span> <span class='ocrx_word' id='word_1_857' title='bbox 644 5723 796 5810; x_wconf 75' lang='lat' dir='ltr'><strong>addit</strong></span> <span class='ocrx_word' id='word_1_858' title='bbox 818 5731 889 5779; x_wconf 84' lang='lat' dir='ltr'><strong>et.</strong></span> 
     </span>
    </p>
   </div>
   <div class='ocr_carea' id='block_1_104' title="bbox 360 5798 866 5943">
    <p class='ocr_par' dir='ltr' id='par_1_104' title="bbox 360 5798 866 5943">
     <span class='ocr_line' id='line_1_104' title="bbox 360 5798 717 5859; baseline -0.022 0"><span class='ocrx_word' id='word_1_859' title='bbox 360 5798 412 5859; x_wconf 24' lang='lat'><strong>5&quot;</strong></span> <span class='ocrx_word' id='word_1_860' title='bbox 455 5798 626 5856; x_wconf 90' lang='lat' dir='ltr'><strong>Codd.</strong></span> <span class='ocrx_word' id='word_1_861' title='bbox 651 5799 717 5853; x_wconf 87' lang='lat' dir='ltr'><strong>ei.</strong></span> 
     </span>
     <span class='ocr_line' id='line_1_105' title="bbox 362 5819 866 5943; baseline -0.008 -15"><span class='ocrx_word' id='word_1_862' title='bbox 362 5819 420 5943; x_wconf 61' lang='grc' dir='ltr'><strong>σς</strong></span> <span class='ocrx_word' id='word_1_863' title='bbox 459 5869 632 5931; x_wconf 86' lang='lat' dir='ltr'><strong>Codd.</strong></span> <span class='ocrx_word' id='word_1_864' title='bbox 663 5876 866 5942; x_wconf 59' lang='grc' dir='ltr'><strong>βαθείας.</strong></span> 
     </span>
    </p>
   </div>
   <div class='ocr_carea' id='block_1_105' title="bbox 2038 4740 3560 4811">
    <p class='ocr_par' dir='ltr' id='par_1_105' title="bbox 2038 4740 3560 4811">
     <span class='ocr_line' id='line_1_106' title="bbox 2038 4740 3560 4811; baseline 0 -14"><span class='ocrx_word' id='word_1_865' title='bbox 2038 4742 2105 4798; x_wconf 85' lang='lat' dir='ltr'><strong>Et</strong></span> <span class='ocrx_word' id='word_1_866' title='bbox 2134 4745 2441 4799; x_wconf 86' lang='lat' dir='ltr'><strong>constituens</strong></span> <span class='ocrx_word' id='word_1_867' title='bbox 2482 4743 2632 4799; x_wconf 87' lang='lat' dir='ltr'><strong>illum</strong></span> <span class='ocrx_word' id='word_1_868' title='bbox 2670 4745 2725 4800; x_wconf 89' lang='lat' dir='ltr'><strong>in</strong></span> <span class='ocrx_word' id='word_1_869' title='bbox 2766 4744 2973 4800; x_wconf 71' lang='lat' dir='ltr'><strong>dextera</strong></span> <span class='ocrx_word' id='word_1_870' title='bbox 3000 4759 3095 4798; x_wconf 86' lang='lat' dir='ltr'><strong>sua</strong></span> <span class='ocrx_word' id='word_1_871' title='bbox 3120 4742 3177 4798; x_wconf 88' lang='lat' dir='ltr'><strong>in</strong></span> <span class='ocrx_word' id='word_1_872' title='bbox 3202 4741 3364 4799; x_wconf 74' lang='lat' dir='ltr'><strong>caelis.</strong></span> <span class='ocrx_word' id='word_1_873' title='bbox 3410 4740 3560 4811; x_wconf 85' lang='lat' dir='ltr'><strong>Quo-</strong></span> 
     </span>
    </p>
   </div>
   <div class='ocr_carea' id='block_1_106' title="bbox 1963 4836 3566 4906">
    <p class='ocr_par' dir='ltr' id='par_1_106' title="bbox 1963 4836 3566 4906">
     <span class='ocr_line' id='line_1_107' title="bbox 1963 4836 3566 4906; baseline -0.002 -13"><span class='ocrx_word' id='word_1_874' title='bbox 1963 4837 2107 4893; x_wconf 86' lang='lat' dir='ltr'><strong>niam</strong></span> <span class='ocrx_word' id='word_1_875' title='bbox 2138 4837 2387 4894; x_wconf 89' lang='lat' dir='ltr'><strong>Christus</strong></span> <span class='ocrx_word' id='word_1_876' title='bbox 2409 4837 2503 4893; x_wconf 88' lang='lat' dir='ltr'><strong>Dei</strong></span> <span class='ocrx_word' id='word_1_877' title='bbox 2525 4846 2705 4894; x_wconf 89' lang='lat' dir='ltr'><strong>motus</strong></span> <span class='ocrx_word' id='word_1_878' title='bbox 2731 4847 2849 4903; x_wconf 90' lang='lat' dir='ltr'><strong>est;</strong></span> <span class='ocrx_word' id='word_1_879' title='bbox 2880 4844 3057 4892; x_wconf 83' lang='lat' dir='ltr'><strong>motus</strong></span> <span class='ocrx_word' id='word_1_880' title='bbox 3084 4844 3261 4892; x_wconf 90' lang='lat' dir='ltr'><strong>autem</strong></span> <span class='ocrx_word' id='word_1_881' title='bbox 3291 4836 3344 4892; x_wconf 92' lang='lat' dir='ltr'><strong>in</strong></span> <span class='ocrx_word' id='word_1_882' title='bbox 3370 4850 3566 4906; x_wconf 78' lang='lat' dir='ltr'><strong>opera~</strong></span> 
     </span>
    </p>
   </div>
   <div class='ocr_carea' id='block_1_107' title="bbox 1966 4930 3560 5004">
    <p class='ocr_par' dir='ltr' id='par_1_107' title="bbox 1966 4930 3560 5004">
     <span class='ocr_line' id='line_1_108' title="bbox 1966 4930 3560 5004; baseline -0.004 -14"><span class='ocrx_word' id='word_1_883' title='bbox 1966 4935 2110 4990; x_wconf 93' lang='lat' dir='ltr'><strong>tione</strong></span> <span class='ocrx_word' id='word_1_884' title='bbox 2133 4945 2248 5000; x_wconf 75' lang='grc' dir='ltr'>θείς</span> <span class='ocrx_word' id='word_1_885' title='bbox 2276 4933 2516 5004; x_wconf 88' lang='lat' dir='ltr'><strong>operatio</strong></span> <span class='ocrx_word' id='word_1_886' title='bbox 2538 4949 2668 4989; x_wconf 87' lang='lat' dir='ltr'><strong>vero</strong></span> <span class='ocrx_word' id='word_1_887' title='bbox 2690 4940 2868 4989; x_wconf 91' lang='lat' dir='ltr'><strong>motus</strong></span> <span class='ocrx_word' id='word_1_888' title='bbox 2888 4947 3105 5004; x_wconf 88' lang='lat' dir='ltr'><strong>semper</strong></span> <span class='ocrx_word' id='word_1_889' title='bbox 3126 4931 3179 4988; x_wconf 92' lang='lat' dir='ltr'><strong>in</strong></span> <span class='ocrx_word' id='word_1_890' title='bbox 3203 4930 3422 4988; x_wconf 77' lang='lat' dir='ltr'><strong>dextera</strong></span> <span class='ocrx_word' id='word_1_891' title='bbox 3445 4938 3560 4997; x_wconf 88' lang='lat' dir='ltr'><strong>est;</strong></span> 
     </span>
    </p>
   </div>
   <div class='ocr_carea' id='block_1_108' title="bbox 1963 5020 3563 5094">
    <p class='ocr_par' dir='ltr' id='par_1_108' title="bbox 1963 5020 3563 5094">
     <span class='ocr_line' id='line_1_109' title="bbox 1963 5020 3563 5094; baseline -0.006 -10"><span class='ocrx_word' id='word_1_892' title='bbox 1963 5028 2163 5085; x_wconf 91' lang='lat' dir='ltr'><strong>idcirco</strong></span> <span class='ocrx_word' id='word_1_893' title='bbox 2192 5027 2440 5084; x_wconf 90' lang='lat' dir='ltr'><strong>Christus</strong></span> <span class='ocrx_word' id='word_1_894' title='bbox 2483 5026 2537 5082; x_wconf 91' lang='lat' dir='ltr'><strong>in</strong></span> <span class='ocrx_word' id='word_1_895' title='bbox 2584 5028 2803 5086; x_wconf 80' lang='lat' dir='ltr'><strong>dextera</strong></span> <span class='ocrx_word' id='word_1_896' title='bbox 2849 5024 2945 5082; x_wconf 89' lang='lat' dir='ltr'><strong>Dei</strong></span> <span class='ocrx_word' id='word_1_897' title='bbox 2985 5034 3068 5082; x_wconf 90' lang='lat' dir='ltr'><strong>est</strong></span> <span class='ocrx_word' id='word_1_898' title='bbox 3110 5025 3436 5081; x_wconf 90' lang='lat' dir='ltr'><strong>constitutus</strong></span> <span class='ocrx_word' id='word_1_899' title='bbox 3479 5020 3563 5094; x_wconf 72' lang='grc' dir='ltr'><strong>(Ξ)</strong></span> 
     </span>
    </p>
   </div>
   <div class='ocr_carea' id='block_1_109' title="bbox 1963 5114 3567 5193">
    <p class='ocr_par' dir='ltr' id='par_1_109' title="bbox 1963 5114 3567 5193">
     <span class='ocr_line' id='line_1_110' title="bbox 1963 5114 3567 5193; baseline -0.007 -14"><span class='ocrx_word' id='word_1_900' title='bbox 1963 5137 2123 5193; x_wconf 89' lang='lat' dir='ltr'><strong>supra</strong></span> <span class='ocrx_word' id='word_1_901' title='bbox 2172 5135 2389 5178; x_wconf 86' lang='lat' dir='ltr'><strong>onmem</strong></span> <span class='ocrx_word' id='word_1_902' title='bbox 2440 5117 2797 5191; x_wconf 89' lang='lat' dir='ltr'><strong>principatum</strong></span> <span class='ocrx_word' id='word_1_903' title='bbox 2849 5128 2905 5177; x_wconf 91' lang='lat' dir='ltr'><strong>et</strong></span> <span class='ocrx_word' id='word_1_904' title='bbox 2953 5125 3296 5190; x_wconf 88' lang='lat' dir='ltr'><strong>potestatem.</strong></span> <span class='ocrx_word' id='word_1_905' title='bbox 3351 5114 3567 5170; x_wconf 83' lang='lat' dir='ltr'><strong>Primus</strong></span> 
     </span>
    </p>
   </div>
   <div class='ocr_carea' id='block_1_110' title="bbox 1962 5207 3564 5281">
    <p class='ocr_par' dir='ltr' id='par_1_110' title="bbox 1962 5207 3564 5281">
     <span class='ocr_line' id='line_1_111' title="bbox 1962 5207 3564 5281; baseline -0.004 -12"><span class='ocrx_word' id='word_1_906' title='bbox 1962 5216 2108 5270; x_wconf 90' lang='lat' dir='ltr'><strong>enim</strong></span> <span class='ocrx_word' id='word_1_907' title='bbox 2139 5225 2319 5272; x_wconf 90' lang='lat' dir='ltr'><strong>motus</strong></span> <span class='ocrx_word' id='word_1_908' title='bbox 2347 5212 2610 5281; x_wconf 90' lang='lat' dir='ltr'><strong>omnium,</strong></span> <span class='ocrx_word' id='word_1_909' title='bbox 2641 5224 2821 5270; x_wconf 83' lang='lat' dir='ltr'><strong>moms</strong></span> <span class='ocrx_word' id='word_1_910' title='bbox 2842 5221 2926 5269; x_wconf 91' lang='lat' dir='ltr'><strong>est</strong></span> <span class='ocrx_word' id='word_1_911' title='bbox 2948 5211 3172 5268; x_wconf 89' lang='lat' dir='ltr'><strong>Christi.</strong></span> <span class='ocrx_word' id='word_1_912' title='bbox 3220 5207 3564 5277; x_wconf 88' lang='lat' dir='ltr'><strong>Principatus</strong></span> 
     </span>
    </p>
   </div>
   <div class='ocr_carea' id='block_1_111' title="bbox 1963 5304 3565 5381">
    <p class='ocr_par' dir='ltr' id='par_1_111' title="bbox 1963 5304 3565 5381">
     <span class='ocr_line' id='line_1_112' title="bbox 1963 5304 3565 5381; baseline -0.004 -14"><span class='ocrx_word' id='word_1_913' title='bbox 1963 5326 2094 5369; x_wconf 89' lang='lat' dir='ltr'><strong>vero</strong></span> <span class='ocrx_word' id='word_1_914' title='bbox 2116 5319 2174 5367; x_wconf 91' lang='lat' dir='ltr'><strong>et</strong></span> <span class='ocrx_word' id='word_1_915' title='bbox 2213 5317 2506 5381; x_wconf 89' lang='lat' dir='ltr'><strong>potestates</strong></span> <span class='ocrx_word' id='word_1_916' title='bbox 2533 5318 2588 5365; x_wconf 82' lang='lat' dir='ltr'><strong>et</strong></span> <span class='ocrx_word' id='word_1_917' title='bbox 2616 5307 2842 5367; x_wconf 90' lang='lat' dir='ltr'><strong>virtutes</strong></span> <span class='ocrx_word' id='word_1_918' title='bbox 2866 5316 2922 5365; x_wconf 89' lang='lat' dir='ltr'><strong>et</strong></span> <span class='ocrx_word' id='word_1_919' title='bbox 2959 5304 3358 5363; x_wconf 85' lang='lat' dir='ltr'><strong>dominationes</strong></span> <span class='ocrx_word' id='word_1_920' title='bbox 3385 5312 3565 5360; x_wconf 87' lang='lat' dir='ltr'><strong>motus</strong></span> 
     </span>
    </p>
   </div>
   <div class='ocr_carea' id='block_1_112' title="bbox 1964 5396 3568 5476">
    <p class='ocr_par' dir='ltr' id='par_1_112' title="bbox 1964 5396 3568 5476">
     <span class='ocr_line' id='line_1_113' title="bbox 1964 5396 3568 5476; baseline -0.006 -16"><span class='ocrx_word' id='word_1_921' title='bbox 1964 5413 2089 5462; x_wconf 85' lang='lat' dir='ltr'><strong>sunt</strong></span> <span class='ocrx_word' id='word_1_922' title='bbox 2121 5419 2299 5460; x_wconf 90' lang='lat' dir='ltr'><strong>rerum</strong></span> <span class='ocrx_word' id='word_1_923' title='bbox 2332 5401 2681 5476; x_wconf 86' lang='lat' dir='ltr'><strong>agendarum,</strong></span> <span class='ocrx_word' id='word_1_924' title='bbox 2705 5402 2820 5457; x_wconf 90' lang='lat' dir='ltr'><strong>sive</strong></span> <span class='ocrx_word' id='word_1_925' title='bbox 2849 5400 2902 5457; x_wconf 91' lang='lat' dir='ltr'><strong>in</strong></span> <span class='ocrx_word' id='word_1_926' title='bbox 2924 5398 3144 5467; x_wconf 90' lang='lat' dir='ltr'><strong>divinis,</strong></span> <span class='ocrx_word' id='word_1_927' title='bbox 3172 5398 3288 5453; x_wconf 88' lang='lat' dir='ltr'><strong>sive</strong></span> <span class='ocrx_word' id='word_1_928' title='bbox 3307 5396 3361 5452; x_wconf 91' lang='lat' dir='ltr'><strong>in</strong></span> <span class='ocrx_word' id='word_1_929' title='bbox 3394 5409 3568 5452; x_wconf 69' lang='lat' dir='ltr'><strong>Saecu-</strong></span> 
     </span>
    </p>
   </div>
   <div class='ocr_carea' id='block_1_113' title="bbox 1970 5490 3571 5566">
    <p class='ocr_par' dir='ltr' id='par_1_113' title="bbox 1970 5490 3571 5566">
     <span class='ocr_line' id='line_1_114' title="bbox 1970 5490 3571 5566; baseline -0.005 -10"><span class='ocrx_word' id='word_1_930' title='bbox 1970 5498 2192 5556; x_wconf 85' lang='lat' dir='ltr'><strong>laribus.</strong></span> <span class='ocrx_word' id='word_1_931' title='bbox 2222 5496 2330 5554; x_wconf 87' lang='lat' dir='ltr'><strong>Sed</strong></span> <span class='ocrx_word' id='word_1_932' title='bbox 2355 5512 2478 5554; x_wconf 88' lang='lat' dir='ltr'><strong>cum</strong></span> <span class='ocrx_word' id='word_1_933' title='bbox 2504 5495 2626 5553; x_wconf 79' lang='lat' dir='ltr'><strong>fons</strong></span> <span class='ocrx_word' id='word_1_934' title='bbox 2651 5498 2722 5553; x_wconf 88' lang='lat' dir='ltr'><strong>sit</strong></span> <span class='ocrx_word' id='word_1_935' title='bbox 2741 5504 2797 5552; x_wconf 89' lang='lat' dir='ltr'><strong>et</strong></span> <span class='ocrx_word' id='word_1_936' title='bbox 2820 5492 2972 5566; x_wconf 86' lang='lat' dir='ltr'><strong>origo</strong></span> <span class='ocrx_word' id='word_1_937' title='bbox 2993 5501 3049 5551; x_wconf 90' lang='lat' dir='ltr'><strong>et</strong></span> <span class='ocrx_word' id='word_1_938' title='bbox 3075 5490 3375 5565; x_wconf 87' lang='lat' dir='ltr'><strong>principale</strong></span> <span class='ocrx_word' id='word_1_939' title='bbox 3403 5503 3571 5548; x_wconf 80' lang='lat' dir='ltr'><strong>omne</strong></span> 
     </span>
    </p>
   </div>
   <div class='ocr_carea' id='block_1_114' title="bbox 2039 5702 3475 5853">
    <p class='ocr_par' dir='ltr' id='par_1_114' title="bbox 2039 5702 3475 5853">
     <span class='ocr_line' id='line_1_115' title="bbox 2039 5702 3475 5853; baseline -0.012 -90"><span class='ocrx_word' id='word_1_940' title='bbox 2039 5705 2124 5853; x_wconf 45' lang='lat'><strong>$1)</strong></span> <span class='ocrx_word' id='word_1_941' title='bbox 2162 5702 2336 5763; x_wconf 88' lang='lat' dir='ltr'><strong>Codd.</strong></span> <span class='ocrx_word' id='word_1_942' title='bbox 2365 5717 2501 5767; x_wconf 76' lang='lat' dir='ltr'><strong>aute.</strong></span> <span class='ocrx_word' id='word_1_943' title='bbox 2543 5771 2558 5787; x_wconf 42' lang='grc' dir='ltr'><strong><em>ο</em></strong></span> <span class='ocrx_word' id='word_1_944' title='bbox 2708 5768 2722 5785; x_wconf 45' lang='grc' dir='ltr'><strong>ο</strong></span> <span class='ocrx_word' id='word_1_945' title='bbox 2971 5768 2984 5782; x_wconf 46' lang='grc'><strong>.</strong></span> <span class='ocrx_word' id='word_1_946' title='bbox 3109 5764 3123 5781; x_wconf 49' lang='lat'><strong>.</strong></span> <span class='ocrx_word' id='word_1_947' title='bbox 3166 5766 3179 5779; x_wconf 44' lang='lat'><strong>.</strong></span> <span class='ocrx_word' id='word_1_948' title='bbox 3239 5765 3253 5779; x_wconf 46' lang='lat'><strong>.</strong></span> <span class='ocrx_word' id='word_1_949' title='bbox 3470 5752 3475 5759; x_wconf 36' lang='grc' dir='ltr'><strong>η</strong></span> 
     </span>
     <span class='ocr_line' id='line_1_116' title="bbox 2063 5766 3475 5850; baseline -0.008 -16"><span class='ocrx_word' id='word_1_950' title='bbox 2063 5779 2124 5850; x_wconf 73' lang='lat'><strong>2)</strong></span> <span class='ocrx_word' id='word_1_951' title='bbox 2160 5776 2496 5836; x_wconf 83' lang='lat' dir='ltr'><strong>Adnotemus</strong></span> <span class='ocrx_word' id='word_1_952' title='bbox 2542 5785 2879 5846; x_wconf 74' lang='lat' dir='ltr'><strong>ingeniosam</strong></span> <span class='ocrx_word' id='word_1_953' title='bbox 2924 5766 3183 5828; x_wconf 80' lang='lat' dir='ltr'><strong>Victorini</strong></span> <span class='ocrx_word' id='word_1_954' title='bbox 3238 5773 3475 5838; x_wconf 87' lang='lat' dir='ltr'><strong>mterpre</strong></span> 
     </span>
    </p>
   </div>
   <div class='ocr_carea' id='block_1_115' title="bbox 1971 5766 3567 5910">
    <p class='ocr_par' dir='ltr' id='par_1_115' title="bbox 1971 5766 3567 5910">
     <span class='ocr_line' id='line_1_117' title="bbox 1971 5766 3567 5910; baseline -0.009 -74"><span class='ocrx_word' id='word_1_955' title='bbox 1971 5851 2015 5910; x_wconf 41' lang='grc' dir='ltr'><strong>ι.</strong></span> <span class='ocrx_word' id='word_1_956' title='bbox 2039 5766 2124 5853; x_wconf 69' lang='lat'><strong>(2&#39;)</strong></span> <span class='ocrx_word' id='word_1_957' title='bbox 2160 5766 2496 5836; x_wconf 78' lang='lat' dir='ltr'><strong>Adnotetnus</strong></span> <span class='ocrx_word' id='word_1_958' title='bbox 2542 5768 2879 5846; x_wconf 85' lang='lat' dir='ltr'><strong>ingeniosam</strong></span> <span class='ocrx_word' id='word_1_959' title='bbox 2924 5766 3183 5828; x_wconf 80' lang='lat' dir='ltr'><strong>Victorini</strong></span> <span class='ocrx_word' id='word_1_960' title='bbox 3238 5766 3567 5838; x_wconf 80' lang='lat' dir='ltr'><strong>interpreta-</strong></span> 
     </span>
     <span class='ocr_line' id='line_1_118' title="bbox 2000 5866 2206 5910; baseline -0.01 0"><span class='ocrx_word' id='word_1_961' title='bbox 2000 5866 2206 5910; x_wconf 63' lang='lat' dir='ltr'><strong>IOIICm.</strong></span> 
     </span>
    </p>
   </div>
  </div>
