4010 6306
544 323 676 377 12ἲὲ1

1802 322 1992 379 manu
2035 322 2376 379 vroromxr
2414 306 2577 380 ΛΕΜ

3649 326 3755 400 test

539 440 680 508 quod
705 448 970 507 movetur,
997 440 1198 498 idcirco
1225 456 1384 511 supra
1401 456 1620 497 omnem
1647 443 2003 514 principatum
2034 457 2128 511 po-
2156 447 2205 504 Α
2233 443 2646 513 appellationem
2682 444 2763 501 vel
2807 443 3188 513 substantiam,
3222 447 3304 503 vel
3339 450 3602 519 quamlibet
3634 453 3686 511 de
3706 472 3754 513 οο

540 535 674 588 situs
701 542 786 588 est
808 531 1076 600 Christus,
1106 544 1162 588 ut
1181 550 1339 604 supra
1369 550 1586 590 omnem
1614 534 2132 605 potestatem.Aliud

536 637 713 680 autem
741 627 1069 696 principatus
1099 635 1202 691 est,
1232 627 1378 682 aliud
1408 637 1643 698 potestas
1669 645 1682 681 :
1718 628 2048 700 principatus
2079 627 2130 682 in

536 730 658 775 actu
686 733 790 786 est,
817 730 1051 791 potestas
1080 720 1132 775 in
1163 725 1358 776 virtute
1385 738 1487 793 qua
1517 737 1638 778 esse
1670 732 1865 792 potest,
1899 738 2002 776 non
2027 736 2129 792 qua

531 814 641 882 jam
688 824 790 879 est,
843 814 934 870 sed
983 830 1086 885 qua
1131 815 1331 885 aliqtiid
1374 829 1497 870 esse
1542 825 1732 885 potest.
1771 812 1904 869 Cum
1951 824 2128 869 antem

533 907 778 962 Christus
812 910 921 978 ipsa
965 908 1116 979 origo
1156 920 1236 963 est
1282 911 1544 974 omnium,
1575 923 1624 965 et
1674 909 1726 964 in
1759 925 1822 963 eo
1861 919 1944 964 est
1987 909 2128 981 quod

534 1001 767 1072 potentia
811 1012 913 1066 est,
941 1016 1098 1072 supra
1126 1018 1339 1057 omnem
1372 1011 1457 1058 est
1500 1010 1842 1073 potestatem.
1892 1003 2131 1074 Itemque

531 1111 650 1150 enni
683 1095 797 1149 fons
827 1097 897 1151 sit
927 1097 1163 1151 omnium
1196 1107 1446 1163 actuum;
1489 1107 1642 1154 actus
1668 1108 1845 1153 autem
1873 1107 1955 1153 est
1982 1099 2131 1169 prin-

530 1188 767 1258 Cipnllls;
791 1205 951 1258 supra
975 1205 1188 1244 onmem
1215 1190 1568 1260 principatum
1591 1199 1691 1245 est.
1717 1190 1847 1246 Item
1873 1191 2125 1260 quoniam

529 1281 642 1334 sive
666 1296 787 1336 cum
821 1291 925 1348 est,
957 1292 1010 1336 et
1041 1292 1216 1352 potest
1237 1298 1358 1338 esse
1383 1283 1528 1338 aliud
1561 1282 1628 1338 ad
1661 1287 1856 1354 ipsum,
1893 1288 2126 1354 potentia

527 1384 630 1439 est,
661 1386 714 1429 ει
742 1387 914 1445 potest
935 1385 1060 1432 ante
1088 1393 1246 1448 quam
1277 1380 1419 1432 actio
1443 1386 1546 1443 est,
1574 1392 1694 1432 esse
1721 1391 1880 1446 supra
1910 1390 2126 1431 onmem

527 1472 792 1524 actionem
821 1487 835 1536 ;
883 1472 934 1524 iu
983 1469 1064 1524 his
1093 1472 1341 1526 onmibus
1373 1472 1459 1528 vel
1491 1471 1543 1526 in
1575 1471 1896 1542 principatu,
1939 1471 2025 1526 vel
2072 1471 2127 1526 in

529 1571 793 1633 potestate
814 1564 984 1618 virtus
1011 1573 1122 1618 est:
1158 1564 1209 1619 id
1242 1575 1322 1619 est
1355 1572 1410 1620 et
1454 1574 1578 1620 ante
1621 1575 1835 1628 actum;
1868 1573 1925 1618 ut
1955 1563 2126 1634 possit

525 1671 646 1709 esse
677 1663 729 1710 et
761 1656 875 1726 ipse
907 1656 1260 1728 principatus.
1295 1656 1500 1712 Idcirco
1531 1657 1784 1728 quoniam
1815 1671 1977 1726 supra
2012 1657 2127 1711 tunc

523 1755 700 1804 omnia
741 1759 824 1806 est
861 1751 1128 1817 Christus,
1173 1760 1229 1808 et
1257 1761 1339 1807 est
1381 1767 1541 1824 supra
1589 1768 1803 1806 omnem
1847 1752 2122 1816 virtutem,

2238 539 2754 606 pronuntiationem,
2786 549 2839 594 et
2863 539 3168 596 eiTationem
3199 540 3300 614 (l).

2309 629 2377 686 Et
2407 632 2578 685 omnia
2608 631 2818 702 subjecit
2843 631 3056 704 pedibus
3078 633 3208 704 ejus.
3247 633 3419 690 Multis
3441 644 3490 691 et
3511 639 3648 695 variis
3671 655 3758 696 mo-

2233 721 2316 778 dis
2347 739 2449 778 una
2495 726 2660 780 virtus
2702 725 3053 798 intelligitur,
3103 743 3221 796 qua:
3268 727 3502 805 Christus
3543 741 3634 796 est,
3674 731 3759 788 sive

2236 825 2433 881 motus,
2465 818 2580 871 sive
2629 818 2879 883 verbum,
2913 819 3025 872 sive
3071 816 3318 874 Christus
3365 820 3549 888 primus
3593 823 3759 879 univer-

2233 912 2380 977 s:ilis,
2415 929 2510 982 per
2537 930 2692 984 quem
2726 913 2905 968 omnia
2941 914 3093 978 liunt,
3130 913 3265 970 facta
3294 921 3436 979 sunt,
3471 913 3623 969 futura
3648 924 3757 972 sunt.

2234 1003 2423 1059 Merito
2449 1021 2577 1075 ergo
2623 1006 2802 1060 omnia
2833 1006 3063 1075 subjecit
3105 999 3243 1062 Deus
3284 1006 3383 1061 sub
3419 1005 3617 1078 pedibus
3655 1005 3756 1080 ejus.

2233 1095 2444 1151 Etenim
2477 1098 2780 1168 progressio
2801 1114 2829 1151 a
2857 1098 2965 1152 Deo
3003 1096 3271 1162 Christus,
3301 1107 3354 1152 et
3381 1115 3466 1168 per
3485 1107 3650 1153 cuncta
3667 1115 3761 1170 pro-

2230 1189 2437 1259 gressio
2473 1188 2716 1244 Christus
2756 1198 2859 1254 est,
2888 1201 2940 1245 et
2983 1191 3160 1244 omnia
3191 1205 3312 1259 qua:
3345 1193 3688 1260 prOVenerunl,
3719 1200 3759 1247 et

2231 1297 2351 1350 (tua:
2375 1280 2604 1336 redeunt
2633 1279 2684 1334 in
2722 1281 2912 1347 Deum,
2952 1281 3119 1352 ipsius
3152 1282 3385 1352 potentia
3419 1273 3639 1338 redeunt.
3662 1283 3761 1338 item

2235 1373 2315 1444 (2)
2343 1389 2472 1445 ergo
2501 1376 2679 1428 omnia
2712 1373 2924 1430 actione
2953 1373 3194 1445 subjecta
3223 1386 3341 1429 sunt
3373 1375 3466 1430 sub
3493 1374 3636 1446 pedes
3659 1377 3758 1445 ejus.

2229 1462 2298 1518 Et
2339 1467 2506 1534 ipsum
2552 1465 2690 1519 dedit
2730 1476 2885 1535 caput
2922 1483 3073 1538 super
3102 1483 3303 1520 onmem
3336 1465 3613 1522 Ecclesium.
3650 1466 3763 1522 Multi

2231 1559 2552 1626 Ecclesium,
2585 1575 2773 1616 omnes
2803 1563 3009 1614 animas
3038 1559 3242 1616 dicunt.
3276 1561 3414 1635 Ergo
3441 1562 3674 1627 Christus,
3699 1563 3762 1634 qui

2229 1653 2448 1721 spiritus
2477 1663 2582 1719 est,
2616 1669 2710 1722 per
2737 1669 2898 1722 quem
2941 1655 3136 1709 anima:
3186 1655 3353 1709 Deum
3401 1661 3694 1724 cognoscunt
3726 1663 3765 1709 et

2228 1747 2500 1818 spiritales
2529 1745 2858 1814 efﬁciuntur,
2889 1758 2942 1804 et
2965 1747 3259 1804 liberantur
3280 1765 3307 1804 a
3332 1749 3573 1822 qualitate
3597 1753 3762 1812 animm,

525 1843 646 1897 inde
671 1845 923 1915 quoniam
953 1860 1142 1899 omnes
1167 1845 1272 1901 illae
1304 1855 1593 1915 potestates
1617 1847 1697 1902 vel
1729 1846 2012 1900 mundanae
2035 1844 2124 1901 vel
2157 1839 2204 1900 B
2233 1849 2290 1892 υι
2314 1841 2424 1908 jam
2453 1856 2558 1894 non
2584 1848 2878 1905 lcntvlttllr,
2909 1856 3085 1911 neque
3118 1851 3174 1896 ul
3204 1841 3470 1909 labantur,
3497 1843 3667 1914 quippe
3686 1844 3766 1912 Spi-

521 1939 774 1994 C(DICSIOS
805 1942 884 1994 vel
915 1941 1050 1994 ultra
1082 1941 1134 1996 in
1162 1941 1399 2006 aeternis,
1432 1941 1517 1996 vel
1547 1956 1733 1997 omnes
1766 1943 2116 2012 principatus,

521 2033 602 2086 vel
635 2047 823 2086 oinnes
868 2032 1093 2088 virtutes
1127 2050 1245 2103 quae
1289 2034 1711 2089 dominationem
1757 2044 1938 2089 tenent
1977 2035 2117 2089 circa

521 2141 685 2178 unum
739 2141 965 2196 quaeque
1021 2125 1101 2200 (I)
1155 2127 1295 2182 enim
1343 2125 1709 2182 dominantur.
1754 2127 1896 2182 Fons
1939 2137 2116 2182 autem

516 2219 762 2274 Christus
807 2228 890 2274 est
936 2221 1216 2275 omnium:
1249 2219 1445 2275 exinde
1485 2220 1627 2274 enim
1675 2222 1876 2285 omnia,
1920 2221 2119 2290 quippe

516 2315 604 2382 qni
635 2322 786 2382 pater
807 2315 971 2370 t0tins
996 2323 1173 2368 motus
1199 2323 1316 2380 est;
1342 2325 1396 2370 et
1419 2315 1534 2367 hanc
1556 2314 1736 2368 omnia
1760 2323 1936 2368 motus
1963 2324 2115 2379 sunt;

518 2409 678 2460 etiam
710 2423 869 2478 supra
897 2407 1319 2463 dominationem
1350 2423 1564 2464 omnem
1596 2405 1842 2463 Chrisms
1873 2417 1975 2464 est.

592 2499 656 2553 Et
686 2517 834 2554 omne
849 2517 1050 2555 nomen.
1092 2499 1283 2556 Omnia
1296 2501 1506 2570 quidem
1527 2502 1742 2556 nomina
1764 2517 1792 2555 a
1810 2500 2122 2572 posteriori-

513 2593 612 2647 bus
631 2593 844 2648 inventa
871 2602 1016 2660 sunt,
1050 2603 1102 2650 et
1119 2596 1348 2650 maxime
1361 2595 1428 2649 ab
1451 2583 1534 2648 his
1552 2593 1713 2664 quiin
1735 2593 1933 2649 mundo
1968 2603 2116 2660 sunt,

511 2691 592 2743 vel
610 2689 911 2743 hominibus
925 2689 1007 2744 vel
1026 2688 1337 2760 angelis,vel
1357 2688 1944 2758 potestatibus.Etcnim
1959 2696 2120 2743 teter-

510 2798 572 2835 nri
593 2782 679 2836 illa
700 2783 900 2848 omnia,
920 2797 1005 2836 res
1028 2783 1156 2852 ipsa:
1177 2791 1322 2847 sunt,
1338 2790 1390 2835 et
1405 2782 1655 2852 potentia:
1670 2781 1931 2847 viventes,
1952 2790 2116 2837 teter-

508 2891 611 2941 ηαξ,
634 2877 1008 2947 intelligentes,
1033 2891 1150 2946 qme
1168 2875 1592 2932 substantialiter
1609 2874 2112 2946 cognosc'intur(2).

504 2966 719 3023 Nullum
753 2969 909 3038 igitur
939 2968 1008 3022 ibi
1041 2983 1235 3022 nomen
1275 2980 1378 3034 est,
1412 2969 1505 3023 sed
1548 2968 1762 3022 nomina
1803 2964 1905 3020 illis
1936 2965 2115 3021 addita

507 3069 693 3115 nostro
709 3060 965 3115 vocabulo
979 3069 1124 3125 sunt,
1141 3061 1222 3116 vel
1240 3072 1418 3116 noStra
1437 3061 1636 3132 lingua,
1658 3059 1737 3115 vel
1756 3068 1813 3114 ut
1827 3059 1936 3114 dixi
1953 3074 2117 3130 ange-

508 3151 704 3216 lorum.
727 3167 914 3208 eorum
935 3160 1112 3209 tamen
1137 3152 1226 3224 qui
1257 3154 1306 3206 in
1330 3153 1528 3208 mundo
1557 3161 1700 3207 sunt.
1736 3153 1902 3207 Porro
1931 3159 2111 3208 autem

2223 1933 2406 1988 ritalcs
2434 1929 2587 1988 factze
2607 1950 2700 2004 per
2728 1933 2975 2005 Spiritum
3004 1933 3300 2004 Christum,
3334 1936 3385 1993 in
3415 1954 3560 2009 quem
3588 1935 3766 1993 creden-

2225 2036 2326 2093 tes,
2355 2027 2668 2098 spiritaliter
2711 2031 2974 2096 sentiunt,
3005 2039 3059 2085 et
3100 2032 3179 2085 sic
3225 2032 3275 2085 in
3327 2031 3418 2087 Dei
3461 2033 3761 2101 cognitionem

2225 2121 2472 2180 veniunt.
2505 2119 2617 2177 Hoc
2661 2121 2821 2178 modo
2850 2121 3098 2179 Christus
3130 2133 3290 2194 caput
3337 2134 3420 2181 est
3445 2143 3588 2194 super
3612 2137 3766 2180 onmem

2225 2214 2534 2281 Ecclesium,
2558 2232 2679 2288 quae
2701 2227 2783 2272 est
2803 2231 3000 2289 corpus
3021 2219 3182 2274 illius.
3209 2217 3446 2276 Ecclesia
3470 2219 3644 2280 omnis.
3665 2218 3760 2272 item

2223 2311 2396 2364 omnis
2426 2311 2628 2374 anima,
2670 2307 2763 2366 sed
2793 2309 3070 2376 salvanda,
3103 2321 3158 2366 et
3185 2307 3311 2367 inde
3354 2307 3674 2369 substantiam
3697 2311 3767 2365 ha-

2224 2402 2356 2458 bens
2385 2404 2453 2458 de
2483 2404 2719 2469 retentis,
2753 2420 2848 2476 per
2875 2421 3034 2475 quam
3062 2406 3241 2476 vigent
3267 2406 3444 2462 omnia
3468 2423 3481 2473 ;
3511 2415 3563 2462 et
3588 2405 3654 2460 sic.
3677 2420 3764 2459 om-

2223 2514 2318 2555 nes
2361 2500 2552 2554 auinia:
2583 2516 2676 2570 per
2705 2499 2974 2554 Christum
3023 2501 3178 2557 sicuti
3230 2501 3534 2573 frequenter
3561 2500 3762 2555 diximus.

2224 2591 2364 2663 Ergo
2392 2609 2551 2648 omne
2580 2608 2776 2664 corpus
2795 2590 2990 2649 Christi
3021 2594 3198 2649 anima
3225 2605 3306 2650 est
3339 2596 3511 2650 omnis
3537 2608 3676 2664 quam
3700 2606 3766 2646 ec-

2221 2689 2440 2744 clesiam
2465 2690 2778 2744 nominavit.
2803 2685 3077 2743 Plenitudo
3089 2689 3221 2760 ejus,
3245 2687 3293 2744 ῘιΙ
3317 2691 3404 2746 est
3425 2691 3530 2760 ipsa
3555 2685 3763 2746 Ecclesia,

2221 2799 2339 2853 qua:
2361 2798 2555 2853 corpus
2585 2790 2672 2839 est
2715 2781 2877 2837 illius.
2911 2779 3196 2837 Plenitudo
3240 2789 3326 2839 est
3355 2783 3490 2855 ejus,
3519 2781 3600 2853 qui
3625 2777 3765 2835 omnia

2220 2878 2272 2932 in
2303 2877 2552 2931 omnibus
2596 2875 2942 2949 adimpletur.
2984 2875 3231 2932 Christus
3271 2877 3548 2948 plenitudo
3586 2882 3673 2939 est,
3700 2873 3765 2944 qui

2219 2973 2394 3026 omnis
2417 2971 2691 3041 plenitudo
2711 2972 3056 3043 adimpletur.
3081 2971 3249 3029 Omne
3276 2984 3458 3031 autem
3480 2969 3612 3044 quod
3634 2965 3766 3024 adim-

2221 3063 2415 3132 pletur,
2445 3063 2769 3118 exinanitur.
2800 3060 3042 3118 Christus
3070 3075 3247 3120 autem
3289 3075 3348 3122 et
3381 3063 3661 3122 exinanitus
3685 3068 3762 3126 est,

2217 3156 2300 3211 vel
2333 3156 2448 3228 ipse
2477 3172 2535 3211 se
2565 3155 2880 3224 exinanivit,
2914 3166 2968 3212 et
2998 3173 3184 3212 rursus
3213 3159 3544 3229 recuperatis
3563 3153 3764 3211 omnibus

503 3259 625 3300 cuni
671 3246 760 3300 ille
778 3245 1036 3326 Christus
1073 3249 1295 3318 spiritus
1336 3247 1550 3302 divinus
1581 3256 1636 3304 et
1659 3258 1880 3302 sanctus
1909 3257 1964 3303 et
2009 3248 2100 3304 Dei
2132 3241 2176 3304 C
2209 3265 2304 3320 per
2351 3250 2664 3320 mysterium
2697 3250 3021 3320 salvatisqne
3062 3247 3256 3305 animis
3303 3249 3590 3314 universis,
3632 3243 3765 3300 adim-

501 3338 642 3391 tilius
674 3337 789 3394 haec
847 3341 1062 3395 nomina
1101 3357 1128 3394 a
1162 3341 1318 3396 nobis
1352 3342 1599 3412 accipiat,
1628 3341 1764 3398 ultra
1803 3351 1885 3398 est
1921 3351 2100 3398 tamen

500 3446 659 3498 quam
703 3432 819 3486 lucc
848 3433 1026 3488 omnia
1072 3433 1327 3489 vocabula
1375 3433 1685 3491 viderentur
1711 3433 1982 3505 imposita.
2031 3435 2098 3490 Et

499 3524 715 3594 quidem
755 3527 990 3595 quodam
1040 3527 1158 3582 loco
1208 3527 1479 3599 tetigimus
1525 3528 1666 3599 quod
1701 3544 1896 3584 nomen
1937 3544 2100 3584 omne

501 3629 615 3687 post
647 3619 885 3688 genitum
929 3629 1029 3689 est,
1079 3631 1133 3676 et
1171 3631 1253 3676 est
1283 3622 1333 3676 in
1385 3622 1514 3692 ipsis
1543 3623 1850 3677 nominibus
1898 3639 2096 3679 nomen

498 3712 818 3781 principale,
865 3712 1006 3783 quod
1049 3729 1176 3770 vere
1219 3729 1379 3786 supra
1421 3719 1602 3770 omnia
1645 3717 1861 3771 nomina
1907 3726 2012 3782 est,
2045 3727 2100 3772 et

497 3805 640 3861 unde
661 3805 840 3861 omnia
870 3809 1086 3863 nomina
1114 3818 1259 3874 sunt,
1293 3807 1436 3879 quod
1472 3824 1645 3880 grarce
1678 3807 1745 3864 ὢν
1771 3807 1971 3864 dicitur
1994 3810 2093 3881 (5).

498 3903 566 3954 At
598 3915 726 3955 vero
751 3898 996 3956 Christus
1019 3911 1076 3956 et
1099 3916 1258 3972 supra
1293 3902 1464 3972 ipsum
1498 3900 1564 3957 ὢν
1597 3912 1680 3957 εει
1708 3919 1720 3955 :
1754 3917 1882 3973 ergo
1913 3913 1968 3957 et
2007 3918 2097 3956 su-

498 4010 590 4065 pra
618 3995 798 4050 omnia
832 3995 1068 4050 nomiua.
1103 3995 1210 4051 Sed
1238 3995 1366 4051 illud
1403 3993 1469 4051 ὧν
1494 3997 1545 4051 in
1573 3991 1788 4050 internis
1819 4008 1939 4062 est;
1971 4007 2021 4050 et
2051 3995 2096 4050 si

496 4087 548 4143 in
580 4087 798 4142 aeternis
828 4097 932 4153 est,
964 4097 1018 4142 et
1037 4085 1282 4142 Christus
1298 4102 1456 4159 supra
1474 4087 1540 4143 ὢν
1553 4097 1656 4154 εει,
1677 4089 1871 4144 merito
1893 4081 2093 4143 dictum

494 4199 656 4254 supra
687 4198 847 4239 onme
879 4182 1890 4252 nomen,quodnominaturnonscilum
1920 4182 1968 4235 in
1995 4181 2094 4237 hoc

493 4279 714 4345 szeculo,
735 4279 826 4334 sed
851 4280 1014 4335 etiam
1036 4279 1085 4334 in
1104 4289 1302 4335 tuturo.
1320 4279 1513 4335 Acrius
1534 4288 1587 4333 et
1609 4277 1850 4332 acutius:
1876 4277 2092 4331 nomina

494 4377 635 4430 enim
662 4376 772 4445 jam
801 4376 936 4431 facta
951 4377 1130 4431 omnia
1155 4384 1302 4441 sunt,
1322 4391 1440 4446 qum
1468 4391 1566 4446 per
1611 4375 1940 4430 intellectum
1967 4375 2091 4445 tingi

494 4479 784 4538 potuerunt
830 4469 896 4525 ad
941 4469 1347 4540 expressionem
1388 4482 1573 4524 earum
1623 4483 1802 4522 rerum
1845 4483 1978 4538 quas
2009 4465 2087 4538 (4)

494 4562 850 4632 intelligentes
869 4564 1129 4634 cepimus.
1160 4561 1269 4618 Sed
1292 4561 1546 4632 quoniam
1573 4559 1738 4615 multa
1767 4559 1943 4615 l‘utura
1966 4569 2092 4613 sunt

494 4671 655 4721 nova,
683 4667 737 4710 et
778 4658 830 4712 in
863 4658 952 4714 illo
996 4657 1196 4714 smeulo
1245 4657 1413 4728 magis
1441 4669 1603 4722 nova,
1644 4654 1785 4724 quod
1833 4654 2087 4709 sarculum

494 4747 730 4802 futurum
754 4758 857 4813 est,
885 4765 1006 4805 cum
1031 4749 1406 4806 iudicabuntur
1431 4749 1646 4811 omnia;
1680 4745 1872 4817 quibus
1902 4747 2087 4815 utique

490 4842 650 4895 rebus
683 4840 918 4896 nondum
950 4844 1200 4913 cognitis,
1235 4844 1451 4898 nomina
1475 4841 1711 4897 nondum
1743 4858 1769 4892 a
1802 4839 1956 4895 nobis
1987 4839 2088 4893 im-

488 4933 660 5003 posita
688 4943 844 4997 sunt;
877 4949 1051 5004 neque
1087 4935 1228 4990 enim
1272 4945 1530 5005 possunt;
1577 4933 1774 5004 quippe
1801 4947 1922 4988 cum
1961 4941 2084 4985 nota

486 5043 594 5081 non
619 5026 762 5092 sint;
793 5042 954 5096 supra
982 5027 1093 5096 ipsa
1116 5043 1327 5098 quoque
1353 5028 1569 5084 nomina
1595 5042 1718 5098 quas
1755 5025 1932 5081 futura
1959 5033 2085 5080 sunt

485 5123 806 5192 praepositus
847 5129 933 5176 est
976 5119 1260 5175 Christus:
1289 5121 1360 5175 ita
1402 5129 1458 5175 et
1495 5121 1548 5175 in
1590 5118 1752 5175 rebus
1784 5119 1989 5190 primus
2018 5130 2083 5172 ac

483 5230 747 5279 Summus,
765 5214 978 5286 quando
995 5227 1156 5282 supra
1179 5226 1368 5267 omnes
1389 5221 1703 5281 potestates,
1726 5211 2079 5282 principatus,

483 5320 536 5365 et
563 5310 785 5381 reliqua.
811 5309 907 5364 Est
933 5323 1093 5380 supra
1115 5305 1294 5362 omnia
1319 5305 1556 5371 nomina,
1579 5304 1794 5376 quando
1819 5314 1871 5359 et
1896 5303 1950 5359 in
1977 5301 2081 5359 hoc

483 5402 683 5457 saeculo
722 5401 927 5457 nullum
959 5415 1155 5456 nomen
1198 5398 1247 5454 ei
1293 5395 1487 5452 merito
1520 5395 1777 5467 applicari
1808 5396 1997 5466 possit,
2025 5404 2083 5453 et

482 5493 662 5549 omnia
692 5509 810 5564 qua:
850 5492 1026 5548 futura
1067 5501 1191 5548 sunt
1220 5489 1461 5556 nomina,
1496 5488 1632 5543 intra
1675 5487 1793 5558 ejus
1822 5491 1948 5542 sunt
1991 5481 2076 5542 vel

534 5653 628 5748 iit
667 5653 1298 5748 ita.v°!§9§_'9§i!9:in
1325 5653 1488 5711 codd-

557 5724 630 5795 (9.)
670 5724 839 5780 Codd.
874 5724 1244 5795 cognoscentes.

557 5799 632 5866 (5)
675 5796 841 5850 Exod.
875 5797 961 5860 Ill,
993 5796 1079 5866 M.

555 5865 631 5938 (4)
672 5865 837 5922 Codd.
867 5882 997 5936 quas.
1032 5865 1142 5923 Nisi
1170 5869 1338 5925 mavis
1361 5869 1563 5926 referre
1588 5869 1654 5926 ad
1686 5869 1923 5926 nomina.

2207 3343 2382 3412 pletur
2427 3343 2478 3396 in
2507 3341 2776 3396 omnibus.
2814 3339 2940 3398 Ideo
2985 3357 3114 3413 ergo
3153 3341 3438 3413 plenitudo
3458 3347 3556 3397 est.
3586 3325 3678 3398 Séd
3705 3336 3764 3392 sic

2204 3437 2415 3493 loculus
2441 3448 2523 3494 est
2553 3439 2772 3504 Paulus,
2809 3448 2864 3493 ut
2901 3439 3108 3494 diceret
3144 3437 3447 3496 Ecclesium
3478 3445 3657 3507 corpus
3676 3433 3764 3502 ejus

2204 3546 2344 3595 esse;
2370 3530 2620 3602 cujus(5)
2650 3531 2923 3602 plenitudo
2941 3541 3040 3601 est,
3074 3531 3240 3601 inquit
3268 3549 3280 3586 :
3311 3541 3368 3588 et
3398 3523 3655 3603 plenitudo
3675 3526 3762 3595 ejus

2202 3635 2306 3692 est,
2336 3625 2421 3697 qui
2455 3627 2633 3681 omnia
2667 3627 2716 3681 in
2747 3625 2997 3681 omnibus
3020 3625 3364 3696 adimpletur.
3405 3625 3480 3681 De
3496 3622 3684 3679 duobus
3701 3617 3763 3670 his

2201 3722 2404 3784 verbis,
2437 3719 2767 3789 plenitudine
2807 3729 2861 3775 et
2888 3721 3206 3790 eapaeitate,
3242 3717 3295 3774 in
3328 3719 3452 3774 aliis
3487 3715 3626 3772 llbris
3651 3728 3674 3766 a
3698 3724 3762 3765 me

2201 3811 2503 3868 distinctius
2531 3820 2584 3867 et
2615 3812 2823 3884 plenius
2849 3813 3172 3883 explicatum
3205 3821 3308 3868 est.
3345 3805 3762 3879 Quemadmodum

2203 3904 2347 3960 Deus
2387 3903 2663 3976 plenitudo
2695 3913 2898 3960 tantum
2922 3902 3023 3977 (4).
3053 3903 3514 3977 quemadmodum
3538 3901 3760 3962 Christus,

2199 4005 2255 4052 et
2277 3997 2545 4068 capacitas
2572 4008 2624 4053 et
2649 3997 2946 4069 plenitudo.
2978 3997 3105 4053 Haec
3144 3998 3328 4053 omnia
3359 3999 3427 4053 ad
3455 3991 3761 4067 magniﬁcen-

2200 4092 2324 4145 tiam
2354 4089 2551 4146 Christi
2583 4098 2639 4146 et
2685 4089 2752 4144 ad
2779 4090 3073 4160 potentiam
3116 4088 3258 4144 dicta
3312 4091 3419 4145 hoc
3469 4095 3640 4160 agunt,
3682 4081 3760 4136 hoc

2199 4184 2447 4255 probant,
2482 4181 2613 4236 nihil
2638 4175 2772 4237 ultra
2801 4179 3198 4252 accipiendum,
3228 4180 3365 4237 nihil
3395 4189 3548 4238 extra
3569 4175 3763 4234 sentien-

2196 4277 2357 4343 dum;
2390 4293 2452 4332 ac
2487 4287 2764 4348 prepterea
2798 4293 2981 4332 errare
3006 4275 3289 4346 Ephesios,
3324 4273 3369 4334 si
3392 4273 3518 4349 quid
3541 4277 3760 4345 praeterea

2195 4369 2508 4441 adjungant,
2533 4379 2586 4423 et
2607 4386 2674 4425 ex
2693 4367 2936 4424 doctrina
2968 4369 3050 4424 vel
3077 4368 3392 4424 Judaeorum
3419 4369 3503 4422 rel
3530 4362 3761 4422 mundana

2194 4461 2461 4518 associent
2488 4481 2500 4514 :
2534 4461 2678 4518 unde
2705 4459 2769 4516 ad
2799 4459 3017 4516 eosdem
3052 4475 3193 4515 nunc
3224 4462 3392 4527 redit,
3428 4467 3588 4532 atque
3611 4456 3762 4510 admo-

2194 4562 2306 4619 net,
2330 4553 2439 4624 jam
2466 4551 2519 4608 in
2551 4552 2824 4608 Christum
2853 4561 3123 4623 receptes,
3153 4555 3209 4608 et
3228 4551 3510 4608 Christum
3539 4545 3765 4616 recipien-

2117 4637 2170 4698 D
2197 4653 2298 4709 tes,
2332 4644 2464 4698 nihil
2507 4643 2649 4699 aliud
2681 4657 2840 4716 quam
2888 4644 3280 4716 plenitudinem
3310 4642 3516 4700 ChriSti
3551 4639 3624 4714 (5)
3650 4631 3764 4692 ποί·

2194 4754 2323 4810 pere
2349 4737 2565 4794 debere.

2265 4832 2418 4889 CAP.
2448 4829 2514 4888 II.
2535 4864 2601 4874 —
2619 4831 2784 4890 Vens.
2822 4835 2874 4900 Ι,
2897 4831 2952 4888 2.
2977 4864 3049 4875 —
3079 4832 3144 4889 Et
3167 4849 3257 4889 eos
3275 4849 3391 4888 cum
3422 4831 3594 4888 essetis
3611 4819 3762 4881 mortui

2193 4925 2394 4980 delictis
2421 4935 2468 4980 et
2495 4927 2712 4998 peccatis
2756 4928 2956 4994 uestris,
2983 4927 3038 4981 in
3082 4923 3265 4999 quibus
3294 4923 3581 4999 aliquando
3619 4918 3765 4975 ambu-

2189 5018 2331 5074 lastis
2359 5019 2638 5073 secundum
2666 5020 2910 5074 saeculum
2930 5019 3089 5090 hujus
3116 5019 3313 5084 mundi.
3347 5018 3625 5075 secundum
3648 5011 3764 5086 prin-

2187 5111 2349 5180 cipem
2376 5113 2635 5182 potestatis
2659 5113 2813 5179 aeris,
2842 5113 3052 5184 spiritus
3077 5113 3162 5184 qui
3189 5123 3440 5184 operatur
3467 5115 3523 5170 in
3555 5107 3669 5183 ﬁliis
3696 5103 3760 5176 (ὅ)

2186 5203 2496 5274 άὲθῖάεηιίω.
2544 5204 2712 5260 Τυιιιε
2758 5205 2846 5260 hic
2891 5220 3083 5261 sensus
3123 5208 3438 5280 jungendus
3483 5215 3587 5270 est,
3625 5210 3674 5257 et
3709 5195 3761 5250 de

2185 5296 2434 5367 Ephesiis
2461 5298 2605 5369 quod
2637 5300 2690 5354 in
2713 5299 2949 5370 peccatis
2976 5299 3170 5358 fuerint
3195 5319 3210 5368 ;
3240 5313 3296 5359 et
3314 5297 3389 5358 de
3419 5318 3482 5359 se
3512 5302 3624 5371 ipso
3645 5289 3760 5364 (Ιυοά

2187 5389 2384 5446 Paulus
2410 5388 2465 5444 in
2498 5389 2784 5448 desideriis
2819 5391 2999 5449 carnis
3037 5395 3171 5451 etin
3203 5395 3454 5452 consiliis
3489 5385 3760 5450 carnalibus

2260 5512 2340 5584 (ι)
2381 5511 2455 5567 Ita
2485 5512 2642 5569 codd.

2261 5584 2340 5654 (‘2)
2379 5584 2549 5640 Codd.
2581 5585 2736 5653 idem,
2771 5598 2828 5643 ut
2853 5588 3003 5644 alibi.

2257 5655 2339 5730 (ὅ)
2381 5655 2564 5730 Codd.
2585 5659 2848 5730 cujusque.

2257 5724 2338 5799 (4)
2380 5727 2437 5781 In
2468 5724 2916 5799 eoddfrepetitur
2943 5724 3228 5799 plenitudo.

2254 5799 2337 5870 (5)
2378 5799 2545 5870 Codd.
2580 5801 2892 5870 plenitudine
2921 5799 3206 5861 Christum.

2257 5869 2337 5939 (6)
2382 5869 2561 5942 Vulg.,
2593 5875 2645 5926 in
2672 5873 2826 5938 ﬁlios.
