4010 6306
216 332 354 407 tatis

1069 334 1137 407 IN
1175 346 1559 409 merumst
1598 325 1805 404 PAULI
1839 342 1932 403 AD
1970 344 2304 405 EPllESlOS
2338 330 2546 406 LIBER
2589 331 2631 405 i.

3378 336 3515 410 teat

213 465 394 523 fuerit.
440 458 554 535 llis,
597 465 837 538 inquam,
867 464 1140 534 omnibus,
1181 462 1511 539 jungendum
1552 475 1637 524 est
1676 463 1806 521 illud
1834 460 1890 525 Α
1912 475 2102 520 cussus
2133 463 2237 539 (l).
2265 464 2398 521 Nam
2429 482 2549 522 cum
2581 474 2736 537 poeta
2768 464 2848 541 (2)
2880 474 3163 523 ventorum
3186 466 3519 526 describeret

212 561 353 633 quod
387 561 546 628 Deus,
574 561 660 633 qui
691 560 840 618 dives
867 571 949 617 est
980 561 1031 616 in
1060 561 1451 629 misericordia,
1485 562 1665 618 salvos
1688 577 1808 615 om-

215 671 311 713 nes
342 654 549 723 fecerit,
576 664 630 710 et
659 650 831 727 ipsum
861 648 1108 722 Paulum,
1140 665 1194 712 et
1221 654 1505 726 Ephesios.
1536 653 1625 710 Sic
1659 654 1806 710 enim

215 740 506 816 Concludit,
534 747 689 821 cujus
711 750 881 822 gratia
910 750 1041 805 estls
1079 744 1211 806 salvi
1244 746 1388 815 facti,
1420 764 1539 804 cum
1570 740 1813 804 ambulat-

215 832 353 896 rctis‘
369 838 565 896 mortui
584 836 829 908 delictis;
854 846 910 898 et
930 854 1027 896 vos
1046 857 1166 896 cum
1191 840 1592 896 anthulareritis
1612 839 1810 896 mortui

213 934 427 990 delictis
456 947 510 992 et
541 936 777 1006 peccatis
805 937 1014 992 vestris.
1066 936 1400 1008 Frequenter
1424 936 1631 1002 monui,
1667 952 1813 991 mor-

218 1037 324 1084 tvm
348 1029 547 1100 daplici
574 1031 734 1087 modo
762 1030 949 1103 accipi,
980 1031 1123 1086 illam
1150 1047 1307 1085 unam
1333 1041 1537 1097 notant,
1559 1045 1680 1087 cum
1708 1030 1814 1086 tino

216 1124 429 1180 vivendi
458 1124 509 1180 in
540 1125 740 1182 mundo
763 1126 942 1183 anima
972 1135 1252 1197 separatur
1275 1142 1304 1180 a
1333 1140 1597 1197 corpore;
1627 1124 1811 1189 aliam,

215 1234 339 1275 cum
366 1220 417 1276 in
449 1219 564 1291 ipso
588 1236 816 1294 corpore
844 1222 1159 1289 constituta,
1192 1219 1458 1277 desideria
1500 1219 1678 1276 carnis
1703 1219 1818 1290 agit

215 1323 377 1385 atque
404 1311 460 1368 iit
490 1315 719 1384 peccatis
748 1315 894 1371 vivit.
940 1313 1060 1381 Vos,
1091 1314 1282 1386 inquit,
1316 1330 1435 1369 cum
1469 1315 1644 1370 essetis
1679 1330 1817 1368 mor-

216 1407 409 1464 tui:et
449 1404 750 1480 designavit
796 1408 985 1465 mortis
1013 1423 1206 1480 genus,
1256 1409 1455 1464 delictis
1501 1417 1550 1463 ct
1595 1408 1817 1480 peccatis

153 1556 160 1561 ,
216 1500 420 1569 vestris,
450 1501 502 1555 in
521 1500 702 1571 quibus
728 1501 1005 1573 aliquando
1029 1501 1333 1557 ambulastis
1349 1500 1628 1556 secundum
1653 1516 1819 1556 sarcu-

217 1591 327 1647 lum
353 1593 507 1667 hujus
536 1595 735 1650 mundi.
766 1594 1014 1652 Ostendit
1035 1610 1154 1667 quae
1184 1604 1310 1650 sunt
1343 1604 1582 1664 peccata,
1610 1594 1821 1650 scilicet

217 1684 491 1743 desideria
526 1688 577 1743 in
630 1688 853 1755 mundo,
885 1688 952 1745 de
993 1688 1218 1755 mundo,
1249 1687 1581 1754 divitiarum,
1614 1687 1700 1745 vel
1727 1703 1822 1745 v0—

218 1780 443 1836 luntalis
469 1782 546 1837 vel
574 1781 813 1838 scientia:
832 1782 1137 1850 mundanae,
1164 1782 1249 1839 vel
1270 1782 1546 1855 religionis
1573 1783 1642 1838 de
1668 1798 1822 1837 mun-

1913 567 2259 629 potestatem,
2287 576 2390 632 qua
2414 568 2635 630 possent
2660 561 2843 615 omnia
2874 560 3206 619 confundere
3233 562 3334 618 nisi
3362 577 3517 634 rege-

1911 664 2119 719 rentur,
2142 655 2192 707 in
2220 667 2399 710 aerem
2419 653 2553 710 dixit
2571 664 2760 710 cuncta
2785 655 3047 723 converti,
3066 655 3109 710 si
3134 655 3274 711 venti
3291 654 3521 711 habeant

1914 744 2135 800 liberant
2168 756 2507 815 porcetatem.

2008 860 2067 927 bii
2090 860 2259 927 iaciat,
2287 863 2437 912 maria
2460 875 2517 912 ac
2542 870 2702 913 terras
2717 860 2996 927 caelumque
3023 861 3312 927 profundum

2008 923 2201 989 Quippe
2226 923 2385 975 ferant
2409 926 2561 989 rapidi
2580 939 2772 991 secum,
2799 923 3101 990 verrantque
3129 940 3218 990 per
3242 932 3408 978 auras.

1918 1028 2117 1085 Horum
2141 1031 2409 1102 separatio
2437 1031 2797 1104 singulorum,
2828 1034 3010 1089 mundi
3032 1033 3316 1105 dispositio
3339 1050 3353 1087 ε
3379 1024 3521 1089 sicut

1917 1122 2130 1196 Moyses
2158 1123 2361 1189 docuit,
2400 1127 2492 1196 qui
2532 1127 2800 1196 separavit
2836 1143 3004 1199 aquas
3033 1128 3086 1182 in
3114 1127 3376 1198 principio
3418 1142 3518 1199 per

1926 1215 2021 1271 Dei
2053 1216 2313 1284 verbum;
2344 1218 2615 1288 separavit
2641 1226 2697 1274 et
2726 1228 2945 1287 terram,
2978 1220 3247 1291 separavit
3285 1229 3340 1277 et
3365 1220 3525 1293 spiri-

1922 1317 2057 1364 tum.
2110 1309 2251 1382 Ergo
2296 1311 2488 1368 merito
2536 1312 2775 1370 materiae
2820 1314 3082 1385 spiritus,
3110 1315 3253 1371 aeris
3293 1315 3515 1387 Spiritus

1919 1403 2138 1461 dicitur.

1996 1494 2159 1553 Vsus.
2188 1499 2239 1554 5.
2268 1529 2343 1541 —-
2371 1498 2437 1555 In
2469 1499 2649 1571 quibus
2678 1511 2725 1556 et
2754 1519 2846 1558 nos
2871 1518 3042 1558 omnes
3093 1502 3371 1570 aliquando
3400 1519 3523 1559 con-

1924 1592 2110 1646 uersati
2130 1609 2327 1649 sumus.
2358 1593 2437 1651 Ne
2460 1595 2709 1667 injuriam
2736 1596 2987 1669 Ephesiis
3013 1598 3236 1667 faceret,
3259 1599 3350 1671 qui
3372 1599 3526 1656 dixe-

1926 1694 2011 1740 rat
2039 1703 2156 1741 cum
2196 1689 2371 1744 essetis
2398 1689 2587 1745 mortui
2623 1691 2821 1748 delictis
2859 1710 2925 1747 ac
2948 1694 3191 1766 peccatis,
3223 1694 3522 1753 secundum

1925 1779 2174 1849 spiritum
2199 1784 2343 1839 aeris
2369 1785 2740 1853 ambulantes;
2770 1786 3013 1857 adjunin
3039 1788 3198 1843 etiam
3231 1803 3290 1844 se
3318 1798 3375 1845 et
3419 1804 3526 1845 cm-

220 1874 317 1941 do,
364 1885 419 1929 et
465 1884 659 1931 cratera
705 1875 863 1947 hujus
911 1875 1096 1931 mundi
1141 1893 1261 1947 qua:
1306 1877 1540 1931 animam
1592 1874 1824 1946 perdunt
1854 1854 1899 1924 Β
1928 1880 2108 1940 teros;
2139 1882 2197 1930 ut
2224 1877 2512 1948 aliquando
2545 1880 2851 1936 conversati
2873 1895 3060 1936 omnes
3090 1882 3521 1938 sintsecundum

221 1976 493 2025 errantem
518 1986 547 2024 a
574 1972 798 2026 scientia
830 1972 1088 2027 veritatis.
1111 1970 1266 2039 Quod
1287 1984 1467 2027 autem
1495 1970 1630 2027 dixit
1658 1986 1824 2026 swcu-
1929 1968 2068 2025 hanc
2102 1969 2290 2038 vitam,
2323 1988 2483 2044 quam
2514 1974 2789 2046 subjungit
2826 1976 2880 2031 in
2911 1976 3176 2032 desideriis
3203 1978 3374 2032 carnis
3406 1993 3528 2031 nos-

222 2063 334 2119 lum
361 2065 513 2136 hujus
540 2066 740 2133 mundi,
768 2064 1058 2123 suutenitn
1092 2076 1145 2121 et
1180 2066 1483 2136 superiora,
1514 2075 1569 2121 et
1596 2064 1687 2120 illa
1718 2079 1826 2121 sm-
1929 2073 2043 2129 trw,
2092 2064 2333 2131 facientes
2380 2066 2696 2123 uoluntatem
2738 2069 2910 2124 carnis
2958 2078 3147 2126 nostris
3173 2079 3220 2124 et
3265 2070 3527 2126 consilio-

223 2158 347 2213 cnla
378 2168 600 2222 acterna,
647 2174 768 2229 quae
812 2158 1083 2230 quomodo
1124 2156 1517 2228 intelligantur,
1565 2164 1623 2213 et
1664 2171 1826 2227 quam
1927 2171 2042 2211 rum
2069 2156 2173 2231 (ὅ).
2210 2150 2336 2216 ιιωο
2361 2169 2486 2215 sunt
2528 2160 2670 2217 circa
2699 2176 2823 2234 qua:
2864 2161 3026 2218 habet
3069 2164 3321 2235 princeps
3347 2174 3529 2234 potes-

225 2249 644 2321 signilicantiam
694 2251 945 2318 habeant,
972 2250 1090 2307 aliis
1119 2266 1149 2306 a
1179 2266 1265 2305 me
1294 2249 1444 2306 libris
1481 2254 1568 2307 est
1593 2249 1822 2320 replica-

228 2352 365 2398 tmu.
400 2342 669 2401 Stecnlum
695 2343 855 2417 hujus
879 2344 1064 2401 mundi
1091 2356 1272 2401 autem
1300 2344 1473 2401 omnis
1502 2344 1650 2415 regio
1672 2360 1828 2399 mun-

227 2435 392 2504 dana,
442 2437 522 2492 vel
566 2439 742 2494 omnis
782 2439 1035 2507 mundus,
1082 2439 1135 2495 in
1181 2439 1383 2495 mundo
1436 2448 1614 2495 motus
1646 2454 1829 2495 rerum

232 2539 447 2600 tempus
477 2530 675 2587 faciens
705 2539 759 2587 et
789 2532 1084 2589 involvens.
1116 2532 1232 2588 Non
1255 2531 1447 2590 eodem
1469 2532 1631 2588 modo
1660 2547 1834 2588 stecu-

231 2625 345 2681 lunt
377 2625 431 2680 in
471 2626 690 2682 mternis
710 2637 793 2683 est
820 2647 833 2681 :
863 2643 984 2683 esse
1027 2639 1207 2684 autem
1247 2637 1574 2686 aatcrnorutn
1604 2628 1830 2694 smcula,

232 2721 397 2776 etiam
428 2720 626 2777 Paulus
654 2719 969 2789 declaravit,
1000 2732 1056 2778 et
1082 2738 1274 2779 omnes
1311 2721 1589 2794 prophetae
1613 2740 1628 2778 ;
1655 2720 1828 2792 siquia

234 2815 361 2872 dem
391 2815 587 2871 dicitur
622 2824 678 2872 et
705 2814 1013 2886 frequenter
1038 2815 1236 2872 dicitur
1271 2815 1560 2872 benedictus
1599 2814 1738 2870 Deus
1780 2814 1836 2868 in

234 2909 429 2965 swcula
454 2909 778 2966 saeculorum.
824 2908 1038 2965 Etenim
1079 2908 1337 2966 saeculum
1381 2910 1597 2976 linitur;
1637 2906 1837 2964 saecula

232 3015 421 3060 autem
462 3003 823 3071 saeculorum,
871 3012 928 3060 et
975 3002 1046 3059 de
1091 3004 1310 3059 aeternis
1363 3013 1418 3060 et
1468 3004 1524 3058 in
1563 3011 1830 3058 aeternum

234 3105 385 3155 sunt.

316 3190 615 3249 Secundum
656 3193 936 3267 principem
972 3193 1233 3266 potestatis
1274 3192 1429 3258 aeris,
1479 3190 1700 3263 spiritus
1748 3187 1839 3260 qui

239 3302 387 3344 nunc
414 3299 665 3358 operatur
696 3289 748 3344 in
770 3290 893 3358 [iliis
917 3289 1210 3359 difﬁdentiae
1235 3287 1337 3360 (l).
1363 3287 1465 3355 Qui
1486 3285 1726 3342 ambulat
1749 3299 1838 3340 see

239 3378 477 3435 cundum
522 3382 779 3437 saaculum
819 3381 977 3452 hujus
1022 3379 1232 3447 mundi,
1278 3380 1517 3436 ambulat
1556 3378 1837 3434 secundum

238 3472 528 3544 principem
558 3475 817 3544 potestatis
840 3474 1100 3546 aeris,qui
1128 3485 1211 3530 est
1231 3474 1453 3545 Spiritus
1484 3473 1712 3534 ﬁliorum
1735 3460 1842 3526 dif-

244 3565 479 3624 ﬁdentia:
506 3567 610 3643 (ἓ).
641 3566 773 3626 Cum
802 3570 908 3625 duo
925 3570 1035 3626 sint
1064 3570 1152 3625 lux
1186 3581 1240 3626 ct
1269 3569 1529 3632 tenebrae,
1562 3568 1761 3623 veritas
1782 3576 1838 3622 et

244 3658 472 3732 falsitas,
501 3664 698 3720 bonum
733 3672 789 3720 et
826 3662 1049 3730 malitia,
1081 3679 1189 3719 non
1218 3664 1289 3718 ita
1320 3670 1377 3718 ut
1415 3678 1481 3718 ex
1511 3675 1666 3733 aequo
1694 3659 1839 3726 sint;

245 3770 421 3826 neque
450 3759 594 3813 enim
619 3756 700 3813 las
745 3766 829 3814 est
862 3756 1063 3828 aliquid
1093 3755 1206 3812 Deo
1244 3756 1329 3812 vel
1371 3771 1466 3825 per
1506 3754 1843 3811 contrarium

242 3850 568 3918 comparari.
618 3850 709 3907 Sic
734 3852 1062 3922 accipiamus
1100 3858 1157 3906 et
1190 3850 1432 3920 spiritus.
1480 3865 1646 3904 unum
1695 3847 1843 3914 ﬁdei,

243 3943 475 3999 alterum
507 3944 836 4000 difﬁdentiae.
872 3945 1106 4015 Spiritus
1129 3956 1348 4001 satanas
1375 3956 1429 4001 et
1457 3945 1578 4014 ejus
1597 3944 1846 4001 diabolus

245 4037 340 4093 hic
376 4040 731 4097 substantiam
762 4039 829 4096 de
858 4055 983 4096 aere
1013 4039 1197 4106 habet,
1227 4038 1279 4094 id
1303 4047 1388 4093 est
1417 4028 1486 4094 de
1529 4038 1655 4111 ber
1683 4047 1846 4109 atque

248 4134 499 4200 materia,
526 4143 581 4189 et
612 4143 927 4205 potestatem
955 4135 1007 4189 in
1028 4134 1142 4204 ipsa
1164 4132 1411 4200 materia,
1444 4133 1529 4189 vel
1560 4133 1613 4187 in
1634 4147 1728 4189 eos
1751 4128 1846 4202 qui

249 4228 601 4284 materialiter
620 4229 879 4285 sentiunt.
916 4227 1013 4284 Est
1043 4243 1175 4299 ergo
1206 4228 1299 4284 ille
1321 4229 1573 4299 princeps
1600 4225 1717 4297 ejus
1744 4241 1842 4297 po-

249 4321 459 4376 testatis
478 4336 597 4391 qua:
626 4320 682 4377 in
711 4336 837 4377 aere
875 4328 981 4385 est,
1011 4318 1063 4375 id
1085 4330 1168 4375 est
1193 4321 1246 4376 in
1286 4319 1508 4376 materia
1532 4336 1547 4375 :
1572 4318 1664 4391 qui
1703 4318 1850 4388 prin-

247 4429 379 4484 eeps
414 4414 636 4484 Spiritus
665 4421 766 4475 est.
799 4412 894 4470 sed
926 4422 983 4468 ut
1002 4412 1112 4468 dixi
1144 4412 1420 4480 materiai;
1452 4420 1509 4469 et
1532 4412 1584 4468 in
1606 4410 1849 4468 materiis

250 4523 396 4563 nunc
433 4518 711 4579 operatur,
738 4507 791 4562 in
819 4507 942 4577 [iliis
963 4505 1254 4578 di/ﬁdentio:
1278 4521 1297 4563 :
1328 4503 1385 4562 id
1402 4517 1486 4562 est
1514 4521 1702 4563 eorum
1731 4505 1850 4560 ani-

251 4617 372 4657 mos
403 4611 571 4669 tenet,
601 4611 657 4657 et
680 4601 751 4656 ibi
772 4600 1093 4656 dominatur.
1118 4598 1263 4671 Ergo
1280 4599 1368 4669 qui
1396 4598 1524 4654 vivit
1548 4596 1846 4655 secundum

1932 2249 2056 2305 tatis
2084 2251 2231 2306 aeris
2261 2254 2657 2323 operationem.
2704 2254 2801 2312 sed
2843 2255 2896 2311 iit
2946 2256 3087 2312 ﬁlios
3113 2256 3442 2324 difﬁdentes,
3473 2264 3536 2312 ut
3577 2236 3583 2243 ’

1931 2341 2198 2399 desideria
2219 2346 2398 2401 carnis
2430 2346 2682 2413 habeant,
2714 2348 2913 2405 faciant
2946 2350 3128 2406 carnis
3172 2351 3531 2419 voluntatem,

1933 2446 1990 2492 et
2012 2437 2237 2493 consilia
2281 2441 2499 2495 carnis:
2533 2456 2652 2511 quae
2681 2443 2773 2514 qui
2819 2444 3100 2515 abiecerit,
3124 2444 3234 2515 jam
3278 2444 3445 2500 Deum
3475 2452 3535 2501 et

1934 2531 2232 2601 cognoscit,
2262 2542 2317 2588 et
2344 2535 2623 2604 sequitur;
2660 2537 2793 2593 nihil
2812 2537 2878 2593 de
2900 2543 3083 2595 carnis
3109 2539 3361 2610 cperibus
3385 2539 3535 2612 cogi-

1938 2632 2075 2681 tans.
2113 2622 2182 2681 Et
2208 2642 2410 2683 eramus
2438 2630 2697 2687 naturales
2726 2630 2805 2706 (4)
2835 2634 2935 2702 ﬁlii
2953 2634 3065 2701 ira,
3093 2635 3226 2690 sicut
3270 2644 3317 2689 et
3338 2636 3529 2690 creteri.

1937 2717 2201 2788 Quoniam
2244 2720 2300 2776 et
2341 2724 2582 2780 consiliis
2623 2726 2805 2782 carnis
2844 2738 2899 2783 ct
2925 2743 2992 2785 ex
3032 2720 3319 2786 desideriis
3350 2731 3535 2787 viven-

1941 2818 2023 2867 tes
2053 2809 2165 2885 (5);
2193 2830 2419 2881 eramus,
2448 2816 2640 2887 inquit,
2673 2818 2772 2888 ﬁlii
2806 2820 2899 2874 ira:
2924 2822 3219 2888 naturales;
3246 2821 3299 2878 id
3332 2832 3419 2880 est
3447 2839 3534 2881 se-

1940 2906 2175 2962 cundum
2204 2916 2447 2966 naturam
2478 2913 2658 2967 carnis
2684 2913 2849 2983 geniti
2872 2923 2926 2969 et
2951 2916 3229 2971 materiae:
3256 2916 3370 2987 ipsa
3392 2917 3536 2973 enim

1941 3008 2130 3055 natura
2153 3008 2255 3056 est.
2284 3000 2401 3057 Non
2432 3003 2576 3059 enim
2605 3004 2843 3061 divinam
2873 3014 3119 3063 naturam
3156 3007 3410 3077 dicimus,
3440 3009 3541 3066 sed

1943 3108 2061 3149 eam
2093 3110 2212 3164 quae
2241 3095 2510 3153 mundana
2552 3108 2671 3155 est:
2700 3107 2756 3157 et
2785 3100 3107 3174 ubicumque
3146 3103 3294 3160 nasci
3333 3112 3438 3170 est,
3471 3093 3545 3161 ibi

1944 3195 2138 3243 natura
2176 3187 2393 3245 dicitur.
2441 3190 2581 3262 Ergo
2618 3192 2670 3247 in
2708 3195 3102 3264 superioribus,
3135 3197 3261 3266 quia
3305 3197 3540 3268 ingenita

1863 3257 1909 3333 Ε
1942 3290 2067 3335 sunt
2101 3282 2302 3350 omnia,
2335 3298 2457 3338 cum
2497 3257 2749 3351 dicuntur
2777 3257 3024 3359 quaedam
3066 3257 3271 3373 genita,
3307 3257 3545 3362 quedam

1944 3374 2203 3445 mysterio
2223 3373 2598 3448 intelliguntur
2621 3378 2825 3449 genita,
2858 3396 2966 3436 non
2996 3396 3060 3436 eo
3081 3381 3245 3438 modo
3282 3383 3543 3454 quemad-

1945 3467 2163 3523 modum
2195 3471 2248 3524 in
2273 3470 2474 3526 mundo
2498 3489 2511 3525 :
2535 3472 2624 3527 ubi
2653 3474 2796 3529 enim
2828 3484 2910 3531 est
2936 3486 3149 3542 natura,
3178 3476 3250 3532 ibi
3279 3475 3360 3549 (6)
3382 3491 3546 3550 gene.

1945 3562 2084 3617 ratio
2108 3578 2120 3614 :
2142 3564 2420 3632 generatio
2448 3573 2625 3619 autem
2648 3576 2750 3631 est,
2777 3581 2901 3621 cum
2931 3567 2999 3622 ab
3032 3583 3097 3623 eo
3119 3567 3262 3639 quod
3291 3583 3398 3624 non
3424 3569 3547 3637 fuit,

1947 3653 2145 3721 aliquid
2167 3669 2289 3711 esse
2311 3653 2530 3725 incipit;
2581 3668 2672 3712 aut
2703 3658 2770 3713 ab
2800 3673 2865 3714 eo
2891 3659 3033 3730 quod
3062 3660 3218 3716 aliter
3249 3659 3368 3728 fuit,
3397 3660 3546 3718 aliud

1948 3762 2068 3803 esse
2097 3748 2313 3819 incipit;
2341 3751 2563 3806 sicntde
2592 3753 2801 3808 semine
2837 3752 3021 3820 homo,
3048 3755 3133 3810 vel
3173 3753 3403 3827 virgulta
3437 3756 3547 3814 alia

1949 3841 2016 3897 de
2045 3842 2275 3908 semine,
2304 3853 2606 3914 cretei-aque
2632 3845 2734 3899 alia
2760 3846 3033 3903 animalia.
3062 3849 3130 3903 At
3160 3862 3289 3905 vero
3309 3847 3363 3903 in
3387 3856 3549 3906 aiter-

1952 3934 2055 3999 nis,
2088 3935 2339 4005 quoniam
2370 3950 2720 4008 quaecumque
2740 3936 2829 3993 illa
2855 3938 3032 3995 divina
3052 3951 3201 4007 sunt,
3230 3942 3382 4012 quasi
3413 3958 3548 4014 qua-

1950 4023 2073 4080 dam
2096 4025 2419 4083 discretione
2445 4042 2707 4099 apparere
2735 4031 3017 4102 incipiunt,
3049 4032 3170 4090 ideo
3199 4034 3360 4090 veluti
3377 4050 3548 4105 gene-

1951 4131 2065 4176 rata
2109 4121 2362 4178 dicuntur
2403 4137 2572 4179 :cum
2623 4134 2800 4180 tamen
2847 4125 3040 4182 eadem
3088 4126 3286 4184 virtute
3328 4128 3458 4198 sint,
3490 4140 3547 4187 et

1951 4216 2141 4273 eadem
2182 4217 2479 4274 substantia
2529 4233 2631 4289 qua
2675 4218 2914 4287 luerunt,
2943 4219 3147 4278 idcirco
3191 4230 3252 4278 ut
3283 4231 3547 4293 generata

1954 4326 2059 4364 non
2089 4320 2232 4366 sunt.
2281 4310 2469 4383 Neque
2493 4312 2637 4369 enim
2666 4328 2791 4370 cum
2823 4315 2964 4372 Deus
2991 4307 3172 4372 omnia
3221 4315 3411 4375 fecerit
3450 4334 3548 4375 na-

1954 4409 2095 4470 tura,
2127 4418 2233 4460 non
2261 4418 2323 4460 ea
2352 4420 2473 4476 qua:
2494 4415 2697 4463 teterna
2724 4406 2854 4464 fecit
2880 4423 2947 4465 ex
2974 4409 3215 4473 aeternis.
3247 4419 3306 4467 ut
3334 4410 3544 4482 habuit;

1953 4496 2049 4552 sed
2088 4496 2457 4554 tantummodo
2494 4500 2655 4555 veluti
2698 4501 2990 4571 separavit,
3020 4510 3075 4558 et
3103 4502 3315 4575 singula
3343 4505 3550 4566 consti-

1956 4589 2055 4643 tuit
2078 4607 2091 4642 z
2118 4605 2238 4660 quae
2265 4598 2460 4660 quanta
2507 4600 2561 4647 et
2588 4591 2768 4664 qualia
2796 4593 2923 4660 sint,
2952 4594 3075 4651 aliis
3114 4594 3265 4652 libris
3295 4597 3549 4672 intelligi-

249 4697 510 4754 smculnm
560 4697 718 4767 hujus
762 4695 976 4763 mundi,
1022 4694 1157 4749 vivit
1204 4694 1501 4751 secundum
1551 4693 1847 4763 principem
1875 4664 1933 4730 D
1957 4698 2098 4738 mus.
2135 4684 2282 4739 Nunc
2309 4685 2393 4741 vel
2422 4682 2694 4741 Christum
2724 4687 2806 4742 vel
2835 4688 3059 4760 angelos
3089 4689 3175 4747 vel
3202 4692 3412 4748 animas
3439 4708 3549 4750 om-

255 4792 536 4861 potestatis
566 4792 706 4847 aeris
734 4790 988 4860 spiritus,
1020 4789 1109 4860 qui
1158 4804 1300 4843 nunc
1336 4797 1591 4859 operatur
1631 4788 1685 4842 in
1724 4788 1851 4858 ﬁliis

252 4885 672 4956 difﬁdentin'Jst
691 4894 868 4941 autem
891 4884 1047 4940 lectio
1066 4882 1288 4954 duplex,
1311 4883 1532 4954 spiritus
1551 4885 1849 4954 operantis,

254 4986 312 5034 et
338 4979 557 5047 Spiritus
583 4979 669 5049 qui
703 4993 844 5033 nunc
880 4986 1155 5047 operatur.
1186 4977 1345 5032 Aeris
1376 4986 1556 5032 autem
1584 4976 1669 5033 vel
1698 4976 1848 5048 prin—

254 5072 430 5142 cipem
478 5073 561 5129 vel
608 5072 855 5143 spiritum
899 5073 1137 5129 materiae
1166 5087 1265 5129 nos
1305 5072 1522 5143 quidem
1566 5069 1846 5129 diximus:

254 5168 396 5223 ratio
426 5176 602 5223 tamen
629 5167 923 5223 vehemens
952 5167 1042 5221 illa
1061 5175 1144 5222 est
1172 5167 1315 5239 quod
1337 5167 1453 5237 ipse
1472 5174 1555 5222 est
1574 5164 1713 5220 inter
1741 5163 1854 5219 ele-

258 5269 437 5314 menta
466 5261 735 5331 princeps,
754 5274 846 5315 aer
873 5252 1234 5316 scilicet.Nam
1261 5266 1316 5315 et
1342 5257 1479 5331 ignis
1498 5261 1590 5312 aer
1619 5256 1853 5327 agitatus

258 5364 362 5418 est,
382 5363 438 5410 et
456 5370 591 5426 aqua
621 5370 712 5411 aer
741 5353 1024 5410 humectus
1052 5363 1155 5419 est,
1184 5361 1326 5411 terra
1347 5362 1441 5410 aer
1461 5353 1638 5409 siccus
1677 5360 1735 5408 et
1759 5365 1855 5408 eo-

221 5503 226 5508 .
262 5447 402 5503 lidus
430 5470 443 5504 :
474 5449 564 5518 qui
602 5448 649 5503 si
691 5447 872 5504 omnia
915 5462 1098 5503 secum
1138 5446 1356 5514 habeat,
1407 5447 1523 5517 ipse
1551 5450 1638 5502 est
1662 5444 1854 5513 chaos,

259 5538 314 5597 id
335 5552 417 5598 est
448 5540 705 5610 tenebrae,
733 5548 790 5599 et
818 5541 1039 5598 materia
1083 5540 1445 5598 tenebrarum.
1482 5532 1624 5613 ignis
1666 5544 1851 5598 autem

254 5637 445 5708 purior
488 5651 582 5692 aer
628 5643 683 5692 et
706 5634 903 5693 ctelum
933 5642 1040 5704 est,
1070 5634 1161 5706 qui
1189 5641 1277 5691 est
1296 5649 1390 5689 aer
1410 5633 1706 5705 agitatione
1733 5647 1860 5691 suo-

336 5772 415 5846 (1)
453 5770 623 5846 Codd-
655 5771 1005 5846 αἱπετςπιὶιξχ
1144 5842 1155 5846 -
1276 5832 1378 5846 μ.
1724 5836 1729 5843 .

336 5773 385 5846 (l
453 5772 623 5827 Codd.
655 5772 978 5839 diiereutite.
1724 5836 1729 5843 δ

335 5772 418 5919 (2i
462 5845 667 5919 Rursus
693 5838 851 5919 codd.
900 5838 1222 5913 cli/ferentum
1273 5832 1382 5901 Sed
1422 5849 1603 5901 tamen
1638 5849 1767 5902 ante
1804 5848 1864 5901 et

265 5916 665 5990 post’scribitur
692 5916 1003 5988 diffidentia.

1930 4785 2169 4849 ‘teraque
2212 4779 2415 4845 omnia,
2446 4794 2568 4851 qua)
2611 4787 2814 4836 aeterna
2842 4792 2989 4849 sunt,
3038 4782 3090 4838 in
3134 4786 3351 4842 aeternis
3395 4787 3552 4859 quasi

1948 4871 2125 4939 genita
2154 4871 2472 4942 accipimus,
2504 4888 2625 4928 cum
2647 4872 2805 4944 longe
2833 4874 2990 4932 aliter
3006 4878 3286 4947 generatio
3306 4881 3398 4947 sit,
3428 4896 3551 4953 qum

1948 4961 2004 5017 in
2033 4962 2233 5019 mundo
2269 4972 2374 5021 est.
2407 4963 2549 5036 Ergo
2579 4980 2817 5033 eramus,
2869 4967 3064 5039 inquit,
3111 4970 3383 5028 naturales
3416 4972 3546 5040 ﬁlii;

1952 5056 2003 5112 id
2020 5065 2105 5113 est
2125 5072 2219 5127 per
2249 5066 2491 5113 naturam
2522 5056 2666 5115 facti.
2699 5057 2805 5116 Sed
2837 5060 2927 5116 ﬁlii
2954 5061 3148 5133 cujus?
3178 5078 3284 5120 non
3315 5063 3433 5132 Dei,
3454 5066 3555 5123 sed

1952 5149 2048 5205 irin
2070 5167 2083 5203 :
2109 5151 2222 5220 ipse
2251 5150 2393 5205 enim
2434 5150 2795 5216 adversarius,
2827 5154 2916 5225 qui
2946 5163 3032 5211 est
3059 5156 3157 5221 ira,
3204 5172 3306 5214 nos
3330 5172 3400 5214 ex
3439 5174 3555 5215 ma-

1954 5245 2089 5300 teria
2114 5243 2213 5300 sibi
2258 5242 2641 5301 vindicaverat.
2683 5246 2791 5311 Sic,
2821 5247 3009 5318 inquit,
3062 5265 3266 5307 eramus
3307 5265 3406 5306 nos
3450 5252 3553 5322 ﬁlii

1955 5336 2069 5403 irae,
2096 5337 2226 5391 sicut
2250 5337 2441 5392 ueteri.
2475 5335 2613 5393 Sunt
2653 5337 2798 5393 enim
2825 5339 3043 5410 proprie
3070 5340 3166 5396 lilii
3198 5341 3319 5413 ira,
3361 5343 3454 5416 qui
3481 5356 3559 5405 ea

2031 5473 2111 5547 (1)
2150 5475 2320 5561 cedd.
2350 5491 2630 5532 successus.
2664 5540 2667 5545 ,

2152 5538 2696 5695 ivtiirtgg'.l°:%:c'tiizt§ss'

1987 5694 1998 5707 ,
2152 5610 2309 5695 Vulg.
2347 5610 2666 5678 :Facienles
2710 5610 3022 5678 voluntatem
3060 5612 3230 5683 carnis
3270 5633 3318 5683 et
3358 5627 3561 5701 ποίαις

1959 5705 2176 5750 uanum.

2162 5765 2318 5836 Vulg.
2346 5782 2361 5820 :
2385 5763 2454 5850 Et
2473 5781 2677 5850 eramus
2702 5775 2893 5829 natura
2913 5754 3013 5839 ﬁlii
3038 5754 3200 5827 im...

2034 5766 2654 5983 iisﬁﬁiizlltf""”““
3126 5888 3131 5893 -

2062 5836 2118 5896 5i
2157 5836 2326 5895 Codd.
2358 5837 2654 5894 viventibus.
2914 5836 2922 5839 ⁷
3126 5888 3131 5893 .

2061 5882 2119 5986 ξς
2155 5882 2326 5969 ἇόἇᾶζ
2358 5882 2461 5965 ἱεὶιῖ
