4010 6306
476 202 618 263 1255

1709 207 1903 267 MAR"
1947 209 2287 272 VICTORINI
2329 214 2489 272 ΛΡΜ

3661 221 3804 281 ΙΞ56

473 321 578 378 hoc
604 321 803 377 mundo
836 340 849 378 :
881 322 1020 378 sicut
1055 321 1122 380 de
1151 320 1342 394 quibus
1361 321 1492 378 dixit
1518 326 1649 378 sicut
1667 328 1837 379 caueri
1861 337 1918 380 ut
1949 342 2067 389 nos,
2101 329 2151 388 Α
2254 329 2416 386 Vens.
2451 331 2507 386 8.
2541 362 2611 372 —
2638 331 2776 387 Nam
2804 335 2972 406 gratia
3005 334 3188 390 saluati
3216 336 3337 391 estis
3379 354 3473 408 per
3500 338 3657 406 fidem
3697 339 3798 410 ll).

473 416 561 486 qui
592 432 658 471 ex
684 417 776 471 illo
797 417 996 472 mundo
1022 433 1208 472 sumus
1238 417 1376 472 male
1400 418 1674 484 viventes;
1701 420 1752 473 id
1785 431 2078 475 cstsccun-

471 506 598 563 dum
625 523 843 564 carnem
874 511 1194 574 viveremus,
1229 510 1383 581 quasi
1427 510 1517 564 lilii
1561 509 1692 574 iraa;
1723 513 2080 583 quemadmo-

472 599 599 657 dum
623 604 808 658 vivunt
834 602 926 658 ﬁlii
955 603 1047 657 irzc
1071 645 1084 668 ,
1133 602 1235 658 hoc
1261 611 1344 658 est
1371 603 1510 658 sicut
1532 605 1737 658 cretcri.

548 697 709 754 Vens.
741 698 796 753 4.
829 729 901 740 --
933 698 1068 753 Deus
1098 709 1293 766 autem,
1320 699 1410 770 qui
1455 698 1593 753 diues
1623 709 1694 753 est
1722 709 1768 753 et
1804 700 1856 753 in
1885 699 2084 754 miseri-

470 792 670 860 cordia,
701 801 908 865 prOpter
938 793 1150 846 multant
1195 793 1496 846 charitatent
1523 809 1670 846 suam
1710 794 1982 848 miseratus
2008 803 2082 846 est

473 902 565 942 nos
596 884 699 958 (l).
730 884 868 941 Vere
898 886 1040 941 enim
1063 884 1262 940 divitia:
1290 900 1497 955 magum
1527 894 1652 939 sunt
1683 885 1774 939 Dei
1809 887 1951 940 circa
1985 884 2084 938 mi-

473 977 844 1036 sericordiam.
877 976 1011 1034 Cum
1042 979 1188 1035 enim
1213 994 1310 1033 nos
1353 978 1595 1048 peccatis
1641 977 1844 1034 nostris
1873 978 2081 1033 alienos

473 1075 790 1131 fecissemus
813 1073 892 1147 (ἓ)
916 1090 944 1128 a
983 1074 1113 1140 Deo,
1144 1089 1266 1130 cum
1291 1089 1536 1129 essemus
1553 1089 1617 1129 ex
1640 1073 1904 1144 superiori
1929 1089 2084 1127 mun-

473 1167 566 1232 do,
600 1167 689 1222 ille
708 1167 878 1239 gratia
922 1183 1016 1223 sua
1057 1167 1265 1224 donans
1310 1175 1552 1238 peccata,
1593 1166 1876 1238 indulgens
1917 1168 2079 1222 etiam

473 1263 702 1329 delictis,
735 1279 832 1320 nos
854 1263 952 1318 sibi
974 1262 1312 1334 redemitper
1331 1264 1498 1318 tilium
1523 1277 1700 1327 suum;
1725 1262 1809 1318 cui
1832 1277 1953 1317 cum
1975 1277 2081 1318 non

475 1359 717 1430 pepercit
744 1366 803 1412 ut
825 1373 924 1413 nos
951 1358 1224 1425 liberaret,
1254 1373 1460 1430 magna:
1486 1358 1602 1413 sine
1631 1355 1795 1412 dubio
1813 1366 1938 1410 sunt
1965 1355 2082 1427 ejus

474 1451 903 1524 divitize,magna
928 1453 1088 1510 etiam
1103 1452 1358 1508 charitas.
1383 1451 1652 1519 Quantum
1672 1450 1816 1505 enim
1835 1458 1916 1505 est
1934 1464 2083 1504 amo-

475 1545 549 1600 ris
566 1545 682 1614 ejus
704 1543 757 1598 in
778 1559 899 1611 uos,
925 1559 1047 1599 cum
1067 1543 1232 1598 lilium
1256 1557 1409 1598 suum
1427 1549 1647 1612 propter
1669 1553 1768 1595 nos
1789 1539 2082 1595 exinanivit

479 1647 536 1694 ut
564 1652 664 1692 nos
689 1637 978 1694 redimeret
999 1637 1246 1708 passione
1285 1636 1420 1691 sua?
1453 1635 1579 1690 Haec
1600 1633 1760 1704 igitur
1788 1631 2045 1688 Charitas.

2191 423 2495 494 Explicavit
2527 436 2735 496 aperte,
2767 428 2906 499 quod
2937 446 2965 482 a
2999 430 3153 484 nobis
3178 431 3309 486 ﬁdes
3334 431 3598 487 debeatur
3635 451 3647 485 :
3682 441 3802 487 tan-

2189 525 2302 571 tum
2335 527 2512 574 autem
2532 519 2780 583 debetur,
2809 530 2866 575 ut
2902 521 3189 577 credamus
3219 523 3273 578 in
3300 523 3541 580 Christo.
3567 524 3720 593 Quod
3756 525 3802 580 si

2188 611 2282 678 ita,
2327 613 2502 668 solum
2537 612 2639 668 hoc
2670 624 2912 670 nostrum
2945 626 3055 681 est;
3087 632 3194 672 non
3226 619 3421 672 merito
3446 630 3634 673 nostro
3666 618 3801 674 salvi

2186 719 2396 773 sumus,
2425 707 2518 762 sed
2542 706 2632 763 Dei
2662 709 2852 778 gratia.
2885 711 3121 782 Denique
3148 713 3225 767 sic
3248 711 3491 783 adjungit
3509 725 3555 767 et
3580 715 3675 766 hoc
3697 731 3802 768 non

2187 813 2250 852 ex
2273 798 2448 863 vobis;
2477 799 2573 852 Dei
2602 799 2794 855 donum
2841 813 2910 857 est
2944 819 2963 857 :

2263 890 2427 946 Vens.
2465 892 2518 947 9.
2557 923 2627 933 —
2673 893 2797 948 Non
2825 912 2889 950 ex
2921 897 3177 968 aperibus,
3221 914 3284 952 ne
3301 899 3412 965 quis
3444 902 3578 971 forte
3605 900 3803 972 glorie-

2186 993 2270 1037 tur
2304 984 2408 1057 (τι).
2441 985 2592 1054 Quod
2645 987 2779 1042 salvi
2827 1004 3033 1056 sumus,
3085 993 3278 1060 gratia,
3315 993 3505 1061 inquit,
3543 991 3638 1047 Dei
3672 1002 3800 1047 cst:

2187 1075 2259 1130 ita
2291 1085 2346 1132 et
2383 1093 2497 1143 vos,
2531 1077 2773 1150 Ephesii,
2821 1081 2962 1152 quod
2992 1081 3134 1137 salvi
3185 1084 3335 1150 estis,
3363 1100 3469 1138 non
3496 1100 3562 1139 ex
3607 1084 3798 1150 vobis;

2190 1167 2282 1224 Dei
2338 1169 2538 1226 donum
2584 1181 2668 1226 est
2699 1191 2712 1226 :
2745 1188 2920 1244 neque
2973 1190 3038 1230 ex
3103 1176 3355 1246 operibus
3419 1179 3668 1245 vestris,
3707 1177 3802 1233 sed

2188 1260 2283 1316 Dei
2321 1262 2491 1332 gratia
2525 1271 2647 1331 est,
2702 1273 2757 1319 ct
2810 1265 2904 1320 Dei
2968 1265 3168 1321 donum
3224 1277 3328 1332 est,
3383 1284 3488 1321 non
3542 1269 3802 1324 meritum

2188 1361 2431 1408 nostrum
2478 1353 2579 1426 (5).
2615 1355 2774 1410 Aliud
2815 1371 2938 1412 csse
2978 1373 3162 1428 opera,
3212 1358 3354 1413 aliud
3387 1360 3644 1415 meritum
3677 1377 3804 1416 nos-

2189 1455 2330 1503 trum
2365 1464 2379 1502 :
2414 1447 2556 1503 unde
2589 1451 2861 1520 separavit
2891 1429 2990 1505 uim
3041 1467 3103 1505 ea:
3143 1452 3282 1506 vobis
3322 1451 3556 1508 dicendo
3599 1470 3708 1507 non
3741 1471 3806 1508 ex

2196 1541 2439 1611 operibus
2468 1558 2486 1596 :
2513 1550 2709 1613 praeter
2739 1559 2900 1614 opera
2940 1545 3140 1600 etenim
3161 1585 3178 1612 ,
3228 1560 3347 1615 qua:
3386 1545 3634 1616 quotidie
3668 1562 3805 1617 pra:-

2187 1635 2361 1692 henda
2403 1646 2532 1692 sunt
2573 1638 2622 1692 in
2655 1637 2856 1693 ofﬁciis
2886 1639 2935 1693 in
2967 1655 3230 1710 pauperes
3254 1682 3267 1704 ,
3296 1649 3350 1695 ct
3389 1650 3592 1696 czctera
3629 1642 3804 1697 bene-

552 1730 714 1786 Vnus.
747 1731 801 1787 5.
844 1760 913 1772 —
947 1729 1010 1784 Et
1061 1747 1175 1784 cum
1203 1729 1391 1784 mortui
1431 1743 1650 1782 essemus
1692 1726 1933 1795 peccatis,
1962 1740 2083 1779 con-
2117 1736 2166 1796 B
2197 1728 2358 1784 facta.
2389 1730 2492 1785 Sed
2521 1732 2682 1786 etiam
2715 1747 2986 1787 cumesse
3019 1734 3188 1802 possit
3225 1733 3476 1788 meritum
3515 1750 3585 1788 ex
3617 1735 3805 1790 ollicio

475 1823 742 1892 uiuiﬁcauit
781 1840 877 1879 nos
925 1825 980 1877 in
1011 1821 1235 1878 Christo.
1282 1822 1416 1891 Quia
1455 1821 1692 1877 charitas
1736 1819 1850 1885 Dei,
1886 1819 2079 1890 inquit,

477 1928 679 1974 manet.
713 1917 859 1982 Hice,
892 1917 1087 1987 inquit,
1120 1927 1202 1972 est
1231 1915 1498 1980 charitas;
1535 1917 1616 1971 ha:
1664 1926 1791 1970 sunt
1839 1913 2078 1977 divitize;

477 2018 537 2064 ut
564 2024 687 2065 cum
730 2009 1026 2066 substantia
1073 2025 1136 2064 ex
1169 2009 1388 2064 aeternis
1433 2008 1588 2063 nobis
1626 2017 1808 2074 esset,
1859 2015 1913 2062 et
1957 2021 2079 2060 cum

477 2104 676 2160 mortui
692 2119 934 2160 essemus
951 2103 1209 2175 peccatis,
1232 2101 1526 2159 redimeret
1545 2116 1643 2155 nos
1665 2117 1756 2171 per
1777 2100 2078 2171 passionem

477 2201 722 2268 Christi,
772 2210 826 2256 et
871 2201 1050 2256 salvos
1091 2198 1318 2255 faceret.
1363 2197 1627 2267 Quoniam
1680 2207 1858 2252 autem
1903 2197 2082 2268 passio

479 2298 701 2364 Christi,
733 2294 1078 2352 mortiﬁcatio
1107 2304 1192 2350 est
1223 2301 1596 2365 peccatorum;
1629 2293 1957 2348 resurrectio
1984 2307 2082 2346 au-

478 2403 587 2450 tem
617 2391 841 2458 Christi,
875 2389 1200 2446 resurrectio
1228 2398 1313 2444 est
1344 2398 1560 2454 nostra;
1609 2388 1684 2442 ait
1712 2387 2081 2456 convivi/ienuit

477 2504 571 2545 nos
603 2489 655 2542 in
671 2484 894 2552 Christo,
935 2483 986 2539 id
1009 2493 1091 2539 est
1117 2482 1184 2538 ad
1216 2482 1380 2537 vitam
1409 2491 1664 2536 a'ternam
1683 2481 1950 2546 resrituit;
1984 2479 2079 2534 sed

479 2596 577 2654 per
604 2579 874 2636 Christum
905 2580 1052 2650 cujus
1072 2577 1241 2648 gratia
1267 2577 1383 2631 estis
1414 2574 1543 2628 salui
1569 2575 1694 2646 facti
1715 2571 1817 2646 (5).
1850 2570 2084 2628 Conclu-

476 2673 706 2747 sitquod
737 2672 969 2728 maxime
998 2669 1360 2726 necessarium
1380 2668 1517 2722 ctad
1538 2681 1725 2722 omnes
1745 2677 1798 2721 et
1818 2665 1881 2720 ad
1908 2664 2083 2735 Ephe-

477 2767 589 2823 sios
621 2765 739 2831 fuit,
775 2773 833 2820 ut
861 2763 991 2818 nihil
1037 2773 1189 2818 extra
1217 2759 1491 2817 Christum
1523 2759 1884 2830 accipiamus;
1917 2758 2083 2830 siqui-

481 2860 604 2917 dem
635 2860 750 2930 ejus
794 2857 970 2930 gratia
999 2856 1135 2912 salvi
1165 2871 1370 2911 sumus.
1403 2854 1546 2926 Ergo
1578 2865 1632 2909 et
1672 2869 1790 2920 vos,
1840 2853 2080 2924 Ephesii,

477 2956 649 3029 gratia
691 2953 889 3010 Christi
922 2952 1053 3008 salvi
1103 2951 1251 3016 facti,
1284 2949 1417 3006 nihil
1457 2961 1614 3005 extra
1647 2948 1916 3020 accipere,
1947 2949 2080 3005 nihil

477 3061 740 3106 externum
768 3048 822 3103 in
852 3047 1114 3118 religione
1139 3055 1194 3102 et
1223 3045 1329 3101 ﬁde
1353 3044 1554 3100 habere
1578 3043 1807 3099 debetis.

2188 1831 2243 1877 et
2278 1823 2560 1895 religione,
2612 1840 2679 1880 ex
2722 1827 2975 1881 castitate
3006 1835 3061 1881 et
3089 1827 3436 1893 abstinentia;
3489 1844 3602 1882 non
3655 1829 3801 1884 enim

2189 1932 2367 1988 neque
2395 1915 2653 1988 operibus
2691 1921 2889 1975 vestris
2935 1929 3110 1990 potest
3143 1921 3245 1994 (4).
3293 1923 3467 1993 Opera
3504 1924 3607 1978 ista
3653 1932 3800 1978 sunt.

2187 2008 2317 2065 ideo
2346 2021 2634 2081 utrumque
2660 2014 2925 2068 conclusit
2949 2033 3048 2069 non
3076 2032 3139 2071 ex
3165 2017 3325 2082 uobis,
3348 2034 3510 2087 neque
3536 2035 3602 2072 ea:
3627 2019 3806 2084 operi-

2187 2102 2302 2170 bus,
2321 2113 2376 2158 et
2399 2103 2596 2174 adjecit
2621 2122 2681 2159 ne
2703 2107 2815 2177 quis
2837 2107 3108 2178 glorietur.
3136 2109 3326 2165 Nescio
3349 2111 3628 2181 quomodo
3654 2117 3800 2167 enim

2187 2195 2275 2264 qui
2334 2197 2590 2266 operibus
2637 2199 2749 2254 suis
2799 2201 3069 2255 redditum
3121 2203 3369 2257 meritum
3420 2210 3599 2273 putat,
3639 2219 3800 2258 stium

2188 2288 2307 2342 vult
2335 2304 2479 2356 esse,
2512 2306 2620 2345 non
2653 2295 2972 2363 prmslantis
3007 2311 3022 2351 :
3049 2304 3103 2350 ct
3133 2294 3250 2350 ha~c
3272 2295 3494 2365 jactatio
3521 2307 3627 2351 est.

2261 2381 2428 2437 Vsus.
2481 2383 2564 2438 10.
2601 2415 2673 2425 -
2704 2384 2876 2458 Ipsius
2930 2388 3063 2441 enint
3111 2389 3407 2460 ﬁgmentum
3459 2406 3638 2444 sumus
3689 2387 3797 2463 (5),

2195 2477 2352 2530 creati
2384 2477 2437 2530 in
2465 2477 2687 2534 Christo.
2719 2479 2836 2549 Ipse
2866 2481 3124 2553 mysterio
3167 2483 3397 2553 quodam
3430 2499 3531 2538 nos
3563 2483 3719 2537 ﬁnxit
3748 2492 3803 2538 et

2189 2565 2440 2622 formavit
2469 2569 2519 2623 in
2546 2567 2788 2638 Christo,
2823 2581 2882 2626 ut
2908 2588 3028 2627 cum
3063 2573 3155 2627 illo
3191 2589 3638 2646 resurgeremus,
3676 2591 3799 2630 cum

2187 2659 2281 2713 illo
2311 2659 2555 2716 hmredes
2583 2678 2704 2719 esse
2737 2679 3020 2734 possemus
3048 2709 3063 2732 ,
3113 2667 3399 2723 credentes
3453 2669 3503 2722 in
3551 2667 3798 2724 Christo.

2186 2751 2254 2807 In
2281 2769 2436 2825 opera
2460 2761 2594 2811 bona
2616 2774 2730 2829 qua:
2757 2761 2954 2830 parauit
2983 2758 3142 2816 Deus.
3167 2759 3400 2826 Paravit,
3427 2762 3663 2829 creavit,
3695 2763 3802 2817 for-

2188 2848 2358 2900 mavit
2382 2847 2432 2902 in
2467 2847 2685 2905 Christo
2717 2851 2860 2907 Deus
2882 2868 3044 2922 opera
3073 2852 3172 2924 (6),
3209 2853 3404 2923 inquit,
3436 2853 3620 2909 bona:
3647 2856 3798 2910 scili-

2187 2948 2273 2993 cet
2302 2956 2422 3010 quae
2446 2939 2622 2996 futura
2656 2953 2800 3013 sunt,
2848 2960 2915 3000 an
2949 2945 3064 3001 haec
3089 2961 3208 3016 quae
3238 2962 3380 3002 nunc
3414 2945 3506 3003 hic
3545 2949 3798 3020 agimus?

2187 3031 2296 3088 Sed
2338 3046 2392 3092 et
2419 3037 2532 3093 sive
2562 3055 2683 3110 quae
2715 3041 2894 3096 futura
2933 3050 3062 3097 sunt
3103 3042 3486 3115 intelligamus,
3525 3045 3645 3102 sive
3674 3062 3796 3116 qua

560 3143 721 3198 Vens.
759 3141 812 3197 6.
858 3169 929 3182 —
960 3139 1026 3194 Et
1050 3139 1203 3195 simul
1229 3138 1514 3205 suscitauit,
1553 3146 1597 3192 et
1635 3137 1787 3192 simul
1816 3136 2084 3192 collocauit
2112 3142 2157 3206 ρ
2191 3145 2333 3186 nunc
2362 3143 2508 3201 sunt,
2538 3133 2678 3191 bona
2711 3137 2896 3209 utique
2923 3149 3069 3206 sunt,
3102 3147 3270 3195 testes
3301 3141 3352 3194 in
3393 3139 3618 3196 Christo
3643 3152 3790 3198 sunt.

477 3239 531 3296 in
560 3237 699 3293 cretis
721 3235 827 3306 (4).
855 3234 968 3290 Hoc
995 3244 1238 3288 sanetum
1274 3233 1596 3302 plenumque
1620 3231 1933 3302 mysterium
1961 3241 2074 3297 est,

478 3339 537 3388 ut
563 3329 725 3386 ﬁdem
760 3326 1052 3382 habeamus
1073 3323 1128 3379 in
1162 3322 1400 3388 Christo,
1435 3337 1540 3376 non
1574 3336 1673 3376 nos
1704 3335 1846 3376 nunc
1881 3322 2077 3377 mereri

479 3423 890 3480 suscitationem
935 3419 1016 3475 vel
1051 3433 1215 3490 regna
1242 3417 1515 3481 cmlestia;
1547 3417 1642 3472 sed
1672 3430 1794 3471 cum
1833 3415 2077 3473 Christus

478 3517 773 3574 suscitatus
797 3556 813 3581 ,
864 3523 990 3568 tunc
1022 3527 1120 3567 nos
1157 3510 1463 3565 suscitalos.
1507 3507 1619 3563 Hoc
1647 3508 1789 3562 enim
1821 3508 1896 3564 ait
1922 3509 2077 3564 simul

473 3609 762 3670 suscitauit.
799 3607 955 3676 Item,
985 3616 1030 3661 et
1056 3605 1212 3661 simul
1239 3604 1504 3659 collocauit
1532 3604 1585 3657 in
1611 3603 1912 3659 cazlestibus.
1937 3603 2072 3659 Cum

471 3705 618 3764 enim
640 3701 928 3760 collocavit
950 3699 1249 3767 Christum,
1272 3699 1430 3754 simul
1459 3697 1746 3753 collocavit
1768 3701 1930 3754 etiam
1952 3713 2069 3768 eos,

472 3801 565 3873 qui
589 3801 641 3856 in
664 3799 879 3856 Christo
908 3805 1034 3853 sunt
1061 3805 1115 3852 et
1134 3804 1312 3853 erunt.
1344 3793 1402 3851 In
1435 3793 1749 3852 cmlestibus
1770 3836 1783 3860 ,

545 3893 710 3950 Vens.
762 3893 910 3947 7.—
955 3889 1024 3946 Ut
1053 3889 1334 3945 ostenderet
1388 3889 1439 3942 in
1469 3889 1670 3944 sazculis
1715 3889 2072 3961 superuenien-

470 3985 601 4042 tibus
629 3983 1097 4055 superabundantes
1127 3982 1329 4037 divitias
1360 3982 1538 4053 gloriae
1592 3997 1700 4036 sua:
1723 3981 1820 4052 (5),
1852 3983 1905 4036 in
1927 3982 2071 4036 boni-

470 4089 576 4135 tate
595 4093 747 4152 super
784 4093 900 4143 nos,
927 4077 980 4131 in
1001 4073 1452 4147 Christo(6).Non
1474 4075 1616 4131 enim
1647 4074 1802 4130 nobis
1833 4073 2070 4131 reddidit

467 4171 718 4228 meritum
745 4187 759 4225 :
781 4169 980 4240 quippe
997 4185 1118 4225 cum
1142 4184 1246 4223 non
1274 4170 1376 4224 hoc
1406 4168 1612 4224 meritis
1633 4183 1730 4223 nos
1749 4170 2065 4240 accipimus,

465 4266 562 4323 sed
596 4265 690 4321 Dei
719 4264 892 4337 gratia
922 4273 977 4319 et
1003 4263 1262 4318 bonitate.
1298 4261 1588 4318 Snscitavit
1616 4278 1745 4333 ergo
1778 4279 1874 4317 nos
1904 4264 2067 4319 simul

466 4357 520 4414 in
551 4358 767 4414 Christo
810 4371 974 4412 eausa
1015 4355 1268 4411 bonitatis
1294 4369 1426 4419 sum,
1459 4363 1512 4408 et
1540 4356 1711 4422 gratia
1741 4371 1859 4424 qua:
1897 4351 1980 4410 est
2009 4355 2064 4411 in

465 4451 706 4517 Christo,
726 4459 785 4506 ut
805 4449 1118 4505 ostenderet
1145 4445 1344 4502 futuris
1370 4447 1584 4502 saeculis
1610 4457 1663 4501 et
1680 4449 2066 4518 supervenien-

2183 3223 2250 3278 Et
2278 3224 2446 3280 videri
2495 3239 2674 3297 potest
2721 3228 2790 3284 de
2836 3231 3197 3300 praesentibus
3240 3231 3443 3288 dixisse
3488 3235 3790 3305 operibus:

2181 3317 2378 3388 quippe
2396 3334 2516 3374 cum
2537 3322 2605 3375 ita
2629 3321 2903 3393 subjungit
2929 3334 2985 3379 ut
3011 3325 3119 3379 illis
3146 3327 3494 3380 ambulemus;

2255 3411 2416 3468 Vens.
2444 3413 2532 3467 11.
2553 3444 2625 3454 -
2649 3413 2903 3470 Memores
2929 3417 2982 3470 in
3004 3418 3130 3489 ipsis
3153 3418 3254 3490 (7),
3284 3421 3474 3490 inquit,
3499 3421 3748 3492 operibus
3774 3441 3789 3481 :

2181 3505 2361 3576 utjam
2376 3507 2564 3562 eodem
2589 3509 2751 3564 modo
2765 3510 3089 3572 vivamus.et
3107 3512 3296 3567 eadem
3309 3529 3474 3585 Opera
3496 3517 3787 3586 faciamus,

2177 3614 2296 3668 quae
2322 3599 2463 3655 bona
2492 3609 2636 3656 sunt.
2689 3603 2896 3674 Quippe
2921 3603 3031 3674 jam
3066 3606 3324 3676 ﬁgmento
3378 3622 3478 3663 suo
3509 3609 3658 3665 Deus
3687 3625 3787 3666 nos

2174 3692 2378 3746 creavit
2417 3694 2470 3747 in
2501 3692 2739 3760 Christo,
2764 3705 2821 3750 ut
2842 3696 3008 3752 simus
3050 3713 3353 3755 memores:
3385 3714 3449 3755 ac
3493 3711 3786 3774 propterea

2174 3781 2334 3840 ﬁdem
2365 3795 2646 3841 servantes
2667 3828 2682 3855 ,
2716 3788 2768 3841 in
2811 3787 2943 3858 ipsis
2969 3791 3082 3859 jam
3126 3790 3381 3860 operibus
3409 3794 3782 3850 ambulemus.

2179 3879 2246 3934 Et
2270 3896 2356 3936 uos
2380 3882 2470 3953 qui
2491 3883 2771 3954 aliquando
2793 3885 2946 3939 eratis
2964 3895 3134 3956 gentes
3156 3887 3209 3939 in
3234 3902 3406 3942 carne.
3430 3886 3634 3958 Utique
3654 3889 3783 3960 quia

2170 3972 2307 4027 dixit
2353 3975 2700 4044 ambulemus,
2733 3976 2930 4047 adjecit
2958 3987 3004 4032 et
3052 3995 3138 4032 uos
3182 3980 3353 4044 utique
3396 3981 3673 4035 ambuletis
3727 3987 3784 4037 in

2172 4067 2317 4123 bonis
2341 4071 2579 4140 operibus
2607 4087 2722 4142 qua?
2742 4074 2942 4142 parauit
2973 4073 3136 4128 Deus.
3164 4074 3277 4130 Vos
3301 4117 3316 4143 ,
3346 4075 3540 4145 inquit.
3567 4079 3659 4150 qui
3677 4079 3780 4132 ali-

2169 4165 2375 4234 quando
2407 4165 2561 4220 eratis
2588 4176 2760 4237 gentes
2789 4167 2843 4221 in
2872 4183 3048 4234 carne,
3083 4167 3134 4222 id
3157 4175 3241 4224 est
3270 4171 3542 4239 gentiliter
3572 4173 3781 4228 sentie-

2170 4257 2339 4324 batis;
2373 4265 2429 4313 et
2458 4266 2746 4330 propterea
2771 4261 3079 4325 carnaliter,
3111 4260 3162 4317 id
3185 4271 3268 4317 est
3296 4263 3474 4319 carnis
3503 4264 3778 4321 desideria

2168 4349 2457 4407 facientes.
2480 4353 2576 4407 Cui
2607 4354 2936 4408 contrarium
2965 4354 3094 4409 illud
3135 4365 3251 4422 est,
3277 4371 3396 4411 esse
3438 4357 3492 4410 in
3517 4356 3777 4427 Christo,

2167 4444 2218 4500 id
2237 4455 2320 4501 est
2350 4447 2703 4512 Spiritualiter
2731 4448 2913 4505 vivere
2935 4491 2948 4515 ,
2985 4457 3041 4504 et
3063 4450 3241 4504 omnia
3277 4449 3576 4506 secundum
3608 4453 3777 4523 spiri-

466 4543 610 4600 tibus
635 4544 850 4599 divitias
893 4558 1037 4598 suas.
1070 4540 1214 4608 Quas
1245 4539 1500 4595 divitias?
1541 4541 1767 4612 gratiam
1803 4541 2061 4597 bonitatis
2087 4552 2143 4613 1)
2170 4549 2281 4595 tum
2312 4542 2570 4612 cogitare.
2605 4541 2716 4596 Hoc
2761 4540 3074 4614 frequenter
3115 4545 3359 4615 exposui.
3406 4543 3607 4615 Utique
3637 4546 3775 4602 illud

464 4652 628 4706 super
649 4652 770 4693 nos.
799 4636 905 4693 Sed
927 4637 1105 4692 omnia
1137 4637 1270 4702 lucc,
1307 4644 1365 4690 ut
1391 4650 1537 4705 saepe
1565 4645 1748 4691 monet
1774 4646 1827 4691 et
1859 4651 1957 4706 ego
1979 4636 2062 4691 in-

462 4733 642 4798 sinuo,
685 4731 735 4784 iu
775 4730 1013 4787 Christo.
1044 4730 1119 4787 Ibi
1147 4729 1229 4803 (7)
1264 4739 1345 4786 est
1377 4729 1523 4785 enim
1553 4743 1714 4785 omne
1742 4730 2058 4802 mysterium

462 4823 880 4883 resurrectionis
922 4833 976 4877 et
1020 4833 1221 4878 nostra:
1248 4831 1304 4877 et
1343 4821 1605 4877 omnium.
1655 4821 1757 4877 Per
1783 4823 2056 4877 Christum

462 4921 610 4979 enim
641 4915 1057 4975 reconciliantur
1078 4919 1257 4973 omnia
1285 4935 1299 4971 :
1325 4917 1440 4988 ipse
1459 4919 1603 4974 enim
1621 4915 1790 4988 janua
1809 4927 1913 4983 est,
1942 4915 2059 4988 ipse

461 5011 791 5074 resurrectio
813 5049 830 5079 ,
866 5010 981 5082 ipse
1008 5010 1113 5064 vita
1139 5053 1157 5081 ,
1183 5021 1238 5067 et
1274 5011 1340 5066 ad
1371 5011 1585 5068 Patrem
1628 5012 1734 5067 via.

532 5197 617 5268 (1)
655 5194 816 5269 Vulg.
845 5211 858 5250 :
891 5191 1102 5250 Deus...
1128 5203 1333 5265 propter
1358 5193 1568 5249 nimiam
1606 5193 1925 5264 charitatem,
1951 5210 2055 5266 qua

461 5269 642 5327 dilexit
667 5285 781 5324 nos.

528 5341 610 5416 (ξ)
646 5340 821 5416 SEodd-
851 5339 1068 5416 fecisset-

651 5368 821 5396 ιιυυυο
851 5368 1068 5410 ιεωδδει.

589 5368 613 5488 3
641 5412 801 5488 Fulg.
839 5430 852 5466 :
877 5414 1045 5488 Cujus
1073 5411 1232 5484 gratis
1255 5409 1380 5488 estis
1410 5409 1614 5465 saluati.

2166 4641 2267 4697 est,
2317 4633 2384 4687 de
2424 4633 2537 4689 Deo
2580 4635 2843 4706 cogitare,
2897 4636 2948 4690 in
3002 4636 3112 4691 Deo
3159 4653 3402 4707 sperare,
3450 4637 3661 4694 habere
3703 4639 3774 4696 ad

2169 4725 2334 4781 Deum
2365 4727 2627 4794 animum,
2660 4728 2882 4784 tendere
2914 4727 2980 4784 ad
3013 4729 3248 4797 Patrem,
3271 4746 3604 4802 cognoscere
3625 4734 3769 4789 viam

2165 4819 2486 4876 aeternitatis
2519 4830 2720 4877 nostra:
2742 4821 3040 4890 Christum,
3068 4824 3292 4880 credere
3313 4841 3410 4894 per
3432 4825 3551 4896 ejus
3579 4843 3772 4884 resur-

2164 4915 2458 4970 rectionem
2484 4930 2584 4970 nos
2606 4917 2991 4973 resurrexisse.

2238 5008 2339 5075 Qui
2360 5008 2588 5063 dicimini
2616 5011 2929 5082 prwputium
2954 5011 3017 5066 ab
3048 5027 3108 5066 ea
3133 5029 3249 5084 qute
3273 5013 3462 5070 dicitur
3493 5017 3769 5072 circumci-

2163 5164 2168 5173 ι
2232 5129 2318 5272 gi)
2351 5131 2510 5204 Vulg.
2538 5151 2550 5186 :
2586 5131 2764 5188 Gratia
2792 5135 2927 5190 enim
2952 5137 3069 5191 estis
3092 5138 3272 5193 saluati
3303 5157 3394 5210 per
3419 5140 3597 5208 ﬁdem.

2253 5203 2312 5267 2)
2344 5204 2502 5272 Vulg.
2536 5224 2549 5260 :
2587 5205 2709 5260 Non
2739 5223 2804 5261 ea:
2827 5207 3136 5268 operibus...
3168 5220 3223 5265 ut
3251 5229 3313 5267 ne
3337 5213 3450 5272 quis
3481 5215 3597 5272 olor

2253 5203 2312 5285 ξ)
2344 5203 2502 5285 Vulg:
2536 5224 2549 5260 :
2587 5205 2709 5285 Non
2739 5223 2804 5261 ea:
2827 5207 3136 5268 operibus...
3168 5220 3223 5265 ut
3251 5203 3315 5267 ne
3337 5203 3450 5282 quis
3480 5215 3760 5285 glorietur.

2257 5275 2314 5342 5)
2343 5276 2515 5330 Codd.
2545 5279 2726 5332 merito
2751 5289 2948 5335 nostro.

2257 5281 2314 5342 5)
2343 5281 2515 5330 Codd.
2545 5293 2595 5330 m

2229 5281 2310 5416 (4)
2340 5347 2413 5401 ha
2439 5348 2597 5404 codd.

2231 5419 2310 5502 (Si)
2343 5417 2497 5502 Vulg:
2524 5420 2684 5502 habet
2715 5440 2727 5476 :
2758 5420 2934 5502 Ipsius
2958 5426 3093 5502 enim
3122 5443 3299 5482 sumus
3329 5433 3536 5502 factura
3557 5473 3573 5498 ,
3597 5433 3762 5488 creati

542 5415 613 5488 ⁷5)
645 5415 801 5485 Vulg.
839 5430 852 5466 :
884 5415 1045 5486 Cujus
1073 5415 1232 5484 gratis
1260 5415 1380 5466 estis
1410 5415 1614 5465 saluati.
1934 5484 1944 5495 O
2001 5483 2013 5496 .

528 5417 933 5615 gzzﬁhgql‘g.étft
976 5483 1393 5540 conresuscitauit
1413 5524 1428 5553 ,
1461 5493 1507 5538 et
1549 5482 1820 5539 consedere
1846 5486 1968 5556 fecit
1995 5501 2050 5540 ιη

2150 5490 2207 5574 in
2229 5489 2434 5574 Christo
2458 5492 2586 5574 Iesu
2617 5495 2667 5574 in
2697 5489 2932 5563 aperibus
2951 5498 3114 5566 bonis,
3140 5516 3257 5571 quae
3276 5489 3589 5574 praeparauit
3616 5504 3761 5561 Deus

455 5559 762 5623 calestibus,
795 5567 904 5614 etc.

2153 5572 2209 5616 ut
2236 5563 2291 5617 in
2321 5562 2426 5618 illis
2453 5562 2790 5621 ambulemus.

551 5629 610 5707 ξ)
639 5629 798 5707 Χίης.
830 5645 846 5683 :
873 5627 1070 5707 gratia:
1091 5643 1218 5685 suat.
2224 5634 2303 5707 (6)
2331 5634 2500 5691 Codd.
2528 5638 2583 5690 in
2611 5653 2790 5707 opera.

551 5630 585 5686 5
639 5630 798 5700 Vulg.
830 5645 846 5683 :
877 5630 1070 5684 Gratia:
1091 5643 1218 5685 sum.
2224 5634 2280 5698 (6
2331 5634 2500 5691 Codd.
2528 5638 2583 5690 in
2611 5653 2790 5707 opera.

527 5630 612 5848 g6;
641 5701 801 5772 Vulg.
824 5699 972 5783 addit
1001 5699 1150 5756 Jesu.
2223 5634 2303 5778 (7)
2332 5707 2491 5779 Vulg.
2521 5725 2535 5764 :
2565 5707 2791 5792 Propter
2812 5713 2972 5782 quod,
3004 5731 3247 5774 uicinores
3274 5727 3451 5790 estote,
3486 5723 3635 5793 quod
3662 5725 3759 5779 alio

554 5774 586 5826 'l
635 5771 808 5829 Codd.
832 5772 939 5826 ubi.
2148 5778 2352 5848 quando
2380 5793 2468 5836 uos
2485 5789 2656 5848 gentes
2675 5798 2731 5838 tn
2760 5799 2933 5840 carne.

554 5771 612 5845 7)
635 5771 808 5829 Codd.
832 5772 939 5826 ubi.
2148 5771 2352 5849 quando
2380 5771 2468 5836 uo's
2485 5789 2656 5852 gentes
2675 5771 2731 5838 in
2760 5771 2933 5840 carne.
