4010 6306
276 231 409 287 1257

1233 236 1298 293 ΙΝ
1341 237 1730 297 EPISTOLAM
1770 242 1863 298 AD
1903 239 2238 300 EPHESIOS
2275 242 2479 300 LIBER
2523 242 2564 299 Ι.

3435 251 3577 308 1258

279 347 359 402 sio
390 347 442 401 in
470 362 624 402 carne
648 364 803 403 manu
844 349 1001 420 facta.
1044 349 1162 413 Vos.
1207 353 1414 424 inquit,
1445 359 1598 413 eratis
1626 368 1796 430 gentes
1818 359 1870 414 in
1899 365 1947 426 Α
1977 361 2139 416 missa
2159 362 2362 416 suntin
2389 369 2590 416 aeterna
2617 361 2724 416 vita
2753 369 2806 416 et
2828 361 2920 416 Dei
2949 361 3029 435 (1)
3056 363 3254 434 gloria.

270 457 426 496 carne
445 443 574 498 dicti
604 443 682 513 (l)
727 445 796 499 ab
826 443 908 499 his
939 445 1028 514 qui
1066 446 1371 502 circumcisi
1408 461 1553 518 sunt,
1589 451 1638 506 id
1665 461 1747 506 est
1777 452 1872 507 Ju—

270 534 425 602 daeis,
453 552 574 608 quae
604 538 944 594 circumcisio
977 556 1137 595 manu
1169 540 1304 597 facta
1332 554 1437 598 εει.
1472 544 1554 598 Ab
1582 544 1682 601 hac
1711 547 1870 613 igitur

271 630 710 700 circumcisione,
744 632 794 688 id
817 642 900 689 est
933 649 960 687 a
993 633 1194 691 .ludaais
1221 678 1235 702 ,
1266 651 1362 692 vos
1383 636 1624 694 dicitnini
1658 654 1868 711 praepu-

271 734 439 802 lium;
474 733 526 790 id
558 744 641 790 est
669 733 759 806 qui
800 736 1106 793 circumcisi
1157 755 1262 794 non
1309 739 1462 795 esris.
1509 739 1640 797 Cum
1687 751 1877 798 autem

266 828 422 897 dixit,
456 829 596 901 quod
615 831 960 888 circumcisio
985 849 1106 905 qua:
1130 850 1291 889 mantt
1313 834 1453 891 facta
1481 847 1584 903 εει,
1611 853 1707 892 vos
1730 853 1868 908 prae.

266 924 475 995 pntium
509 925 790 991 nominat;
820 926 1047 997 intelligi
1075 927 1270 996 voluit,
1299 943 1406 983 non
1436 945 1558 985 esse
1580 947 1606 983 a
1642 930 1751 986 Deo
1770 931 1865 986 da-

264 1023 373 1072 tam
421 1017 896 1073 circumcisionem
929 1016 1032 1090 (2),
1074 1036 1194 1092 qua:
1237 1037 1400 1077 manu
1449 1023 1587 1078 facta
1617 1034 1735 1090 est;
1768 1025 1861 1081 sed

263 1124 385 1167 csse
415 1109 638 1167 alteram
666 1112 1141 1169 circumcisionem
1168 1131 1290 1186 qnte
1317 1117 1516 1172 mentis
1547 1127 1626 1172 est
1649 1159 1664 1184 ,
1693 1127 1746 1174 et
1769 1121 1862 1176 de-

261 1203 586 1261 sideriorum
617 1206 879 1272 omnium,
909 1216 962 1262 et
988 1216 1334 1278 peccatorum
1359 1211 1622 1276 omnium,
1649 1222 1708 1266 ut
1734 1228 1859 1269 vere

260 1298 520 1354 mundum
548 1313 577 1354 a
599 1314 658 1356 se
682 1300 1057 1368 circumcidat,
1083 1312 1134 1355 et
1157 1311 1371 1373 separet
1395 1302 1656 1358 desideria
1681 1306 1858 1360 carnis

259 1392 536 1448 universa.
571 1393 710 1462 Quid
741 1394 886 1448 enim
925 1395 1143 1462 prodest
1180 1409 1397 1450 carnem
1429 1395 1852 1466 circumcidere,

257 1498 378 1540 cum
413 1484 581 1554 magis
604 1485 790 1540 vitium
815 1502 974 1542 omne
996 1502 1092 1558 per
1116 1488 1327 1545 animos
1348 1499 1557 1545 crescat
1574 1506 1638 1545 ex
1667 1493 1854 1548 carne?

255 1577 350 1633 Illa
380 1577 566 1649 igitur,
587 1595 706 1649 qua:
728 1596 789 1634 ex
810 1594 975 1635 carne
998 1589 1218 1652 precata
1244 1589 1389 1642 sunt.
1417 1582 1851 1640 circumcidenda

253 1681 418 1728 sunt:
451 1680 509 1729 et
537 1673 655 1729 ha:c
683 1673 1026 1731 circumcisio
1057 1691 1162 1730 non
1209 1691 1371 1731 manu
1405 1676 1542 1732 facta
1582 1679 1718 1745 erit,
1753 1678 1849 1735 sed

2052 455 2215 511 Vens.
2241 455 2562 510 ili—Nunc
2591 465 2762 509 autent
2786 456 2840 509 in
2870 454 3072 511 Christo
3107 458 3184 529 (2)
3205 475 3292 513 vos
3312 502 3325 524 ,
3357 462 3444 530 qui
3479 464 3576 517 ali-

1973 549 2176 614 quando
2200 549 2348 620 longe
2363 549 2538 614 eratis,
2569 548 2692 619 facti
2713 551 2830 602 estis
2849 566 3008 620 prope
3027 551 3080 604 in
3100 553 3349 624 sanguine
3360 553 3568 612 Christi.

1972 639 2159 696 Omnis
2173 644 2493 712 oratio,qu:e
2505 640 2932 697 exhortationem
2956 652 3117 707 tenet,
3128 654 3248 714 post
3263 648 3571 718 generalem

1969 732 2391 802 disputationem
2425 743 2644 790 revocat
2669 737 2990 791 sententiam
3014 737 3079 792 ad
3098 753 3191 792 eos
3204 739 3270 794 ad
3293 756 3430 810 quos
3453 742 3572 812 epi-

1969 826 2162 881 stolam
2192 827 2401 889 scribit,
2434 826 2498 881 ad
2524 827 2786 897 Ephesios
2813 829 3040 885 scilicet.
3074 829 3237 902 Ergo,
3262 832 3456 903 inquit,
3485 849 3574 890 vos

1969 931 2185 989 quoque
2214 919 2300 990 qtti
2344 919 2627 989 aliquando
2658 921 2808 993 longe
2846 923 3000 976 eratis
3027 965 3042 989 ,
3089 923 3139 978 id
3185 932 3270 980 est
3297 927 3527 996 gentiles
3553 970 3568 995 ,

1972 1027 2115 1066 nunc
2166 1023 2346 1067 autem
2402 1013 2454 1067 in
2505 1012 2720 1068 Christo
2771 1017 2895 1087 facti
2944 1017 3062 1070 estis
3119 1020 3574 1088 quemadmodum

1973 1120 2134 1176 prape
2156 1105 2209 1157 in
2231 1108 2482 1175 sanguine
2511 1103 2704 1160 Christi
2732 1109 3023 1177 :qnoniam
3049 1125 3153 1163 non
3179 1126 3341 1180 opera
3365 1121 3571 1178 nostra,

1969 1211 2144 1266 neque
2175 1196 2394 1267 Ephesii
2422 1213 2519 1252 sua
2552 1215 2719 1269 prope
2745 1200 2875 1270 sint,
2907 1211 2962 1257 et
2984 1204 3036 1258 in
3064 1202 3282 1260 Christo
3305 1203 3446 1272 sint;
3473 1206 3571 1263 sed

1965 1291 2239 1360 sanguine,
2267 1291 2456 1362 inquit,
2490 1289 2706 1350 Christi.

2031 1381 2196 1440 Vens.
2234 1384 2320 1440 M.
2350 1415 2422 1426 —
2450 1384 2517 1441 Et
2564 1388 2785 1456 exponit
2834 1388 2959 1456 quid
3007 1389 3140 1446 illud
3181 1401 3266 1447 est
3305 1393 3428 1464 quia
3473 1409 3568 1464 per

1959 1479 2272 1549 sanguinem
2300 1479 2498 1536 Christi
2531 1480 2582 1534 in
2603 1479 2820 1538 Christo
2843 1497 3050 1551 sumus,
3083 1485 3338 1555 perﬁdem
3364 1496 3566 1544 tamen.

1955 1571 2079 1641 Ipse
2127 1584 2201 1630 est
2252 1577 2384 1630 enim
2439 1593 2544 1649 pax
2589 1588 2782 1635 nostra.
2833 1579 2937 1634 Per
2979 1583 3292 1654 mysterium
3359 1585 3559 1642 etenim

1957 1667 2078 1737 ejus
2120 1670 2450 1725 reconciliati
2487 1672 2599 1728 Deo
2625 1688 2813 1728 sumus
2840 1677 3002 1730 etiam
3036 1691 3142 1731 non
3185 1677 3347 1734 alieni
3388 1695 3566 1751 neque

251 1766 429 1823 anima
457 1776 512 1824 et
534 1769 747 1839 spiritu.
783 1768 897 1825 Hoc
920 1780 1102 1826 θυιριῃ
1131 1770 1257 1826 ideo
1281 1771 1482 1827 diclum
1511 1816 1525 1840 ν
1558 1787 1626 1828 ne
1658 1772 1856 1843 pudeat
1885 1774 1932 1834 B
1961 1763 2279 1820 adversarii.
2305 1765 2438 1820 Cum
2472 1767 2616 1822 enim
2648 1768 2785 1823 alios
2816 1770 3152 1839 colebamus,
3187 1783 3242 1829 et
3262 1773 3420 1829 idolis
3447 1789 3564 1831 ser-

254 1860 380 1916 illos
397 1861 538 1930 quod
567 1863 884 1933 prmputium
907 1863 1158 1919 dicuntur
1184 1882 1196 1917 :
1225 1879 1332 1919 non
1359 1864 1502 1920 enim
1527 1875 1612 1920 aut
1639 1865 1740 1920 hoc
1773 1865 1850 1938 (5)

246 1962 400 2010 extra
431 1954 749 2026 religionem
797 1957 888 2011 Dei
917 1967 1039 2024 est,
1072 1968 1164 2013 aut
1207 1974 1336 2014 vere
1380 1959 1608 2025 dicitur;
1652 1961 1852 2031 quippe

245 2061 369 2103 cum
394 2063 424 2102 a
445 2045 672 2116 Iudaeis,
694 2066 814 2106 cum
839 2051 1048 2107 dicatur
1072 2051 1211 2107 idem
1236 2051 1304 2106 ab
1331 2068 1392 2108 ea
1415 2054 1847 2123 circumcisione,

249 2157 370 2212 quae
397 2157 560 2197 manu
603 2144 739 2199 facta
785 2154 908 2200 est:
943 2161 1064 2201 cum
1113 2147 1304 2201 melior
1331 2146 1402 2202 sit
1437 2158 1491 2203 et
1531 2147 1711 2204 verior
1739 2151 1848 2205 cir-

240 2236 525 2304 cumcisio,
554 2252 713 2307 quam
746 2236 937 2294 fecerit
963 2237 1142 2293 anima
1187 2246 1243 2294 et
1269 2239 1490 2310 Spiritus
1520 2280 1534 2306 ,
1566 2239 1851 2298 circumci-

239 2327 380 2384 dens
407 2330 588 2385 carnis
626 2330 806 2385 omnia
857 2341 1103 2400 peccata.

313 2423 482 2479 Vens.
512 2425 939 2493 12.—-Quoniam
965 2428 1123 2481 eratis
1150 2427 1242 2481 illo
1265 2437 1486 2501 tempore
1498 2428 1844 2486 sineCItristo.

241 2516 380 2572 Cum
419 2517 561 2572 enim
608 2527 796 2590 gentes
822 2523 1007 2587 eratis,
1039 2521 1224 2592 utique
1245 2521 1362 2577 sine
1390 2522 1608 2579 Christo
1637 2525 1804 2581 eratis
1832 2543 1844 2580 :

238 2619 426 2682 itaque
473 2629 690 2684 semper
739 2613 1016 2683 Christus;
1061 2617 1155 2672 sed
1202 2618 1528 2691 quicumque
1578 2621 1850 2692 receperit

233 2703 531 2777 Christum,
560 2709 609 2764 in
637 2723 761 2765 eum
791 2710 1080 2780 sumpserit
1115 2709 1307 2776 tidem;
1358 2721 1484 2768 tunc
1532 2715 1684 2784 quasi
1738 2715 1846 2770 cir-

231 2802 510 2858 eumcisns
540 2811 644 2866 est,
674 2810 727 2858 et
775 2812 902 2857 tunc
933 2803 1034 2858 erit
1068 2803 1120 2857 in
1152 2803 1589 2872 circumcisione,
1615 2804 1709 2860 sed
1739 2821 1844 2860 non

233 2914 402 2954 manu
449 2898 610 2955 facta.
668 2901 808 2971 Ergo
849 2899 971 2956 ideo
1016 2900 1339 2971 praeputium
1371 2900 1558 2978 eratis,
1589 2903 1844 2972 quoniam

235 3005 346 3046 non
394 2991 558 3047 eratis
595 3007 716 3048 cum
756 2991 992 3047 Christo.
1026 2994 1088 3047 Et
1113 2992 1214 3048 hoc
1242 2993 1505 3065 adjuugit,
1538 3009 1645 3048 non
1681 2995 1846 3050 eratis

234 3085 351 3142 veri
375 3084 545 3141 Judaei
579 3085 790 3141 alienati
814 3103 845 3140 a
885 3087 1270 3142 conuersatione
1309 3085 1496 3143 Israel.
1533 3086 1670 3142 Vera
1701 3088 1843 3142 enim

1957 1856 2271 1926 viehamus,
2306 1859 2459 1928 quasi
2509 1859 2710 1915 bellum
2753 1859 3082 1918 hahehamus
3109 1879 3231 1919 cum
3273 1865 3468 1934 Patre,
3514 1866 3567 1922 id

1961 1956 2046 2002 est
2077 1964 2198 2003 cum
2233 1950 2362 2005 Deo.
2412 1954 2482 2006 At
2530 1952 2742 2009 medius
2785 1953 3035 2012 Christus
3075 1959 3333 2030 mysterio
3375 1975 3472 2014 suo
3510 1968 3568 2014 et

1956 2043 2211 2112 passione
2239 2046 2613 2102 reconciliavit
2638 2063 2737 2102 nos
2764 2048 2814 2103 in
2847 2065 2925 2104 se.
2955 2051 3092 2121 Ergo
3121 2068 3229 2121 pars
3249 2063 3448 2120 nostra,
3477 2055 3565 2124 qui

1956 2138 2078 2207 fecit
2103 2148 2319 2207 utraque
2354 2156 2551 2206 unum;
2581 2151 2627 2196 et
2649 2143 2872 2198 medium
2907 2146 3152 2216 parietem
3195 2149 3426 2204 materia:
3449 2149 3564 2204 sol-

1956 2241 2099 2294 vens,
2146 2231 2444 2287 inimicitias
2480 2235 2535 2288 in
2575 2251 2730 2288 carne
2758 2252 2872 2290 sua.

2030 2319 2191 2377 Vens.
2214 2323 2566 2397 ‘15.—-Legem
2584 2328 2960 2396 mandatorum,
2977 2330 3028 2383 in
3049 2331 3264 2386 decretis
3284 2350 3554 2391 evacuans.

1952 2412 2084 2479 Pax,
2113 2414 2304 2485 inquit,
2334 2429 2512 2473 nostra
2536 2415 2784 2475 Christus
2805 2430 2885 2476 est
2914 2438 3104 2492 :quem
3125 2431 3180 2478 et
3197 2424 3324 2479 alihi
3352 2427 3559 2483 media-

1953 2513 2122 2560 torem
2165 2508 2417 2577 appellat.
2442 2509 2560 2580 Ipse
2585 2512 2728 2566 enim
2760 2527 2820 2567 se
2849 2513 3172 2585 interposuit
3215 2517 3355 2572 inter
3381 2518 3553 2575 divisa

1949 2617 2137 2673 regna,
2158 2619 2278 2659 eum
2301 2605 2493 2659 animae
2515 2621 2544 2659 a
2575 2605 2669 2661 Dei
2695 2605 2843 2662 fonte
2859 2619 3016 2675 natat,
3051 2610 3105 2664 in
3129 2608 3230 2665 hoc
3255 2612 3454 2667 mundo
3476 2621 3558 2670 te-

1951 2705 2179 2752 neantur
2193 2697 2275 2752 vel
2298 2705 2612 2755 tenerentur
2637 2709 2723 2754 :nt
2745 2701 3107 2759 intercederet
3127 2703 3336 2758 medius
3354 2706 3553 2774 paries,

1949 2791 2099 2860 quasi
2133 2805 2304 2861 saepes
2328 2807 2391 2846 ac
2422 2792 2673 2857 maceria,
2691 2809 2786 2862 per
2809 2794 3090 2850 illecebras
3119 2797 3298 2850 carnis
3313 2807 3366 2852 et
3398 2814 3554 2854 mun-

1949 2880 2118 2937 danas
2145 2883 2485 2954 cupiditates.
2515 2885 2763 2940 Christus
2793 2890 3053 2958 mysterio
3082 2903 3181 2943 suo
3209 2898 3265 2944 et
3295 2905 3456 2946 carne
3501 2901 3560 2947 et

1963 2978 2215 3044 passione
2245 2986 2298 3031 et
2327 2977 2612 3048 disciplina
2638 2979 2872 3034 taedium
2900 2982 3056 3035 istum
3078 2984 3334 3052 parietem
3366 2985 3551 3051 Solvit,

1948 3068 2000 3122 id
2031 3079 2114 3125 est
2134 3071 2356 3128 vincens
2386 3088 2604 3128 carnem
2628 3085 2682 3130 et
2705 3074 3020 3131 vinceudam
3049 3078 3273 3144 docens,
3296 3090 3352 3135 et
3370 3082 3555 3136 mundi

231 3179 357 3253 ejus
384 3179 746 3247 conversatio,
779 3179 824 3234 si
879 3179 1176 3236 secundum
1223 3180 1468 3250 spiritum
1508 3181 1842 3246 sentiamus,

1956 3165 2275 3234 cupiditates
2301 3168 2518 3223 solvens
2549 3184 2613 3225 ac
2639 3169 2926 3226 solvendas
2950 3171 3178 3239 docens,
3203 3173 3438 3230 medium
3461 3191 3556 3246 pa-

232 3285 294 3331 et
322 3274 619 3330 secundum
659 3273 904 3346 spiritum
935 3275 1198 3344 vivamus,
1231 3284 1284 3332 et
1315 3274 1530 3331 Christo
1557 3276 1844 3332 circumci-

231 3366 429 3424 damur
457 3384 486 3423 a
517 3369 820 3424 carnalibus
853 3368 1156 3424 desideriis.

311 3480 378 3536 Et
417 3483 639 3556 hospites
669 3492 1117 3548 testamentorum,
1159 3481 1519 3554 promissionis
1546 3499 1731 3538 eorum
1759 3481 1840 3555 (5)

229 3593 379 3649 spem
399 3593 503 3632 non
530 3575 790 3641 habentes,
817 3587 860 3631 et
882 3577 992 3631 sine
1022 3574 1133 3630 Deo
1154 3576 1207 3630 in
1236 3576 1330 3630 hoc
1354 3578 1570 3631 munrlo.
1602 3574 1712 3630 Hoc
1732 3586 1837 3642 est,

230 3683 429 3746 gentes
456 3675 659 3738 eratis;
691 3679 748 3729 et
770 3673 891 3744 quia
923 3671 1058 3727 nihil
1088 3672 1329 3744 agebatis
1359 3688 1480 3726 cum
1503 3669 1753 3738 Christo,
1786 3678 1841 3726 et

228 3767 398 3825 eratis
428 3769 544 3823 sine
564 3766 812 3833 Chrism,
839 3765 1063 3827 ideirco,
1096 3765 1288 3836 inquit,
1316 3781 1419 3821 non
1445 3764 1612 3820 eratis
1635 3765 1685 3819 in
1710 3781 1840 3820 con-

231 3862 544 3918 versatione
573 3859 772 3927 Israel,
817 3859 1017 3915 idcirco
1051 3858 1291 3927 hospites
1337 3859 1502 3914 eratis
1547 3867 1839 3913 testamen-

230 3965 437 4023 torum,
469 3953 520 4009 id
544 3962 629 4009 est
657 3953 873 4008 alienati
906 3959 1251 4007 testamento.
1271 3950 1407 4020 Quid
1438 3960 1520 4005 est
1545 3959 1837 4006 testamen-

231 4049 386 4106 tum?
415 4064 445 4103 a
477 4047 838 4119 promissione
858 4054 1334 4113 testamentorum;
1369 4047 1471 4102 hoc
1503 4056 1581 4101 est
1609 4045 1836 4115 promis-

231 4141 410 4198 sionis
436 4155 622 4196 eorum
669 4156 788 4211 quae
833 4139 973 4194 Deus
1013 4138 1334 4208 promiserat
1381 4155 1476 4208 per
1506 4146 1831 4194 testamenta

231 4251 354 4301 sua,
377 4233 426 4289 id
455 4243 538 4290 est
565 4250 659 4304 per
683 4232 996 4304 prophetas,
1031 4248 1182 4302 spem
1216 4249 1321 4287 non
1353 4232 1614 4289 habentes
1644 4251 1657 4288 :
1689 4233 1833 4288 scili-

231 4336 325 4385 cet
366 4325 740 4394 promissionis
784 4341 974 4381 eorum
1026 4340 1176 4395 spem
1227 4340 1332 4380 non
1381 4324 1661 4380 habentes.
1696 4323 1828 4379 Cum

230 4424 380 4481 enim
429 4422 622 4478 essetis
663 4421 780 4476 sine
820 4417 1038 4474 Christo
1083 4435 1188 4475 non
1242 4419 1393 4474 vobis
1439 4418 1830 4490 promittebatis

230 4531 386 4586 Spem
435 4513 806 4586 promissionis
850 4527 1038 4567 eorum
1088 4520 1536 4568 testamentorum
1576 4530 1589 4566 :
1631 4511 1828 4580 quippe

1948 3258 2140 3314 rietem
2173 3262 2392 3316 sustulit
2419 3280 2433 3318 :
2469 3263 2520 3317 in
2553 3279 2720 3319 carne
2753 3275 2955 3329 tamen,
2985 3266 3178 3335 inquit,
3210 3283 3338 3324 suas
3370 3269 3552 3326 inimi-

1946 3353 2104 3408 citias
2133 3355 2322 3426 utique
2353 3356 2591 3412 solvens.
2636 3357 2778 3429 Ergo
2821 3375 2926 3412 non
2969 3362 3138 3415 nostri
3187 3361 3390 3418 laboris
3419 3372 3543 3431 est,

1945 3445 2086 3516 quod
2120 3460 2270 3517 saepe
2310 3463 2527 3514 moneo,
2559 3455 2618 3502 ut
2638 3463 2736 3503 nos
2778 3449 3086 3514 solvamus;
3132 3451 3225 3506 sed
3268 3454 3378 3508 sola
3412 3453 3546 3510 lides

1950 3538 2002 3593 in
2033 3539 2306 3594 Christum
2352 3540 2509 3595 nobis
2539 3541 2688 3596 salus
2715 3551 2818 3596 est.
2849 3541 2946 3598 ille
2983 3543 3125 3598 enim
3157 3545 3320 3600 solvit
3357 3561 3549 3603 omnes

1943 3633 2250 3688 inimicitias
2277 3635 2328 3689 in
2357 3650 2522 3690 carne
2543 3651 2660 3690 sua.
2690 3635 2820 3693 Item
2850 3637 3011 3693 solvit
3040 3649 3094 3694 et
3123 3641 3294 3710 legem
3327 3642 3547 3698 manda-

1941 3735 2144 3793 torum,
2192 3729 2243 3782 in
2275 3728 2491 3783 decretis
2536 3745 2791 3784 evacuans
2831 3746 2975 3798 eam,
3006 3741 3066 3787 ut
3092 3748 3202 3788 non
3246 3751 3341 3804 per
3379 3750 3544 3805 Opera

1941 3837 2119 3892 neque
2147 3837 2246 3892 per
2286 3823 2532 3879 sabbata.
2567 3823 2686 3893 Ipsa
2718 3825 2863 3879 enim
2892 3825 3111 3882 decreta
3155 3837 3278 3882 sunt
3321 3827 3374 3883 in
3425 3829 3545 3899 lege

1941 3915 2165 3988 ipsaque
2189 3916 2440 3972 mandata
2477 3936 2489 3971 :
2523 3934 2668 3975 nunc
2686 3919 2791 3991 (5),
2817 3919 3054 3990 inquam,
3083 3922 3387 3990 hujusmodi
3416 3940 3546 3992 pra:-

1939 4019 2094 4080 cepta
2126 4010 2594 4080 Observationum,
2626 4029 2747 4083 qua:
2769 4015 3059 4070 carnaliter
3083 4015 3358 4073 intellecta
3394 4028 3542 4086 sunt,

1937 4108 2222 4162 evacuavit
2250 4106 2518 4163 Christus.
2548 4108 2754 4175 Quibus
2778 4109 3052 4164 evacuatis
3073 4152 3088 4176 ,
3119 4110 3357 4166 medium
3389 4112 3538 4182 quod

1937 4201 2343 4268 intercesserat,
2365 4202 2633 4258 sublatum
2658 4214 2760 4258 est:
2782 4217 2880 4256 nec
2897 4217 2924 4255 a
2936 4201 3094 4256 nima‘.
3112 4204 3222 4272 jam
3243 4203 3549 4275 impediun-

1939 4303 2025 4348 tur
2053 4295 2207 4365 quasi
2231 4294 2445 4365 objecto
2473 4293 2693 4356 nntndo,
2725 4293 2776 4349 id
2797 4304 2882 4349 est
2909 4295 3288 4366 cupiditatibus
3319 4298 3545 4353 munda-

1939 4385 2047 4450 nis,
2081 4393 2136 4441 et
2167 4386 2553 4452 intelleclibtts,
2587 4394 2642 4440 et
2663 4383 2956 4441 desideriis
2983 4387 3186 4442 scilicet
3209 4390 3538 4458 carnalibus,

1934 4495 2002 4536 ne
2033 4480 2253 4535 videant
2277 4480 2467 4545 Deum,
2499 4488 2851 4549 COgnoseant.
2883 4491 3197 4548 sequantur,
3223 4481 3384 4535 etiam
3412 4497 3536 4539 cum

230 4572 356 4664 cum
387 4572 454 4662 ab
483 4607 564 4662 his
597 4607 835 4676 hospites
865 4605 1058 4661 essetis
1085 4614 1140 4662 et
1163 4604 1326 4661 alieni
1347 4647 1362 4670 ,
1406 4614 1460 4660 et
1487 4605 1681 4660 essetis
1711 4605 1827 4658 sine
1854 4579 1909 4640 Ῐ)
1936 4588 2001 4628 eo
2029 4583 2212 4676 {""cuf
2242 4582 2373 4629 ⁸¹¹¹¹ο
2405 4573 2518 4628 Hoc
2543 4589 2686 4676 ‘3'."m
2709 4572 2866 4676 ξίοείξί
2894 4579 2948 4674 ’f‘
2975 4572 3077 4627 άυο
3099 4573 3348 4676 conde?“
3374 4592 3534 4676 θηλεί-

231 4703 370 4767 Deo.
393 4703 443 4757 id
485 4711 569 4757 est
609 4702 726 4757 sine
752 4699 992 4756 Christo.
1024 4702 1113 4758 Sic
1144 4703 1288 4758 enim
1321 4700 1457 4756 dixit
1500 4717 1616 4755 cum
1661 4700 1832 4755 essetis

229 4801 343 4856 sine
358 4797 580 4853 Christo.
607 4796 747 4852 Ecce
763 4796 916 4852 ethic
936 4799 1099 4851 lleuni
1119 4795 1394 4850 Christum
1413 4793 1622 4863 appella
1633 4792 1704 4846 vil
1723 4791 1828 4864 (5).

231 4891 439 4948 Deinde
463 4899 642 4962 potest
662 4889 884 4957 intelligi
909 4889 1027 4943 sine
1050 4890 1182 4953 Deo,
1211 4887 1332 4958 quia
1358 4903 1422 4941 ex
1449 4885 1664 4941 Christo
1687 4885 1828 4939 Deus

231 4992 336 5042 est.
379 4985 558 5040 Eratis
586 4989 765 5038 autem
801 4983 851 5035 in
887 4980 989 5035 hoc
1020 4978 1219 5034 mundo
1249 4979 1365 5033 sine
1399 4979 1528 5032 Deo.
1559 4978 1685 5032 Sine
1715 4977 1827 5032 Deo

231 5078 406 5146 vivit,
440 5087 493 5131 et
525 5075 721 5144 hoSpes
768 5082 852 5130 est
879 5089 909 5128 a
949 5074 1228 5143 promissis
1261 5081 1701 5128 testamentorum
1728 5111 1742 5138 ,
1773 5079 1828 5126 et

231 5170 372 5227 alius
401 5185 431 5226 a
453 5184 584 5225 vero
614 5167 799 5233 Israel,
829 5166 916 5224 cui
935 5166 1131 5223 caelum
1155 5173 1391 5236 ctregna
1417 5164 1679 5222 ctelorum
1703 5180 1825 5236 pro-

305 5365 386 5442 (ς)
411 5363 583 5442 Codd.
607 5365 695 5438 qui
723 5379 821 5436 pro
843 5364 982 5420 dicti.
1292 5435 1308 5442 _
1749 5431 1760 5442 ,

306 5435 390 5509 (2)
423 5435 628 5508 Nempe
656 5435 965 5494 sermonem
993 5451 1098 5492 non
1131 5451 1252 5493 esse
1276 5435 1345 5491 de
1386 5436 1476 5490 illa
1506 5442 1691 5492 vetere
1715 5435 1824 5489 cir-

230 5510 583 5566 cumcisione.

329 5581 385 5638 5)
414 5580 583 5636 Codd.
613 5597 676 5636 ea:
703 5581 818 5635 hoc.

331 5583 362 5638 5
414 5581 583 5636 Codd.
613 5597 676 5636 ea:
703 5581 818 5635 hoc.

421 5652 870 5732 Eorumdeestin
898 5652 1057 5732 Vulg.
1192 5722 1256 5732 ω
1299 5730 1307 5732 _
1383 5723 1395 5732 .
1441 5722 1452 5732 .
1510 5721 1522 5732 _
1610 5719 1664 5732 Μ
1719 5719 1733 5732 .

329 5719 385 5796 5)
426 5725 561 5796 Nota
602 5741 788 5781 rursus
828 5719 1455 5796 praeclaranietorini
1491 5721 1558 5780 de
1605 5719 1824 5778 Christo

233 5797 345 5854 Deo
369 5794 744 5853 testimonium
768 5812 783 5861 ;
811 5794 865 5852 et
896 5795 1074 5852 recole
1093 5795 1198 5850 col.
1232 5794 1390 5851 1147.

713 5891 988 5952 Ps'rnoL.
1023 5889 1190 5953 Vlll.

1935 4665 2173 4734 metipso.
2196 4663 2250 4718 in
2280 4681 2384 4719 uno
2414 4680 2540 4718 novo
2581 4663 2786 4717 homine
2813 4663 3007 4732 faciens
3060 4681 3236 4734 pacem
3274 4665 3375 4738 (4).
3412 4667 3530 4724 Dixi

1934 4771 2074 4827 quos
2103 4756 2242 4822 duo;
2273 4756 2516 4817 animas.
2547 4765 2601 4810 et
2629 4756 2908 4825 superiora
2939 4755 3052 4817 illa,
3087 4767 3288 4813 aeterna
3328 4760 3535 4818 scilicet

1933 4858 1988 4905 et
2017 4849 2303 4920 spiritalia.
2337 4850 2471 4904 Cum
2507 4847 2585 4919 (5)
2617 4849 2731 4918 ipse
2762 4848 3030 4915 Salvator,
3078 4852 3166 4919 qui
3198 4853 3416 4924 spiritus
3448 4864 3533 4910 est

1941 4950 1995 4996 el
2025 4952 2247 4997 sanctus
2278 4941 2538 5012 Spiritus,
2571 4940 2624 4995 in
2656 4942 2866 4995 animas
2893 4941 3190 5006 descendit,
3217 4945 3396 5012 junxit
3424 4947 3532 5004 duo

1936 5036 2218 5106 superiora
2253 5033 2514 5105 spiritalia
2534 5075 2548 5100 ,
2582 5042 2638 5089 et
2665 5035 2873 5088 animas
2905 5035 3176 5104 spiritales
3214 5051 3334 5092 esse
3365 5039 3489 5094 fecit
3510 5085 3526 5108 ,

1932 5135 1988 5184 et
2014 5127 2257 5184 condidit
2289 5128 2341 5183 in
2373 5128 2668 5197 semetipso
2700 5127 2752 5182 in
2782 5144 2910 5193 uno,
2946 5129 3117 5200 inquit
3137 5170 3153 5196 ,
3184 5145 3325 5185 novo
3349 5132 3527 5189 homi-

1932 5237 2023 5277 ne.
2044 5221 2226 5276 Novus
2251 5229 2430 5277 autem
2454 5221 2543 5291 qui
2571 5229 2656 5275 est
2680 5219 2880 5274 homo?
2905 5221 3163 5291 spiritalis
3179 5239 3191 5275 :
3207 5231 3361 5280 vetus
3379 5225 3524 5282 enim

1932 5315 2181 5372 animalis
2202 5323 2306 5380 est,
2341 5324 2396 5370 et
2425 5311 2629 5371 exinde
2653 5312 2906 5368 carnalis.

1997 5429 2078 5501 (ll
2110 5427 2277 5501 Codd.
2315 5427 2444 5483 Deo.

1998 5498 2080 5566 (2)
2112 5499 2264 5564 Vulg.
2295 5502 2444 5556 addit
2468 5498 2612 5554 Jesu.

2002 5572 2082 5646 (5)
2111 5572 2279 5646 Codd.
2299 5589 2435 5646 non,
2464 5574 2691 5646 inquam,
2728 5589 2818 5646 per
2846 5573 3166 5646 hujusntodi,
3197 5584 3303 5632 etc.

2001 5642 2080 5716 (4)
2112 5644 2182 5698 At
2212 5643 2369 5714 Vulg.
2401 5642 2558 5723 habet
2595 5663 2608 5697 :
2642 5642 2883 5723 Ut‘Dens
2912 5642 3109 5700 'condat
3151 5649 3206 5701 in
3252 5651 3520 5723 semetipso

1930 5718 1983 5772 in
2009 5715 2167 5770 unum
2199 5733 2385 5769 norum
2411 5716 2665 5771 hominem
2703 5715 2896 5786 faciens
2927 5733 3125 5786 pacem.

2007 5787 2085 5861 (ὅ)
2117 5788 2285 5845 Codd.
2311 5804 2427 5859 quo.

2931 5880 3009 5945 to
