4010 6306
478 244 618 302 Ηδθ

1697 237 1886 296 MAR“
1957 236 2298 298 VICTOKINI
2341 239 2499 298 AFRI

3639 243 3778 300 ιξξο

549 357 794 423 Faciens,
819 355 1010 426 inquit,
1046 353 1322 424 pacem:id
1351 361 1436 410 est
1462 352 1703 409 discissis
1729 363 1783 409 et
1809 355 2074 426 separatis
2101 355 2149 416 Α
2179 356 2574 425 quodammodo
2618 371 2865 428 geramus
2913 358 2964 414 in
2999 359 3190 416 Deum.
3242 359 3358 418 Hoc
3387 366 3491 426 est,
3534 360 3776 432 inquam,

476 463 533 510 et
578 451 940 524 pugnantibus
961 491 976 515 ,
1011 449 1060 505 id
1089 459 1172 506 est
1199 449 1396 503 animis
1421 447 1489 502 ad
1537 456 1748 503 terrena
1776 447 1997 519 dilapsis
2025 458 2078 502 et

475 557 692 606 terrena
719 545 1088 616 sequentibus,
1109 553 1166 600 et
1195 544 1393 598 idcirco
1415 543 1839 614 repugnantibus
1857 542 1939 597 his
1959 558 2076 613 qua:

479 641 720 700 oculostia
751 649 876 694 sunt
905 648 960 694 et
987 637 1279 708 Spiritalia;
1306 651 1513 706 paean,
1548 637 1738 707 inquit,
1772 636 1916 700 fecit;
1949 635 2076 692 dum

472 732 1112 803 reconciliavitspiritalia
1142 741 1198 787 et
1227 731 1432 795 Deum;
1476 739 1532 785 ut
1555 730 1574 799 j
1598 747 1666 784 nm
1700 745 1863 784 unum
1894 728 2076 784 animo

475 829 734 894 sentiant,
771 843 934 882 unum
976 826 1178 888 colant,
1205 841 1370 879 unum
1392 825 1523 890 sint,
1550 823 1756 880 scilicet
1784 822 2074 893 spiritales.

548 924 716 979 Vens.
775 922 868 978 16.
900 951 970 961 -
998 920 1064 975 Et
1102 930 1157 974 ut
1206 919 1462 974 exhiberet
1505 928 1550 972 et
1591 917 1942 972 reconciliaret
1967 933 2075 970 am-

470 1021 558 1075 bos
598 1019 653 1071 in
705 1033 809 1071 uno
863 1031 1109 1087 corpore,
1166 1015 1278 1069 Deo
1329 1011 1430 1084 (-l).
1462 1011 1726 1082 iungens,
1766 1010 1978 1082 inquit,
2017 1020 2076 1065 ut

471 1113 710 1169 diximus
741 1121 795 1166 et
825 1110 1037 1166 animas
1066 1121 1119 1166 et
1142 1109 1392 1180 spiritum
1416 1149 1430 1174 ,
1463 1124 1652 1176 pacem
1678 1106 1814 1164 fecit
1844 1125 1858 1162 :
1892 1118 1950 1161 ut
1977 1122 2073 1162 ex.

468 1206 686 1278 biberet
711 1203 1039 1275 coniunctos
1059 1202 1197 1259 duos
1225 1203 1346 1258 illos
1370 1202 1643 1273 quondam
1671 1212 1979 1273 separatos,
2017 1209 2075 1256 et

470 1298 998 1355 reconciliaretDeo.
1026 1296 1092 1352 In
1123 1313 1248 1362 uno,
1278 1295 1476 1367 inquit,
1501 1312 1750 1366 corpore;
1790 1295 1840 1351 id
1862 1303 1947 1350 est
1969 1335 1982 1358 ,
2013 1303 2072 1349 ut

465 1392 580 1462 ipsa
615 1391 794 1448 anima
824 1390 936 1461 jam
969 1391 1192 1461 spiritus
1231 1405 1353 1444 cum
1385 1398 1564 1456 esset,
1594 1397 1649 1443 et
1687 1388 1802 1459 ipse
1845 1387 2070 1458 spiritus

464 1504 588 1543 cum
613 1486 724 1557 jam
748 1486 982 1542 animam
1008 1486 1112 1541 sibi
1141 1485 1462 1552 vindicaret,
1486 1492 1634 1540 esset
1657 1499 1822 1539 unum
1843 1499 2064 1555 corpus,

465 1581 609 1652 quod
639 1581 810 1635 fuerat
839 1589 1000 1637 antea
1028 1588 1362 1651 separatum.
1412 1577 1520 1634 Sed
1563 1579 1649 1633 hic
1686 1593 1886 1648 corpus
1927 1579 2070 1635 acci—

465 1676 675 1746 piamus
708 1673 836 1728 item
877 1673 1275 1744 capulationem
1303 1713 1320 1738 ,
1363 1683 1419 1726 ut
1461 1670 1822 1727 substantiam
1869 1686 2064 1739 unam;

2183 466 2368 520 pacem
2399 451 2770 524 evangelizare
2810 469 2996 508 rursus
3036 453 3178 524 quod
3216 453 3351 509 dixit
3387 462 3443 509 et
3465 455 3555 526 qui
3589 456 3738 527 longe
3761 497 3781 523 ,

2180 554 2233 600 et
2264 545 2342 598 his
2370 547 2458 617 qui
2481 547 2628 610 iuxta
2654 547 2720 602 ad
2750 547 2800 602 id
2830 547 3171 604 referendum
3203 549 3349 618 quod
3375 560 3460 604 est
3490 549 3695 607 Judzeis
3726 559 3785 605 et

2179 637 2452 707 gentibus.
2488 639 2733 712 Namque
2769 641 2925 712 juxta
2972 653 3100 700 sunt
3133 641 3306 700 Judaei
3353 641 3583 707 scilicet,
3621 644 3785 715 lange

2180 740 2359 786 autem
2387 743 2596 803 gentes.
2631 735 2702 790 At
2729 750 2856 790 vero
2885 737 3138 806 quoniam
3162 736 3276 807 ipse
3299 735 3545 793 Salvator
3572 740 3784 811 accepit

2179 828 2514 897 evangelium
2548 837 2606 883 ut
2654 829 2706 884 in
2745 839 2932 900 gentes
2963 831 3335 901 pronuntiaret
3372 832 3573 898 Deum,
3603 834 3784 903 primo

2179 918 2306 973 illud
2341 921 2545 990 posuit;
2588 932 2645 978 ut
2684 939 2813 979 vere
2855 926 3018 981 etiam
3067 925 3313 982 Christus
3361 926 3658 984 adveniens
3698 929 3785 984 his

2178 1013 2555 1081 pronuntiaret
2596 1030 2804 1084 pacem,
2843 1017 2933 1088 qui
2961 1017 3120 1090 longe
3154 1028 3301 1086 sunt,
3336 1021 3385 1076 id
3411 1031 3496 1078 est
3525 1023 3789 1093 gentibus

2176 1106 2312 1160 sicut
2334 1108 2514 1162 multis
2561 1110 2723 1166 rebus
2753 1112 3074 1168 ostenditur.
3110 1113 3245 1169 Nam
3281 1125 3336 1172 et
3381 1116 3641 1174 meliores
3684 1119 3786 1174 lilii

2175 1200 2427 1258 dicuntur
2469 1205 2559 1275 qui
2607 1220 2672 1262 ex
2719 1207 2968 1277 gentibus
3017 1207 3084 1263 ad
3132 1209 3512 1268 credulitatem
3552 1213 3787 1268 veniunt

2173 1310 2332 1366 quam
2362 1311 2428 1352 ex
2472 1295 2692 1354 Judreis.
2727 1299 3110 1358 Verumtamen
3144 1319 3208 1360 ne
3238 1312 3290 1361 et
3319 1304 3426 1363 illis
3463 1316 3784 1378 negaretur,

2172 1387 2486 1459 adjunctum
2517 1399 2572 1446 et
2601 1391 2680 1447 his
2700 1393 2787 1462 qui
2804 1396 2962 1466 juxta
2986 1406 3125 1450 sunt.

2244 1480 2408 1538 Vens.
2454 1483 2542 1542 18.
2599 1514 2670 1527 —-
2699 1485 2954 1553 Quoniam
2983 1506 3075 1560 per
3113 1491 3283 1562 ipsum
3316 1509 3578 1549 accessum
3621 1495 3782 1550 habe-

2171 1590 2285 1630 mus
2315 1577 2516 1648 utrique
2540 1579 2594 1634 in
2627 1597 2730 1636 uno
2757 1582 2940 1655 spiritu
2976 1581 3045 1637 ad
3068 1593 3265 1656 putrem
3291 1586 3390 1659 (1).
3438 1586 3680 1660 Utrique,
3719 1600 3788 1645 ut

2171 1670 2304 1738 dixi,
2337 1681 2391 1727 et
2431 1672 2605 1730 Judtei
2635 1687 2690 1732 et
2713 1687 2907 1749 gentes
2935 1694 3030 1750 per
3079 1681 3256 1750 ipsum
3284 1682 3562 1740 Christum
3610 1684 3787 1741 hahe-

461 1768 604 1840 quod
634 1776 722 1823 est
749 1767 975 1823 caleste
1003 1781 1202 1837 corpus
1237 1774 1293 1820 et
1321 1768 1374 1820 in
1415 1765 1658 1820 aeternis.
1693 1764 1902 1834 Corpus
1931 1781 2065 1836 quo-
2097 1765 2146 1827 Β
2173 1780 2294 1820 mus
2336 1780 2610 1822 accessum
2661 1766 2727 1822 ad
2761 1781 2988 1840 patrem.
3037 1770 3143 1827 Sed
3199 1773 3512 1844 quomodo?
3563 1775 3621 1830 in
3670 1791 3788 1832 uno

462 1860 624 1916 modo
653 1858 860 1914 dictum
887 1859 1007 1915 est?
1037 1858 1105 1914 de
1146 1857 1376 1913 Domino
1405 1866 1594 1912 nostro
1632 1855 1762 1913 Josu
1809 1855 2061 1924 Christo;

461 1953 603 2024 quod
655 1952 954 2024 corporalis
1000 1951 1306 2008 substantia
1343 1958 1428 2006 est
1455 1950 1705 2006 Christus
1733 1950 2065 2020 corporalis-

460 2062 565 2116 que
606 2044 881 2116 tnajcstas.
931 2043 1048 2098 Per.
1077 2061 1284 2098 carnem
1321 2043 1631 2112 interﬁciens
1668 2045 1964 2099 inimicitias
2010 2045 2064 2099 in

460 2140 756 2209 semetipso.
787 2138 901 2194 Hoc
928 2147 1110 2194 autem
1158 2149 1246 2195 est
1291 2138 1610 2210 mysterium
1649 2139 1831 2196 erucis
1859 2180 1875 2204 ,
1921 2148 1978 2194 ut
2009 2140 2062 2194 in

461 2250 676 2306 [uenam
710 2235 1030 2288 tollerentur
1058 2233 1264 2300 omnia,
1289 2249 1411 2304 quae
1439 2231 1655 2289 inimica
1701 2242 1829 2288 sunt
1865 2233 2065 2290 animis

458 2339 514 2386 et
541 2329 758 2401 Spiritui
787 2338 1006 2392 nostro;
1043 2328 1095 2383 id
1125 2337 1210 2384 est
1235 2327 1509 2382 desideria
1537 2327 1808 2382 mundana
1833 2369 1848 2393 ,
1881 2327 2061 2382 carnis

463 2421 814 2493 cupiditates,
846 2422 1075 2490 ipsaque
1103 2435 1231 2475 caro
1261 2419 1497 2490 quodam
1521 2418 1682 2474 modo
1703 2427 1960 2488 corrupta
1982 2427 2063 2472 at-

456 2533 561 2588 que
589 2517 806 2572 vitiosa.
837 2515 940 2571 Per
963 2531 1184 2571 carnem
1213 2531 1344 2585 ergo
1378 2511 1626 2570 Christus
1660 2512 1930 2570 interfecit
1958 2513 2062 2568 ini-

455 2613 709 2678 micitias,
735 2611 787 2668 id
812 2621 900 2668 est
924 2612 1105 2667 omnia
1134 2610 1360 2667 adversa
1381 2611 1602 2668 animis.
1624 2611 1694 2667 Et
1720 2611 1809 2668 ubi
1838 2610 2063 2668 interfe-

453 2711 562 2767 cit?
591 2711 648 2765 in
675 2709 972 2777 semetipso,
1002 2708 1129 2764 Ideo
1154 2709 1300 2764 enim
1329 2707 1625 2778 assumpsit
1650 2721 1896 2774 carnem,
1923 2706 2060 2762 utin

453 2805 749 2874 semetipso
774 2804 1020 2859 vinceret
1049 2817 1303 2868 carnem;
1330 2811 1386 2857 et
1415 2802 1495 2856 sic
1534 2815 1629 2872 per
1657 2815 1878 2856 carnem
1907 2800 2061 2856 carni

454 2896 764 2968 prodesset,
792 2894 1173 2950 interﬁciendo
1198 2893 1602 2964 corruptionem
1631 2891 1848 2957 carnis;
1877 2899 1934 2946 et
1963 2906 2061 2961 per

457 2993 953 3057 resurrectionem,
985 2989 1315 3046 assumendo
1351 3005 1542 3061 puram
1587 2998 1750 3060 atque
1794 2998 2058 3044 teternatn

2167 1858 2356 1929 spiritu
2379 1859 2546 1927 enim,
2573 1861 2663 1932 qui
2691 1859 2940 1918 Christus
2969 1873 3055 1920 est
3080 1882 3092 1918 :
3125 1865 3254 1922 dum
3296 1867 3352 1922 in
3379 1868 3560 1939 ipsum
3592 1870 3786 1927 credi-

2168 1967 2319 2019 mus,
2353 1953 2402 2006 iu
2448 1967 2547 2008 nos
2575 1954 2810 2012 illabitur
2831 1998 2846 2021 ,
2879 1966 2935 2013 et
2964 1957 3130 2014 Deum
3175 1961 3477 2030 sentimus,
3509 1972 3569 2018 et
3604 1963 3790 2020 Deum

2165 2049 2566 2119 cognoscimus,
2608 2051 2870 2108 etDeum
2894 2054 3144 2110 colimus.
3179 2055 3320 2128 Ergo
3347 2055 3402 2113 in
3431 2061 3554 2128 ipso
3579 2059 3792 2128 spiritu

2164 2139 2233 2196 ad
2262 2151 2470 2212 patrem
2504 2152 2562 2199 ut
2589 2145 2772 2201 venire
2805 2147 3096 2218 possimus,
3121 2164 3218 2220 per
3248 2149 3524 2207 Christum
3561 2155 3792 2225 utrique

2163 2239 2352 2294 venire
2377 2239 2692 2309 poterimus.
2719 2239 2902 2312 itaque
2929 2242 3105 2298 ,Ιαᾱωί
3137 2245 3244 2299 nisi
3276 2259 3372 2314 per
3399 2241 3685 2305 Christum
3713 2248 3787 2303 ad

2166 2339 2375 2401 patrem
2417 2333 2604 2388 venire
2650 2343 2910 2404 possunt;
2960 2337 3413 2407 quemadmodum
3471 2349 3530 2396 et
3583 2352 3794 2413 gentes

2163 2423 2312 2478 nullo
2350 2424 2456 2480 alio
2491 2425 2828 2482 extrinsecus
2868 2428 2951 2483 vel
2995 2428 3178 2497 idolo,
3232 2430 3320 2488 vel
3362 2433 3644 2502 potentia,
3694 2436 3787 2492 vel

2162 2515 2423 2586 qualibet,
2455 2525 2512 2572 ut
2546 2517 2647 2589 ipsi
2676 2519 2976 2587 nominant,
3017 2522 3324 2593 majestate.

2240 2606 2400 2664 Vens.
2440 2608 2750 2684 19.—Ergo
2765 2615 2881 2686 jam
2899 2629 2999 2668 non
3013 2615 3132 2668 estis
3152 2615 3374 2684 hospites
3402 2625 3447 2672 et
3469 2616 3658 2672 incola:
3679 2618 3793 2690 (2),

2163 2701 2252 2756 sed
2270 2704 2390 2757 estis
2411 2705 2540 2760 cives
2574 2718 2870 2764 sanctorum
2889 2718 2934 2763 et
2957 2709 3218 2763 domestici
3255 2708 3370 2766 Dei.
3400 2708 3699 2768 Concludit
3724 2715 3796 2770 ad

2159 2798 2421 2868 speciem,
2433 2799 2785 2871 Ephesiorum
2802 2803 3000 2858 scilicet
3012 2803 3178 2875 ,quod
3193 2820 3298 2859 non
3314 2805 3598 2862 sintetiam
3615 2807 3798 2865 alieni

2162 2905 2334 2961 neque
2357 2891 2548 2946 incolae
2584 2907 2758 2964 neque
2795 2893 3054 2965 hospites.
3087 2896 3348 2965 Quienim
3366 2899 3796 2969 peregrinantur

2159 2997 2190 3038 a
2219 2984 2346 3049 Deo,
2372 2986 2624 3054 quoniam
2642 2986 2695 3042 in
2721 2986 2811 3041 Dei
2834 2988 3087 3059 cperibus
3102 2999 3340 3056 manent,
3358 2989 3409 3045 id
3431 3002 3514 3046 est
3540 2992 3594 3047 in
3622 3008 3796 3049 iuun-

455 3103 677 3144 carnem
707 3099 870 3158 atque
897 3102 1058 3143 omne
1087 3100 1288 3156 corpus
1315 3085 1565 3152 deitatis;
1591 3100 1714 3140 cum
1735 3084 1916 3140 omnia
1944 3086 2060 3154 spi-
2157 3076 2250 3142 do,
2288 3079 2526 3148 hospites
2549 3087 2604 3134 et
2633 3079 2823 3136 incolze
2849 3090 2976 3136 sunt
3006 3091 3063 3138 ut
3087 3083 3294 3154 possint
3315 3098 3438 3139 esse
3465 3083 3790 3154 domestici,

459 3181 600 3236 ritus
627 3183 782 3244 iisut,
807 3159 948 3234 sicut
975 3179 1160 3234 multis
1189 3179 1324 3234 locis
1345 3189 1400 3234 et
1425 3177 1626 3233 Paulus
1653 3179 1814 3233 docet
1833 3219 1848 3245 ,
1883 3185 1938 3232 et
1965 3191 2054 3232 res
2082 3159 2129 3224 (ἶ
2161 3170 2379 3228 Etenim
2407 3173 2451 3228 si
2480 3184 2534 3228 ct
2555 3171 2893 3230 dmmonibtts
2922 3175 3279 3231 immolabunt
3305 3175 3410 3250 (ὅ).
3444 3189 3638 3248 pOStea
3665 3195 3794 3236 cre-

451 3276 566 3346 ipsa
595 3275 938 3330 manifestata
961 3283 1064 3329 est.
1091 3274 1148 3328 In
1179 3289 1286 3344 quo
1307 3273 1471 3328 etiam
1495 3273 1650 3340 illud,
1681 3271 1824 3340 quod
1855 3271 2054 3341 ubique

449 3367 802 3422 oswndamus
832 3366 1015 3432 velim,
1039 3365 1163 3436 quia
1196 3365 1455 3420 Dominus
1479 3375 1662 3420 noster
1711 3363 1870 3420 Iesus
1891 3361 2052 3418 Chrio

446 3468 566 3516 stus
604 3459 762 3514 istam
791 3459 960 3528 ipsam
998 3457 1232 3527 quodam
1254 3457 1414 3512 modo
1439 3457 1622 3512 carnis
1650 3465 1705 3511 et
1730 3455 1916 3512 mundi
1957 3471 2056 3526 pu-

448 3571 610 3626 gnam
653 3555 779 3612 vicit
808 3597 823 3620 ,
855 3553 1148 3625 superavit.
1175 3554 1430 3610 Nostrum
1467 3569 1605 3623 pene
1631 3554 1741 3625 jam
1771 3554 1904 3608 nihil
1932 3561 2014 3608 est
2035 3593 2052 3620 ,

449 3649 556 3704 nisi
592 3648 767 3704 solum
815 3648 1040 3704 credere
1076 3649 1168 3718 qui
1213 3648 1492 3719 superavit
1539 3648 1746 3701 omnia.
1798 3646 1924 3702 Haec
1969 3654 2055 3701 est

450 3746 596 3801 enim
627 3746 780 3815 plena
808 3745 1058 3809 salvatio,
1079 3741 1356 3798 Christum
1387 3743 1501 3797 haec
1526 3743 1743 3805 vicisse.
1773 3741 2048 3798 Christum

450 3839 574 3896 ideo
606 3841 661 3894 in
692 3855 856 3895 cruce
896 3840 1165 3894 sublatum
1209 3854 1362 3901 esse,
1407 3837 1685 3893 Christum
1713 3836 1837 3890 ideo
1867 3851 2048 3890 resur-

452 3940 682 4001 rexisse,
717 3942 775 3988 ut
800 3934 958 3989 nobis
987 3934 1041 3987 in
1079 3948 1203 3986 eum
1238 3931 1590 3986 credentibus
1619 3929 1766 3984 salus
1785 3969 1800 3994 ,
1831 3929 2050 3983 aeterni-

451 4037 532 4083 tas
561 4037 617 4083 et
645 4027 906 4083 calorum
935 4025 1103 4095 gloria
1136 4033 1436 4093 pararetur.

520 4119 684 4175 Vens.
717 4120 800 4172 l7.
847 4146 920 4158 —
948 4116 1014 4170 Et
1041 4117 1245 4171 veniens
1282 4114 1650 4185 euangelizavit
1684 4130 1862 4185 pacem
1902 4113 2051 4168 nobis

445 4216 530 4288 qui
550 4216 721 4285 longe,
734 4222 782 4266 et
795 4227 972 4283 pacem
990 4211 1071 4264 his
1091 4211 1176 4280 qui
1188 4209 1344 4276 juxta
1369 4208 1518 4278 (2)...
1548 4207 1776 4262 Omnem
1801 4215 1978 4261 actum
1992 4217 2048 4262 ot

446 4309 732 4362 adventum
766 4303 974 4358 Domini
1006 4301 1300 4358 Salvatoris
1334 4316 1426 4370 per
1463 4316 1524 4356 ea
1561 4317 1680 4371 qua:
1709 4312 1966 4372 geruntur
1992 4308 2050 4355 et

442 4399 679 4470 gerenda
707 4407 852 4461 sunt,
882 4394 1153 4465 exprimit.
1177 4392 1451 4448 Adventus
1478 4393 1619 4446 enim
1654 4392 1861 4446 Domini
1885 4407 2048 4447 evan-

443 4493 690 4562 gelizavit
718 4505 930 4562 pacem,
966 4488 1018 4542 id
1056 4497 1140 4542 est
1179 4498 1235 4540 ut
1265 4484 1745 4541 reconciliarentur
1775 4484 2045 4549 homines,

2159 3264 2349 3322 dentes
2382 3276 2438 3323 et
2480 3275 2768 3336 sequentes
2808 3267 3011 3333 Deum,
3051 3280 3176 3324 sunt
3207 3269 3526 3338 domestici,
3577 3270 3684 3326 sed
3734 3273 3793 3328 in

2160 3362 2382 3419 mundo.
2429 3363 2579 3419 Nunc
2627 3373 2806 3419 autem
2861 3363 2954 3438 qui
2991 3379 3096 3420 non
3140 3365 3391 3432 credunt,
3441 3364 3478 3420 ii
3523 3364 3790 3437 hospites

2158 3465 2285 3512 sunt
2324 3466 2380 3511 et
2428 3456 2639 3511 incolae.
2688 3457 2857 3512 Porro
2883 3456 3027 3528 quod
3072 3457 3346 3513 concludit
3373 3458 3438 3513 ad
3473 3456 3779 3528 Ephesios,

2158 3552 2201 3606 si
2234 3550 2324 3623 qui
2367 3551 2531 3606 Deum
2554 3549 2865 3615 crediderit,
2903 3561 2957 3605 et
2989 3567 3085 3622 per
3111 3541 3389 3607 Christum
3414 3568 3474 3608 se
3501 3553 3569 3606 ad
3597 3551 3785 3608 Deum

2159 3644 2430 3715 pertinere
2457 3645 2794 3715 cOgnoverit,
2821 3660 2996 3716 neque
3019 3644 3216 3716 hospes
3240 3662 3413 3718 neque
3439 3646 3614 3700 incola
3647 3656 3783 3712 est;

2157 3739 2277 3793 estis
2303 3754 2453 3810 ergo,
2480 3738 2671 3810 ittquit,
2697 3736 2940 3808 Ephesii,
2969 3740 3098 3795 cives
3120 3750 3411 3794 sanctorum
3433 3751 3479 3794 et
3498 3739 3786 3796 domestici

2157 3828 2276 3884 Dei.
2311 3831 2366 3885 In
2406 3847 2564 3884 unum
2607 3829 2749 3885 enim
2786 3831 3080 3896 civitatem.
3112 3831 3160 3886 id
3191 3841 3275 3888 est
3315 3841 3576 3888 aeternam
3612 3831 3779 3888 illam

2156 3925 2496 3992 superiorum
2538 3924 2890 3994 divitiarum,
2939 3942 3098 3996 quam
3154 3926 3489 3982 Hierusalem
3536 3939 3777 3996 vocant,

2156 4018 2487 4072 conveniunt
2515 4034 2726 4086 omnes,
2752 4028 2806 4074 et
2831 4029 2958 4074 sunt
2987 4021 3116 4075 cives
3143 4031 3436 4082 sanctorum
3471 4031 3516 4076 et
3550 4020 3648 4076 Dei
3680 4023 3782 4078 do-

2156 4112 2390 4165 tttcstici:
2418 4112 2668 4180 quoniam
2713 4113 2762 4167 in
2817 4113 3005 4170 eadem
3032 4115 3248 4172 civitate
3279 4115 3419 4171 Deus
3449 4116 3615 4171 veluti
3641 4132 3778 4173 rec-

2157 4214 2240 4259 tor
2267 4214 2319 4260 et
2373 4205 2620 4260 dominus
2663 4214 2716 4262 et
2770 4206 3018 4278 princeps
3055 4217 3158 4264 est.
3210 4208 3376 4266 Iidem
3423 4225 3557 4284 ergo
3589 4211 3777 4266 dome-

2154 4298 2269 4351 stici
2295 4297 2412 4351 Dei.

2226 4391 2363 4460 Quid
2408 4403 2586 4448 autem
2631 4391 2996 4467 intelligamus
3041 4397 3173 4452 cives
3222 4399 3561 4454 sanctorum?
3610 4402 3772 4472 quasi

2153 4483 2300 4539 aliud
2346 4498 2503 4540 erunt
2550 4488 2631 4542 isti
2681 4488 2769 4558 qui
2806 4489 2950 4546 cives
3005 4489 3286 4560 dicuntur,
3326 4502 3380 4548 ct
3432 4492 3580 4548 aliud
3633 4503 3770 4549 sunt

444 4596 694 4654 totusque
735 4582 969 4638 mundus
1011 4596 1105 4650 per
1148 4579 1358 4634 animas
1399 4578 1451 4632 in
1500 4577 1668 4632 Deum
1725 4577 2044 4646 reSpiciens,
2075 4565 2130 4628 D
2153 4580 2343 4634 sancti.
2375 4580 2526 4648 Quod
2556 4582 2598 4635 si
2632 4582 2702 4636 ita
2731 4592 2835 4647 εει,
2866 4583 2958 4654 qui
2990 4595 3116 4639 sunt
3145 4586 3338 4654 sancti,
3371 4597 3424 4643 et
3455 4586 3546 4656 qui
3571 4588 3728 4643 cives
3749 4588 3776 4642 2

442 4678 578 4732 nihil
603 4677 811 4732 adversi
841 4674 920 4748 (3)
949 4673 1193 4740 sentiret,
1217 4671 1440 4727 haberet
1464 4686 1671 4742 pacem.
1690 4669 1845 4739 Quod
1863 4681 2047 4727 autem

441 4772 576 4826 dixit
605 4770 745 4840 quod
766 4771 928 4836 Deus,
959 4768 1012 4822 id
1035 4778 1120 4824 est
1145 4765 1418 4831 Salvator,
1449 4765 1672 4820 veniens
1701 4763 2043 4834 evangelixa-

443 4866 554 4929 vit;
593 4877 754 4918 omne
780 4861 1035 4932 quidquid
1077 4859 1216 4914 bene
1249 4867 1336 4913 est
1369 4866 1424 4912 et
1471 4856 1669 4910 bonum
1708 4857 2040 4926 pronuntiat,

439 4955 777 5027 evangelium
800 4953 1010 5008 dicitur.
1039 4951 1207 5006 Deum
1238 4951 1382 5004 enim
1414 4949 1692 5014 nuntiare,
1729 4957 1785 5002 et
1815 4948 1952 5002 Deus
1983 4955 2042 5002 ut

437 5057 799 5122 cognoscatur
823 5045 1052 5109 docere,
1093 5051 1150 5098 et
1181 5041 1235 5096 in
1264 5041 1431 5097 Deum
1456 5040 1864 5096 conversionem
1896 5055 2037 5094 nuu-

438 5145 594 5208 tiare,
627 5138 1002 5210 evangelizare
1025 5145 1109 5191 est
1152 5152 1166 5187 :
1197 5143 1252 5190 et
1280 5133 1383 5188 hoc
1411 5143 1494 5189 est
1534 5132 1908 5204 evangelizare
1945 5147 2042 5201 pa-

437 5252 576 5301 cem,
613 5244 671 5290 ut
706 5249 813 5288 non
855 5227 1288 5286 discordantibus
1313 5227 1507 5282 animis
1543 5237 1599 5283 et
1619 5243 1806 5283 errore
1836 5227 2036 5297 depra-

436 5330 595 5396 vatis,
629 5328 753 5383 dum
783 5325 1048 5380 servimus
1079 5319 1164 5376 vel
1206 5318 1400 5390 hylicis
1425 5320 1800 5388 potestatibus,
1831 5319 2032 5376 bellum

505 5445 585 5516 (l)
616 5442 773 5516 Vulg.
820 5455 923 5516 non
954 5439 1115 5516 habet
1143 5447 1198 5490 ut
1227 5433 1480 5516 exhiberet
1507 5476 1520 5498 ,
1565 5436 1660 5490 sed
1694 5445 1924 5498 tantum,
1951 5437 2028 5516 Et

431 5505 924 5569 rec‘oncitiet'ambos
955 5513 1007 5564 in
1033 5525 1136 5562 uno
1163 5523 1396 5577 corpore,
1431 5505 1541 5560 Deo
1566 5522 1656 5577 per
1682 5523 1914 5573 crucem,
1943 5511 2026 5564 in-

430 5588 680 5656 terﬁciens
707 5583 1003 5656 inimicitias
1029 5580 1406 5656 in_semetipso.

501 5651 580 5728 (2)
624 5655 776 5724 Vulg.
829 5673 842 5709 :
887 5653 954 5706 Et
990 5651 1595 5728 ueniens__evanqetizavit
1640 5666 1813 5720 pacem
1857 5651 2020 5718 vobis,

422 5722 517 5800 qui
536 5722 684 5798 longe
705 5722 896 5800 fuistis,
927 5735 972 5778 et
992 5741 1173 5800 pacem
1193 5725 1279 5791 iis,
1308 5722 1396 5794 qui
1421 5739 1598 5794 prape.

489 5800 566 5872 (5)
605 5798 776 5852 Codd.
803 5798 1048 5851 adversis.

2153 4674 2559 4746 intelligendum
2601 4686 2728 4748 puto
2781 4689 2999 4736 sanctos
3049 4685 3297 4752 posuisse
3359 4683 3645 4754 apostolos
3709 4693 3771 4740 et

2153 4769 2444 4840 prophetas
2478 4783 2529 4826 et
2565 4781 2824 4838 creteros,
2868 4774 2959 4845 qui
2998 4775 3166 4832 Deum
3197 4785 3289 4830 aut
3324 4777 3465 4848 passi
3498 4789 3630 4832 sunt
3667 4789 3770 4834 aut

2149 4861 2433 4929 viderunt;
2463 4864 2562 4920 hoc
2587 4875 2670 4921 est
2696 4866 2784 4937 qui
2810 4867 3145 4924 inltahitante
3168 4868 3220 4924 in
3244 4883 3303 4924 se
3327 4869 3540 4941 spiritu,
3573 4869 3762 4926 divina

2149 4954 2314 5012 locuti
2343 4967 2490 5023 sunt,
2536 4969 2626 5012 ant
2670 4969 2987 5029 prmsentem
3019 4962 3200 5033 aliquo
3244 4962 3406 5022 modo
3457 4961 3758 5029 viderunt;

2150 5049 2331 5120 aliquo
2364 5051 2522 5106 modo
2551 5053 2681 5118 dixi,
2716 5055 2801 5110 vel
2845 5072 2937 5125 per
2958 5071 3198 5122 carnem,
3228 5057 3312 5112 vel
3357 5073 3452 5128 per
3475 5057 3756 5131 Spiritum,

2153 5150 2209 5196 ut
2238 5141 2537 5209 Abraham,
2567 5156 2618 5199 ut
2651 5149 2950 5216 apostolus,
2979 5159 3036 5203 ut
3057 5150 3241 5205 ca-teri
3264 5149 3299 5204 ii
3326 5165 3421 5222 per
3447 5167 3671 5209 carnem
3702 5166 3759 5211 et

2151 5250 2245 5304 per
2270 5236 2539 5305 spiritum,
2569 5246 2625 5293 ut
2647 5255 2836 5296 omnes
2859 5241 3122 5310 apostoli:
3159 5241 3212 5297 hi
3243 5257 3372 5314 ergo
3402 5246 3576 5300 sancti
3606 5256 3755 5301 sunt.

2147 5329 2247 5398 Qui
2291 5337 2468 5384 autem
2499 5331 2725 5388 credunt
2770 5333 2822 5389 in
2859 5332 3131 5392 Christum
3163 5336 3281 5391 sine
3305 5336 3504 5406 horum
3543 5339 3753 5412 aliquo,

2142 5427 2275 5481 cives
2303 5437 2428 5482 sunt
2451 5437 2746 5486 sanctorum
2785 5441 2833 5487 et
2879 5432 3143 5490 domestici
3174 5431 3295 5492 Dei.

2211 5586 2290 5663 (_l)
2321 5585 2492 5663 _Vulg.
2520 5587 2826 5663 :__Qu_oniam
2866 5609 2955 5662 per
2988 5594 3157 5663 ipsum
3192 5593 3438 5652 habentes
3484 5611 3748 5654 accessura

2137 5657 2286 5734 amitto
2315 5659 2366 5734 in
2389 5675 2492 5734 uno
2521 5659 2720 5734 Spiritu
2745 5663 2814 5716 ad
2835 5657 3057 5734 patrem.

2207 5730 2286 5804 (ἓ)
2326 5729 2434 5804 ξω
2459 5729 2664 5804 incolat.
2692 5729 2845 5804 vulgI
2865 5735 3050 5804 habet,
3077 5737 3308 5794 advena.

2206 5799 2284 5870 (ὅ)
2323 5800 2496 5857 Codd.
2527 5799 2846 5861 indicabunt.
