4010 6306
494 248 633 306 1⁶ὶ65

1750 227 1943 286 MAR“
1985 225 2330 284 VlCTOlilNl
2368 222 2528 280 AFlil

3632 213 3753 271 {9.6.8

487 365 645 420 unica
675 356 936 432 dignatio,
969 364 1025 412 et
1054 352 1300 409 fortassis
1326 366 1395 407 ex
1426 355 1580 420 parte
1608 344 1751 417 quod
1785 346 1879 399 iiat
1907 343 2087 407 hodie,
2121 344 2167 405 Α
2196 349 2373 396 autem
2405 352 2592 395 notum
2620 345 2674 393 et
2716 334 3011 408 pr0phctis,
3060 332 3149 405 qui
3191 332 3280 388 lilii
3312 332 3581 388 hominum
3616 341 3753 399 sunt;

489 453 839 513 concedatur.
884 450 1095 504 Etenim
1143 461 1262 502 cum
1313 444 1427 515 ipse
1469 441 1697 504 dixerit,
1732 439 1774 493 si
1824 437 2086 506 prOpheta

491 549 688 622 aliquis
728 545 879 603 etde
906 542 1099 600 eodem
1128 540 1265 595 alios
1295 537 1394 591 sibi
1427 535 1719 591 revelatqu
1755 528 1974 594 dixerit,
2007 542 2093 581 se-

493 618 620 701 deat
646 650 699 696 et
737 647 1026 710 cognoscat
1053 634 1143 705 qui
1188 630 1497 703 prophetat,
1550 636 1607 680 ut
1637 622 1885 679 audiatur
1927 622 1972 676 is
2001 618 2093 691 qui

492 738 601 797 sibi
629 734 920 793 revelatum
951 731 1108 794 dicit;
1140 742 1270 796 ergo
1298 733 1353 781 et
1383 722 1604 778 revelari
1640 727 1844 789 potest;
1877 724 1930 772 et
1951 711 2094 786 quod

493 845 672 906 parte,
698 828 889 886 eodem
919 824 1080 881 modo
1106 824 1266 877 etiam
1299 820 1351 874 itt
1375 828 1507 874 toto.
1543 813 1754 869 Etenim
1780 810 2092 882 mysterium

494 928 710 987 Domini
760 935 816 981 et.
866 921 960 978 Dei
1013 919 1265 974 Voluntas
1311 916 1364 970 in
1421 911 1566 967 omni
1602 907 1892 979 potentiam
1942 917 2094 957 suam

494 1022 775 1080 ostendit:
807 1027 864 1074 et
889 1017 1036 1070 illum
1070 1026 1231 1083 posse
1261 1008 1464 1073 omnia,
1496 1013 1551 1061 et
1580 1003 1718 1059 velle
1746 1016 1866 1071 qua:
1897 1003 2096 1067 potest,

494 1115 741 1185 accipere
778 1109 1074 1172 debemus;
1108 1113 1162 1161 et
1201 1102 1318 1157 haec
1345 1098 1569 1154 alterius
1607 1089 1924 1165 quaestionis
1961 1088 2089 1143 sint.

492 1183 651 1265 Nunc
694 1204 988 1261 revelatum
1034 1198 1135 1254 sibi
1182 1194 1498 1268 mysterium
1541 1185 1776 1243 ostendit
1812 1183 1922 1256 (1);
1974 1195 2097 1237 cum

494 1301 633 1358 dixit
667 1298 865 1355 Paulus
901 1294 953 1351 id
992 1308 1051 1349 se
1091 1289 1375 1360 scripsisse
1405 1283 1675 1356 Ephesiis,
1707 1279 1763 1335 id
1800 1287 1883 1334 est
1925 1277 2098 1348 ipsqu

496 1391 854 1466 mysterium;
893 1402 1000 1444 nou
1038 1380 1458 1445 revelationem,
1504 1374 1602 1433 sed
1627 1371 1773 1445 quod
1802 1370 2099 1428 revelatum

499 1462 622 1549 est,
653 1484 759 1540 hoc
802 1489 888 1538 est
932 1477 1267 1552 mysterium.
1303 1471 1528 1542 Scripsi,
1575 1467 1769 1539 inquit,
1819 1463 1912 1520 sed
1939 1462 2104 1518 immo

500 1580 657 1644 dico;
688 1588 744 1635 et
785 1587 846 1632 ut
896 1573 1178 1647 potuistis,
1218 1568 1417 1640 inquit,
1451 1567 1669 1638 legentes
1699 1560 2013 1632 intelligere,
2048 1556 2101 1647 in

498 1682 759 1746 quantum
807 1667 1054 1741 potuistis
1105 1662 1441 1736 prudentium
1472 1670 1680 1720 meam;
1735 1655 1788 1708 in
1846 1646 2104 1723 mysterio

2195 434 2662 504 adjunxitnotum,
2692 428 2787 485 sed
2814 430 2866 483 in
2896 427 3128 497 Spiritu;
3158 426 3207 481 id
3228 436 3308 482 est
3332 442 3449 481 cum
3473 425 3632 480 amati
3653 426 3757 495 Spi-

2195 529 2301 584 ritu
2334 525 2647 599 mysterium
2680 525 3047 594 loquerentur.

2270 620 2434 676 Vens.
2469 619 2523 674 6.
2557 648 2629 660 —
2658 616 2792 688 Ipsis
2824 627 3000 671 tamen
3025 630 3129 671 non
3162 623 3342 669 notutn
3370 612 3490 680 fuit,
3519 613 3641 668 Esse
3662 630 3765 685 gen-

2200 722 2272 767 tes
2302 710 2588 767 t'olucredes
2614 720 2661 764 et
2696 709 3084 780 concorporales
3124 720 3169 763 et
3200 707 3472 779 participes
3499 707 3764 778 promissio.

2200 810 2281 864 nis
2305 811 2417 881 ejus
2447 808 2501 861 in
2539 804 2742 861 Christo
2774 822 2863 877 per
2894 802 3228 876 Evangelium
3259 803 3361 876 (I).
3394 804 3507 859 lloc
3533 814 3615 860 est
3646 802 3767 875 quod

2204 901 2306 957 sibi
2352 901 2666 973 mysterium
2711 908 2893 955 notum
2937 899 3134 954 factum
3179 914 3299 954 esse
3324 898 3482 966 dixit,
3526 900 3769 969 Simulque

2201 995 2363 1051 etiam
2408 995 2598 1049 sanctis
2627 994 2871 1067 apostolis
2914 1005 2969 1049 et
3005 994 3267 1065 praphetis
3296 993 3350 1047 in
3393 993 3617 1065 Spiritu,
3646 991 3769 1062 quod

2201 1099 2254 1145 et
2294 1100 2485 1161 gentes
2513 1086 2828 1143 cohaeredes
2857 1094 2982 1142 sunt
3020 1087 3073 1142 in
3126 1085 3342 1141 Christo
3392 1096 3448 1141 et
3495 1099 3769 1155 concorpo-

2203 1183 2366 1250 rales,
2392 1181 2443 1238 id
2471 1191 2555 1239 est
2595 1180 2834 1253 ejusdem
2864 1180 3017 1252 quasi
3043 1181 3289 1252 corporis
3318 1196 3331 1233 :
3363 1178 3507 1251 quod
3534 1193 3672 1249 sape
3714 1177 3770 1233 ita

2204 1285 2469 1333 memorat
2495 1286 2553 1331 ut
2596 1289 2786 1332 omnes
2823 1275 3017 1329 anima:
3045 1283 3246 1329 sancta:
3270 1280 3326 1329 et
3348 1272 3588 1328 liberatae
3614 1270 3706 1345 (2),
3730 1278 3774 1328 et

2205 1368 2409 1425 Christi
2451 1368 2643 1440 Spiritu
2667 1370 2892 1439 junctae,
2931 1382 3096 1422 unum
3145 1381 3346 1436 corpus
3369 1379 3496 1421 esse
3533 1364 3771 1419 dicantur.

2207 1460 2422 1518 Exinde
2460 1476 2592 1532 ergo
2621 1459 2909 1532 participes
2950 1458 3324 1530 promissionis
3352 1456 3472 1528 ejus
3511 1456 3564 1512 in
3590 1455 3774 1512 Christo

2212 1566 2340 1612 sunt
2366 1556 2528 1612 etiam
2559 1562 2767 1626 gentes.
2790 1552 2905 1609 Non
2928 1553 3072 1609 enim
3096 1551 3246 1607 solus
3265 1551 3453 1615 lsrael,
3476 1549 3571 1606 sed
3596 1558 3649 1606 et
3666 1565 3775 1622 gen-

2209 1658 2314 1717 tes,
2368 1665 2488 1722 qua:
2538 1648 2592 1703 in
2638 1647 2855 1704 Christo
2899 1660 2997 1719 per
3036 1646 3370 1717 evangelium
3395 1652 3774 1716 concorporatze

496 1737 699 1826 Christi
722 1737 1083 1836 prudentiam.
1119 1755 1413 1816 Scientiam
1445 1753 1625 1824 posuit
1656 1764 1762 1803 non
1807 1746 1952 1802 illam
1980 1757 2100 1815 quas
2130 1750 2180 1814 Β
2207 1744 2444 1811 fuerunt,
2475 1741 2763 1814 participes
2789 1740 3199 1812 promissionis;
3231 1737 3373 1809 quod
3396 1750 3655 1795 :eteruam
3681 1737 3775 1808 glo-

494 1861 760 1937 prawidet
784 1873 877 1914 sua
908 1853 1147 1927 potentia
1174 1865 1294 1922 quae
1324 1857 1468 1914 sunt,
1500 1860 1620 1917 quae
1646 1843 1823 1898 futura
1847 1846 1974 1897 sunt
1996 1852 2101 1893 ra-

494 1933 811 2013 tiocinando
839 1948 1050 2007 invenit
1080 1956 1136 2002 et
1150 1939 1561 2013 comprehendit
1585 1956 1599 1993 :
1618 1947 1672 1993 at
1689 1936 1777 1991 hic
1793 1933 2097 1996 scientiam,

492 2050 835 2125 prudentiam
882 2042 1206 2102 nominavit.
1259 2038 1377 2095 Non
1422 2034 1566 2092 enim
1614 2047 1713 2105 per
1756 2027 2098 2102 prudentiam

495 2121 855 2209 consecutus;
887 2140 981 2196 sed
1010 2144 1195 2210 postea
1225 2148 1384 2206 quam
1417 2138 1739 2186 consecutus
1767 2132 1868 2187 est,
1902 2121 2102 2178 habere

497 2240 666 2310 caspit
710 2234 1069 2307 prudentiam.
1105 2229 1345 2299 Denique
1387 2222 1725 2297 prudentiam
1750 2262 1763 2285 ,
1808 2216 2014 2288 inquit,
2047 2215 2099 2270 in

498 2308 763 2405 mysterio
791 2326 1023 2393 Christi;
1067 2324 1117 2380 id
1147 2332 1231 2379 est
1280 2323 1332 2376 in
1383 2336 1449 2375 eo
1480 2316 1623 2389 quod
1664 2314 1909 2386 pereepi,
1958 2308 2101 2405 quod

496 2401 632 2483 mihi
658 2423 954 2480 rerelatttm
988 2427 1092 2483 est,
1117 2413 1260 2488 quod
1290 2412 1418 2468 mihi
1453 2420 1637 2466 notum
1680 2406 1877 2462 factum
1902 2412 2019 2471 est;
2050 2401 2101 2457 id

496 2530 577 2578 est
606 2520 660 2575 in
688 2534 755 2574 eo
775 2513 879 2589 (‘2),
921 2512 1062 2585 quod
1100 2510 1293 2566 doetus
1324 2506 1393 2561 sit
1425 2501 1727 2576 prudentia,
1775 2499 1828 2553 in
1865 2511 1930 2553 eo
1959 2492 2103 2589 quod

494 2612 599 2669 sibi
619 2587 914 2667 revelatum
939 2616 1020 2662 est
1049 2602 1136 2659 vel
1168 2598 1455 2663 memoria,
1483 2596 1567 2650 vel
1595 2592 1819 2649 scicntia
1839 2631 1852 2655 ,
1891 2589 1976 2644 vel
2016 2587 2100 2642 in-

494 2704 814 2778 telligentia.
849 2700 944 2756 Hie
985 2697 1128 2754 enim
1160 2704 1287 2750 sunt
1317 2703 1499 2763 partes
1539 2684 1837 2759 prudentim
1874 2699 1887 2735 :
1930 2681 2004 2736 ita
2050 2687 2105 2734 ct

496 2773 652 2855 locus
680 2793 982 2867 prudentia:
1028 2798 1133 2854 est,
1178 2797 1233 2843 et
1281 2796 1458 2839 tamen
1488 2797 1593 2836 non
1636 2793 1733 2850 per
1762 2773 2102 2848 prudentiam

497 2890 818 2965 mysterium
845 2883 1102 2956 consequi
1126 2893 1434 2951 possumus,
1463 2876 1556 2932 sed
1584 2889 1677 2945 per
1697 2870 2102 2928 revelationem.

572 2961 742 3041 Vsus.
775 2978 832 3036 5.
870 3008 941 3021 -—-
972 2977 1123 3043 Quod
1169 2973 1288 3028 aliis
1320 2966 1730 3043 generationibus
1758 2980 1860 3019 non
1888 2961 1988 3032 fuit
2014 2975 2104 3013 no-

500 3088 609 3135 tum
640 3075 719 3151 (5)
750 3076 874 3146 [iliis
917 3071 1199 3127 hominum.
1254 3066 1443 3120 Potest
1493 3062 1596 3117 hoc
1643 3058 1709 3115 ad
1767 3054 2105 3127 prudentiam

2205 1840 2338 1895 riam
2390 1838 2756 1902 merebuntur,
2805 1835 2947 1906 quod
2997 1834 3186 1902 vitam,
3234 1833 3379 1905 quod
3423 1833 3772 1890 remissionem

2208 1942 2573 2004 peccatorum,
2606 1939 2661 1987 et
2690 1938 2908 1998 cratera,
2941 1946 3059 2003 qua:
3078 1941 3133 1987 et
3163 1930 3301 1986 Dens
3328 1940 3381 1984 et
3402 1928 3650 1986 Salvator
3668 1944 3773 1999 pro-

2207 2026 2350 2081 misit
2392 2040 2452 2081 se
2501 2023 2873 2095 sequentibus.
2910 2023 3051 2094 Ergo
3084 2038 3276 2078 omnes
3322 2038 3417 2090 per
3459 2023 3773 2095 evangelium

2206 2119 2584 2190 promissionis
2610 2118 2899 2190 participes
2929 2117 2981 2173 in
3007 2118 3225 2175 Christo
3253 2127 3397 2173 sunt.

2278 2215 2443 2272 Vsus.
2478 2213 2842 2286 7,8.—Cujus
2880 2216 3046 2284 {actus
3072 2229 3187 2269 sum
3229 2229 3322 2284 ego
3358 2212 3592 2268 minister
3616 2228 3774 2268 uenu-

2207 2310 2329 2365 dum
2358 2309 2549 2363 donum
2569 2307 2878 2381 operationis
2918 2304 3035 2371 Dei,
3066 2320 3181 2374 quia
3207 2306 3331 2359 data
3371 2304 3505 2359 mihi
3529 2315 3603 2359 est
3623 2320 3777 2359 utun-

2216 2404 2336 2458 dum
2358 2404 2677 2475 operationes
2696 2402 2894 2457 virtutis
2911 2403 3023 2475 ejus
3049 2398 3152 2472 (5).
3183 2398 3446 2463 Minister,
3473 2398 3774 2471 inquit,sutn

2211 2496 2472 2568 evangelii
2501 2495 2669 2551 factus
2700 2495 2885 2567 ipsius,
2914 2508 3010 2563 per
3029 2491 3169 2563 quod
3198 2493 3249 2547 in
3277 2491 3497 2548 ChriSto
3522 2490 3776 2562 participes

2214 2590 2589 2659 promissionis
2610 2600 2663 2645 et
2684 2597 2875 2660 gentes
2896 2598 2949 2643 et
2968 2586 3130 2642 lsrael
3160 2585 3551 2657 sumus:eujus
3578 2598 3777 2656 evange-

2210 2684 2267 2740 lii
2294 2701 2394 2757 ego
2416 2685 2681 2751 minister,
2706 2683 2876 2738 l'actus
2897 2692 3075 2738 autem
3097 2681 3241 2737 dono
3256 2680 3441 2753 gratiae
3466 2680 3583 2737 Dei.
3600 2679 3777 2750 Ubique

2209 2780 2356 2835 enim
2395 2795 2501 2835 non
2526 2794 2624 2835 nos
2647 2777 2855 2834 meritis
2879 2776 3078 2831 nostris
3097 2775 3199 2831 hoc
3212 2775 3483 2845 accipere,
3518 2775 3612 2832 sed
3637 2773 3778 2845 gratia

2213 2876 2336 2939 Dei,
2367 2882 2636 2930 memorat
2654 2872 2882 2938 Paulus;
2912 2879 2968 2925 ut
2991 2869 3168 2926 dantis
3203 2868 3295 2939 sit,
3326 2885 3431 2926 non
3477 2869 3776 2941 accipientis,

2211 2965 2466 3039 quidquid
2485 2965 2673 3037 gratia:
2688 2965 2869 3021 datur.
2894 2963 3047 3032 Quod
3069 2972 3248 3020 autem
3266 2962 3516 3034 adjunxit
3536 2961 3781 3018 secundum

2214 3061 2558 3132 Operationent
2603 3058 2813 3113 virtutis;
2846 3059 2956 3130 ejus
2980 3098 2994 3122 ,
3033 3066 3088 3113 et
3123 3055 3226 3112 hoc
3280 3070 3504 3128 qquue
3558 3055 3661 3110 Deo
3705 3052 3781 3108 tri-

502 3140 878 3244 argumentum
927 3180 1069 3231 esse,
1120 3162 1197 3217 uti
1248 3159 1359 3215 Deo
1400 3156 1698 3213 revelatum
1748 3152 1822 3206 illi
1852 3149 1943 3215 sit.
1983 3147 2107 3219 quia
2136 3155 2182 3219 C
2217 3155 2327 3210 buit
2353 3171 2367 3221 ;
2401 3161 2460 3208 ut
2483 3152 2532 3208 si
2558 3151 2685 3224 quid
2716 3166 2816 3222 ego
2839 3140 3055 3222 operer,
3087 3151 3259 3205 virtus
3289 3148 3384 3206 Dei
3407 3149 3506 3205 sit.
3532 3147 3644 3205 Non
3664 3146 3783 3204 enim

501 3268 743 3340 prudens
806 3270 923 3319 erat
981 3267 1038 3316 et
1087 3256 1364 3329 percipere
1428 3256 1642 3322 poterat
1690 3244 2105 3307 revelationent,

503 3338 861 3436 mysterium;
892 3363 949 3412 et
974 3352 1121 3410 solus
1155 3348 1347 3405 meruit
1376 3353 1599 3417 propter
1627 3338 1966 3413 prudentiam
1994 3350 2111 3408 my-

510 3454 739 3513 sterium
780 3463 961 3515 nosse,
1009 3444 1147 3519 quod
1191 3442 1306 3497 aliis
1347 3436 1756 3512 generationibus
1787 3445 1961 3488 notum
2010 3446 2113 3485 non

511 3548 609 3621 fuit
637 3545 759 3617 [iiiis
781 3541 1065 3598 hominum.
1083 3535 1224 3605 Quid
1250 3542 1334 3590 est
1358 3532 1474 3587 aliis
1495 3527 1900 3602 generationibus
1916 3525 1942 3578 .9
1962 3523 2013 3579 id
2032 3529 2117 3578 est

509 3618 638 3699 ante
666 3654 786 3696 mea
828 3646 1070 3707 tempora
1102 3630 1204 3703 (4).
1245 3627 1638 3685 Geucrationes
1672 3622 1841 3687 enim,
1878 3618 2033 3675 sicuti
2061 3618 2114 3672 in

511 3731 794 3805 evangelio
842 3730 1037 3785 lectum
1084 3735 1187 3791 est,
1219 3720 1371 3793 quasi
1421 3733 1515 3791 per
1564 3715 1810 3772 homines
1850 3722 2113 3782 tempora.

512 3804 679 3894 Nulli,
707 3823 907 3896 inquit,
937 3834 1123 3877 eorum
1146 3815 1385 3887 quiante
1415 3827 1503 3868 me
1533 3812 1584 3866 in
1612 3807 1963 3882 generatione
1998 3804 2117 3859 iue-

515 3929 645 3980 runt
670 3920 761 3975 lilii
783 3916 1058 3972 hominum
1080 3929 1095 3977 ;
1115 3909 1271 3974 nulli,
1299 3906 1490 3977 inquit,
1509 3912 1693 3958 notum
1722 3901 1818 3957 fuit
1836 3899 1906 3955 de
1921 3906 2123 3971 mySte-

520 4014 626 4070 rio.
682 4009 838 4080 Quod
886 4007 956 4062 sit
1004 4001 1344 4076 mysterium,
1393 3995 1533 4069 quod
1575 3993 1874 4050 revelatum
1918 3990 2018 4046 sibi
2067 3998 2124 4045 et

521 4116 710 4164 notum
744 4104 940 4156 laetum
968 4094 1168 4152 Paulus
1191 4092 1342 4154 dicit,
1373 4104 1517 4158 saepe
1556 4085 1717 4141 locuti
1739 4096 1944 4140 sumus.
1969 4080 2123 4151 Adji-

526 4198 724 4256 ciendo
748 4203 928 4250 autem
958 4189 1082 4259 ﬁliis
1113 4187 1375 4241 hominum
1409 4180 1645 4238 ostendit
1664 4179 1892 4234 fortasse
1922 4183 2126 4249 myste-

2216 3249 2269 3305 in
2312 3264 2398 3304 me
2443 3261 2561 3303 mea
2606 3245 2778 3302 virtus
2812 3258 3087 3316 operatur,
3132 3241 3227 3300 sed
3266 3243 3379 3298 Dei.
3403 3242 3685 3312 Quomodo
3709 3256 3785 3295 au-

2218 3348 2325 3396 tem
2369 3348 2655 3409 utrumque
2677 3337 2862 3409 jungat
2915 3347 2972 3392 et
3014 3336 3141 3407 quid
3176 3345 3457 3407 sequatur,
3491 3334 3785 3408 pchpicicn-

2218 3433 2344 3489 dum
2376 3433 2664 3505 diligenter
2682 3443 2787 3487 est.
2805 3430 3063 3503 Adjuugit
3092 3431 3234 3487 enim
3260 3447 3274 3485 :
3303 3428 3435 3485 Mihi
3468 3430 3674 3485 minimo
3700 3444 3786 3484 autc

2219 3528 2361 3583 nium
2387 3537 2684 3584 sanctorum
2706 3528 2829 3582 data
2853 3536 2926 3581 est
2948 3528 3058 3582 luet:
3086 3527 3326 3599 gratia...
3354 3524 3412 3582 Si
3439 3524 3680 3597 Operatio
3697 3523 3786 3595 jam

2222 3625 2432 3696 agentis
2459 3633 2563 3691 est,
2610 3634 2665 3679 et
2703 3621 2996 3679 secundum
3034 3621 3402 3693 operationem
3431 3620 3563 3678 data
3590 3630 3664 3678 est
3690 3631 3788 3689 grs-

2226 3718 2319 3782 tia,
2354 3718 2603 3773 meritum
2648 3725 2732 3772 est
2778 3715 2927 3786 prius
2960 3715 3257 3785 operantis,
3284 3723 3341 3771 et
3367 3714 3448 3770 sic
3493 3713 3676 3784 gratia.
3702 3705 3788 3766 Sed

2227 3825 2388 3881 supra
2415 3810 2570 3874 dixit,
2598 3807 2893 3865 secundum
2922 3807 3123 3863 donum
3152 3806 3341 3879 gratia:
3369 3804 3464 3861 Dei
3499 3805 3673 3861 datam
3692 3814 3789 3858 esse

2225 3904 2366 3959 hanc
2403 3901 2654 3975 gratiam,
2684 3910 2741 3956 nt
2778 3900 3025 3956 minister
3050 3909 3196 3956 esset
3220 3898 3490 3968 evangelii
3524 3916 3538 3952 :
3567 3896 3661 3953 soli
3686 3905 3789 3949 vero

2225 3997 2496 4069 posterius
2536 3994 2659 4050 data
2705 4003 2809 4060 est,
2843 4009 2948 4065 qua
2979 4008 3121 4049 nunc
3167 4002 3446 4063 operatur,
3494 4001 3549 4049 et
3574 3997 3790 4062 Operatur

2227 4092 2423 4147 virtute
2451 4090 2568 4155 Dei,
2596 4099 2652 4146 et
2679 4089 2878 4146 dicitur
2898 4096 3103 4163 propter
3124 4088 3468 4159 operationem
3508 4084 3697 4141 virtutis
3712 4080 3791 4136 Dei

2229 4183 2351 4238 data
2396 4193 2472 4238 est
2506 4182 2697 4253 gratia.
2746 4180 2885 4250 Quid
2915 4179 3115 4253 igitur?
3156 4179 3399 4251 operatio
3434 4188 3566 4234 ante
3598 4176 3790 4249 gratiam

525 4294 667 4350 rium
718 4286 851 4345 illud
897 4293 1184 4353 antequam
1235 4276 1403 4334 Paulo
1470 4273 1767 4330 revelatum
1839 4279 1957 4335 est,
2010 4267 2126 4324 lieri
2229 4276 2354 4334 dura
2395 4277 2518 4334 es”
2570 4291 2639 4332 au
2688 4286 2874 4346 postea
2920 4280 3094 4346 gnua
3140 4272 3432 4331 dalassed
3460 4288 3584 4330 cum
3632 4271 3792 4327 dicunt

525 4384 771 4459 potuisse
797 4388 855 4435 ut
884 4377 1180 4434 revelatum
1222 4371 1288 4426 sit
1312 4366 1619 4441 angelis;id
1647 4376 1856 4421 εειιιοιι
1886 4363 2010 4418 ﬁliis
2029 4361 2129 4417 110-
2230 4370 2602 4444 operationem
2649 4370 2863 4426 virtutis
2892 4369 2985 4425 Dei
3031 4384 3176 4439 esse,
3202 4369 3311 4440 jam
3354 4368 3480 4424 data
3528 4376 3611 4425 est
3632 4363 3789 4440 gratia.

530 4481 763 4540 minutu,
796 4476 927 4531 sicut
952 4486 1089 4526 nunc
1110 4467 1387 4523 revelatum
1414 4472 1488 4518 est
1509 4461 1698 4517 sanctis
1722 4463 1831 4533 ejus
1860 4457 2125 4528 apostolis.
2236 4466 2554 4536 Rursusque
2590 4479 2714 4522 cum
2755 4463 2973 4531 dicitur,
3005 4462 3300 4520 secuudum
3325 4461 3421 4518 Dei
3466 4463 3684 4534 gramm
3707 4456 3793 4512 fac.

532 4576 698 4633 Plene
722 4570 960 4643 mysterii
979 4564 1322 4625 concordiam
1341 4558 1481 4631 quod
1506 4573 1668 4613 unum
1699 4556 1768 4610 sit
1789 4546 2127 4621 munditiem,
2157 4560 2213 4622 1)
2240 4571 2353 4615 tum
2384 4559 2690 4614 ministrum
2733 4572 2856 4613 esse
2883 4555 3129 4623 Paulum,
3181 4566 3306 4611 ante
3344 4556 3705 4626 operationem
3731 4550 3794 4602 in-

536 4668 680 4740 quod
704 4665 807 4722 sibi
831 4663 1126 4719 revelatum
1144 4665 1229 4714 est
1246 4665 1299 4711 et
1321 4650 1603 4724 apostolis,
1632 4649 1808 4705 docet.
1830 4644 1907 4701 Ne
1931 4645 2132 4701 discor-
2241 4650 2529 4724 [elligimus
2552 4650 2737 4705 datum
2762 4647 2985 4715 donum,
3010 4658 3068 4704 ιιι
3088 4648 3335 4704 minister
3350 4656 3497 4704 esset
3516 4663 3533 4715 ς
3558 4656 3612 4702 οι
3629 4644 3793 4699 donum

543 4739 633 4820 det
656 4773 711 4816 et
742 4775 845 4814 non
871 4758 1010 4813 idem
1038 4754 1282 4811 videatur
1308 4764 1429 4807 esse
1453 4764 1548 4820 per
1574 4748 1913 4817 praesentiam
1933 4740 2135 4797 Christi
2240 4744 2335 4800 Dei
2367 4744 2445 4815 (4)
2476 4758 2601 4799 esse
2629 4742 2856 4814 gratiam
2903 4742 3047 4811 quod
3078 4741 3322 4796 minister
3343 4748 3449 4797 est.
3494 4739 3612 4795 Jam
3640 4752 3700 4793 ex
3720 4747 3795 4789 sc-

543 4853 798 4912 traditum
829 4848 1118 4919 apostolis,
1154 4842 1298 4917 quod
1327 4844 1442 4913 ipse
1475 4839 1576 4896 sibi
1613 4853 1710 4909 per
1750 4835 2134 4892 revelationem
2239 4849 2393 4910 cepta
2422 4837 2593 4907 gratia
2623 4836 2853 4892 ministri
2875 4851 2999 4891 cum
3026 4846 3310 4908 operetur;
3334 4844 3387 4891 et
3410 4834 3500 4890 illa
3529 4832 3689 4907 gratis
3710 4834 3792 4891 est.

540 4947 800 5006 traditum
847 4940 1013 5005 dixit;
1071 4936 1346 5008 coniungit
1388 4933 1440 4989 id
1488 4932 1588 4989 sibi
1645 4929 1942 4986 revelatum
1995 4924 2136 4996 quod
2243 4939 2301 4985 ut
2339 4930 2581 5001 operatio
2607 4928 2727 4999 ejus
2773 4945 2844 4985 ex
2893 4928 3090 4983 virtute
3120 4927 3211 4983 Dei
3239 4928 3330 4983 sit.
3381 4926 3458 4982 lta
3491 4936 3549 4983 ιιι
3590 4923 3797 4982 minister

544 5040 749 5101 sanctis
772 5031 1051 5106 apostolis.
1081 5030 1276 5084 Parum
1329 5037 1450 5082 est:
1485 5024 1671 5096 adjicit
1713 5033 1760 5077 et
1802 5020 2139 5091 prophetiam
2241 5033 2407 5091 esset,
2457 5023 2659 5080 donum
2707 5023 2798 5079 Dei
2830 5021 2971 5088 fuit;
2997 5032 3054 5077 ut
3081 5032 3228 5079 esset
3270 5023 3511 5094 operatio
3544 5020 3633 5076 Dei
3659 5016 3796 5071 virtus

544 5134 752 5208 spiritu.
805 5128 977 5184 Acute
1016 5132 1071 5177 et
1101 5120 1454 5176 vehementer
1485 5136 1499 5172 :
1528 5118 1726 5172 etenim
1758 5115 2016 5185 propltela
2046 5110 2141 5180 (ἰυὶ
2244 5122 2297 5176 in
2341 5135 2429 5186 eo,
2470 5119 2640 5190 gratia
2675 5117 2767 5173 Dei
2800 5116 2919 5173 fuit.
2952 5116 3087 5171 Mihi
3115 5116 3274 5189 igitur
3298 5116 3524 5171 omnium
3543 5121 3797 5170 metm

548 5196 864 5300 mysterium
893 5217 1102 5273 locutus
1128 5222 1233 5277 est,
1264 5210 1318 5264 in
1352 5208 1553 5279 Spiritu
1581 5208 1655 5263 illi
1699 5206 1996 5262 revelatum
2018 5211 2139 5271 est;
2244 5213 2456 5267 minimo
2481 5211 2588 5266 ιηεο
2617 5211 2739 5266 dum
2769 5217 2864 5277 εει,
2902 5207 3095 5280 inquit,
3129 5209 3317 5281 9mm.
3349 5208 3483 5278 Qum
3510 5207 3600 5264 ma
3625 5196 3798 5277 gnua:

548 5298 864 5393 mysn-rium
895 5312 1010 5384 ipse
1039 5322 1146 5363 non
1180 5304 1355 5359 scivit.
1389 5301 1524 5367 Quia
1549 5300 1683 5355 dixit
1707 5301 1828 5355 tiliis
1862 5298 2140 5354 hominum

548 5322 864 5393 mysterium
895 5322 1010 5384 ipse
1039 5322 1146 5363 non
1180 5322 1355 5359 scwu.
1389 5322 1524 5367 uuln
1549 5322 1683 5355 utxu
1707 5322 1828 5355 uttts
1862 5322 2103 5354 nolumus

530 5402 847 5470 revelatum
874 5419 985 5460 non
1026 5400 1191 5456 fuisse
1227 5410 1400 5466 neque
1430 5400 1617 5449 notum
1651 5395 2011 5465 mysterium;
2046 5391 2101 5448 lu

2326 5336 2402 5408 (i)
2437 5336 2593 5404 Vulg.
2631 5352 2644 5388 :
2676 5334 2858 5391 Gentes
2890 5350 3000 5390 esse
3042 5331 3328 5389 cohasredes
3366 5341 3413 5387 et
3450 5322 3800 5396 concorporales

2251 5419 2298 5464 et
2323 5408 2711 5470 comparticipes
2751 5407 3105 5470 promissionis
3129 5408 3242 5470 ejus
3280 5407 3336 5461 in
3363 5403 3562 5461 Christo
3588 5399 3704 5457 Jestt
3727 5407 3800 5469 ρσ

2251 5419 2298 5464 et
2323 5399 2711 5478 coitiprtrticipes
2751 5407 3105 5480 promissionis
3129 5408 3242 5478 ejus
3280 5407 3336 5461 in
3363 5403 3562 5461 Christo
3588 5399 3704 5457 Jestt
3727 5407 3801 5469 ρσ

650 5565 702 5638 1)
741 5561 909 5638 Codd.
939 5569 987 5638 et
1015 5574 1108 5614 nos
1127 5569 1223 5627 pro
1248 5552 1487 5638 ostendit.
1581 5624 1592 5636 .

2249 5480 2608 5551 Evongeliunt.

2329 5552 2408 5638 et
2439 5549 2863 5638 εεοειάοέίοςνεαει
2920 5630 2933 5638 _
3088 5598 3169 5638 η

650 5565 702 5638 t)
741 5561 909 5620 Codd.
939 5569 987 5615 et
1015 5574 1108 5614 nos
1127 5569 1223 5627 pro
1248 5552 1487 5610 ostendit.
2353 5552 2385 5606 2
2439 5552 2612 5606 tiodd.
2639 5552 2863 5607 libertas.
3160 5598 3169 5607 .

647 5639 722 5706 Ξ)
742 5632 911 5707 Codd.
944 5634 1131 5704 factum
1158 5643 1273 5707 quat
1294 5638 1367 5682 est
1387 5635 1557 5681 autem
1575 5624 1629 5680 in
1648 5639 1727 5679 e0.
2325 5552 2408 5698 ἃ)
2444 5622 2595 5707 vulg.
2625 5620 2788 5707 Eujus
2828 5625 2997 5693 factus
3035 5637 3148 5707 sum
3175 5616 3697 5707 ministerAsecundnnt
3722 5611 3799 5668 ἀοι

2254 5692 2581 5767 numgratite
2615 5692 2716 5767 D_ei
2732 5692 2914 5767 quia...
2942 5693 3222 5751 secundum
3249 5694 3649 5767 operationem...

648 5700 705 5851 ’ἱιῖ
746 5706 903 5774 Vulg.
929 5700 1033 5757 non
1058 5710 1131 5756 est
1154 5700 1404 5783 agnitum.
1430 5770 1442 5782 .
2254 5713 2377 5751 num
2404 5700 2581 5767 gratia:
2615 5700 2716 5749 Dei
2732 5712 2773 5767 qt

648 5779 680 5833 ι
744 5774 914 5835 Codd.
942 5782 1061 5829 ante
1080 5788 1205 5828 mets
1231 5771 1556 5843 temporibus.
2324 5766 2406 5839 (4)
2433 5766 2604 5825 Codd.
2631 5764 2773 5824 Deus

648 5770 705 5843 ι)
744 5770 914 5835 Codd.
942 5782 1061 5829 ante
1080 5770 1205 5828 meis
1231 5770 1556 5843 temporibus.
