4010 6306
271 245 412 308 1:165

1250 255 1316 311 IN
1360 255 1747 315 ICPISTOLASI
1815 260 1904 314 AD
1947 260 2275 317 EPHl-ISIUS
2315 262 2515 318 LIBER
2559 263 2597 319 l.

3434 269 3572 326 1.66

264 370 559 427 secundum
581 371 950 440 operationem
975 372 1185 427 virtutis
1204 373 1478 444 cjusintcr
1497 385 1683 446 gentes
1703 392 1865 432 evan-
1896 381 1945 440 Α
1973 388 2025 434 et
2076 389 2270 434 cratera
2314 395 2434 451 quae
2465 380 2756 452 subjungit.
2811 382 2867 436 lu
2899 398 3004 454 quo
3054 383 3215 454 igitur
3257 385 3573 456 mysterium

261 463 513 535 gelizare.
531 463 664 532 Quid
681 473 857 520 autem
877 466 1265 535 evangelizarc,
1281 467 1492 539 subjicit
1511 488 1523 523 :
1541 486 1645 524 non
1661 479 1870 541 aposto-

266 558 442 613 lorum
460 559 700 626 minimo,
725 559 817 613 sed
840 571 1171 626 sanctorum,
1200 562 1389 632 inquit.
1413 563 1594 618 Sancti
1622 567 1786 629 enim,
1816 575 1870 620 et

263 650 370 705 lide
392 661 445 706 et
470 651 659 722 spiritu
683 654 849 709 sancti
874 697 889 720 ,
915 664 1039 708 sunt
1056 657 1312 724 apostoli,
1333 656 1526 727 quibus
1557 658 1866 714 mandatum

262 752 349 798 est
373 745 732 814 evangelium.
769 743 1311 817 lncompreltensibiles
1334 749 1537 802 divitias
1560 749 1740 804 Christi
1768 750 1865 822 (l).

262 835 396 905 Quae
421 837 562 890 enim
593 847 682 890 aut
700 837 898 892 divitia:
922 840 1057 894 tales
1077 855 1198 894 esse
1227 854 1469 908 possunt,
1495 851 1586 895 aut
1612 842 1870 911 quemad-

263 929 480 983 modum
497 929 882 999 comprohendi
899 931 1118 995 divitim,
1134 949 1251 1002 qua:
1267 933 1620 999 suntChristi,
1637 953 1755 1007 quae
1770 952 1868 992 nos

260 1021 458 1077 faciant
474 1022 566 1078 Dei
584 1023 1003 1089 lilios,:eternam
1020 1025 1180 1079 vitam
1199 1027 1448 1091 tribuant,
1467 1029 1866 1095 corruptionem

261 1131 476 1170 onmem
499 1115 768 1182 auferant,
802 1125 1031 1172 mortem
1062 1117 1231 1187 ipsam
1262 1118 1605 1185 interﬁciant,
1638 1120 1689 1174 in
1718 1121 1868 1177 caelis

260 1224 384 1264 esse
405 1209 628 1274 faciant,
654 1220 866 1280 peccata
883 1209 1086 1266 donent
1109 1212 1313 1265 omnia?
1337 1211 1478 1282 Ergo
1501 1229 1707 1281 magna:
1735 1213 1869 1269 divi-

261 1303 373 1370 tite,
402 1314 454 1360 et
479 1304 530 1358 in
555 1304 804 1359 tollendis
823 1307 976 1359 malis
996 1305 1324 1378 indulgentia
1358 1316 1720 1377 peccatorum,
1745 1319 1797 1362 ct
1816 1310 1866 1364 in

264 1394 458 1451 dandis
489 1397 665 1463 bonis,
699 1409 752 1454 et
782 1400 941 1455 tantis
969 1399 1145 1468 bonis,
1177 1415 1296 1471 qua:
1325 1415 1485 1471 supra
1510 1399 1646 1469 dixi,
1678 1409 1733 1456 et
1761 1401 1866 1457 alia

265 1490 414 1546 talia.

339 1587 506 1642 Vens.
542 1586 594 1644 9.
635 1587 799 1643 —Et
847 1589 1144 1645 illuminare
1196 1608 1368 1648 omnes
1415 1609 1530 1665 qute
1577 1595 1642 1648 sit
1695 1593 1869 1666 dispo-

263 1682 382 1738 sitio
429 1681 510 1753 (ὲ)
561 1684 805 1754 mysterii.
842 1683 1022 1739 Ordo:
1056 1684 1178 1739 data
1218 1695 1302 1740 est
1347 1686 1475 1740 mihi
1517 1687 1688 1756 gratia
1729 1686 1868 1741 inter

1975 471 2078 528 hoc
2109 472 2483 527 absconditum
2517 475 2642 528 est?
2678 476 2729 528 in
2771 473 2903 529 Deo.
2931 475 2985 530 lit
3011 491 3114 547 quo
3145 477 3253 532 Deo
3275 477 3298 530 ?
3319 479 3408 548 qui
3452 477 3574 533 titti-

1977 582 2132 620 versa
2187 569 2410 622 creavit.
2470 567 2527 623 Si
2577 569 2720 623 enim
2779 585 2872 639 per
2926 570 3102 639 ipsum
3146 572 3440 627 revelatum
3492 582 3577 629 est

1973 659 2290 731 mysterium
2324 660 2374 714 in
2403 660 2518 730 ipso
2556 661 2931 715 absconditum
2959 677 2974 728 ;
3011 660 3110 716 fuit
3132 672 3310 718 autem
3338 664 3574 718 abscon-

1973 752 2142 807 ditum
2176 763 2464 825 antequam
2497 753 2724 819 veniret,
2770 755 3067 810 revelatum
3111 765 3194 811 est
3221 766 3572 828 posteaquam

1973 848 2137 902 venit.
2162 846 2292 914 Quis
2315 848 2414 902 iste
2431 851 2546 902 est?
2568 849 2656 918 qui
2683 849 2954 916 universa,
2981 850 3171 919 inquit,
3191 853 3411 906 creavit.
3431 851 3575 923 Ergo

1972 949 2184 995 creator
2209 940 2332 995 licet
2362 941 2499 994 Deus
2519 942 2833 1011 accipiatur,
2858 943 2953 998 sed
2983 958 3074 1012 per
3095 943 3366 999 Christum
3389 954 3572 1000 tamen

1973 1043 2187 1088 creator
2216 1034 2374 1089 Deus.
2398 1034 2778 1090 Creatorenim
2811 1052 2915 1089 non
2944 1037 3194 1091 eonvenit
3227 1036 3455 1109 Deo(l),
3478 1036 3576 1092 sed

1971 1129 2222 1182 convenit
2246 1127 2482 1193 Christo,
2516 1137 2570 1183 et
2598 1129 2675 1183 sic
2707 1145 2800 1199 per
2828 1128 3101 1184 Christum
3128 1131 3255 1185 Deo.
3288 1129 3384 1184 llle
3428 1131 3574 1186 enim

1971 1220 2151 1290 genuit
2177 1219 2449 1275 Christum
2505 1238 2519 1277 :
2566 1222 2812 1276 Christus
2861 1222 3262 1277 creavitoumia
3294 1223 3411 1292 ipso
3461 1223 3576 1278 Deo

1971 1323 2226 1380 Operanle
2256 1323 2310 1367 et
2342 1329 2434 1382 per
2464 1329 2522 1369 se
2545 1322 2784 1368 creante.
2815 1313 2893 1368 Ita
2911 1330 3073 1368 unum
3103 1324 3186 1369 est
3216 1315 3356 1383 quod
3393 1325 3576 1370 creata

1971 1415 2096 1459 sinit
2126 1405 2326 1467 omnia,
2363 1415 2417 1461 et
2463 1408 2531 1463 ab
2573 1424 2679 1461 ttno
2730 1419 2905 1462 creata
2951 1419 3093 1464 sunt.
3127 1409 3181 1464 Si
3227 1411 3443 1479 quidem
3473 1409 3568 1466 Dei

1969 1498 2138 1570 patris
2158 1514 2318 1569 opera
2350 1513 2444 1568 per
2471 1499 2740 1554 Christum
2769 1511 2948 1555 creata
2980 1513 3105 1556 sunt
3134 1503 3332 1557 omnia.

2048 1591 2207 1645 Vens.
2244 1591 2330 1646 ill.
2359 1623 2430 1632 —
2459 1591 2527 1646 Ut
2571 1593 2899 1649 innotescerct
2919 1595 3327 1669 principibus(1)
3358 1607 3403 1652 et
3435 1606 3576 1669 pote-

1970 1684 2184 1737 statibus
2211 1686 2261 1738 in
2286 1684 2567 1740 (mlestibus
2589 1703 2679 1758 per
2710 1685 2991 1741 Ecclesiam
3019 1689 3348 1759 multiformis
3368 1691 3575 1760 sapien-

265 1785 454 1847 gentes
481 1777 853 1848 evangetizare
892 1789 945 1834 et
987 1777 1295 1834 illuminare
1324 1795 1534 1835 omnes.
1571 1779 1625 1834 ln
1671 1796 1774 1850 qua
1809 1794 1868 1834 re
1900 1779 1948 1840 B
1975 1776 2044 1830 tia
2093 1776 2204 1830 Dei.
2258 1778 2369 1832 lloc
2416 1789 2500 1832 est
2549 1779 2864 1850 mysterium
2911 1781 3052 1850 quod
3101 1783 3476 1839 absconditum
3519 1785 3577 1840 in

262 1871 594 1925 illuminare?
624 1871 750 1942 quid
783 1873 852 1925 sit
881 1871 1146 1942 dispositio
1172 1874 1434 1942 mysterii;
1468 1883 1524 1927 ιιι
1554 1889 1658 1927 non
1688 1872 1867 1927 solum

263 1965 580 2037 mysterium
613 1965 983 2036 evangelizent
1012 1966 1105 2020 sed
1139 1975 1193 2020 et
1215 1966 1608 2032 illntninent,id
1637 1975 1721 2020 est
1742 1981 1870 2036 ape-

261 2060 406 2114 riant
431 2075 552 2128 qua:
598 2059 669 2114 sit
707 2059 996 2131 dispositio
1025 2061 1290 2132 mysterii.
1325 2061 1479 2130 Quod
1514 2071 1694 2116 autem
1735 2061 1869 2116 dixit

262 2151 561 2204 illuminare
589 2168 761 2206 omnes
790 2153 1034 2208 tenuitet
1065 2151 1230 2208 lsrael
1285 2164 1336 2208 et
1385 2163 1596 2224 gentes.
1646 2155 1871 2224 Accepit

261 2243 408 2298 enim
435 2243 552 2298 sine
577 2244 740 2299 dubio
768 2246 819 2300 itt
850 2255 1039 2318 gentes
1069 2247 1441 2318 evangelium;
1471 2248 1566 2302 sed
1598 2255 1654 2303 et
1693 2247 1867 2302 ,Ιυὰςυί

265 2338 554 2394 illuminari
604 2349 850 2410 possunt,
881 2343 923 2396 si
951 2350 1268 2412 sequantur,
1313 2341 1358 2396 si
1407 2341 1679 2398 obediant.
1724 2342 1864 2411 Quid

263 2441 444 2487 autem
475 2433 545 2487 sit
587 2434 858 2502 dispositio
898 2435 1146 2506 mysterii,
1180 2435 1555 2505 exponendum
1593 2443 1708 2501 est;
1739 2450 1874 2506 quo-

265 2526 409 2580 niam
438 2525 748 2583 illuminare
774 2542 834 2582 se
866 2527 1002 2582 dixit
1034 2529 1251 2584 Paulus.
1284 2529 1389 2584 Sed
1435 2530 1486 2584 id
1519 2530 1572 2584 in
1599 2532 1872 2600 sequenti-

269 2619 371 2674 bus
393 2619 688 2677 declaravit
714 2621 998 2676 absconditi
1023 2641 1055 2676 a
1081 2623 1284 2677 steculis
1313 2623 1366 2677 in
1395 2621 1524 2677 Deo.
1561 2624 1689 2678 Data
1715 2624 1869 2690 tnilti,

269 2714 464 2784 inquit,
502 2714 644 2770 inter
670 2728 858 2786 gentes
887 2726 971 2772 est
993 2719 1187 2786 gratia,
1219 2733 1390 2772 onmes
1421 2718 1714 2774 illuminare
1757 2736 1872 2790 qua:

269 2807 335 2862 sit
362 2807 625 2878 dispositio
657 2810 905 2880 mysterii.
938 2808 1105 2879 Cujus
1133 2810 1422 2881 mysterii?
1468 2813 1610 2882 quod
1633 2811 1869 2867 abscon-

272 2901 441 2956 ditum
465 2911 568 2968 est,
601 2903 794 2973 inquit,
827 2919 856 2957 a
881 2904 1095 2958 szeculis
1120 2905 1172 2959 in
1207 2906 1342 2960 Deo.

341 2995 479 3064 Quid
508 3007 588 3052 est
607 3011 638 3050 a
666 2997 894 3062 saeculis,
920 3009 972 3053 et
993 2998 1116 3070 quid
1147 2999 1197 3052 in
1228 2999 1367 3065 Deo;
1401 2998 1526 3070 quid
1545 3009 1620 3054 est
1642 2999 1869 3055 abscon-

266 3089 435 3146 dittnu
455 3106 470 3154 ;
488 3099 542 3145 et
559 3091 829 3161 quomodo
842 3091 1211 3147 absconditum
1234 3108 1249 3158 ;
1265 3092 1497 3147 breviter
1513 3093 1863 3162 explicemus.

1975 1869 2108 1936 Deo,
2141 1871 2190 1924 id
2224 1881 2306 1925 est
2351 1873 2402 1926 in
2435 1871 2676 1937 Christo,
2729 1874 2869 1944 quod
2921 1885 3108 1946 postea
3153 1877 3446 1932 revelatum
3492 1889 3578 1934 est

1976 1979 2083 2018 non
2112 1964 2311 2019 animis
2345 1963 2424 2036 (5)
2457 1965 2551 2019 sed
2585 1966 2917 2032 hominibus,
2958 1983 3132 2037 neque
3166 1976 3368 2024 tantum
3402 1969 3578 2025 homi-

1975 2057 2132 2111 nibus
2163 2057 2256 2112 sed
2287 2057 2520 2113 omnibus
2547 2058 2865 2130 principibus
2902 2071 2948 2114 et
2987 2063 3322 2132 potestatibus
3349 2063 3398 2116 in
3425 2064 3574 2119 caele-

1973 2149 2155 2215 stibns,
2191 2161 2244 2206 et
2279 2153 2569 2207 revelatum
2599 2165 2678 2207 ρει
2705 2169 2803 2222 per
2840 2154 3162 2223 Ecclesiam,
3192 2157 3336 2228 quod
3355 2159 3577 2215 scilicet

1977 2261 2073 2316 per
2114 2249 2430 2319 mysterium
2461 2249 2726 2317 sapientia
2771 2250 2863 2304 Dei
2892 2260 2996 2306 est.
3036 2249 3170 2306 Cum
3213 2264 3391 2308 autem
3439 2253 3575 2309 dixit

1965 2341 2298 2418 principibus
2329 2351 2374 2394 et
2401 2342 2734 2410 potestatibus
2773 2343 2827 2396 in
2863 2344 3146 2398 crelestibtts
3186 2345 3409 2415 intelligi
3449 2346 3575 2401 licet

1977 2431 2082 2488 illis
2107 2434 2398 2488 revelatum
2432 2450 2539 2488 non
2569 2449 2712 2502 esse,
2745 2451 2864 2506 qua:
2889 2436 3133 2492 adversa:
3177 2448 3300 2493 sunt
3335 2437 3430 2493 :in
3460 2453 3570 2496 em-

1976 2524 2198 2580 lestibus
2219 2526 2384 2591 enim,
2414 2527 2606 2598 inquit.
2649 2529 2716 2582 Et
2759 2527 2904 2599 quod
2935 2529 3068 2584 dixit
3117 2546 3212 2601 per
3249 2531 3570 2599 Ecclesium,

1977 2617 2030 2672 id
2060 2628 2140 2672 est
2164 2634 2257 2689 per
2282 2619 2521 2674 membra
2554 2620 2644 2675 Dei
2673 2622 2871 2686 omnia,
2891 2637 2986 2692 per
3003 2624 3242 2679 membra
3270 2622 3492 2692 Christi,
3515 2636 3573 2680 et

1976 2724 2072 2780 per
2117 2726 2330 2767 onmem
2370 2712 2605 2766 animam
2644 2715 2917 2786 mysteriis
2963 2715 3079 2786 ejus
3110 2715 3346 2772 indutam
3379 2717 3482 2792 (4),
3515 2726 3574 2772 et

1974 2803 2028 2859 in
2054 2805 2224 2876 ipsum
2255 2820 2405 2876 Spem
2434 2805 2741 2862 habentem.
2760 2808 2836 2863 Ita
2863 2820 3122 2880 quantum
3159 2811 3360 2867 homini
3385 2813 3568 2867 datum

1972 2898 2065 2965 sit,
2096 2899 2318 2969 intelligi
2340 2899 2489 2954 licet.
2512 2901 2567 2954 Si
2594 2900 2812 2971 quidem
2841 2919 2945 2956 non
2964 2903 3232 2972 principes
3261 2915 3314 2959 et
3342 2915 3573 2974 potesta-

1975 3001 2052 3046 tes
2084 2991 2138 3045 in
2167 2993 2503 3061 cmlestibus,
2537 2994 2638 3064 ipsi
2663 2995 2982 3065 sapientiam
3015 2997 3110 3053 Dei
3141 2997 3448 3054 hominibus
3474 2998 3572 3054 de-

1971 3088 2180 3144 clarant
2205 3105 2220 3154 ;
2261 3091 2354 3144 sed
2385 3107 2474 3160 per
2501 3089 2805 3159 Ecclesium,
2828 3093 2879 3147 id
2906 3102 2989 3148 est
3018 3109 3112 3164 per
3139 3109 3234 3150 eos
3274 3097 3364 3166 qui
3395 3110 3572 3149 metu-

264 3186 309 3240 Α
329 3185 456 3252 Deo,
479 3185 568 3255 qui
586 3195 738 3255 pater
759 3186 1076 3256 estprimus,
1094 3187 1303 3256 genitus
1321 3197 1401 3241 est
1417 3186 1663 3243 Christus
1680 3188 1768 3258 qui
1787 3198 1868 3244 est
1897 3171 1942 3234 C
1977 3186 2070 3237 bra
2099 3192 2224 3238 sunt
2249 3181 2471 3250 Christi,
2501 3185 2926 3240 sanctiliCatione
2948 3186 3000 3239 in
3028 3187 3152 3253 lide,
3200 3195 3495 3257 potestates
3517 3198 3572 3242 et

265 3278 447 3334 lumen
466 3294 533 3335 ex
554 3280 772 3344 lumine,
793 3291 846 3336 et
866 3281 1003 3337 Deus
1023 3298 1088 3337 ex
1111 3282 1222 3337 Deo
1239 3281 1341 3354 (5),
1366 3281 1456 3352 qui
1476 3283 1632 3338 .lcsus
1653 3292 1752 3350 est,
1779 3285 1868 3354 qui

269 3372 408 3428 Deus
436 3388 500 3428 ex
525 3373 633 3427 Deo
649 3384 730 3430 est
757 3373 861 3447 (4).
885 3375 1056 3432 Nemo
1079 3392 1164 3431 me
1185 3377 1326 3432 velut
1343 3378 1570 3432 alterum
1597 3378 1762 3432 Deum
1790 3377 1872 3433 di-

265 3481 390 3521 cere
411 3467 712 3531 existimet;
745 3469 837 3524 sed
873 3471 943 3524 ita
971 3469 1104 3524 ordo
1136 3469 1384 3539 loquendi
1419 3471 1637 3540 ﬂagitat.
1661 3469 1717 3524 ln
1745 3471 1868 3538 hoc,

264 3557 504 3630 inquam,
535 3559 774 3628 Christo,
798 3562 888 3633 qui
913 3562 1056 3617 Deus
1083 3578 1148 3617 ex
1173 3562 1281 3618 Deo
1302 3572 1404 3626 est,
1429 3563 1604 3617 omnia
1635 3563 1869 3632 perfecta

267 3661 417 3718 sunt,
443 3662 496 3708 et
525 3667 622 3723 per
655 3653 854 3724 ipsum.
887 3655 1100 3720 omnia;
1133 3655 1228 3710 sed
1258 3655 1400 3727 quod
1435 3670 1576 3710 nunc
1617 3670 1868 3710 necessa-

263 3743 407 3798 rium
450 3753 554 3811 est,
604 3746 656 3800 in
708 3747 825 3817 ipso
873 3747 1074 3802 omnia.
1114 3748 1202 3803 Sic
1233 3747 1378 3802 enim
1423 3747 1649 3812 dictum,
1681 3756 1735 3802 et
1775 3762 1870 3817 per

264 3837 466 3908 ipsum,
497 3848 552 3893 et
580 3838 632 3894 in
663 3839 798 3911 ipso.
825 3840 882 3895 Si
906 3841 1064 3912 igitur
1089 3841 1142 3895 in
1170 3842 1286 3911 ipso
1308 3841 1510 3905 omnia,
1541 3857 1867 3912 quamquam

265 3946 365 4002 per
394 3934 568 4004 ipsum
598 3935 800 4004 omnia,
831 3935 928 3991 sed
962 3936 1099 3990 Deus
1123 3935 1177 3990 in
1208 3935 1323 4006 ipso
1349 3934 1527 3989 omnia
1560 3934 1674 4005 (5);
1704 3935 1866 3991 etiam

267 4026 368 4081 hoc
401 4027 714 4099 mysterium
744 4038 847 4092 est,
876 4041 928 4084 et
952 4029 1005 4084 in
1049 4029 1166 4098 ip~o
1194 4029 1591 4084 absconditum.
1616 4027 1866 4085 Abscon-

264 4119 436 4174 ditum
465 4131 644 4176 autem
693 4123 925 4192 quibus?
957 4138 985 4176 a
1018 4122 1249 4176 szeeulis.
1283 4119 1531 4175 Christus
1559 4123 1701 4176 enim
1745 4121 1868 4177 uni-

265 4213 480 4284 genitus
507 4213 598 4268 Dei
623 4214 783 4277 lilius.
817 4226 870 4270 et
906 4215 973 4270 ab
1005 4216 1122 4286 ipso
1167 4216 1370 4286 reliqua
1404 4225 1580 4269 creata
1627 4226 1788 4270 sunt:
1815 4215 1869 4272 id

267 4316 350 4361 est
382 4321 478 4378 per
501 4307 675 4377 ipsum
709 4308 806 4363 Dei
838 4325 1000 4380 opera
1026 4310 1076 4364 in
1110 4311 1228 4380 ipso
1263 4323 1524 4381 operante
1547 4327 1642 4380 per
1669 4311 1864 4382 ipsum.

265 4398 460 4454 Omnia
507 4403 701 4457 saecula
755 4402 922 4472 igitur
969 4405 1268 4474 posteriora
1314 4403 1567 4472 Christo;
1610 4405 1809 4478 quippe
1837 4421 1869 4462 a

268 4491 488 4548 Christo
513 4492 672 4550 facta.
708 4495 849 4550 Nihil
889 4495 1048 4568 igitur
1077 4504 1202 4551 ante
1237 4495 1533 4562 Christum,
1578 4513 1676 4553 nec
1705 4513 1866 4570 supe-

1974 3276 2242 3346 principes
2275 3277 2325 3332 in
2365 3277 2683 3333 coelestibus
2732 3279 3054 3348 sapientiam
3107 3279 3201 3334 Dei
3237 3291 3573 3351 cognoscunt

1972 3369 2171 3424 editam
2219 3384 2342 3425 esse
2389 3387 2484 3439 per
2531 3369 2822 3426 hominem.
2872 3373 3086 3428 Discere
3131 3383 3184 3428 et
3227 3389 3453 3429 noscere
3493 3372 3573 3444 (5)

1973 3465 2134 3519 etiam
2181 3465 2514 3534 principibus
2545 3464 2728 3518 mundi
2760 3474 2816 3520 et
2849 3467 3199 3534 pote-statibus
3252 3467 3573 3538 sapientiam

1975 3557 2094 3624 Dei,
2125 3557 2296 3613 facilis
2345 3561 2451 3612 erit
2491 3557 2714 3628 agnitio,
2748 3560 2792 3612 si
2827 3559 2914 3612 ubi
2946 3557 3108 3612 homo
3134 3560 3226 3626 sit,
3258 3568 3314 3615 et
3354 3561 3441 3614 ubi
3472 3559 3571 3614 ha-

1972 3654 2098 3708 beat
2121 3653 2440 3724 principium
2466 3654 2776 3718 didicerint,
2810 3654 3184 3724 cognoverint,
3215 3669 3311 3725 per
3340 3653 3573 3726 prophe-

1974 3756 2083 3802 tam
2125 3747 2465 3803 Ezechieletn
2495 3763 2615 3802 cum
2658 3746 2893 3814 loquitur
2935 3746 3002 3802 de
3032 3747 3335 3809 cherubin;
3377 3749 3572 3818 inquo

1971 3842 2110 3896 visio
2138 3851 2241 3903 est.
2265 3840 2718 3910 quemadmodum
2740 3842 2886 3896 locus
2915 3842 3030 3912 ipse
3053 3850 3255 3897 certam
3282 3842 3578 3913 expositio-

1975 3951 2098 3990 nem
2128 3933 2423 3989 desiderat.
2457 3933 2703 3989 Breviter
2725 3949 2854 4004 ergo
2885 3935 3125 4008 mysterii
3145 3949 3336 3990 omnes
3367 3943 3570 4006 partes,

1972 4043 2106 4100 quas
2132 4044 2231 4084 nos
2277 4044 2436 4099 supra
2464 4029 2724 4094 diximus,
2765 4031 2936 4101 tetigit
2977 4029 3203 4086 dicendo
3242 4031 3574 4102 multiformis

1974 4122 2227 4194 sapientia
2259 4120 2355 4175 Dei
2381 4139 2395 4177 :
2426 4122 2510 4177 vel
2540 4121 2680 4194 quod
2714 4121 2879 4176 [ilium
2913 4122 3078 4190 misit,
3119 4124 3206 4180 vel
3239 4123 3379 4194 quod
3423 4133 3573 4179 tanta

1975 4215 2228 4286 majestas
2256 4214 2403 4269 servi
2432 4215 2663 4270 formam
2683 4218 2943 4286 suscepit,
2975 4217 3060 4272 vel
3083 4215 3224 4288 quod
3250 4226 3394 4272 tanta
3417 4216 3572 4285 signa

1973 4308 2114 4364 iacta
2145 4315 2294 4374 sunt,
2324 4308 2406 4364 vel
2435 4307 2578 4378 quod
2611 4307 2881 4378 promissa
2921 4317 3068 4364 tanta
3109 4320 3254 4377 sunt,
3285 4309 3574 4380 indulgen-

1977 4399 2048 4455 tia
2079 4402 2338 4472 peccatis,
2367 4410 2422 4457 et
2446 4402 2734 4474 promissio
2760 4404 3038 4458 caelorum.
3065 4403 3196 4458 Item
3218 4412 3419 4459 aeterna
3460 4403 3573 4458 vita

1973 4501 2028 4549 et
2051 4493 2370 4564 glot-ilicatio
2388 4505 2443 4549 et
2470 4495 2756 4550 hacreditas
2780 4496 2938 4550 simul
2969 4511 3091 4551 cum
3115 4497 3307 4552 eodem
3332 4495 3571 4565 Christo,

267 4585 410 4640 riora
442 4598 566 4641 ante
587 4587 881 4645 Christum.
906 4590 1065 4646 Nullo
1088 4591 1349 4661 temporis
1369 4591 1592 4646 exordio
1620 4591 1869 4648 Christus
1894 4575 1948 4635 D
1972 4597 2028 4644 et
2067 4586 2308 4654 ejusdem
2341 4598 2460 4657 post
2501 4599 2732 4644 mortem
2778 4589 3126 4654 resurrectio,
3158 4601 3212 4645 et
3257 4590 3370 4662 ipsa
3403 4603 3571 4659 mors,

269 4688 424 4735 natus
449 4697 515 4736 ex
546 4682 671 4737 Deo.
705 4683 797 4739 llis
827 4685 986 4756 igitur
1019 4685 1257 4752 sweulis,
1290 4685 1416 4742 item
1447 4687 1515 4741 ab
1543 4686 1627 4741 his
1663 4687 1714 4742 in
1756 4687 1868 4742 Deo

269 4774 584 4844 mysterium
616 4776 989 4832 absconditum
1032 4787 1138 4845 est,
1183 4788 1239 4833 ut
1265 4780 1380 4834 suis
1407 4778 1740 4848 temporibus
1778 4776 1867 4836 re-

270 4869 495 4935 veletur,
533 4869 626 4925 Dei
653 4872 816 4926 tilium
841 4871 1115 4928 Christum
1141 4875 1348 4938 venire,
1373 4887 1592 4929 carnem
1621 4873 1866 4942 induere,

275 4977 616 5032 succurrere,
663 4965 896 5021 liberare
928 4965 1224 5032 hominem,
1272 4967 1476 5022 donare
1515 4976 1768 5036 peccata,
1816 4967 1868 5022 in

279 5066 479 5113 :eterna
509 5071 564 5114 et
584 5058 828 5115 cmlestia
867 5060 1078 5128 tollere,
1109 5059 1425 5130 justiﬁcarc,
1469 5071 1521 5116 et
1549 5061 1871 5132 gloriﬁcare,

353 5239 436 5312 (l)
473 5237 625 5309 Vulg.
665 5256 676 5291 :
708 5237 1097 5311 Investigabiles
1118 5240 1321 5295 divitias
1345 5237 1553 5312 Christi.

349 5309 426 5381 (ἓ)
450 5312 551 5364 Pro
579 5311 847 5380 dispositio
868 5309 1115 5382 mysterii,
1160 5312 1310 5383 Vulg.
1358 5310 1525 5367 habet
1562 5309 1878 5383 dispensatio

271 5387 596 5437 sacramenti.

347 5455 426 5528 (5)
459 5453 700 5528 Respicit
728 5452 1038 5528 Victorinus
1072 5454 1141 5528 ad
1179 5453 1409 5525 symboli
1437 5454 1640 5528 Nicteni
1684 5455 1872 5510 verba.

272 5525 596 5596 Et‘quiilem
620 5567 634 5591 ,
684 5541 850 5596 puero
885 5527 968 5581 vel
1018 5527 1420 5596 adolescentulo
1454 5527 1752 5590 Victorino,
1786 5541 1876 5580 ce-

273 5595 582 5681 lebrabatur
607 5595 858 5668 magnum
882 5598 1012 5654 illud
1039 5595 1231 5653 Nicaea:
1260 5613 1357 5670 pro
1377 5595 1576 5653 Christi
1593 5598 1876 5656 divinitate

270 5671 579 5725 concilium.

369 5739 426 5812 4)
458 5743 615 5812 Atqui
649 5741 752 5797 hoc
779 5741 887 5811 jam
919 5741 1155 5812 dixeras,
1188 5739 1464 5800 Victoriae
1490 5741 1584 5796 mi.

369 5809 428 5881 5)
457 5809 791 5884 ita'prorsus
816 5824 899 5868 est
930 5814 981 5869 in
1012 5809 1171 5869 codd.

1971 4687 2028 4734 et
2057 4689 2248 4734 etetera
2274 4679 2602 4750 hujusmodi,
2635 4680 2976 4736 multiformis
3006 4693 3089 4738 est
3107 4682 3365 4752 sapientia
3403 4683 3520 4738 Dei.

2044 4771 2209 4830 Vens.
2256 4775 2341 4829 ll.
2374 4804 2445 4814 -—
2473 4773 2770 4830 Secundum
2802 4776 3195 4846 prae/initianent
3239 4777 3571 4846 samulorum,

1973 4884 2127 4938 quam
2146 4869 2266 4937 fecit
2290 4870 2342 4923 in
2373 4867 2578 4924 Christo
2606 4867 2734 4924 Iesu
2760 4869 2980 4925 Domino
3011 4882 3208 4927 nostra.
3239 4871 3316 4927 Ex
3350 4872 3452 4926 hoc
3478 4886 3576 4942 ap-

1974 4970 2125 5032 paret
2163 4961 2292 5032 quid
2323 4963 2394 5016 sit
2441 4962 2496 5016 in
2532 4962 2641 5016 Deo
2685 4964 3056 5019 absconditum
3088 4981 3211 5022 esse
3257 4966 3576 5038 my~terinm

1977 5050 2025 5106 si
2061 5051 2278 5123 quidem
2307 5053 2559 5123 adjuuxit
2597 5056 2878 5110 secundum
2917 5059 3310 5128 prae/ﬁnitionem
3347 5057 3572 5113 sarculo-

2053 5165 2134 5240 (l)
2176 5166 2310 5234 Quis
2357 5167 2434 5240 sic
2480 5167 2748 5238 loquitur,
2801 5179 2860 5224 ut
2907 5170 3026 5226 heic
3074 5169 3419 5227 Victorinus?
3462 5171 3576 5227 Deo

1981 5239 2410 5312 certeconvenit
2455 5241 2715 5295 creatoris
2748 5243 3058 5312 appellatio.
3096 5241 3437 5312 Cartemquin
3478 5258 3577 5298 cur

1983 5311 2187 5384 creatio
2239 5311 2308 5366 de
2360 5311 2469 5365 lilio
2535 5313 2642 5367 Deo
2693 5311 2890 5380 szrpius
2937 5331 3094 5384 quam
3148 5315 3216 5370 de
3273 5311 3421 5382 patre
3467 5317 3578 5370 Deo

1987 5381 2346 5453 praedicetur;
2378 5400 2474 5436 seu
2507 5387 2682 5453 petitis
2720 5401 2816 5438 cur
2857 5381 3006 5453 pater
3058 5402 3150 5455 per
3180 5381 3344 5439 lilium
3388 5401 3576 5441 creare

1983 5455 2228 5527 dicatur,
2284 5455 2554 5509 subtiliter
2616 5456 2852 5525 disputat
2902 5456 3124 5512 Photius
3174 5473 3204 5512 a
3265 5474 3350 5511 me
3404 5473 3575 5527 nuper

1983 5525 2510 5601 edi‘tgusatnphiloch.
2537 5527 2826 5601 18842011.
2855 5542 2965 5586 vat.
2991 5529 3052 5584 Τ.
3081 5529 3122 5585 l.
3155 5545 3210 5601 p.
3239 5531 3366 5586 328.
3399 5525 3520 5599 Sqq.

2055 5596 2137 5670 (‘2)
2170 5597 2371 5670 Vulg",
2391 5599 2776 5670 principatibus.

2061 5669 2140 5744 (ὅ)
2171 5669 2437 5744 Altacodd.
2457 5671 2606 5744 Nunt
2635 5687 2732 5742 pro
2761 5673 2999 5744 angelis!

2053 5741 2138 5813 (4)
2168 5741 2344 5813 Malim
2373 5742 2640 5796 imbutam.

2057 5810 2136 5882 (5)
2165 5810 2335 5868 Codd.
2370 5822 2643 5867 notescere.
