4010 6306
505 314 646 371 1937

509 541 773 597 apparere
822 529 1132 600 mysterium
1166 543 1258 598 per
1297 526 1640 599 praesentiam
1674 525 1906 591 Domini,
1929 525 1979 579 in
2009 539 2114 596 quo

509 621 888 678 absconditum
918 623 1234 696 mysterium
1258 620 1371 676 fuit.
1393 620 1496 676 Per
1523 621 1697 690 ipsum
1720 619 1862 676 enim
1887 620 2114 675 revelari

517 717 767 772 debuerit
796 716 846 770 in
889 730 995 785 quo
1021 715 1388 770 absconditum
1414 715 1527 768 luit.
1559 713 1672 768 Hoc
1707 713 1848 767 enim
1873 711 2117 783 adjunxit

516 828 671 881 quam
693 811 1037 880 deﬁnitionem
1063 810 1369 864 ser-culorum
1397 809 1516 879 fecit
1544 809 1594 861 in
1621 803 1822 862 Christo
1852 804 1978 860 Iesu
2009 805 2114 860 Do-

517 905 659 958 mino
677 904 990 970 nostro.Quo
1007 911 1110 956 tem
1120 915 1246 973 pore
1263 911 1570 972 appareret,
1586 915 1692 971 quo
1707 908 1946 969 tempore
1961 913 2114 953 reve-

514 996 1070 1069 lareturmysterium,
1089 1011 1195 1066 quo
1215 995 1360 1050 salus
1379 1001 1432 1048 et
1450 991 1695 1047 liberatio
1716 991 2113 1046 ostenderetur.

589 1090 752 1145 Vens.
790 1088 876 1144 1’2.
920 1119 982 1128 -
1013 1086 1077 1140 In
1119 1103 1220 1158 quo
1265 1087 1507 1140 habemus
1547 1084 1830 1140 libertatem
1854 1094 1899 1138 et
1921 1084 2118 1137 aditum

511 1182 568 1235 in
598 1180 909 1249 conﬁdentia
950 1196 1038 1249 per
1065 1179 1219 1249 [idem
1253 1179 1412 1248 ipsius
1435 1177 1538 1248 (l).
1573 1175 1722 1232 Licet
1763 1177 1813 1230 in
1860 1175 2120 1248 mysterio

511 1273 819 1346 praesentize
841 1274 1050 1328 Domini
1075 1273 1242 1328 nostri
1257 1272 1382 1328 Jesu
1401 1270 1597 1326 Christi
1617 1281 1670 1326 et
1692 1269 1990 1340 redemptio
2014 1270 2123 1324 l'ac-

510 1381 564 1426 ta
587 1370 728 1426 sitet
750 1371 895 1425 salus
922 1369 1066 1433 data,
1096 1383 1302 1422 summa
1329 1377 1600 1434 tamen,et
1625 1380 1751 1422 vere
1778 1366 1844 1436 (si
1875 1364 2122 1419 attenda-

515 1467 664 1532 mus)
686 1464 800 1518 hzec
815 1479 1023 1518 summa
1040 1463 1150 1517 sola
1175 1471 1277 1528 est,
1301 1471 1446 1517 certe
1470 1461 1718 1525 maxima,
1745 1459 1886 1532 quod
1905 1459 2123 1515 libertas

518 1557 676 1612 nobis
706 1556 829 1610 data
872 1563 972 1610 est.
1002 1554 1212 1610 Etenim
1245 1553 1414 1624 pressi
1451 1554 1757 1622 captivitate
1788 1566 1892 1606 non
1915 1550 2127 1605 valeba-

519 1664 642 1704 lllUS
673 1665 767 1719 per
793 1649 963 1720 legem
1001 1648 1275 1713 resistere,
1308 1646 1444 1701 sicut
1472 1645 1586 1716 ipse
1614 1645 1743 1700 dicit
1766 1643 1907 1714 quod
1943 1654 2126 1698 nostra

520 1743 805 1799 infirmitas
830 1755 1059 1812 corpore
1121 1741 1373 1796 resistere
1397 1755 1501 1794 non
1529 1739 1746 1794 valeret.
1787 1737 1940 1793 Venit
1969 1738 2128 1809 igitur

515 1844 580 1888 ut
603 1836 842 1890 vinceret
870 1848 1112 1898 carnem,
1145 1843 1198 1888 et
1245 1841 1473 1887 mortem
1526 1847 1620 1904 per
1671 1840 1896 1886 mortem
1952 1846 1966 1882 :

518 1927 683 1992 victa,
737 1925 864 1980 fecit
919 1925 1173 1996 possibile
1217 1924 1372 1979 nobis
1413 1939 1555 1992 eSse,
1601 1923 1742 1995 quod
1794 1923 2128 1995 impossibile

521 2020 898 2077 credebamus.
935 2022 1060 2074 Data
1091 2034 1221 2090 ergo
1250 2019 1466 2074 libertas
1494 2029 1598 2084 est,
1631 2027 1686 2074 et
1712 2017 1865 2073 datus
1901 2017 1968 2072 ad
1999 2032 2129 2071 con-

523 2115 799 2170 lidentiam
828 2112 1002 2168 aditus
1032 2129 1128 2184 per
1159 2112 1318 2168 lidem
1349 2111 1538 2182 ipsius,
1565 2113 1664 2167 hoc
1705 2121 1787 2166 est
1817 2125 1938 2166 cum
1970 2111 2132 2164 tidem

527 2211 586 2266 in
613 2211 786 2280 ipsum
815 2208 1094 2262 habemus.
1123 2205 1325 2272 Monui,
1349 2215 1405 2262 et
1445 2219 1590 2276 saepe
1621 2205 1826 2269 monui,
1858 2219 1977 2258 eam
2009 2218 2132 2258 esse

525 2299 744 2370 januam
771 2297 1104 2354 liberationis
1126 2305 1348 2363 nostrre,
1373 2295 1420 2351 si
1443 2297 1494 2350 in
1515 2294 1790 2350 Christum
1812 2295 2130 2350 credamus:

523 2396 844 2466 mysterium
869 2394 1013 2449 enim
1031 2392 1146 2462 ejus
1174 2391 1424 2447 liberavit
1447 2406 1565 2454 nos,
1591 2391 1635 2445 si
1663 2405 1786 2445 eum
1819 2401 2132 2460 sequamur.

531 2489 684 2544 Tune
713 2488 857 2543 enim
899 2486 1145 2559 proderit
1189 2485 1345 2541 nobis
1390 2485 1510 2558 ejus
1541 2499 1688 2539 mors
1733 2495 1785 2538 et
1811 2483 1928 2553 ejus
1959 2495 2137 2536 resur-

535 2584 729 2648 recdo,
763 2583 807 2636 si
835 2581 992 2636 [idem
1017 2582 1066 2634 in
1091 2595 1212 2635 eum
1239 2579 1566 2643 habeamus;
1589 2577 1730 2647 quod
1761 2577 1941 2631 omnia
1972 2587 2136 2645 prop-

533 2684 619 2731 ter
671 2692 769 2730 nos
809 2685 863 2729 et
909 2673 1030 2729 fecit
1059 2683 1112 2726 et
1145 2686 1333 2743 passus
1363 2681 1465 2727 est.
1507 2669 1854 2727 Coutidamus
1881 2684 2032 2740 ergo,
2065 2669 2140 2722 si-

537 2769 648 2824 cuti
681 2766 974 2840 subjungit.

607 2859 774 2916 Vens.
810 2859 896 2914 15.
951 2890 1021 2899 ——
1053 2855 1274 2927 Propter
1294 2856 1434 2928 quod
1454 2865 1569 2926 pcto
1600 2869 1662 2908 ne
1683 2853 1935 2921 deficiatis
1963 2854 2014 2907 in
2051 2853 2144 2908 tri-

538 2955 880 3011 bulationibus
910 2953 1031 3006 meis
1059 2969 1152 3028 pro
1183 2951 1319 3006 vobis
1344 2968 1361 3017 ;
1384 2964 1497 3020 qua:
1523 2959 1593 3004 est
1617 2950 1784 3021 gloria
1817 2958 2001 3003 vestra.
2036 2948 2142 3002 Ex-

536 3051 899 3106 liortatiOnem
930 3063 1087 3119 quam
1107 3046 1263 3101 debet
1289 3047 1560 3111 omnibus,
1585 3056 1642 3098 ut
1671 3059 1766 3098 eos
1796 3045 2144 3098 conlirmatos

540 3145 812 3208 redderet,
832 3143 883 3197 in
901 3157 958 3196 se
974 3141 1262 3196 reVocavi't.
1281 3139 1504 3210 Propter
1533 3139 1692 3204 hanc,
1711 3137 1902 3209 inquit,
1927 3149 2143 3190 causam

1769 313 1957 368 MARII
2005 314 2349 371 VICTOl’llNl
2381 315 2537 371 AFlll

501 433 824 490 rum.Certis
837 435 1037 491 etenim
1058 434 1268 491 smculis
1285 433 1655 490 determinatis
1671 442 1831 501 atque
1844 432 2110 487 conclusis
2138 437 2183 494 Α

3649 325 3756 383 iiﬁ8

2296 433 2454 488 Vens.
2499 433 2578 486 ii.
2629 462 2699 472 —
2732 431 2902 506 Hujus
2934 435 3009 487 rei
3039 434 3207 504 gratia
3235 434 3382 504 ﬂecto
3410 451 3564 505 genua
3603 442 3661 490 ad
3686 459 3756 510 pa-

2222 538 2345 581 trem
2375 526 2567 579 domini
2591 524 2717 581 Jesu
2743 523 2952 580 Christi.
2988 524 3148 600 Cujus
3193 527 3265 580 rei
3299 527 3458 598 gratia
3484 527 3665 584 scilicet
3687 533 3759 586 tri-

2222 618 2525 674 bulationes
2558 634 2654 690 pro
2685 618 2836 676 vobis
2865 617 3128 674 sustineo.
3167 615 3341 689 Hujus
3365 621 3434 672 rei
3462 623 3613 690 gratia
3646 623 3760 693 [lecto

2221 727 2425 783 genua;
2456 711 2506 766 id
2537 722 2616 772 est
2648 711 2801 782 plene
2829 727 2980 784 rogo,
3010 723 3061 767 et
3087 728 3217 783 rogo
3247 722 3437 783 patrem
3463 712 3665 783 Domini,
3690 734 3762 786 pa-

2224 815 2348 858 trem
2367 802 2573 858 Domini
2596 804 2672 875 (Ι)
2698 805 2855 858 nostri
2875 803 3000 858 Jesu
3025 802 3234 858 Christi.
3259 803 3440 860 Omnis
3461 807 3655 876 quidem
3669 824 3767 881 0pc-

2223 897 2360 952 ratio
2380 911 2476 967 per
2509 893 2784 952 Christum
2819 906 2871 951 et
2910 899 3084 952 omnis
3115 898 3284 966 aetio;
3327 898 3419 954 sed
3458 902 3701 972 quoniam,
3727 915 3768 958 ut

2223 1003 2370 1060 saepe
2400 991 2727 1056 monuimus,
2759 989 3180 1044 ministeriorum
3223 990 3440 1062 Spiritus
3475 991 3653 1048 Christi
3677 1005 3764 1064 est;

2224 1084 2422 1154 quippe
2452 1082 2565 1153 ipse
2596 1081 2950 1137 ministerium
2986 1082 3077 1137 Dei
3107 1092 3219 1151 est,
3251 1095 3303 1138 et
3333 1085 3509 1140 omnia
3544 1086 3664 1140 Deus
3700 1103 3771 1158 per

2227 1175 2440 1248 ipsum;
2473 1175 2673 1232 idcirco
2718 1177 2782 1234 ad
2817 1188 3045 1248 patrem,
3093 1176 3284 1250 inquit,
3310 1178 3457 1249 ﬂecto
3489 1197 3656 1252 genua.
3686 1181 3772 1252 Ipse

2227 1271 2371 1326 enim
2406 1271 2698 1342 rogandus,
2741 1272 2818 1325 uti
2853 1270 3193 1340 misereatur,
3240 1283 3293 1326 et
3335 1271 3621 1339 subveniat,
3651 1275 3773 1330 iidem

2227 1372 2467 1418 nostram
2507 1362 2722 1434 dirigat,
2759 1373 3015 1435 Operetur
3042 1362 3094 1418 iii
3122 1360 3339 1420 Christo
3365 1363 3536 1440 nobis,
3564 1374 3618 1424 ut
3641 1366 3775 1438 ipsum

2231 1454 2508 1512 Christum
2541 1471 2852 1528 sequamur,
2873 1455 3102 1528 atquein
3139 1473 3262 1514 eum
3292 1457 3449 1514 ﬁdem
3483 1459 3710 1516 habentes
3729 1461 3777 1518 ad

2231 1550 2496 1621 promissa
2540 1551 2826 1620 pervenire
2858 1551 3145 1621 possimus.
3181 1550 3407 1608 Precum
3434 1563 3604 1614 autem
3636 1564 3681 1608 et
3716 1572 3776 1610 ro-

2231 1644 2462 1718 gationis
2511 1645 2702 1716 plenus
2743 1643 2993 1711 habitus,
3025 1660 3196 1715 genua
3247 1645 3486 1702 ﬂectere.
3520 1644 3625 1702 Non
3647 1647 3780 1704 solum

2234 1739 2377 1795 enim
2423 1739 2604 1793 animo
2652 1738 2869 1794 ﬂectere
2925 1755 3023 1794 nos
3065 1737 3324 1794 debemus
3366 1739 3421 1795 in
3468 1755 3676 1812 preces,
3713 1742 3781 1796 sed

2024 1843 2130 1901 qua
2159 1847 2209 1908 Β
2238 1833 2400 1888 etiam
2427 1846 2659 1901 corpore
2687 1832 2830 1886 nulla
2865 1840 3014 1902 parte
3035 1831 3225 1888 altiore
3261 1834 3464 1899 simus,
3496 1835 3572 1888 vel
3604 1835 3783 1907 imagine

2236 1924 2567 1990 altitudinis,
2611 1925 2695 1978 vel
2742 1923 2884 1995 quod
2928 1925 3236 1996 Superbiam
3285 1925 3368 1998 (9..)
3416 1927 3604 1984 habere
3641 1929 3782 1984 videa-

2235 2034 2357 2074 mur
2390 2017 2492 2089 (5).
2531 2017 2769 2088 Denique
2812 2018 2920 2072 alio
2952 2019 3068 2072 loco
3099 2035 3112 2072 :
3142 2019 3378 2074 servabit
3426 2019 3528 2075 sibi
3573 2021 3694 2075 Deus
3730 2032 3785 2074 tot

2236 2111 2405 2166 millia
2430 2111 2706 2165 hominum
2728 2109 2822 2182 qui
2854 2125 2958 2165 non
2991 2109 3190 2166 ﬂexere
3233 2125 3408 2182 genua
3439 2122 3558 2167 ante
3583 2109 3782 2183 Baalil).

2312 2205 2475 2260 Vens.
2500 2202 2749 2259 15.-——Ex
2768 2221 2864 2275 quo
2883 2206 3046 2259 omnis
3059 2207 3336 2276 paternitas
3353 2206 3408 2260 in
3424 2206 3558 2262 caelis
3578 2206 3673 2259 etin
3687 2217 3787 2258 terra

2238 2299 2554 2354 nominatur.
2581 2299 2802 2355 Scilicet
2847 2313 2910 2354 ex
2953 2311 3104 2371 patre
3153 2300 3285 2368 Deo,
3335 2313 3390 2355 et
3437 2310 3582 2373 patre
3625 2298 3787 2354 Domini

2244 2393 2417 2448 nostri
2448 2391 2576 2448 Jesu
2615 2393 2818 2448 Christi
2866 2409 2880 2448 :
2920 2394 3034 2465 ipse
3080 2395 3222 2449 enim
3269 2404 3444 2467 pater,
3493 2396 3600 2465 ipse
3631 2394 3788 2468 primus

2242 2499 2413 2558 pater,
2449 2497 2502 2543 et
2532 2488 2600 2542 ab
2629 2488 2746 2560 ipso
2771 2488 3098 2560 quicumque
3128 2498 3278 2558 pater
3306 2497 3394 2543 est
3415 2531 3430 2558 ,
3463 2496 3606 2560 pater
3628 2495 3698 2543 est
3719 2503 3790 2542 uo-

2244 2583 2498 2635 mlnatus.
2551 2579 2619 2635 Et
2664 2591 2842 2636 tamen
2890 2579 2990 2636 hoc
3032 2582 3352 2638 vocabulum
3402 2582 3491 2636 vel
3535 2589 3739 2653 potestas
3771 2597 3789 2632 a

2245 2676 2422 2746 primo
2470 2676 2580 2731 Deo
2620 2685 2793 2747 patre,
2840 2677 2988 2731 velut
3035 2693 3067 2732 a
3113 2676 3282 2746 fonte,
3322 2676 3566 2733 deﬂuxit.
3613 2677 3722 2732 Nam
3755 2685 3794 2730 et

2245 2769 2495 2824 Christus
2524 2779 2676 2840 pater
2705 2771 2946 2824 onmium
2983 2785 3102 2842 quze
3150 2779 3329 2826 creata
3371 2779 3498 2826 sunt
3530 2789 3541 2825 :
3574 2786 3656 2842 per
3682 2768 3795 2823 libri-

2247 2872 2390 2918 slum
2416 2864 2558 2918 enim
2601 2872 2782 2917 creata
2824 2872 2949 2918 sunt
2991 2862 3190 2918 omnia.
3234 2863 3366 2918 ltem
3398 2877 3455 2919 et
3504 2864 3551 2918 in
3581 2859 3794 2934 mysteriis

2252 2967 2402 3029 pater
2565 2956 2631 3010 Et
2663 2956 2861 3010 PauIUs
2889 2957 3121 3026 quodam
3153 2958 3313 3012 modo
3343 2967 3498 3028 pater
3531 2975 3544 3011 :
3582 2955 3794 3028 siquidem

2250 3052 2384 3104 dixit
2409 3050 2499 3103 lilii
2537 3051 2639 3103 inci
2671 3050 2803 3103 estis
2835 3067 2848 3103 :
2882 3064 3003 3120 ego,
3041 3049 3232 3120 inquit,
3278 3048 3328 3104 in
3356 3049 3573 3105 Christo
3597 3047 3706 3104 Jesu
3731 3062 3798 3117 per

2251 3142 2590 3213 evangelium
2622 3156 2716 3196 vos
2746 3141 2930 3212 genui.
2993 3142 3232 3214 Denique
3275 3143 3567 3214 paternitas
3608 3143 3652 3197 in
3685 3142 3798 3196 cretis

542 3237 751 3294 scilicet
799 3237 922 3306 quia
964 3234 1092 3288 mihi
1140 3232 1362 3286 minimo
1410 3231 1650 3286 omnium
1682 3241 1989 3283 sanctorum
2023 3228 2141 3282 data

2251 3237 2497 3293 Christus
2546 3247 2629 3292 est
2663 3255 2675 3292 :
2704 3235 2756 3291 in
2803 3245 2944 3292 terra
2989 3237 3300 3308 paternitas,
3345 3239 3433 3294 vel
3481 3236 3706 3308 apOstoli,
3741 3235 3797 3290 vel

546 3343 631 3386 est
663 3333 776 3385 hzec
807 3332 974 3400 gratia
1004 3330 1143 3382 inter
1170 3337 1355 3400 gentes
1385 3325 1778 3395 evangelizare,
1809 3335 1862 3378 et
1902 3335 2095 3380 cretera
2123 3342 2138 3391 ;

545 3438 772 3496 propter
803 3423 967 3494 quod,
1006 3421 1056 3476 id
1085 3431 1165 3475 est
1203 3431 1420 3490 propter
1449 3421 1603 3473 istam
1635 3433 1874 3483 causam,
1927 3427 2048 3487 peto
2081 3434 2147 3474 ne

547 3517 806 3573 deliciatis
835 3516 889 3570 in
937 3514 1364 3569 tribulationibus
1407 3511 1560 3565 meis.
1607 3509 1827 3565 Multum
1866 3512 2011 3565 enim
2058 3512 2148 3580 qui

553 3610 778 3666 Paulum
807 3615 1106 3680 sequuntur
1130 3605 1336 3676 fatigari
1369 3612 1586 3673 possent
1618 3605 1670 3656 in
1702 3603 1825 3668 title,
1849 3617 1970 3656 cum
1993 3603 2148 3655 audi-

552 3705 942 3764 renteumdem
975 3702 1194 3758 Paulum
1230 3699 1900 3755 tribulationessustinere.
1922 3699 1978 3756 Si
2005 3700 2148 3753 enim

550 3802 643 3858 ille
665 3798 756 3871 qui
778 3797 1057 3870 praedicat,
1101 3796 1193 3867 qui
1229 3794 1586 3865 evangelizat,
1623 3795 1713 3864 qui
1742 3810 1770 3847 a
1797 3793 1908 3850 Deo
1947 3796 2152 3850 electus

549 3904 653 3960 est,
686 3893 852 3949 multa
877 3892 1088 3954 tolerat.
1116 3889 1366 3960 fatigatur
1399 3888 1672 3958 periculis,
1705 3889 1978 3944 laboribus
2010 3889 2151 3942 mul-

547 3990 726 4060 tisque
745 3987 867 4042 aliis
881 3985 1313 4041 tribulationibus
1329 4001 1342 4050 ;
1360 3984 1606 4051 multum,
1622 3983 1860 4054 inquam,
1875 3982 2155 4038 deterren-

551 4096 641 4138 tur
657 4083 733 4137 illi
756 4088 846 4152 qu‘t
875 4097 995 4136 eum
1016 4089 1332 4151 sequuntur,
1360 4087 1416 4134 et
1434 4079 1589 4133 tidem
1607 4093 1745 4149 pene
1765 4093 1868 4133 non
1893 4078 2153 4149 integram

555 4173 1062 4247 incipiunthabere,
1085 4171 1226 4242 quod
1240 4171 1392 4242 quasi
1418 4180 1471 4226 et
1511 4171 1609 4241 ipsi
1640 4169 1930 4242 periclitari
1951 4171 2157 4240 possint

555 4281 610 4326 et
635 4268 871 4340 graviter
902 4265 1184 4331 laborare;
1211 4266 1254 4318 sl
1277 4263 1493 4334 quidem
1519 4263 1609 4319 ille
1639 4263 1727 4334 qui
1749 4263 2080 4334 evangelizat
2106 4271 2160 4319 et

553 4361 836 4435 przedieat,
867 4368 950 4414 est
977 4365 1140 4412 tanta:
1169 4356 1355 4429 gratia:
1389 4353 1467 4429 (2)
1502 4358 1552 4410 in
1583 4356 2037 4411 tribulationibus.
2080 4357 2161 4412 Sit

557 4471 689 4528 ergo
730 4464 876 4526 peto,
924 4451 1114 4522 inquit,
1148 4460 1368 4521 propter
1405 4450 1457 4503 id
1499 4447 1642 4520 quod
1691 4449 1823 4503 mihi
1862 4449 2158 4504 revelatum

560 4558 664 4616 est,
699 4560 756 4603 ut
782 4565 882 4602 non
905 4561 991 4601 vos
1020 4544 1274 4614 deﬁciatis
1303 4544 1358 4596 in
1385 4542 1802 4596 tribulationibus
1830 4542 1953 4596 meis
1987 4557 2004 4596 :
2028 4556 2162 4612 quas

2251 3333 2573 3408 quicumque
2603 3332 2957 3402 evangelizat,
2981 3332 3064 3386 vel
3089 3334 3177 3403 qui
3208 3331 3368 3394 tradit
3393 3337 3706 3406 mysterium.
3735 3330 3799 3382 llis

2252 3425 2393 3480 enim
2427 3423 2602 3478 modis
2629 3431 2792 3494 atque
2819 3423 2939 3478 aliis
2971 3424 3154 3479 multis
3176 3424 3268 3478 lilii
3295 3425 3548 3479 dicuntur
3576 3425 3655 3496 qui
3681 3422 3798 3476 tidem

2254 3521 2542 3590 accipiunt,
2576 3530 2630 3572 et
2657 3518 2728 3571 illi
2757 3529 2939 3588 patres
2978 3519 3067 3589 qui
3100 3518 3336 3574 tradunt.
3368 3519 3660 3578 Paternitas
3683 3517 3800 3592 igitur

2254 3611 2432 3667 omnis
2462 3626 2491 3663 a
2525 3607 2636 3664 Deo
2656 3619 2806 3679 patre
2831 3608 3210 3680 proﬁciscitur.

2327 3701 2732 3770 “535.16,”.
2800 3733 2870 3744 -—
2919 3701 2986 3759 Ut
3028 3706 3110 3759 det
3157 3707 3293 3760 vobis
3337 3707 3610 3762 secundum
3649 3703 3801 3759 diiitiis

2256 3795 2436 3868 gloria:
2478 3809 2585 3849 sure
2628 3795 2810 3849 uirtute
2849 3797 3130 3866 confortari
3161 3797 3238 3870 (6)
3281 3814 3370 3868 per
3409 3799 3640 3869 spiritum
3672 3812 3800 3859 suum,

2258 3893 2310 3944 in
2342 3891 2580 3944 interiore
2619 3890 2824 3944 homine
2852 3891 2929 3962 (7)
2964 3907 2976 3943 :
3009 3890 3238 3945 habitare
3286 3891 3548 3947 Christum
3584 3907 3664 3966 per
3688 3889 3802 3959 ﬁdem

2257 3983 2311 4037 in
2333 3983 2568 4038 cordibus
2598 3983 2792 4036 vestris.
2827 3981 2972 4052 Quas
2997 3998 3186 4054 preces
3216 3985 3411 4040 habeat
3447 4002 3540 4058 pro
3569 3983 3800 4058 Ephesus,

2260 4079 2564 4148 eitpressit;
2599 4088 2656 4134 ut
2683 4077 2776 4132 det
2805 4078 2976 4145 vobis,
3010 4078 3221 4149 inquit,
3253 4079 3467 4134 divitias
3505 4080 3804 4152 gloriwzeas-

2261 4188 2368 4244 que
2403 4171 2617 4227 divitias
2655 4170 2887 4226 ostendit
2921 4171 3148 4242 gloriam
3188 4173 3302 4238 Dei,
3333 4173 3530 4228 virtute
3569 4167 3802 4228 conlorlari

2264 4283 2362 4340 per
2391 4266 2646 4337 Spiritum
2673 4279 2829 4320 suum
2851 4308 2866 4334 ,
2897 4267 2971 4320 uti
2999 4264 3168 4320 fortes
3213 4265 3502 4321 adversum
3545 4278 3732 4320 carnem
3767 4265 3805 4310 et

2263 4363 2443 4418 carnis
2471 4361 2737 4418 desideria
2777 4361 2905 4429 sint,
2941 4370 2998 4417 et
3041 4361 3325 4418 adversum
3370 4370 3654 4432 potestates
3689 4356 3804 4426 hujus

2265 4455 2450 4512 mundi
2505 4455 2905 4525 iniquissimas;
2955 4453 3097 4526 quod
3143 4455 3202 4510 lit
3238 4462 3293 4511 et
3322 4454 3467 4526 quod
3500 4451 3716 4527 provenit
3738 4461 3806 4519 per

2266 4549 2528 4621 Spiritum
2579 4548 2692 4604 Dei.
2740 4547 3203 4615 Quemadmodum
3249 4555 3430 4603 autem
3474 4563 3565 4619 per
3601 4544 3805 4616 Spiritum

563 4650 744 4694 tamen
791 4639 1166 4693 lribulaliones
1212 4651 1317 4690 ιιοιι
1365 4648 1490 4690 meo
1537 4634 1730 4688 ηιετίιο
1761 4633 1955 4704 Pallor.
1988 4646 2162 4704 neque
2188 4649 2240 4710 1)
2269 4641 2362 4698 Dei
2388 4640 2783 4709 eonl'ortantur,
2802 4640 2852 4695 id
2879 4649 2962 4696 est
2991 4641 3156 4696 fortes
3187 4641 3520 4697 redduntur?
3545 4642 3593 4695 in
3621 4638 3807 4691 interiore

561 4748 684 4791 mea
710 4747 902 4797 causa;
932 4731 1027 4786 sed
1054 4729 1306 4801 quoniam
1331 4744 1426 4783 vos
1454 4727 1537 4784 vel
1571 4726 1767 4781 inlirmi
1793 4727 1846 4781 in
1877 4727 1980 4782 [ide
2008 4727 2161 4795 eStis,

559 4827 648 4880 vel
676 4823 852 4878 adhuc
887 4822 1188 4894 trepidulis,
1231 4831 1286 4878 et
1313 4823 1496 4878 nescio
1538 4821 1811 4893 quomodo
1839 4822 1944 4876 alia
1974 4821 2165 4892 adjun-

566 4919 714 4991 gitis.
764 4916 971 4971 Idcirco
1002 4932 1101 4988 ego
1157 4917 1528 4972 tribulationes
1559 4918 1821 4982 sustineo,
1853 4915 2041 4971 volens
2068 4931 2164 4971 vos

561 5012 630 5066 ad
675 5008 1016 5079 disciplinam
1070 5024 1250 5063 veram
1290 5012 1834 5080 observationemque
1884 5024 2160 5076 revocare,

559 5115 664 5160 uta
685 5101 901 5158 Christo
921 5117 988 5157 ne
1006 5101 1292 5167 recedatis;
1309 5101 1521 5156 nihilad
1539 5102 1812 5158 Christum
1837 5103 2160 5174 adjungatis,

562 5199 736 5253 solam
763 5211 914 5268 spem
955 5195 1024 5250 de
1049 5191 1268 5248 Christo
1301 5195 1562 5250 habeatis.
1595 5197 1721 5251 Hinc
1752 5212 1856 5252 non
1878 5208 1962 5252 est
1995 5197 2163 5267 gloria

560 5299 780 5356 vestra;
807 5303 942 5355 mea,
974 5287 1165 5358 inquit.
1196 5286 1335 5358 Ergo
1365 5286 1739 5345 tribulationes
1783 5291 2033 5362 quoniam
2067 5305 2164 5362 pro

562 5384 718 5440 vobis
738 5395 898 5454 sunt;
931 5383 1128 5455 gloria,
1158 5383 1350 5454 inquit,
1391 5389 1566 5438 vestra
1606 5393 1706 5451 est,
1741 5395 1797 5439 ut
1825 5385 1891 5442 ad
1936 5385 2164 5456 gloriam

565 5492 657 5532 me
691 5477 994 5543 laborante,
1025 5486 1304 5547 operante,
1326 5490 1420 5546 per
1451 5476 1828 5533 tribulationes
1847 5480 2164 5546 exercitato,

566 5569 634 5625 ad
661 5569 888 5640 gloriam
918 5580 1152 5624 vestram
1184 5571 1370 5625 venire
1399 5568 1636 5644 possitis.

643 5703 914 5779 (l)_Vulg.
947 5720 959 5756 :
986 5703 1177 5779 ln‘quo
1199 5705 1444 5762 habemus
1465 5706 1729 5779 fiduciam,
1759 5717 1804 5764 et
1829 5722 2086 5764 accessum
2111 5709 2167 5764 in

569 5777 882 5846 conﬁdentia
913 5791 1002 5846 per
1027 5777 1183 5845 [idem
1215 5781 1347 5848 ejus.

638 5851 721 5919 (ἲ)
759 5855 834 5911 lta
856 5857 1016 5913 codd-

2269 4737 2490 4802 homine,
2534 4735 2726 4806 inquit,
2770 4735 2999 4789 habitare
3043 4735 3320 4790 Christum.
3359 4735 3599 4792 Christus
3632 4731 3748 4788 enim
3769 4727 3806 4780 iu

2268 4831 2487 4887 homine
2528 4831 2804 4897 interiore,
2847 4828 2898 4884 id
2921 4838 3003 4885 est
3027 4829 3078 4884 in
3100 4830 3300 4897 anima,
3327 4845 3448 4884 cum
3481 4829 3700 4886 habitare
3723 4834 3804 4876 cce-

2266 4926 2427 5000 perit,
2453 4925 2622 4981 fortes
2645 4925 2840 4979 virtute
2863 4937 2959 4993 per
2984 4923 3240 4994 Spiritum
3263 4923 3556 4978 redduntur
3578 4917 3804 4975 homines:

2268 5019 2613 5090 espelluntur
2637 5019 2778 5073 enim
2809 5019 2988 5078 omnia
3014 5033 3136 5090 qua:
3161 5018 3384 5073 adversa
3411 5026 3550 5072 sunt.
3583 5006 3807 5084 Quomodo

2269 5121 2448 5167 autem
2480 5110 2687 5167 habitet
2712 5110 2960 5168 Christus
2999 5113 3052 5166 in
3091 5111 3348 5166 interiore
3373 5110 3605 5178 homine,
3631 5100 3809 5174 subjecit

2343 5274 2422 5350 (l)
2465 5273 2536 5350 ita
2561 5275 2762 5350 repetit
2791 5290 2941 5350 more
2963 5289 3061 5331 suo
3088 5273 3416 5332 Victorinus.

2459 5347 2608 5422 Codd
2619 5388 2630 5400 .
2653 5349 2923 5422 superbire.

2348 5417 2442 5544 (δὲ.
2469 5419 2732 5546 {Volicanus
2767 5419 3022 5476 Victorini
3049 5419 3351 5476 doctrinam
3369 5419 3437 5478 de
3455 5417 3702 5477 orantium
3721 5421 3810 5466 cor-

2350 5507 2405 5546 ra
2427 5509 2445 5546 l
2491 5508 2537 5545 l3
2582 5502 2676 5545 ιιυ.

2313 5491 2445 5554 orali
2474 5491 2676 5546 habitu.

2274 5514 2445 5572 pol'au
2474 5514 2676 5546 namtu.

2348 5563 2428 5638 (ts)
2470 5561 2536 5638 lli
2567 5562 2701 5635 Reg,
2731 5577 2843 5638 xix,
2875 5561 2982 5638 18;
3011 5567 3077 5624 ad
3103 5567 3262 5624 Rom.
3292 5582 3368 5633 ιι,
3393 5567 3443 5622 4.

2347 5624 2430 5708 (5)
2470 5624 2790 5712 Nempe—qui
2828 5624 3028 5712 initiat,
3073 5651 3224 5712 pater
3261 5624 3454 5696 dicitur
3498 5632 3690 5694 initiati.
3733 5624 3810 5682 Be-

2275 5713 2394 5770 cole
2410 5706 2526 5764 col.
2560 5707 2730 5773 1184,
2761 5713 2872 5761 out.
2903 5706 2959 5762 2.

2347 5777 2426 5853 (ti)
2467 5777 2647 5853 Yulg.,
2671 5777 3011 5853 corroborari.

2348 5849 2430 5924 (7)
2471 5849 2650 5922 Vulg.,
2675 5851 2730 5904 in
2753 5851 3045 5914 interiorem
3074 5855 3349 5913 hominem.
