4010 6306
306 223 447 281 1269

1312 217 1378 275 ιΝ
1419 213 1807 274 EPIS’I‘OLAM
1847 215 1944 272 AD
1982 211 2316 271 EPIIESIOS
2352 214 2556 271 LIBER
2596 217 2638 272 Ι.

3476 224 3615 280 i270

304 357 397 412 per
423 340 601 412 ﬁdem,
631 341 844 414 inquit,
877 340 929 395 in
956 339 1192 396 cordibus
1230 337 1430 394 vestris.
1466 335 1606 407 Ergo
1643 331 1813 389 facilis
1844 337 1902 388 et
1929 330 1979 393 Δ
2005 330 2249 400 Longam
2291 338 2376 386 est
2400 330 2543 403 quod
2582 332 2898 404 producitur
2937 337 3089 406 quasi
3130 343 3321 394 contra
3352 352 3471 396 nos.
3506 341 3605 397 La-

303 433 589 507 magniﬁca
617 448 709 491 res
736 443 819 490 est
848 451 861 488 :
886 432 1058 489 facilis
1083 434 1228 489 ineo
1247 427 1391 505 quod
1420 428 1550 485 ﬁdes
1568 426 1684 483 sola
1714 425 1901 496 implet

301 514 509 587 tantum
540 544 735 587 munus
775 538 829 587 et
876 538 1080 585 tantum
1103 525 1447 593 beneﬁcium,
1478 533 1535 580 ut
1562 524 1617 578 in
1645 520 1900 579 cordibus

300 622 503 678 nostris
538 620 784 677 Christus
830 621 1054 678 habitet.
1097 621 1216 691 Quo
1248 616 1526 676 habitante
1553 613 1680 688 quid
1709 626 1901 671 conse-

299 715 557 789 quimur?
588 724 646 772 ut
674 714 929 773 fortiores
955 715 1128 773 simus
1157 731 1253 789 per
1293 714 1576 786 Spiritum,
1610 721 1664 768 et
1694 711 1773 767 sic
1804 709 1899 765 ha-

296 809 523 871 beamus
549 810 765 870 divitias
786 810 971 883 glorize
1001 810 1114 878 Dei,
1148 819 1203 866 et
1230 809 1394 866 fortes
1419 804 1611 864 redditi
1642 800 1776 861 nihil
1804 810 1897 876 pe-

294 904 457 965 riculi
484 905 866 972 sustineamus,
884 915 1294 961 contemnamus
1320 900 1597 964 mundum,
1618 898 1895 955 vincamus

295 1011 490 1055 omnes
517 996 880 1068 iuiqnissimas
910 1004 1225 1070 potestates.
1272 994 1365 1050 liae
1389 1002 1516 1050 sunt
1543 992 1748 1049 divitiae
1776 991 1890 1047 Dei.

293 1087 584 1161 Speremus
623 1091 783 1148 etiam
810 1089 1041 1162 gloriam
1081 1099 1135 1145 et
1184 1085 1658 1161 repromissionem
1684 1084 1737 1139 in
1759 1085 1891 1139 veri.

290 1194 394 1242 tate
421 1184 500 1259 (l)
527 1186 741 1241 radicati
765 1195 813 1241 et
837 1185 1060 1259 fundati.
1087 1180 1375 1240 Maximum
1406 1190 1731 1255 praeceptum
1764 1179 1888 1248 huc,

290 1287 348 1336 et
375 1279 570 1350 ubique
596 1292 625 1333 a
658 1277 824 1335 Paulo
851 1277 1084 1349 positum
1107 1318 1123 1345 ,
1155 1285 1210 1332 et
1248 1291 1277 1332 a
1323 1293 1409 1332 me
1446 1274 1500 1329 in
1525 1271 1891 1330 admonitione

285 1372 486 1442 saepius
507 1372 894 1430 constitutum:
919 1372 1042 1443 quia
1075 1369 1302 1426 ﬁrmitas
1319 1376 1374 1424 et
1397 1364 1815 1432 ﬁrmamentum,
1836 1372 1888 1421 et

286 1472 433 1521 tOtns
451 1465 645 1521 animae
672 1462 740 1521 ad
770 1462 1126 1521 aeternitatem
1148 1468 1342 1533 status,
1367 1461 1420 1515 in
1444 1460 1654 1517 veritate
1679 1465 1781 1524 est,
1818 1454 1887 1513 de

282 1569 390 1627 qua
420 1570 565 1629 saepe
608 1555 716 1613 dixi
745 1573 759 1609 :
791 1571 912 1626 quae
950 1565 1004 1611 et
1049 1555 1103 1610 in
1147 1552 1312 1610 Deum
1339 1553 1468 1612 etin
1496 1550 1770 1608 Christum
1801 1558 1886 1608 est

281 1646 539 1716 charitas,
555 1656 609 1704 et
624 1647 767 1705 circa
794 1646 1060 1705 homines.
1084 1644 1211 1703 Haec
1231 1640 1702 1702 radicatamefilcit
1723 1642 1882 1700 ﬁdem

279 1748 521 1795 nostram
551 1749 607 1798 et
632 1738 930 1796 laudatam.

352 1829 516 1888 Vens.
552 1832 643 1900 l8,
675 1828 760 1890 i9.
811 1862 884 1873 —
909 1830 979 1889 Ut
1006 1831 1223 1904 possitis
1260 1828 1725 1902 comprehendere
1752 1840 1873 1885 cum

192 1950 201 1959 α
273 1922 527 1980 omnibus
559 1923 780 1993 sanctis,
813 1939 935 1998 quae
965 1920 1037 1981 sit
1062 1922 1289 1980 latitudo
1330 1933 1385 1979 et
1421 1921 1700 1995 longitudo
1724 1932 1778 1978 et
1798 1920 1878 1976 al-

273 2012 447 2073 titudo
475 2014 555 2089 (2)
582 2025 639 2075 et
664 2017 1011 2092 profundum.
1043 2017 1189 2074 Scire
1235 2019 1387 2073 etiam
1423 2016 1875 2091 supereminentem

269 2110 497 2167 scientiis
519 2111 819 2166 charitatem
852 2109 981 2167 Iesu
1020 2108 1230 2167 Christi.
1277 2110 1504 2167 Precum
1543 2124 1782 2177 suarum,
1817 2120 1875 2165 ut

270 2202 402 2274 dixi,
428 2220 692 2263 summam
709 2207 989 2278 exposuit;
1028 2205 1171 2277 quod
1199 2216 1351 2278 roget
1377 2205 1542 2262 Deum
1572 2210 1629 2260 ut
1655 2200 1875 2277 Ephesii

267 2308 688 2378 conscqttantUr.
722 2299 779 2357 In
806 2316 914 2372 quo
938 2315 1042 2355 non
1076 2297 1326 2369 Ephesiis
1358 2306 1571 2354 tantum
1596 2298 1699 2355 hoc
1726 2295 1872 2354 acci-

267 2390 523 2467 piendum
554 2403 637 2450 est
679 2392 886 2464 precari
916 2391 1164 2463 Paulum,
1194 2406 1353 2465 quam
1396 2390 1647 2448 omnibus
1685 2393 1777 2463 qui
1817 2391 1871 2447 in

266 2483 540 2543 Christum
585 2482 836 2541 credunt.
886 2482 1091 2543 Prmter
1139 2484 1300 2559 igitur
1352 2485 1484 2553 ista,
1537 2498 1658 2556 qua:
1711 2496 1872 2555 supra

265 2574 532 2645 diximus;
563 2583 814 2653 precatur
839 2587 895 2634 et
926 2584 1099 2650 rogat,
1129 2586 1184 2631 ut
1209 2574 1459 2651 Ephesiis
1480 2576 1680 2631 tribuat
1706 2575 1868 2641 Deus,

262 2666 397 2729 illud
435 2686 653 2745 quoque
678 2668 825 2747 quod
853 2678 938 2727 est
964 2671 1259 2726 maximum
1311 2670 1389 2725 uti
1433 2670 1714 2725 scientiam
1742 2683 1873 2724 cou-

276 2775 607 2837 sequantur,
666 2764 1039 2832 altitudinem,
1097 2761 1538 2835 profunditatem.
1616 2756 1874 2817 Precatur

267 2860 430 2917 etiam
472 2868 531 2915 ut
569 2867 972 2933 consequantur
1005 2856 1227 2932 Ephesii
1275 2857 1594 2913 charitatem
1625 2853 1867 2925 Christi;

260 2968 381 3026 quae
401 2952 637 3009 Charitas
677 2968 839 3024 supra
880 2951 1160 3009 scientiam
1193 2949 1450 3023 praevalet
1478 2961 1531 3006 et
1557 2951 1860 3021 superemi-

257 3056 381 3117 net,
422 3047 650 3119 piusque
689 3044 757 3101 ad
798 3045 1024 3101 salutem
1073 3043 1322 3117 proiicit,
1373 3054 1428 3100 et
1474 3044 1540 3100 ad
1591 3048 1868 3100 aeternita-

2006 433 2116 480 tum
2167 423 2310 494 quod
2347 423 2495 495 juxta
2528 438 2628 481 nos
2655 441 2749 497 per
2772 435 3001 500 utraque
3022 428 3191 486 latera
3219 433 3476 489 tenditur.
3510 436 3607 491 Al-

2002 525 2139 584 tum,
2166 527 2228 573 ut
2256 516 2391 583 dixi,
2435 516 2579 589 quod
2604 520 2672 576 ad
2702 523 2980 592 superiora
3015 524 3252 595 pertinet
3277 528 3336 582 et
3356 527 3429 583 ad
3460 528 3602 586 inle-

2001 611 2165 667 riora.
2198 611 2296 667 Hic
2338 612 2503 684 igitur
2534 614 2841 685 composuit
2867 616 3206 675 altitudinem
3236 629 3292 676 et
3322 621 3601 693 profundi-

1999 712 2186 761 tatem.
2219 705 2395 778 Ipsum
2438 704 2580 778 quod
2623 720 2724 763 nos
2752 708 2918 765 altum
2944 709 3201 780 diximus,
3237 713 3292 769 in
3330 713 3437 770 duo
3464 716 3601 772 divio

1998 798 2099 865 sit;
2140 804 2197 853 ut
2222 797 2389 854 altum
2427 799 2638 857 dicem
2661 801 2804 872 quod
2844 801 2897 858 in
2939 804 3331 875 superioribus,
3374 817 3430 864 et
3473 824 3602 880 pro-

1997 891 2221 949 fundum
2245 893 2462 965 quodin
2492 893 2863 953 inferioribus.
2898 897 2972 953 Ita
2998 899 3168 956 altum
3198 900 3468 971 dividens,
3491 902 3601 959 duo

1995 985 2316 1054 collocavit,
2345 996 2401 1042 et
2430 985 2570 1043 facta
2612 998 2739 1042 sunt
2765 998 3015 1060 quatuor.
3042 1006 3163 1064 quin
3189 994 3289 1048 tria
3329 1004 3456 1049 sunt
3494 1010 3593 1066 per

1995 1092 2264 1136 naturam.
2290 1080 2432 1151 Ergo
2459 1079 2576 1138 hac
2611 1080 2773 1136 veluti
2817 1097 3067 1139 mensura
3090 1097 3367 1156 corporea:
3394 1087 3596 1143 intelli-

1993 1174 2186 1246 gentiae
2209 1176 2411 1231 homini
2434 1175 2671 1230 interiori
2688 1175 3006 1232 insinuanda
3019 1185 3073 1233 et
3095 1178 3468 1249 perspicienda
3485 1188 3593 1249 est,

1993 1276 2052 1325 ut
2073 1269 2217 1325 circa
2243 1269 2408 1325 Deum
2437 1269 2552 1325 haec
2580 1266 3088 1328 animadvertantur.
3120 1269 3256 1328 Cum
3278 1276 3422 1330 enim
3446 1275 3587 1332 Dens

1992 1379 2089 1436 per
2116 1363 2294 1419 omnia
2322 1364 2378 1419 et
2411 1365 2466 1417 in
2509 1362 2760 1419 omnibus
2788 1362 2879 1431 sit,
2899 1374 2956 1420 et
2974 1365 3045 1420 sit
3069 1365 3276 1434 omnia,
3304 1378 3361 1423 et
3387 1382 3452 1423 ex
3481 1378 3592 1439 quo

1990 1467 2117 1514 sunt
2151 1458 2360 1526 omnia,
2387 1466 2442 1514 et
2473 1473 2570 1529 per
2593 1473 2751 1529 quem
2792 1468 2921 1514 sunt
2959 1459 3163 1527 omnia,
3198 1473 3258 1518 et
3286 1477 3449 1534 super
3475 1480 3596 1519 om-

1989 1553 2100 1619 nia,
2140 1550 2249 1606 illic
2277 1560 2360 1607 est
2406 1552 2647 1607 scientite
2690 1550 2843 1607 labor
2873 1553 3305 1611 animadvertere
3348 1564 3405 1612 et
3448 1558 3592 1613 scire

1987 1656 2107 1714 qua:
2150 1645 2221 1700 sit
2265 1644 2563 1715 longitudo,
2604 1660 2725 1716 quas
2770 1646 3019 1714 latitudo,
3050 1660 3174 1719 quas
3221 1650 3582 1720 profunditas.

1910 1742 1959 1809 Β
1986 1739 2114 1806 Qum
2155 1738 2335 1793 omnia
2373 1738 2824 1810 quemadmodum
2868 1739 2976 1796 sint
2999 1740 3086 1797 vel
3124 1742 3348 1815 intelligi
3377 1744 3587 1815 possint

1980 1830 2276 1887 secundum
2333 1830 2672 1901 partitionem
2724 1832 2881 1887 istam
2919 1844 3021 1889 :et
3056 1834 3280 1908 intelligi
3335 1837 3392 1891 in
3453 1837 3585 1904 Deo,

1980 1922 2138 1983 altior
2182 1921 2425 1995 aliusque
2478 1930 2738 1980 tractatus
2783 1934 2884 1981 est.
2935 1926 3177 1997 Denique
3206 1941 3478 1998 precatur,
3526 1941 3585 1983 ut

1980 2013 2203 2087 Ephesii
2253 2016 2370 2072 haec
2411 2016 2711 2089 intelligant
2739 2035 2751 2071 :
2782 2026 2838 2074 et
2866 2033 2934 2074 ne
2974 2019 3283 2090 desperatio
3323 2023 3397 2077 sit
3433 2022 3579 2093 quod

1980 2109 2081 2165 ista
2104 2109 2328 2178 intelligi
2359 2111 2581 2166 minime
2602 2110 2832 2181 possint,
2858 2111 3100 2182 adiunxit
3126 2130 3140 2168 :
3172 2124 3228 2169 ιιι
3250 2116 3585 2183 comprehen-

1980 2201 2102 2256 dere
2138 2202 2368 2273 possitis,
2400 2202 2593 2273 inquit,
2635 2216 2750 2257 cum
2793 2205 3003 2259 sciretis.
3056 2205 3198 2277 Ergo
3226 2209 3397 2263 sancti
3428 2222 3581 2263 com-

1981 2297 2343 2369 prehendunt,
2390 2308 2446 2351 et
2475 2297 2669 2365 exponi
2712 2297 2829 2352 haec
2855 2302 3098 2368 possunt.
3129 2296 3241 2355 Sed
3280 2299 3488 2372 hoo(i)
3524 2311 3582 2358 ut

1979 2389 2089 2446 dixi
2120 2389 2345 2445 alterius
2373 2399 2458 2445 est
2494 2392 2698 2460 operis,
2746 2397 2801 2445 et
2826 2402 3035 2461 magnas
3073 2401 3238 2463 atque
3277 2391 3460 2449 arduae
3487 2409 3584 2448 exe

1980 2481 2286 2553 positionis,
2328 2482 2457 2536 scire
2503 2482 2960 2552 supereminentem
2999 2482 3226 2538 sciattiat
3276 2485 3579 2539 charitatem

1978 2575 2190 2631 Christi.
2219 2574 2620 2632 Attendendum
2648 2574 2995 2632 vehementer
3022 2584 3079 2632 et
3120 2585 3300 2645 acute,
3346 2578 3492 2648 quod
3522 2579 3576 2633 in

1975 2668 2228 2742 precibus
2278 2670 2379 2725 hoc
2419 2678 2540 2725 orct
2582 2667 2802 2736 Paulus,
2842 2679 2901 2725 ut
2954 2668 3173 2741 Ephesii
3221 2669 3325 2726 hoc
3360 2684 3578 2742 quoque

1976 2764 2191 2831 sciant,
2245 2763 2389 2835 quod
2440 2763 2675 2819 charitas
2721 2761 2922 2819 Christi
2980 2763 3385 2834 superemineat
3426 2764 3581 2820 omni

1976 2857 2237 2915 scientiae.
2283 2857 2395 2913 line
2420 2866 2559 2926 orat,
2604 2859 2853 2926 inquam,
2886 2857 3078 2926 sciant,
3123 2858 3218 2929 qui
3258 2859 3405 2916 enim
3447 2861 3572 2927 scit,

1975 2950 2119 3023 quod
2147 2951 2548 3023 supereu‘tiueat
2573 2953 2720 3007 omni
2744 2952 2985 3008 scicntia:
3012 2953 3270 3019 charitas,
3295 2955 3456 3025 plene
3473 2954 3578 3010 im»

1978 3044 2090 3118 plet
2107 3042 2425 3101 charitatem
2448 3046 2499 3099 in
2517 3044 2811 3100 Christum.
2834 3045 2951 3100 Non
2975 3044 3263 3117 igiturorat
3275 3056 3334 3102 ut
3345 3047 3565 3115 faciant,

255 3144 364 3195 tem
398 3134 476 3212 (ὅ)
506 3136 722 3206 animis,
748 3137 795 3194 si
837 3139 1001 3211 aliqui
1027 3136 1106 3213 (4)
1148 3137 1463 3195 charitatem
1493 3138 1549 3195 in
1576 3137 1854 3225 Christum
1883 3121 1928 3183 (ἶ
1963 3141 2085 3213 quia
2114 3140 2489 3210 consequitur;
2519 3139 2614 3193 sed
2640 3147 2779 3204 orat,
2808 3149 2865 3193 ut
2890 3140 3082 3194 sciant.
3139 3139 3209 3196 Ut
3253 3142 3572 3213 impleamini

252 3234 532 3308 suscipiat.
576 3234 652 3291 Ita
696 3248 818 3289 cum
870 3232 1115 3291 docuerit
1164 3232 1269 3309 (5)
1323 3234 1420 3290 tria
1473 3234 1857 3305 perfectionem

252 3326 662 3386 christianitatis
680 3324 925 3399 implere,
955 3324 1139 3397 ﬁdem,
1168 3327 1477 3397 scientiam,
1501 3328 1854 3398 charitatem;

250 3418 432 3477 omnia
479 3416 717 3477 breviter
766 3418 850 3476 hic
886 3421 1209 3492 complexus
1250 3430 1361 3488 est;
1390 3432 1551 3493 atque
1582 3421 1634 3477 in
1684 3423 1859 3495 preci-

250 3506 352 3573 bus
398 3528 458 3570 se
506 3512 705 3571 habere
750 3512 1068 3585 declaravit,
1126 3524 1183 3572 ut
1229 3512 1478 3585 Ephesiis
1528 3514 1648 3570 haec
1712 3516 1855 3572 Deus

248 3613 491 3682 praestet.
532 3602 665 3661 Nam
705 3605 775 3662 de
813 3605 920 3662 ﬁde
959 3607 1038 3663 sic
1084 3606 1300 3664 locutus
1336 3617 1458 3664 est:
1492 3614 1549 3663 ut
1585 3606 1852 3677 habeatis,

248 3696 445 3771 inquit,
469 3694 522 3753 in
549 3696 809 3754 interiore
836 3697 1056 3755 homine
1085 3698 1359 3755 Christum
1398 3698 1729 3757 habitantem
1758 3716 1854 3772 per

246 3788 410 3847 ﬁdem
435 3790 490 3846 in
519 3789 772 3848 cordibus
801 3793 1018 3849 vestris.
1066 3792 1198 3850 ltetn
1237 3792 1305 3849 de
1335 3795 1559 3849 scientia
1593 3794 1673 3851 sic
1703 3793 1853 3851 locu—

248 3894 334 3942 tus
361 3894 447 3943 est
474 3904 488 3941 :
522 3897 578 3942 ut
603 3888 813 3961 possitis
842 3889 1268 3961 comprehendere
1293 3907 1410 3946 cum
1437 3888 1669 3948 omnibus
1695 3909 1849 3950 sanc-

247 3979 311 4034 lis
326 3977 685 4046 latitudinem,
703 3979 1112 4054 longitudinem,
1134 3983 1493 4053 altitudinem,
1516 3986 1850 4057 profundita-

245 4077 377 4127 tem.
407 4070 536 4131 ltem
575 4071 644 4129 de
680 4072 945 4130 charitatc
975 4077 1054 4131 sic
1081 4075 1325 4148 adjungit
1353 4093 1368 4131 :
1400 4077 1541 4135 scire
1567 4079 1729 4135 etiam
1761 4094 1851 4136 su-

246 4165 676 4238 pereminentem
700 4167 941 4224 scientiae
958 4165 1298 4225 charitatem.
1327 4170 1397 4227 Et
1420 4170 1518 4228 tria
1542 4174 1722 4244 posuit
1755 4191 1767 4229 :
1793 4185 1849 4232 et

244 4258 512 4329 ordinem,
545 4260 753 4333 etquid
803 4262 973 4335 magis
1012 4262 1214 4320 valeret
1255 4263 1512 4322 oetendit.
1544 4265 1669 4323 Tria
1698 4281 1845 4338 sunt,

244 4352 402 4423 ﬁdes,
426 4356 671 4426 scientia,
699 4356 955 4413 charitas.
994 4357 1141 4414 Ordo
1169 4369 1275 4427 est,
1308 4370 1366 4415 ut
1395 4361 1543 4432 prior
1574 4362 1705 4418 ﬁdes
1726 4364 1797 4419 sit
1829 4380 1844 4420 :

243 4448 334 4518 qui
362 4446 505 4503 enim
528 4448 720 4515 credit,
743 4448 789 4504 is
814 4448 883 4505 ad
911 4449 1190 4509 scientiam
1216 4455 1381 4507 venit.
1410 4453 1501 4509 Sic
1542 4456 1686 4511 enim
1725 4456 1842 4513 dic-

1963 3233 2101 3289 omni
2132 3232 2449 3304 plenitudine
2472 3229 2570 3285 Dei
2597 3229 2702 3303 (2).
2735 3226 2926 3287 Omnia
2959 3230 3099 3299 haec,
3129 3247 3247 3303 quae
3272 3248 3371 3304 pro
3392 3233 3573 3304 Ειιιιιιο

1962 3327 2056 3383 siis
2090 3333 2213 3382 orat
2242 3324 2459 3391 Paulus,
2491 3324 2793 3379 confortari
2839 3324 2891 3378 iu
2928 3324 3142 3395 spiritu,
3175 3324 3470 3381 confortari
3513 3327 3566 3382 in

1965 3418 2213 3475 interiori
2261 3417 2501 3484 homine,
2526 3423 2580 3472 et
2611 3417 2854 3471 habitare
2877 3414 3153 3472 Christum
3181 3433 3278 3488 per
3303 3418 3486 3485 ﬁdem,
3513 3427 3571 3475 ct.

1964 3516 2232 3574 charitate
2257 3515 2511 3583 radicari,
2557 3515 3023 3586 comprehendere
3048 3531 3171 3573 cum
3214 3518 3417 3575 sanctis
3445 3518 3569 3573 Istic

1963 3612 2226 3679 tudinem,
2251 3608 2668 3683 longitudinem,
2686 3611 3047 3677 altitudinem,
3075 3611 3435 3683 prol‘undum;
3459 3612 3536 3666 sci
3551 3644 3564 3653 -

1958 3722 2020 3763 re
2049 3706 2212 3762 etiam
2245 3704 2388 3776 quod
2420 3705 2825 3774 superemineat
2860 3705 3101 3760 scientia:
3147 3703 3349 3760 Christi
3385 3704 3566 3761 chari-

1957 3808 2069 3866 tas;
2103 3799 2218 3854 haec
2248 3806 2330 3853 est
2357 3796 2633 3868 plenitudo
2662 3798 2777 3860 Dei,
2807 3797 2951 3868 quod
2977 3790 3152 3852 Graeci
3191 3797 3445 3874 πλήρωμα
3474 3795 3568 3870 ἀί·-

1955 3901 2104 3958 cunt,
2136 3889 2188 3947 id
2216 3899 2301 3947 est
2331 3889 2737 3960 perfectionem,
2771 3890 2854 3945 cui
2884 3889 3016 3944 nihil
3039 3889 3182 3944 desit
3207 3906 3223 3944 :
3248 3904 3408 3960 quam
3441 3889 3557 3958 ple-

1955 3983 2251 4042 nitudinem
2277 3982 2529 4041 Christus
2582 3983 2842 4057 mysterio
2879 3996 2981 4039 suo
3019 3990 3294 4053 operatur,
3336 3981 3546 4053 implet,

1954 4090 2009 4137 et
2037 4080 2312 4153 implevit;
2338 4089 2394 4135 ut
2414 4077 2575 4133 faciat
2599 4078 2731 4133 illud
2752 4076 2893 4133 Deus
2912 4079 2967 4132 in
2992 4078 3165 4134 omnia
3187 4087 3235 4133 et
3252 4093 3342 4148 per
3362 4078 3554 4133 omnia.

1954 4170 2082 4229 llaec
2107 4173 2250 4228 enim
2277 4181 2365 4228 est
2391 4170 2687 4243 plenitudo.

2024 4264 2192 4322 Vens.
2223 4265 2315 4333 20,
2340 4265 2433 4322 2t.
2485 4295 2556 4307 —
2578 4263 2645 4319 Ei
2673 4272 2845 4321 autem
2868 4267 2957 4337 qui
2986 4274 3149 4336 potest
3192 4279 3346 4336 super
3381 4267 3555 4321 omnia

1950 4357 2119 4428 facere
2133 4358 2479 4413 abundantius
2496 4372 2649 4430 quam
2670 4358 2890 4425 petimus
2917 4367 2975 4412 ut
2994 4358 3347 4431 intelligimus,
3371 4372 3554 4414 rectm-

1950 4452 2077 4507 dum
2127 4453 2362 4507 virtutem
2401 4466 2516 4522 qua:
2551 4460 2795 4521 operatur
2828 4451 2883 4505 in
2930 4462 3012 4506 me
3038 4449 3121 4524 (5)
3156 4451 3257 4523 ipsi
3283 4451 3451 4524 gloria
3496 4452 3552 4506 in

243 4549 355 4597 tum
377 4550 498 4601 est:
531 4543 577 4600 si
603 4542 967 4613 credideritis,
1001 4550 1127 4603 tunc
1157 4545 1487 4619 intelligetis.
1519 4548 1648 4605 Post
1669 4549 1845 4608 scien-
1875 4540 1926 4603 D
1954 4546 2158 4602 Christo
2177 4545 2306 4602 Jesu
2327 4589 2341 4614 ,
2385 4555 2431 4601 et
2459 4546 2511 4602 in
2539 4544 2793 4613 Ecclesia,
2818 4554 2863 4600 et
2894 4548 2947 4600 in
2977 4560 3150 4601 omnes
3202 4548 3554 4618 generationes

240 4638 371 4694 tiam
404 4641 736 4715 praeponitur
756 4640 1009 4698 omnibus
1038 4640 1275 4700 charitas
1297 4642 1497 4701 Christi
1522 4662 1536 4701 :
1560 4645 1674 4701 sola
1695 4647 1840 4703 enim

239 4732 479 4789 charitas
520 4735 573 4789 in
609 4732 883 4791 Christum
930 4744 981 4793 et
1003 4734 1083 4811 (6)
1114 4735 1467 4804 desiderium,
1502 4746 1556 4793 ct
1583 4752 1754 4808 amor,
1789 4746 1844 4797 et

239 4824 467 4883 allectus
490 4836 545 4885 et
572 4826 860 4901 cupiditas,
897 4828 1075 4885 elevat
1110 4836 1166 4886 et
1200 4827 1393 4888 liberat
1428 4830 1658 4889 animas.
1702 4833 1844 4906 Ergo

238 4923 608 4995 supereminet
632 4923 751 4980 chai
769 4920 872 4982 itas
891 4926 1194 4983 scientiam.

309 5014 463 5085 Quod
498 5025 678 5072 autem
704 5027 933 5089 quatuor
971 5019 1173 5092 posuit,
1214 5037 1334 5095 qua:
1380 5023 1605 5081 scientia
1645 5022 1846 5082 debeat

236 5108 736 5199 comprehendere;
767 5110 1087 5171 naturaliter
1116 5115 1333 5189 quidem
1373 5116 1470 5173 tria
1504 5126 1629 5173 sunt
1662 5136 1675 5174 :
1718 5134 1841 5177 nam

236 5217 493 5261 mensura
532 5204 780 5277 corporis
807 5203 971 5263 habet
1002 5206 1121 5276 tria,
1152 5208 1393 5281 longum,
1427 5210 1620 5280 latum,
1648 5210 1835 5268 altum.

236 5295 421 5351 Altum
451 5304 630 5353 autem
661 5306 767 5353 tam
798 5297 852 5354 in
889 5298 1139 5372 superius
1181 5318 1343 5374 quam
1381 5302 1435 5360 in
1462 5302 1684 5361 inferius
1729 5313 1835 5362 est.

306 5408 388 5621 (1)
428 5411 613 5486 γυιεη
644 5412 697 5468 in
716 5414 984 5471 charitate.

328 5483 364 5537 ‘2
432 5480 608 5553 Vulg.,
631 5483 776 5539 addit
800 5497 845 5540 et
864 5488 984 5542 subli

332 5558 363 5611 5
427 5554 646 5613 Scilicet
674 5556 908 5615 beatam.

328 5480 385 5553 ‘2)
432 5480 608 5553 Vulg,
631 5483 776 5539 addit
800 5497 845 5540 et
864 5482 1170 5544 sublimitas.

332 5554 386 5615 ὃ)
427 5554 646 5613 Scilicet
674 5556 908 5615 beatam.

331 5624 387 5706 ξ)
429 5624 503 5706 ita
526 5626 695 5706 codd.
723 5644 828 5706 pro
847 5628 1057 5704 aliquis,
1084 5631 1303 5706 antiquo
1323 5648 1494 5695 more.

333 5697 387 5770 5)
426 5697 600 5770 Codd.
621 5697 903 5760 docuerim.

308 5768 387 5843 (υ)
416 5768 587 5850 Codd.
619 5775 673 5828 in
704 5788 802 5846 pro
831 5782 898 5829 et.

366 5409 388 5699 ἓ

1947 4640 2125 4696 saeculi
2172 4641 2496 4699 saeculorum.
2528 4639 2673 4697 Ordo
2693 4654 2887 4696 sensus
2912 4639 3069 4695 istius
3098 4659 3110 4693 :
3144 4639 3194 4695 ei
3225 4648 3402 4695 autem
3433 4640 3551 4711 glo-

1948 4734 2030 4788 ria
2060 4733 2112 4787 in
2133 4731 2349 4790 Christo
2377 4732 2525 4798 Jesu,
2547 4741 2601 4789 et
2620 4733 2792 4804 gloria
2822 4732 2874 4787 in
2903 4732 3171 4799 Ecclesia,
3194 4741 3249 4789 et
3274 4734 3325 4788 in
3355 4744 3548 4789 omnes

1945 4826 2326 4899 generationes
2355 4828 2407 4882 in
2426 4826 2622 4882 saecula
2649 4826 3108 4882 smculorum.Cui
3133 4835 3313 4882 autem
3340 4826 3547 4899 gloria?

1947 4919 2020 4986 ei,
2055 4920 2245 4992 inquit,
2287 4920 2377 4991 qui
2418 4927 2596 4990 potest
2636 4935 2798 4990 super
2827 4919 3008 4975 omnia
3040 4920 3229 4991 facere
3264 4920 3547 4975 abundan-

1947 5014 2055 5069 tius
2080 5029 2242 5085 quam
2272 5013 2505 5084 petimus
2553 5022 2642 5068 aut
2694 5012 3060 5083 intelligimus.
3107 5011 3217 5068 Nos
3252 5013 3397 5069 enim
3442 5030 3540 5084 pro

1946 5108 2101 5164 vobis
2131 5108 2247 5163 hac
2275 5123 2514 5174 oranms,
2557 5115 2614 5162 ut
2637 5107 2734 5162 ista
2758 5106 2988 5175 faciatis,
3008 5116 3062 5162 et
3082 5107 3180 5161 ista
3210 5107 3538 5179 intelligatis.

1945 5201 2001 5260 Si
2027 5201 2148 5274 quis
2182 5214 2362 5258 autem
2394 5202 2514 5273 plus
2540 5203 2738 5273 poterit
2767 5211 2824 5255 et
2862 5199 3222 5256 abundantius
3267 5196 3464 5271 poterit
3487 5212 3543 5257 et

1942 5304 2103 5365 supra
2135 5293 2251 5350 haec
2298 5290 2478 5349 omnia
2510 5293 2723 5364 poterit,
2752 5307 2915 5364 supra
2948 5290 3155 5348 scilicet
3197 5307 3359 5364 quam
3404 5296 3542 5365 peti-

1945 5403 2066 5443 mus
2095 5398 2192 5444 aut
2227 5387 2599 5460 intelligimus,
2623 5386 2698 5442 illi
2727 5386 2919 5459 gloria.
2965 5385 3016 5442 Is
3058 5396 3240 5445 autem
3260 5386 3348 5458 qui
3377 5399 3539 5458 supra

2050 5563 2101 5635 i)
2127 5562 2298 5620 Codd.
2342 5578 2499 5620 nunc.

2039 5638 2097 5711 Ξ)
2120 5637 2301 5711 Vulg”
2330 5636 2359 5691 Ι
2365 5657 2407 5711 ιι
2418 5654 2615 5693 omnem
2640 5638 3009 5711 plenitudinem
3023 5638 3138 5698 Dei.

2044 5709 2098 5786 5)
2135 5710 2288 5786 Vulg.
2320 5729 2333 5765 :
2364 5709 2430 5764 Ei
2457 5721 2624 5767 autem
2641 5709 2729 5781 qui
2750 5722 2927 5782 potens
2964 5720 3037 5766 est
3059 5713 3228 5786 omnia
3252 5712 3425 5786 facere
3451 5728 3540 5770 su-

1945 5781 2362 5853 perabundanter
2384 5794 2536 5855 quam
2565 5781 2899 5853 petimus..."
2932 5793 3173 5855 operatur
3190 5781 3432 5842 in'nobis.
