4010 6306
542 257 672 316 ΗΠ
1772 251 1964 308 ΜΑΠΙΙ
2008 249 2112 304 ΠΟ

2219 247 2350 304 RINI
2392 249 2549 305 AFRI
3681 257 3798 314 ητὶ

535 388 591 433 et
619 373 978 431 abundantius
1015 387 1176 444 supra
1222 373 1440 444 poterit,
1482 372 1667 445 utique
1703 370 1899 444 poterit
1939 368 2208 427 secuncA
2238 365 2496 421 unitatem
2567 365 2784 437 spiritus
2867 365 3181 422 servandam
3256 369 3305 424 in
3381 367 3584 424 vinculo
3653 372 3796 440 pacis,

539 467 670 524 dum
701 465 953 521 virtutem
985 479 1104 533 quae
1134 474 1388 536 operatur
1420 465 1472 520 in
1505 463 1682 529 nobis,
1705 460 2002 519 secundum
2032 459 2140 515 vir-
2242 461 2387 532 quod
2416 460 2489 516 ita
2515 469 2570 516 et
2598 461 2684 516 isti
2729 461 2899 516 vocati
2929 463 2978 515 in
3024 477 3124 516 una
3166 477 3260 533 spe
3286 481 3298 517 :
3326 478 3430 518 non
3468 465 3608 518 enim
3650 464 3799 520 diver-

538 569 710 616 tutem
741 558 949 615 scilicet
979 556 1071 612 Dei
1103 566 1159 612 et
1185 556 1383 612 Christi
1431 556 1644 612 Domini
1694 555 1864 611 nostri
1894 597 1909 621 ,
1947 568 2141 610 secun-
2241 567 2356 609 sam
2387 568 2536 624 spem
2561 552 2782 618 habent,
2807 553 2899 608 sed
2931 570 3090 608 uuam
3113 569 3320 618 omnes,
3354 555 3442 626 qui
3481 557 3648 612 vocati
3676 567 3798 626 sunt,

539 655 668 711 dum
696 670 814 711 eam
843 654 986 710 enim
1015 668 1232 722 operor.
1265 653 1332 707 Et
1374 653 1462 707 ille
1504 653 1664 724 igitur
1691 649 1989 706 secundum
2016 663 2137 704 eam
2243 645 2630 716 promissorum
2663 646 2775 700 Dei.
2813 646 2941 712 Quae
2967 657 3142 702 autem
3184 648 3442 717 promissa
3473 659 3613 712 sunt,
3645 662 3801 707 notum

537 748 791 802 virtutem
835 755 1108 815 Oper-stur,
1139 761 1257 815 qua:
1283 753 1366 800 est
1393 745 1443 798 in
1495 745 1670 799 nobis.
1727 743 1891 813 Igitur
1930 741 2002 806 ei,
2045 740 2135 810 qui
2242 749 2324 793 cst
2347 738 2616 792 omnibus.

534 853 697 908 supra
724 836 901 892 omnia
929 835 1044 890 hate
1070 844 1247 905 potest
1267 834 1443 891 facere
1470 834 1834 891 abundantius
1859 848 2021 904 quam
2045 847 2140 903 pe-
2318 830 2476 885 Vsus.
2513 831 2567 898 5,
2599 830 2654 885 6.
2711 863 2779 872 -—
2808 830 2957 887 Unus
3003 831 3277 902 Dominus,
3323 850 3421 888 una
3464 835 3626 902 ﬁdes,
3666 851 3802 892 unum

538 933 702 987 timus
730 937 821 984 aut
851 928 1220 999 intelligimus.
1277 929 1447 998 gloria
1491 929 1564 982 sit
1595 927 1646 982 in
1675 925 1894 981 Christo
1919 924 2047 980 Jesu
2084 934 2139 980 et
2243 923 2524 994 baptisma,
2571 941 2708 980 unus
2755 925 2914 988 Deus,
2961 936 3014 980 et
3058 935 3208 996 pater
3253 929 3511 994 omnium,
3548 929 3637 1000 qui
3673 946 3802 1000 supra

532 1026 590 1081 in
621 1024 799 1079 omnia
833 1021 1052 1088 sa-eula,
1084 1029 1140 1075 et
1177 1021 1228 1075 in
1262 1021 1408 1076 omni
1455 1020 1718 1076 Ecclesia.
1744 1019 1928 1074 Potest
1960 1029 2138 1074 tamen
2241 1018 2441 1083 omnia,
2493 1028 2546 1073 et
2593 1034 2688 1084 per
2732 1035 2922 1075 omnes
2976 1023 3026 1074 in
3075 1021 3323 1076 omnibus
3370 1024 3522 1079 nobis
3566 1025 3662 1095 (l).
3700 1024 3805 1080 Late

538 1119 640 1174 hoc
667 1126 834 1173 totum
869 1116 935 1171 ad
967 1116 1133 1170 Deum
1162 1115 1374 1172 referri.
1399 1115 1516 1185 Ipse
1555 1115 1700 1171 enim
1732 1122 1909 1186 potest
1950 1128 2140 1185 super-
2243 1119 2410 1180 patet,
2441 1120 2495 1166 et
2535 1111 2763 1182 simplex
2804 1120 2981 1168 tamen
3014 1123 3095 1168 est
3127 1114 3226 1168 istc
3257 1125 3545 1180 tractatus;
3579 1135 3699 1172 unus
3726 1118 3806 1172 Da-

535 1211 902 1267 abundantius
944 1210 1040 1263 ista
1069 1208 1265 1264 facere.
1283 1209 1348 1264 Et
1375 1208 1474 1278 ipsi
1505 1209 1697 1278 gloria.
2243 1204 2432 1270 minus,
2460 1201 2511 1257 id
2533 1213 2618 1258 est
2639 1203 2925 1269 Christus;
2954 1222 3058 1259 una
3079 1207 3228 1275 ﬁdes,
3254 1207 3436 1277 utique
3465 1208 3518 1262 in
3545 1208 3802 1274 Christum,

609 1303 766 1359 CAP.
787 1302 1145 1360 lV.—Vsss.
1166 1304 1215 1356 l.
1238 1302 1531 1357 —0bsecro
1558 1301 1638 1374 (Ι)
1661 1317 1849 1373 vosego
1866 1302 2060 1355 vinctus
2086 1301 2138 1355 in
2242 1305 2296 1352 et
2324 1297 2376 1352 in
2411 1297 2605 1362 Deum;
2632 1314 2793 1350 unum
2814 1299 3100 1367 baptisma;
3129 1314 3234 1353 non
3267 1301 3409 1355 enim
3433 1302 3588 1356 aliter
3607 1303 3672 1357 ab
3692 1301 3804 1368 aliis;

535 1398 780 1465 Domino,
811 1408 865 1452 ut
892 1398 1046 1468 digne
1071 1397 1341 1452 ambuletis
1371 1397 1634 1451 vocatione
1662 1413 1765 1466 qua
1798 1397 1960 1451 vocati
1995 1396 2134 1461 estis,
2242 1406 2415 1462 neque
2443 1391 2486 1446 si
2515 1392 2672 1447 aliter
2698 1395 2766 1446 ab
2788 1391 2926 1458 aliis,
2953 1391 3246 1462 baptisma;
3277 1394 3369 1445 sed
3395 1392 3524 1448 illud
3554 1393 3802 1463 baptisma,

543 1508 658 1545 cum
684 1491 822 1544 omni
850 1490 1137 1544 humilitate
1157 1499 1204 1544 et
1232 1490 1624 1543 mansuetudine
1647 1499 1693 1543 ct
1723 1489 1990 1561 patientia.
2041 1487 2138 1543 llic
2245 1485 2389 1557 quod
2417 1487 2468 1540 in
2497 1486 2661 1541 Deum
2692 1496 2894 1556 patrem
2923 1498 2977 1541 et
3008 1487 3057 1540 in
3087 1488 3366 1541 Dominum
3389 1498 3630 1543 nostrum
3654 1488 3804 1544 Jcsnm

539 1585 688 1640 locus
713 1583 1106 1640 exhortationis
1151 1593 1235 1638 est
1277 1592 1332 1638 et
1371 1583 1774 1647 admonitionis,
1824 1582 1982 1636 simul
2013 1596 2136 1637 cum
2239 1575 2515 1633 Christum
2544 1577 2736 1633 Filium
2777 1588 2830 1633 et
2868 1578 3128 1648 Spiritum
3173 1590 3416 1634 sanctum
3445 1579 3622 1635 datur.
3669 1581 3806 1636 Alitcr

532 1678 785 1750 precibus
815 1676 1098 1732 humiliter
1123 1686 1178 1732 et
1206 1675 1698 1740 commendatione,
1732 1684 1788 1729 ut
1815 1683 1870 1729 ct
1905 1675 2004 1740 ipsi
2028 1674 2132 1728 tol-
2242 1687 2374 1744 ergo
2401 1672 2583 1727 datum
2632 1672 2895 1742 baptisma
2935 1689 3040 1727 non
3072 1682 3172 1727 est.
3209 1673 3349 1743 Ergo
3377 1689 3538 1727 unum
3568 1673 3801 1746 baptisma,

530 1770 725 1837 lerent,
749 1785 870 1824 cum
895 1778 948 1825 el.
972 1769 1144 1838 ipsum
1170 1767 1388 1824 videant
1411 1769 1676 1839 patienter
1693 1768 1859 1822 multa
1882 1768 2133 1822 tolerare.
2171 1779 2218 1838 Β
2246 1784 2378 1822 unus
2409 1765 2548 1821 Deus
2571 1783 2590 1821 :
2621 1767 2875 1836 quoniam
2911 1767 3009 1823 etsi
3040 1777 3094 1823 et
3127 1767 3264 1822 ﬁlius
3301 1768 3441 1822 Dens
3477 1779 3649 1824 tamen
3669 1811 3683 1834 ,
3708 1770 3806 1838 quia

531 1863 674 1934 Ego,
721 1862 929 1933 inquit,
979 1877 1065 1916 vos
1091 1864 1296 1916 obsecro
1324 1861 1517 1915 vinctus
1548 1861 1600 1914 in
1646 1859 1898 1923 Domino,
1933 1867 1991 1913 ut
2014 1874 2136 1915 cum
2241 1858 2295 1912 in
2324 1857 2433 1912 ﬁlio
2463 1859 2623 1926 Dens,
2647 1866 2704 1914 et
2727 1867 2877 1929 pater
2910 1859 3070 1926 Deus,
3103 1877 3238 1915 unus
3265 1861 3422 1916 Deus.
3460 1859 3598 1916 Item
3633 1863 3738 1929 quia
3765 1860 3806 1917 in

532 1955 700 2010 multa
729 1955 955 2010 tolerem
989 1953 1144 2026 (nam
1169 1963 1225 2008 et
1252 1953 1461 2009 vincula
1506 1965 1561 2009 et
1593 1954 1736 2009 varia
1786 1955 2035 2011 toleravit
2080 1964 2136 2010 et
2241 1951 2353 2006 Deo
2383 1951 2545 2017 ﬁliuS.
2581 1967 2718 2006 unus
2745 1968 2874 2021 ergo
2904 1953 3063 2008 Deus.
3089 1954 3190 2023 Qui
3227 1954 3403 2010 Deus?
3433 1964 3607 2023 pater,
3637 1957 3804 2025 inquit,

529 2062 720 2118 passus
743 2046 858 2118 est)
877 2064 890 2110 ;
909 2063 1032 2102 cum
1052 2061 1205 2118 ergo,
1231 2048 1423 2118 inquit,
1439 2049 1651 2103 vinctus
1679 2049 1730 2102 in
1757 2047 1986 2104 Domino
2009 2049 2134 2116 sim,
2241 2044 2417 2111 Deus;
2451 2045 2572 2117 quia
2601 2045 2715 2117 ipse
2736 2057 2818 2102 est
2840 2064 2930 2119 per
2953 2051 3147 2116 omnia,
3175 2059 3227 2104 et
3259 2048 3374 2120 ipse
3397 2059 3483 2104 est
3506 2052 3560 2104 in
3587 2052 3804 2117 omnibus,

527 2141 580 2196 id
604 2151 684 2197 est
712 2150 932 2211 propter
957 2141 1519 2212 Dominum,egoipse
1541 2141 1632 2212 qui
1662 2143 1926 2197 moneoin
1953 2143 2134 2199 ruultis
2242 2150 2295 2194 et
2331 2155 2492 2210 supra
2534 2154 2724 2196 omnes
2751 2157 2918 2212 :_ergo
2947 2157 3086 2196 unus
3115 2143 3274 2209 Deus,
3303 2143 3396 2214 qui
3439 2155 3586 2214 pater
3620 2154 3682 2198 est
3721 2161 3806 2198 om-

528 2235 762 2304 patieus,
783 2247 979 2289 moneo
1004 2243 1060 2287 ut
1082 2233 1239 2304 digne
1261 2232 1533 2288 ambuletis
1555 2249 1617 2288 ea
1641 2233 1850 2290 scilicet
1874 2235 2136 2290 vocatione
2239 2233 2404 2300 nium,
2433 2233 2524 2305 qui
2552 2250 2712 2304 supra
2741 2250 2952 2301 omnes,
2984 2245 3038 2290 et
3064 2251 3160 2307 per
3188 2251 3401 2305 omnes,
3426 2249 3484 2293 et
3515 2240 3565 2293 in
3596 2240 3804 2293 omnibus

523 2343 623 2397 qua
663 2327 780 2381 estis
807 2328 989 2382 vocati.
1021 2324 1178 2397 Saepe
1208 2327 1353 2381 enim
1395 2326 1635 2383 diximus
1666 2329 1844 2383 vocari
1879 2329 2128 2385 homines
2240 2327 2416 2382 nobis.
2467 2327 2827 2384 Attendamus
2867 2339 3046 2384 autem
3094 2330 3338 2386 ordinem
3383 2331 3667 2404 diligenter
3705 2347 3807 2388 con-

526 2421 623 2476 Dei
660 2420 852 2492 gratia.
887 2419 999 2476 Hac
1025 2421 1197 2476 vocati
1242 2421 1353 2490 jam
1382 2435 1478 2476 vos
1514 2423 1820 2490 vocatione,
1853 2425 1980 2492 quia
2020 2427 2132 2493 jam
2239 2435 2457 2476 nexum.
2489 2419 2642 2477 Unus
2677 2421 2932 2477 Dominus
2957 2440 2969 2477 :
2994 2423 3062 2478 ab
3090 2425 3206 2494 ipso
3233 2426 3418 2496 coepit,
3451 2441 3549 2496 per
3576 2441 3720 2498 quem
3745 2428 3806 2481 in-

528 2514 694 2570 Deum
745 2514 1070 2584 cognoscitis
1088 2524 1144 2570 et
1168 2513 1443 2569 Christum
1485 2514 1794 2582 Dominum,
1827 2515 1926 2572 hac
1968 2533 2132 2573 voca-
2239 2513 2370 2584 cipit
2420 2515 2598 2569 omnis
2638 2514 3024 2581 christiauitas,
3070 2527 3125 2572 et
3171 2516 3444 2588 ingressus
3476 2519 3544 2574 ad
3577 2521 3806 2575 liberatio-

523 2607 671 2662 tione
691 2605 1152 2676 digneamhulate.
1173 2606 1946 2678 Subjungitquemadmodum.
2240 2621 2385 2661 nem.
2414 2605 2550 2662 Cum
2590 2609 2734 2663 enim
2773 2606 3046 2664 Christum
3090 2609 3208 2679 quis
3236 2613 3572 2680 cognoverit,
3603 2623 3718 2668 tunc
3739 2627 3806 2667 sc-

597 2700 757 2754 Vsns.
784 2699 838 2764 2,
857 2701 910 2765 3,
932 2698 1191 2754 L—Cum
1219 2701 1356 2754 omni
1372 2700 1659 2756 humilitate
1678 2713 1724 2755 et
1747 2703 2137 2758 mansuetudine
2238 2701 2419 2771 quitur
2442 2709 2498 2756 ttt
2523 2702 2575 2756 in
2597 2717 2720 2758 eum
2753 2701 2886 2758 ﬁdes
2907 2703 2997 2770 sit,
3021 2712 3076 2759 et
3102 2705 3326 2776 reliqua.
3353 2704 3470 2760 Una
3498 2707 3551 2761 in
3571 2704 3804 2762 Christum

523 2803 572 2848 et
600 2792 865 2864 patientia.
907 2792 971 2847 Et
993 2791 1076 2863 (2)
1107 2791 1442 2847 tolerantiam
1470 2794 1692 2848 multam
1723 2794 1974 2864 ponit,ne
2001 2795 2136 2852 ell'e-
2239 2794 2401 2860 ﬁdes;
2462 2796 2658 2851 deinde
2714 2798 3054 2854 consecratio
3109 2798 3247 2868 ejus.
3304 2798 3484 2856 Unum
3544 2801 3800 2872 baptisma;

526 2894 737 2951 rantur,
769 2899 838 2940 ne
853 2883 1414 2955 superbisinlJ’rimo
1437 2885 1604 2956 posita
1629 2884 2139 2954 humilitas,deinde
2239 2887 2436 2943 deinde
2461 2887 2796 2959 conjunctio.
2834 2888 2980 2945 Unus
3014 2889 3176 2955 Deus,
3210 2899 3363 2960 pater
3385 2893 3649 2959 omnium,
3673 2906 3803 2960 super

522 2979 901 3036 mansuetudo.
957 2979 1242 3034 Ilutnilitas
1293 2979 1456 3034 animi
1484 2980 1718 3051 dejectio
1747 2995 1849 3038 est.
1898 2981 2135 3039 Frennm
2239 2983 2442 3048 omnia,
2480 2998 2575 3050 per
2605 2983 2807 3046 omnia,
2843 2983 2895 3036 in
2923 2982 3194 3038 onmibns.
3225 2983 3476 3052 Quatuor
3513 2986 3802 3056 posuitzest

521 3078 791 3150 superbiae
816 3087 872 3133 et
898 3077 1244 3133 immanitatis
1271 3076 1757 3148 (5),mansuetudo
1784 3086 1886 3134 est.
1912 3080 1981 3134 At
2009 3093 2137 3134 vero
2239 3077 2380 3132 enim
2426 3077 2589 3143 Dens,
2627 3077 2751 3147 quia
2793 3092 2953 3132 causa
2997 3094 3011 3132 :
3051 3085 3201 3147 pater
3237 3079 3507 3146 omnium,
3539 3079 3654 3150 quia
3691 3079 3800 3131 ultra

514 3187 639 3243 qua:
665 3171 906 3241 sequitur
945 3171 1225 3241 patientia,
1272 3173 1323 3224 in
1359 3185 1425 3224 eo
1451 3168 1592 3240 quod
1623 3169 1874 3235 tulerant,
1911 3171 1954 3224 si
1987 3171 2114 3241 quid
2141 3178 2187 3243 ο
2222 3183 2393 3241 ipsum
2431 3170 2565 3227 nihil
2608 3189 2620 3225 :
2667 3185 2825 3240 supra
2862 3171 3073 3236 omnia,
3112 3171 3234 3242 quia
3279 3172 3455 3237 aetio;
3513 3189 3607 3244 per
3631 3171 3799 3237 omnia,

518 3266 730 3320 adversi
757 3265 1028 3320 evenerit.
1062 3267 1118 3318 In
1153 3263 1442 3333 prioribus,
1477 3279 1544 3318 ne
1575 3275 1862 3318 vereantur
1891 3263 1968 3336 (l)
1997 3266 2126 3334 pati,
2235 3265 2360 3336 quia
2392 3265 2564 3319 unitio
2591 3275 2646 3319 et
2677 3264 2943 3320 connexio
2972 3265 3023 3320 in
3061 3264 3330 3320 omnibus.

515 3359 628 3414 duo
651 3360 846 3428 posita,
885 3359 1163 3415 humilitas
1193 3367 1248 3414 et
1291 3358 1670 3414 mansuetudo.
1703 3358 1759 3414 In
1794 3359 1878 3413 his
1899 3376 2018 3430 qua:
2035 3375 2129 3416 se-
2310 3358 2473 3414 Vsus.
2505 3359 2558 3414 7.
2611 3387 2683 3399 --
2711 3357 2998 3430 Unicuique
3018 3368 3186 3413 autent
3209 3368 3437 3412 nostrum
3465 3359 3589 3413 data
3617 3367 3684 3412 est
3706 3371 3800 3427 gra-

514 3462 776 3524 quuntur,
816 3453 860 3507 si
893 3453 1036 3523 passi
1089 3451 1310 3516 fuerint,
1351 3452 1539 3520 quales
1569 3451 1678 3506 sint
1711 3451 1989 3520 patientia,
2040 3453 2127 3508 in-
2233 3453 2304 3506 tia’
2339 3453 2619 3506 secundum
2643 3469 2935 3507 mensuram
2972 3453 3263 3506 donationis
3288 3449 3505 3508 Christi.
3542 3453 3649 3508 llnc
3678 3451 3798 3519 adje-

515 3547 652 3617 quit.
691 3545 893 3602 Deinde
926 3545 1070 3616 quod
1100 3545 1378 3616 snbjungit
1403 3560 1518 3597 cum
1546 3544 1684 3598 omni
1710 3545 2130 3615 magnanimitate
2232 3544 2307 3600 cit
2340 3563 2352 3598 :
2385 3546 2510 3601 hinc
2555 3545 2700 3601 enim
2733 3554 2909 3616 potest
2951 3545 3282 3616 impatientia
3328 3546 3479 3601 nasci
3513 3546 3594 3602 vel
3636 3543 3795 3614 injuria

512 3638 614 3712 (5).
642 3637 767 3693 Haec
795 3637 938 3693 enim
964 3636 1452 3708 magnanimitasin
1477 3638 1580 3692 hoc
1608 3646 1712 3700 est,
1739 3646 1796 3692 ut
1822 3652 1927 3692 non
1951 3638 2126 3693 solum
2237 3637 2372 3692 ﬁeri.
2410 3637 2477 3692 Et
2511 3652 2631 3692 cum
2683 3649 2896 3692 moneat
2937 3637 3292 3692 humilitatem
3338 3648 3394 3693 et
3431 3639 3730 3708 patientiam
3755 3643 3796 3689 et

512 3731 783 3802 patienter
809 3730 953 3787 feras
985 3732 1083 3804 (6).
1109 3732 1205 3786 sed
1238 3740 1422 3786 erecto
1443 3731 1626 3785 animo
1653 3745 1868 3801 semper
1893 3731 1988 3788 sis.
2026 3732 2128 3787 Dc-
2231 3737 2450 3798 cavtera,
2475 3731 2737 3786 rationem
2761 3730 2852 3784 dat
2874 3741 2927 3785 ut
2960 3731 3328 3801 unusquisque
3351 3732 3564 3801 patiens
3587 3745 3698 3785 esse
3719 3727 3794 3783 de-

509 3827 674 3896 nique
699 3827 800 3880 hoc
832 3826 1130 3895 subjungit,
1159 3834 1214 3879 nt
1259 3826 1302 3878 si
1350 3839 1540 3894 passus
1573 3824 1735 3879 fueris
1765 3824 2048 3894 patienter,
2073 3835 2127 3880 et
2232 3824 2356 3878 beat
2375 3833 2428 3878 et
2451 3825 2858 3891 magnanimis,
2885 3825 3006 3895 quia
3044 3827 3339 3880 secundum
3376 3839 3678 3881 mensuram
3713 3825 3792 3877 do-

511 3921 926 3988 magnanimiter
950 3919 1095 3974 feras
1119 3916 1422 3986 su/Ierentes
1445 3918 1616 3971 omnia
1637 3934 1964 3987 qutt’cumque
1989 3921 2125 3972 acci.
2231 3918 2464 3971 nationis
2490 3917 2688 3973 Christi
2721 3920 3008 3989 unicuique
3050 3929 3292 3974 nostrum
3343 3918 3467 3974 data
3509 3929 3590 3975 est
3628 3917 3788 3990 gratia.

512 4011 678 4066 derint
692 4012 1175 4083 portantesinvirem
1199 4012 1251 4065 in
1282 4011 1550 4066 charitate.
1583 4011 1770 4066 Potest
1795 4023 1849 4067 ct
1875 4013 1939 4067 ad
1969 4013 2126 4080 su/fe-
2229 4010 2360 4065 Cum
2395 4011 2554 4081 igitur
2582 4011 2684 4066 alia
2711 4013 2828 4065 aliis
2855 4011 2979 4066 data
3007 4014 3098 4078 sit,
3128 4029 3301 4081 neque
3344 4013 3682 4070 invidendum
3707 4021 3789 4076 est,

509 4118 677 4162 rentes
721 4107 940 4160 invicem
988 4107 1042 4160 in
1102 4105 1376 4172 chat'ilate,
1437 4107 1650 4163 referri.
1713 4107 1897 4162 Potest
1945 4117 2124 4166 tamen
2231 4122 2405 4175 neque
2436 4106 2737 4177 negandum
2777 4117 2892 4169 est;
2937 4122 3035 4162 nec
3074 4108 3215 4178 quod
3247 4108 3382 4163 alius
3413 4107 3788 4175 habet,dolett-

510 4199 720 4270 integer
772 4213 894 4254 esse
965 4212 1157 4253 sensus
1217 4199 1307 4268 qui
1373 4199 1616 4267 sequitur
1667 4216 1683 4253 :
1738 4200 1962 4256 Solliciti
2015 4219 2124 4256 ser-
2227 4200 2386 4267 dum;
2421 4215 2519 4256 nec
2556 4201 2698 4272 quod
2728 4202 2957 4272 quisque
2989 4201 3169 4268 habet,
3205 4218 3312 4257 non
3343 4203 3603 4258 dandum.
3633 4203 3683 4258 Si
3715 4201 3789 4254 do-

509 4290 694 4345 uandte
737 4290 947 4346 unitatis
999 4290 1212 4362 spiritus
1269 4290 1324 4344 in
1355 4291 1557 4346 vinculo
1586 4293 1731 4362 pacis
1759 4292 1860 4364 (7).
1901 4292 1971 4350 Ut
2013 4295 2124 4366 spi-
2227 4296 2374 4349 natio
2416 4309 2545 4365 ergo
2590 4295 2793 4352 Christi
2825 4308 2908 4351 est
2949 4298 3246 4353 secumlum
3285 4314 3592 4355 mensuram
3633 4297 3786 4370 gratia

509 4386 646 4438 ritus
675 4383 936 4438 unitatem
965 4383 1217 4448 servetis,
1267 4393 1361 4438 aut
1406 4401 1570 4440 unum
1615 4386 1863 4456 spiritum
1894 4390 2121 4445 servetis
2227 4387 2514 4458 unicuique
2540 4387 2680 4443 datae
2709 4387 2813 4458 (2),
2844 4404 3032 4445 omnes
3064 4392 3292 4447 invicem
3318 4408 3415 4448 nos
3442 4393 3698 4448 charitatc
3717 4405 3788 4442 ac-

507 4477 788 4532 servandte
811 4478 960 4548 pacis
981 4487 1036 4533 et
1062 4478 1116 4532 in
1149 4477 1362 4533 vinculo
1385 4479 1553 4548 pacis,
1589 4481 1779 4535 hortor
1808 4496 1904 4537 vos
1927 4493 1981 4538 ut
2013 4486 2122 4541 snl-
2225 4480 2407 4551 cipere
2436 4480 2720 4545 debemus,
2752 4492 2806 4538 et
2836 4483 3065 4540 suﬁ‘crre
3093 4486 3508 4556 magnanimiter
3539 4496 3592 4542 et
3616 4484 3787 4556 patien-

508 4566 638 4622 liciti
671 4568 806 4623 sitis.
840 4570 939 4624 Dat
975 4579 1155 4625 tamen
1181 4570 1422 4625 rati0nes
1449 4586 1617 4642 quare
1640 4574 1858 4630 unitatis
1897 4576 2120 4648 spiritus
2145 4586 2201 4648 ι)
2228 4580 2312 4629 ter
2332 4573 2511 4627 omnia
2529 4589 2650 4626 cum
2671 4574 3084 4632 mansuetudine
3099 4592 3219 4632 cum
3239 4578 3557 4635 humilitate.

508 4659 564 4714 in
614 4660 826 4718 vinculo
860 4665 1074 4720 solliciti
1118 4679 1242 4721 esse
1280 4665 1518 4721 debent:
1564 4665 1736 4722 Unum
1786 4685 2008 4742 corpus,
2064 4673 2116 4729 in
2295 4665 3782 4740 Vens.8.—Propterquoddicitascendensinaltitudinent,

509 4754 667 4826 quit,
709 4764 758 4808 et
812 4771 946 4812 unus
993 4758 1222 4830 spiritus.
1267 4759 1401 4826 Quia
1456 4775 1621 4814 unum
1654 4776 1849 4831 corpus
1879 4773 1962 4818 est
2008 4775 2116 4821 tota
2223 4759 2476 4830 captivam
2510 4759 2659 4814 duxit
2678 4763 3038 4831 captivitatem,
3064 4775 3110 4818 et
3153 4764 3292 4819 dedit
3336 4768 3471 4821 dona
3507 4765 3782 4821 hominibus.

515 4845 763 4902 Ecclesia
783 4857 838 4902 et
859 4863 996 4903 unus
1029 4852 1269 4919 spiritus.
1315 4850 1405 4905 Ita
1428 4862 1483 4906 ut
1509 4863 1557 4907 et
1584 4855 1750 4908 vocati
1775 4856 1892 4911 estis
1921 4857 1974 4910 in
2014 4874 2118 4912 una
2225 4851 2540 4922 Exemplum
2585 4853 2650 4908 ad
2701 4855 2803 4910 ltoc
2831 4855 3018 4912 datum
3049 4866 3132 4913 est
3175 4860 3297 4930 quia
3340 4859 3476 4914 dixit
3522 4856 3782 4915 secundum

510 4954 602 5008 spe
641 4938 919 4994 vocationis
973 4950 1170 4996 vestrae.
1229 4943 1299 4998 Et
1350 4942 1454 5001 hoc
1508 4958 1884 5017 argumentum
1927 4951 2116 5007 estad
2223 4947 3784 5008 mensuramdonationisChristi.Probatautemdonationes

2222 5052 2345 5094 esse
2369 5037 2591 5108 Christi,
2634 5041 2761 5095 dato
2793 5043 3044 5114 exemplo
3071 5043 3138 5100 de
3180 5046 3389 5116 psnlmo
3426 5062 3591 5111 van,
3629 5046 3675 5100 in
3699 5054 3784 5113 quo

2221 5130 2381 5187 docet
2421 5131 2694 5189 Christum
2729 5135 3014 5191 Dominum
3045 5149 3291 5193 nostrum
3327 5139 3510 5195 Jesum
3553 5142 3603 5194 in
3631 5137 3784 5191 altitu-

2219 5222 2401 5280 dinem
2429 5227 2757 5296 ascendisse,
2788 5235 2845 5283 et
2869 5230 3138 5300 captivam
3167 5231 3391 5287 duxisse
3411 5231 3780 5303 captivitatem:

2220 5315 2273 5372 id
2318 5328 2402 5374 est
2442 5319 2608 5386 illam,
2651 5337 2770 5392 quae
2818 5337 2917 5377 nos
2959 5323 3202 5394 captivos
3252 5323 3397 5393 fecit,
3451 5325 3780 5397 captivitatem

2219 5416 2483 5484 captivam
2513 5415 2726 5484 fecisse,
2770 5425 2826 5472 et
2865 5415 3011 5472 illam
3053 5421 3410 5490 oppressisse,
3448 5430 3501 5478 et
3541 5420 3616 5475 sic
3653 5415 3780 5472 nobis

2217 5505 2357 5562 dona
2384 5506 2619 5564 dedisse.
2652 5509 2796 5580 Ergo
2816 5509 2862 5566 si
2892 5510 3015 5565 data
3047 5513 3202 5568 nobis
3223 5512 3364 5569 dona
3387 5521 3510 5569 sunt
3532 5529 3562 5569 a
3585 5509 3780 5568 Domino

581 5139 664 5214 (
691 5140 850 5211 Vulg.
881 5139 1033 5214 addit
1057 5141 1246 5214 itaque.

580 5213 660 5284 (ε)
691 5214 860 5269 Codd.
893 5213 983 5267 ad.

582 5283 664 5357 (5)
693 5286 862 5364 Codd.
885 5285 978 5364 illa
1005 5283 1269 5339 humilitas
1289 5284 1449 5338 animi
1465 5285 1682 5357 dejectio
1707 5300 1779 5345 est
1796 5293 1908 5362 fera
1937 5309 2115 5364 super-

513 5354 603 5408 bia'
616 5354 661 5409 et
690 5357 1023 5412 immanitate.

609 5428 663 5495 4)
693 5425 862 5482 Codd.
888 5437 1198 5484 mereantur.

605 5496 659 5567 5)
693 5499 815 5581 lla-c
859 5501 1016 5581 verba
1048 5517 1164 5554 cum
1206 5500 1345 5581 omni
1386 5502 1824 5581 magnanimitate,
1873 5506 2012 5563 sicut
2057 5519 2112 5565 et

511 5570 812 5693 sequentia,
852 5570 1151 5638 sufferentes
1195 5573 1398 5643 omnia,
1429 5570 1563 5645 etc,
1605 5591 1712 5631 non
1759 5570 2008 5648 leguntur
2052 5581 2110 5637 in

513 5654 580 5692 vu
605 5656 658 5705 κ.

581 5709 660 5850 (6)
685 5710 855 5767 Codd.
880 5712 1082 5781 e/feras.

609 5782 661 5849 7)
697 5781 852 5850 Vulg.
890 5802 902 5839 :
933 5786 1082 5842 Sollit

609 5782 661 5849 7)
697 5781 852 5852 Vulg.
890 5802 902 5839 :
933 5786 1160 5844 Solliciti
1187 5804 1387 5846 seruare
1412 5791 1662 5849 unitatem
1691 5792 1996 5864 Spiritus...

2289 5653 2370 5726 (i)
2397 5652 2555 5734 ang.
2593 5672 2606 5708 :
2637 5655 2740 5734 Qui
2769 5664 2843 5710 est
2884 5673 3040 5729 super
3085 5674 3282 5729 omnes,
3329 5671 3378 5718 et
3411 5678 3502 5734 per
3536 5660 3714 5726 omnia,
3740 5663 3777 5710 et

2215 5726 2268 5780 in
2299 5726 2530 5780 omnibus
2561 5731 2722 5782 nobis.

2288 5797 2366 5868 (2)
2391 5797 2561 5854 Codd.
2594 5802 2761 5870 gratia
2789 5800 3061 5873 unicuique
3085 5805 3230 5863 data.

3923 5399 3931 5470 l
