4010 6306
262 241 403 300 12ῖὸ

1194 243 1260 299 IN
1302 239 1683 298 EPISTOLAM
1727 239 1816 296 AD
1859 238 2194 297 EPIIESIOS
2237 239 2435 297 LIBER
2481 241 2538 296 II.

3421 247 3562 306 19.74

259 381 464 438 nostro,
493 372 583 442 qui
605 373 863 446 mysterio
885 386 983 428 suo
1003 371 1267 442 captivam
1289 369 1652 440 captivitatem
1675 368 1848 438 duxit,
1879 370 2076 430 Λαινό
2126 378 2232 430 est;
2289 369 2428 438 quod
2477 378 2644 424 autent
2699 385 2762 426 ea:
2812 371 2997 445 spiritu
3043 374 3296 443 nascitur,
3349 375 3558 446 spiritus

257 464 502 522 ascendit
550 467 601 521 iu
645 468 1006 533 altitudinem,
1051 466 1294 521 liberatis
1338 464 1522 528 nobis,
1557 472 1612 519 et
1645 464 1853 535 captiva

256 559 396 616 facta
438 561 768 632 captivitate,
805 561 953 617 dedit
990 561 1130 616 dona
1171 559 1520 614 hominibus:
1553 573 1648 628 per
1693 572 1854 628 quem

255 653 485 724 gratiam
538 653 657 724 ejus
699 655 998 720 consecuti,
1049 655 1261 708 diversa
1307 665 1613 723 ageremus,
1663 651 1853 705 deitica

253 748 465 808 omnia;
493 747 633 802 sicut
662 755 842 816 postea
873 747 1023 808 dicit.
1055 756 1111 801 ut
1141 746 1228 800 alii
1270 753 1453 799 essent
1482 743 1735 814 apostoli,
1764 742 1852 796 alii

252 840 619 911 evangelista},
649 839 740 895 alii
770 841 1068 910 prophetae,
1093 850 1146 895 et
1173 839 1396 910 reliqua.
1420 838 1544 893 "th
1565 852 1692 908 ergo
1713 837 1853 892 dona

251 942 396 988 sunt.
428 930 560 988 Cum
593 943 774 988 autem
805 949 833 986 a
855 933 1072 989 Christo
1093 932 1211 988 hzcc
1232 932 1400 1004 gratia
1425 931 1708 1002 unicuique
1731 929 1852 984 data

251 1029 323 1084 sit
351 1027 650 1083 secundum
683 1043 992 1083 mensuram
1023 1026 1332 1082 donationis
1360 1024 1478 1096 ejus
1496 1067 1512 1090 ,
1539 1039 1699 1080 nemo
1721 1023 1855 1078 alte-

250 1121 366 1177 rius
396 1120 557 1176 debet
596 1129 690 1175 aut
732 1120 971 1175 invidere
1001 1121 1188 1192 gratia:
1224 1129 1316 1174 aut
1361 1132 1506 1182 suae;
1536 1118 1630 1173 sed
1670 1117 1850 1173 omnia

251 1215 400 1287 paria
438 1214 516 1288 (ι)
545 1216 775 1272 invicem
801 1215 932 1272 dare
958 1225 1013 1270 et
1041 1215 1288 1280 credere,
1319 1223 1373 1270 et
1403 1214 1652 1269 universa
1680 1212 1854 1267 humi-

251 1311 376 1366 liter
406 1320 461 1366 et
499 1327 619 1366 cum
652 1310 1066 1366 mansuetudine
1109 1321 1310 1366 etcum
1357 1310 1615 1381 patientia
1643 1319 1698 1364 et
1736 1326 1854 1364 ma“

248 1407 603 1476 gnanimitate
634 1405 877 1470 suiferre,
908 1405 1295 1461 conservanda:
1336 1423 1491 1460 causa
1533 1404 1754 1460 unitatis
1799 1404 1852 1459 in

251 1500 444 1569 Spiritu
477 1501 720 1567 unitatis,
765 1501 816 1554 in
857 1501 1075 1556 vinculo
1117 1501 1293 1571 pacis;
1321 1510 1378 1555 ut
1416 1511 1471 1555 et
1507 1499 1852 1555 concordiam

252 1591 572 1659 habeamus,
600 1603 654 1651 et
684 1610 868 1665 pacem
902 1610 1205 1662 servemus,
1235 1594 1383 1650 nulla
1411 1593 1682 1650 discordia
1726 1609 1851 1664 per-

252 1685 506 1743 turbante
532 1687 745 1743 animos
773 1697 1012 1742 nostros.

736 1847 942 1904 LIBER
981 1847 1364 1906 SECUNDUS.

322 1985 550 2057 Oportet
581 2001 722 2042 nunc
752 1986 1280 2059 interpretationem,
1312 2002 1416 2060 qua
1445 2005 1587 2045 nunc
1625 1990 1846 2058 utimur,

243 2080 444 2149 exequi
496 2090 656 2151 atque
697 2081 973 2152 complere
1024 2081 1075 2136 in
1123 2081 1208 2136 his
1262 2083 1442 2138 verbis
1483 2099 1603 2154 quae
1648 2082 1848 2139 Paulus

241 2175 508 2246 adjungit,
529 2185 582 2230 et
601 2176 910 2231 necessario
933 2176 1198 2248 adjungit,
1221 2177 1344 2248 quia
1369 2191 1531 2248 supra
1556 2193 1652 2248 per
1671 2193 1848 2234 exem-

241 2269 396 2340 plum
427 2269 631 2335 docuit,
662 2269 806 2340 quod
842 2270 1144 2324 ascendens
1185 2271 1237 2324 in
1282 2270 1642 2336 altitudinem,
1678 2270 1848 2342 capti-

242 2381 370 2421 vam
418 2365 572 2421 duxit
609 2366 997 2436 captivitatem,
1043 2374 1098 2420 et
1141 2364 1289 2420 dedit
1325 2365 1462 2420 dona
1513 2364 1840 2421 hominibus.

239 2459 474 2528 PrOptcr
516 2458 636 2526 hoc,
687 2459 926 2530 inquam,
976 2459 1285 2528 exemplum
1332 2467 1544 2530 tractat,
1590 2461 1844 2529 quoniam

237 2552 337 2622 qui
367 2552 611 2608 ascendit
640 2553 822 2624 utique
853 2551 1165 2618 descendit;
1209 2551 1350 2622 quod
1383 2551 1599 2623 quidem
1644 2561 1843 2624 myste-

238 2647 384 2701 rium
417 2644 523 2700 late
554 2654 736 2716 patet,
782 2643 1050 2715 habetque
1076 2645 1215 2700 alios
1254 2645 1304 2699 in
1350 2646 1450 2699 ista
1483 2645 1843 2716 explicatione

239 2748 527 2795 tractatus.
588 2738 725 2806 Quid
775 2740 846 2792 sit
899 2738 1227 2806 ascendere,
1282 2747 1339 2794 et
1387 2738 1841 2809 quemadmodum

238 2833 586 2889 descenderit
637 2833 688 2887 in
743 2830 996 2887 inferiora
1050 2843 1232 2899 terrm,
1285 2842 1339 2886 et
1388 2831 1840 2902 quemadmodum

236 2926 549 2984 ascenderit
586 2942 748 2996 super
787 2941 977 2982 omnes
1016 2927 1181 2982 caelos
1223 2926 1388 2996 (quod
1421 2936 1502 2981 est
1544 2925 1840 2981 vehemen-

238 3020 396 3087 tius),
422 3020 567 3076 omni
591 3035 718 3074 cura
739 3031 902 3090 atque
919 3019 1066 3074 omni
1087 3020 1363 3092 diligentia
1383 3020 1837 3091 perspiciendum.

238 3114 518 3178 Ascendit,
554 3115 748 3184 inquit,
778 3124 835 3169 ut
865 3115 1115 3185 impleret
1143 3116 1344 3170 omnia.
1370 3115 1506 3183 Quid
1531 3123 1613 3170 est
1635 3115 1838 3170 adven.

1958 473 2051 518 est.
2088 464 2323 534 Spiritus
2357 475 2536 521 autem
2565 465 2632 522 de
2661 468 2914 538 supernis
2939 479 3052 534 est;
3079 485 3210 540 ergo
3235 469 3457 541 spiritus
3491 469 3559 526 ad

1958 570 2192 626 superna
2225 558 2382 613 redit.
2407 556 2540 613 Nam
2565 567 2620 614 et
2648 574 2770 614 cum
2803 561 3134 616 resurrectio
3166 560 3345 627 fuerit,
3377 561 3562 617 omnia

1958 651 2178 720 Spiritus
2205 660 2394 717 erunt;
2427 665 2479 707 et
2512 661 2653 707 tctus
2680 651 2845 708 homo
2883 654 3102 724 spiritus
3132 653 3328 722 factus,
3361 654 3416 710 in
3449 671 3562 712 cte-

1959 743 2069 798 lum
2097 743 2372 810 ascendet,
2399 745 2603 801 scilicet
2630 761 2722 816 per
2745 746 3013 817 spiritum.
3031 748 3174 819 Ergo
3190 749 3560 804 necessarium

1959 835 2154 892 factum
2183 849 2268 894 est
2295 847 2352 892 ut
2377 839 2468 910 qui
2495 839 2740 896 ascendit
2773 839 2826 894 in
2855 840 3074 906 celum,
3096 840 3212 911 ipse
3248 841 3317 897 sit
3341 843 3430 914 qui
3468 841 3567 900 deo

1958 930 2190 987 scendit.
2214 929 2462 987 Christus
2483 947 2633 1004 ergo,
2662 932 2730 988 de
2747 948 2854 1004 quo
2875 933 3078 988 dictum
3101 942 3204 1000 est,
3224 933 3349 1005 quia
3371 950 3563 992 ascen-

1956 1026 2044 1089 dit
2080 1025 2132 1080 in
2175 1027 2393 1090 rmlum,
2443 1026 2760 1097 intelligitur
2805 1025 2949 1097 quod
2990 1025 3336 1082 descenderit
3377 1046 3391 1084 :
3430 1038 3485 1085 et
3515 1028 3562 1085 si

1957 1117 2258 1184 descendit,
2291 1119 2474 1190 utique
2518 1120 2568 1172 in
2607 1128 2765 1174 terrae
2808 1119 3062 1174 inferiora
3102 1119 3420 1186 descendit;
3451 1136 3560 1177 nun

1956 1212 2133 1267 solum
2164 1213 2215 1266 in
2247 1221 2463 1278 terram,
2495 1212 2589 1268 sed
2619 1213 2671 1267 in
2706 1212 2960 1269 inferiora
2991 1221 3168 1268 terra}.
3209 1213 3433 1270 Lectum
3477 1224 3561 1270 est

1957 1306 2123 1374 enim,
2157 1307 2277 1374 quia
2309 1308 2358 1362 in
2407 1307 2672 1362 infernum
2713 1307 2991 1364 descendit
3028 1307 3276 1365 Salvator
3303 1309 3556 1380 passione

1957 1400 2045 1454 illa
2069 1399 2266 1468 crucis,
2295 1412 2348 1455 ut
2379 1416 2592 1457 omnem
2621 1403 2854 1456 animam
2884 1402 3164 1472 liberaret,
3193 1414 3247 1460 et
3278 1419 3342 1462 ex
3375 1405 3551 1462 omni-

1956 1495 2057 1551 bus
2085 1497 2214 1550 locis
2241 1495 2531 1552 redimeret
2561 1496 2802 1551 tnetubra
2833 1511 2949 1551 sua.

2030 1587 2195 1643 Vens.
2226 1589 2313 1644 IO.
2367 1620 2428 1629 —
2463 1589 2563 1658 Qui
2597 1590 2878 1656 descendit,
2917 1591 3028 1660 ipse
3066 1601 3141 1646 est
3179 1591 3265 1664 qui
3309 1593 3558 1648 ascendit.

1957 1681 2172 1753 Repetit
2217 1685 2388 1754 ipsum
2430 1697 2648 1739 sensum
2681 1683 2805 1754 quia
2841 1699 2900 1739 se
2929 1683 3156 1740 invicem
3190 1683 3336 1755 ligat.
3367 1698 3422 1739 ut
3465 1685 3560 1741 ille

1880 1781 1927 1841 B
1955 1781 2045 1848 qui
2086 1779 2350 1844 ascendit,
2393 1779 2738 1834 descenderit
2767 1796 2781 1833 :
2813 1787 2868 1834 et
2903 1793 3091 1834 rursus
3119 1779 3210 1850 qui
3256 1779 3557 1848 descendit,

1951 1872 2277 1928 ascenderit.
2305 1872 2410 1929 Sed
2441 1882 2498 1928 ut
2522 1873 2770 1942 superior
2795 1886 2987 1928 sensus
3008 1872 3264 1937 ostendit,
3289 1872 3410 1944 quia
3432 1888 3557 1930 cum

1951 1963 2231 2020 descendit
2264 1965 2518 2020 Dominus
2549 1975 2754 2028 noster,
2787 1967 2837 2019 in
2866 1965 3116 2020 inferiora
3147 1972 3304 2020 terrze
3327 1965 3558 2022 descen-

1951 2059 2051 2128 dit,
2088 2075 2274 2115 rursus
2303 2059 2570 2130 adjunxit,
2603 2059 2726 2130 quia
2761 2060 2876 2128 ipse
2907 2068 2990 2114 est
3011 2103 3024 2123 ,
3055 2059 3145 2129 qui
3176 2058 3420 2114 ascendit
3457 2059 3555 2115 sed

1950 2155 2194 2210 ascendit
2222 2170 2388 2225 super
2426 2169 2617 2210 omnes
2645 2154 2834 2210 caelos.
2869 2153 2941 2208 Ita
2971 2152 3104 2208 nihil
3138 2169 3362 2210 vacuum
3393 2152 3555 2210 Chri-

1949 2260 2033 2302 sto
2062 2257 2148 2304 est
2177 2265 2190 2302 :
2225 2247 2491 2318 siquidem
2522 2259 2576 2303 et
2604 2247 2884 2303 descendit
2916 2247 2968 2302 in
3001 2246 3255 2302 inferiora
3285 2256 3472 2316 terrm,
3503 2258 3558 2304 et

1948 2341 2190 2398 ascendit
2246 2357 2413 2413 super
2443 2341 2632 2397 ca-Ios.
2671 2340 2818 2409 Quos
2846 2342 3050 2396 caelos?
3097 2341 3253 2396 multi
3304 2350 3413 2397 tres
3466 2341 3551 2397 di-

1947 2444 2106 2499 cunt;
2130 2435 2220 2489 alii
2253 2435 2468 2505 plures;
2492 2450 2676 2490 verum
2702 2433 2834 2488 mihi
2853 2433 3120 2489 sententia
3144 2443 3250 2499 est,
3277 2443 3386 2489 tres
3407 2448 3549 2490 esse.

1946 2531 2222 2602 Siquidem
2256 2541 2308 2586 et
2344 2532 2460 2600 ipse
2507 2531 2702 2586 Paulus
2743 2541 2952 2601 raptum
2982 2545 3041 2586 se
3083 2529 3215 2586 dicit
3244 2545 3406 2602 super
3446 2541 3554 2586 ter-

1949 2625 2079 2679 tium
2103 2625 2322 2681 caelum.
2351 2625 2412 2679 Et
2434 2623 2512 2680 sic
2530 2624 2692 2680 etiam
2711 2624 2926 2695 quidam
2953 2623 3330 2694 docentsupra
3352 2634 3546 2680 terram

1946 2735 2068 2776 esse
2123 2736 2289 2791 aquas
2341 2721 2491 2792 quasi
2540 2722 2770 2790 primum
2819 2721 3013 2774 coelum
3057 2737 3069 2772 :
3117 2719 3314 2774 deinde
3369 2719 3549 2774 tirnta-

1945 2823 2186 2870 mentum
2219 2813 2416 2884 ipsum,
2443 2815 2583 2885 quod
2617 2814 2916 2884 appellatur
2941 2811 3137 2869 ccelum
3167 2812 3398 2868 :deinde
3428 2829 3548 2868 rur-

1944 2921 2037 2962 sus
2064 2909 2197 2964 alias
2225 2923 2415 2978 aquas,
2443 2907 2657 2962 tertium
2689 2907 2884 2962 εωιιιιιι
2917 2907 2999 2979 (ι)
3034 2925 3047 2961 :
3082 2905 3150 2962 de
3176 2921 3283 2975 quo
3315 2915 3549 2963 tractatu

1939 3000 2051 3071 jam
2083 3000 2250 3055 tuulta
2292 2998 2528 3055 diximus
2583 3001 2633 3054 in
2667 3000 2960 3070 prieterito.
2996 2997 3193 3054 Verum
3223 2999 3350 3070 quid
3382 3000 3548 3055 inter-

1943 3094 2066 3149 est?
2119 3091 2370 3149 Christus
2420 3093 2510 3164 qui
2561 3094 2848 3160 ascendit,
2915 3109 3081 3165 super
3127 3109 3318 3150 omnes
3377 3093 3549 3152 eteius

239 3217 349 3273 ms,
383 3218 432 3261 el
463 3207 588 3277 quid
618 3215 701 3261 est
732 3207 970 3262 manus?
997 3216 1056 3262 ,η
1083 3207 1215 3275 δίκε,
1245 3223 1470 3279 magnus
1507 3209 1606 3264 ista
1641 3219 1838 3264 "nem.
1867 3185 1912 3249 C
1944 3186 2207 3240 ascendit.
2243 3185 2356 3241 Illic
2404 3186 2548 3241 enim
2588 3186 2698 3256 jam
2741 3186 3016 3240 mtcrnitas
3061 3195 3162 3254 est,
3206 3196 3262 3242 et
3303 3187 3408 3242 vita
3455 3187 3547 3243 illa

236 3311 328 3357 tus
372 3311 488 3367 est;
533 3315 868 3372 magnusque
914 3302 1075 3356 etiam
1125 3300 1233 3365 ille,
1281 3301 1553 3372 quomodo
1600 3302 1842 3371 implevit

236 3396 444 3459 omnia,
477 3404 532 3450 et
558 3395 728 3464 magis
752 3395 966 3450 rediens
994 3395 1240 3466 implevit
1268 3397 1467 3450 omnia.
1499 3395 1578 3454 Ac
1614 3399 1658 3450 si
1689 3411 1841 3451 com-

236 3489 400 3562 plecti
443 3489 599 3543 velim
624 3497 678 3543 et
707 3503 982 3554 enarrare,
1018 3504 1121 3542 non
1161 3488 1290 3542 sinit
1318 3487 1498 3559 operis
1527 3487 1840 3559 magnitudo

236 3593 298 3637 ut
325 3583 378 3637 in
412 3582 511 3636 ista
545 3591 716 3650 parte,
749 3596 850 3652 qua
881 3580 1388 3636 commentationem
1421 3581 1723 3651 simplicem
1753 3579 1838 3636 fa-
1929 3629 1936 3643 ,

234 3676 412 3732 cimus
439 3718 453 3740 ,
503 3689 626 3745 pars
677 3675 776 3730 ista
829 3683 1076 3744 ponatur.
1130 3671 1377 3728 Arbitror
1418 3672 1486 3728 de
1528 3672 1632 3727 isto
1675 3687 1838 3728 sensu

236 3773 452 3841 istoipie
483 3777 708 3825 tractatu
747 3768 942 3823 librum
987 3767 1220 3838 aliquem
1267 3781 1389 3823 esse
1433 3767 1834 3837 complendum,

235 3881 400 3938 quem
429 3864 695 3934 permissu
725 3863 817 3917 Dei
842 3864 952 3930 jam
984 3860 1267 3932 aggrediar
1296 3861 1395 3932 (2),
1425 3870 1482 3915 ιιι
1521 3861 1700 3916 omnia
1743 3876 1839 3917 ne-

233 3959 473 4016 cessaria
505 3957 569 4012 ad
609 3955 764 4012 istius
788 3955 931 4010 modi
965 3954 1367 4023 intelligentiam
1398 3953 1553 4009 liberi
1589 3969 1618 4008 a
1649 3969 1838 4010 neces-

235 4053 400 4110 sitate
428 4051 888 4120 interpretationis
919 4049 1196 4104 valeamus
1223 4048 1468 4118 implere.
1495 4047 1649 4103 Nunc
1677 4049 1836 4120 igitur

234 4143 557 4215 simpliciter
608 4141 934 4198 admouendi
989 4141 1152 4198 modo
1208 4143 1306 4198 ista
1359 4141 1702 4215 breviterque
1749 4143 1835 4199 di-

304 4253 442 4293 mus.

304 4254 442 4293 mus.

233 4254 461 4388 ceCAP.
493 4331 581 4387 IV.
597 4362 670 4374 -—-
692 4330 852 4388 Vens.
883 4330 936 4386 9.
981 4361 1050 4372 -—
1075 4330 1228 4397 Quod
1248 4340 1418 4386 autem
1443 4333 1687 4396 ascendit,
1711 4332 1836 4398 quid

230 4439 306 4484 est
335 4428 432 4482 nisi
447 4428 535 4498 qui
558 4435 604 4482 et
627 4426 886 4481 descendit
929 4427 981 4479 in
999 4426 1247 4498 inferiora
1278 4437 1428 4482 terra:
1450 4426 1528 4498 (5)
1546 4425 1569 4480 ?
1590 4425 1832 4482 Positum

232 4533 318 4580 est
364 4524 418 4578 in
463 4522 669 4592 psalmo
713 4522 994 4576 ascendens
1041 4521 1361 4576 altitudinem
1401 4538 1466 4578 ex
1511 4537 1618 4592 quo
1667 4524 1833 4580 verbo

1946 3279 2391 3351 incorruptibilis,
2421 3290 2476 3336 et
2505 3281 2686 3335 omnia
2713 3295 2776 3335 ex
2805 3280 2994 3350 spiritu
3018 3280 3270 3336 viventia.
3299 3280 3424 3336 Ila‘c
3449 3296 3550 3336 au-

1945 3384 2053 3432 tem
2083 3376 2191 3432 alio
2228 3375 2389 3431 modo
2433 3391 2492 3430 se
2525 3376 2793 3431 habebant
2842 3389 3010 3444 usque
3049 3375 3101 3430 in
3133 3375 3545 3432 descensionem

1943 3468 2141 3525 Christi
2173 3487 2186 3523 :
2217 3486 2336 3540 qua:
2365 3471 2568 3537 omnia,
2601 3470 2860 3542 mysterio
2887 3479 3061 3540 gesto,
3089 3481 3207 3539 post
3239 3476 3544 3541 passionem

1941 3562 2145 3618 Christi
2185 3562 2236 3616 in
2275 3563 2650 3618 ascensionem
2682 3563 2913 3618 salutem
2943 3571 3298 3632 acceperunt,
3329 3573 3384 3618 et
3416 3580 3542 3633 per-

1943 3653 2078 3709 fecta
2110 3663 2254 3709 sunt.
2289 3654 2403 3710 Hoc
2431 3664 2514 3710 est
2541 3655 2682 3710 enim
2723 3655 2866 3726 quod
2898 3656 3170 3726 subjuugit
3191 3697 3206 3723 ,
3238 3667 3292 3710 ut
3312 3657 3546 3730 impleret

1942 3749 2133 3813 omnia,
2160 3749 2211 3804 id
2230 3759 2312 3805 est
2329 3747 2565 3819 perlecta
2589 3749 2835 3805 redderet
2856 3758 2910 3804 ct
2932 3751 3109 3818 plena,
3132 3761 3190 3804 ut
3213 3750 3344 3805 nihil
3366 3751 3545 3807 minus

1941 3853 2108 3898 esset.
2135 3841 2277 3912 Ergo
2309 3841 2488 3912 passio
2511 3841 2596 3895 illa
2622 3841 2823 3897 Christi
2850 3852 2903 3896 et
2929 3844 3255 3899 resurrectio
3275 3852 3331 3900 et
3355 3859 3548 3899 ascen-

1941 3939 2044 4004 sio,
2077 3936 2334 4006 perlectio
2360 3947 2446 3992 est
2473 3937 2711 3992 omnium
2746 3946 2850 3992 tam
2884 3938 2936 3992 in
2969 3937 3170 3993 tnundo
3197 3953 3318 4008 quae
3343 3939 3542 3995 Salvari

1941 4041 2182 4102 possent,
2227 4047 2385 4102 quam
2425 4031 2478 4086 in
2516 4031 2757 4097 aeternis,
2805 4041 2860 4087 et
2903 4047 3072 4103 super
3115 4049 3307 4089 omnes
3349 4035 3541 4092 oculos.

1938 4123 2093 4192 Quod
2124 4124 2438 4196 mySIeriuin
2475 4123 2787 4194 plenissime
2817 4125 2974 4179 unius
3018 4125 3141 4180 libri
3182 4127 3542 4197 explicatione

1941 4218 2311 4273 tractavimus.
2355 4217 2462 4270 Aut
2508 4217 2766 4286 numquid
2812 4216 2893 4290 (2)
2939 4217 3043 4272 hoc
3080 4219 3450 4290 intelligimus,
3485 4230 3543 4276 ut

1939 4310 2186 4380 impleret
2212 4309 2390 4366 omnia
2423 4325 2543 4382 quin
2572 4309 2620 4365 ei
2653 4310 2902 4365 mandata
2926 4319 3054 4366 sunt
3080 4319 3140 4366 ut
3164 4311 3295 4367 nihil
3320 4313 3391 4367 ibi
3421 4329 3542 4369 cor-

1938 4405 2160 4468 rexerit,
2202 4404 2332 4458 nihil
2374 4403 2445 4458 ibi
2492 4402 2788 4474 perfectum
2818 4404 3146 4460 reddiderit?
3176 4405 3269 4460 sed
3301 4407 3544 4464 ascendit

1937 4513 2101 4568 supra
2129 4497 2317 4564 caelos,
2351 4507 2409 4552 ut
2460 4513 2622 4553 omne
2656 4498 2976 4570 mysterium
3014 4498 3299 4567 impleret;
3335 4507 3388 4553 et
3439 4499 3539 4556 de-

231 4617 514 4688 capiamus
540 4615 951 4686 intelligentiam
980 4615 1104 4684 quia
1132 4614 1177 4670 is
1199 4615 1466 4680 ascendit,
1491 4617 1584 4685 qui
1605 4615 1830 4672 descen-

1948 4589 2173 4658 sceudit,
2205 4589 2300 4646 sed
2332 4600 2391 4646 ut
2428 4590 2676 4661 impleret
2699 4591 2980 4661 majestate
3011 4591 3216 4646 scilicet
3241 4601 3294 4646 et
3324 4591 3536 4662 perfec-

231 4711 330 4766 dit.
361 4710 559 4764 Natura
597 4709 797 4765 etenim
829 4708 906 4762 rei
935 4709 1014 4763 sic
1056 4723 1115 4763 se
1143 4708 1323 4774 habet,
1366 4717 1424 4764 ut
1450 4711 1750 4766 ascendere
1777 4711 1829 4768 in

229 4809 425 4859 etclam
458 4819 563 4858 non
603 4803 773 4873 possit
804 4801 906 4856 nisi
935 4803 1024 4872 qui
1053 4801 1180 4858 inde
1206 4802 1506 4859 descendit.
1543 4803 1653 4861 IIoc
1684 4806 1830 4863 circa

229 4897 471 4953 etelestia
502 4914 516 4951 :
546 4905 667 4950 nam
711 4895 856 4950 circa
897 4895 998 4949 alia
1044 4894 1354 4964 hujusmodi
1395 4906 1609 4952 terrena
1653 4907 1830 4967 potest

228 4990 424 5062 aliquis
454 4989 769 5052 ascendere,
798 4987 889 5058 qui
923 5001 1030 5041 non
1071 4986 1394 5043 descendit:
1421 4988 1515 5044 sed
1543 4990 1595 5044 in
1626 4991 1824 5047 coelum

225 5094 385 5155 atque
414 5084 465 5138 in
496 5083 665 5140 caelos
695 5094 854 5136 nemo
883 5079 1148 5146 ascendit,
1181 5080 1281 5134 nisi
1311 5081 1399 5151 qui
1433 5081 1558 5138 inde
1596 5083 1823 5139 descen-

225 5180 323 5235 dit.
355 5179 446 5235 Sic
473 5179 616 5234 enim
660 5176 910 5233 Salvator
936 5175 992 5231 in
1015 5174 1311 5247 Evangelio
1351 5175 1489 5232 dixit
1521 5195 1534 5232 :
1567 5178 1668 5233 nisi
1701 5181 1822 5250 quis

223 5284 444 5332 renatus
482 5274 663 5339 fuerit,
696 5287 804 5328 non
839 5279 1019 5341 potest
1062 5285 1289 5342 regnum
1324 5270 1416 5326 Dei
1455 5281 1660 5329 tenere.
1711 5275 1818 5331 De-

222 5368 348 5425 inde
394 5367 712 5438 subjunxit,
769 5365 1023 5437 quoniam
1078 5363 1216 5434 quod
1264 5381 1326 5419 ea:
1373 5380 1528 5421 carne
1563 5368 1814 5436 nascitur,

291 5522 370 5597 (l)
397 5521 567 5597 Codd.
595 5523 782 5592 patria.

292 5591 372 5670 (2:,
405 5591 736 5670 adnotemus
764 5591 1086 5663 promissum
1113 5607 1143 5648 a
1167 5591 1444 5650 Victorino
1481 5611 1640 5667 opus,
1673 5601 1815 5670 quod

219 5667 272 5724 in
302 5667 462 5722 editis
494 5681 598 5721 non
626 5673 924 5735 comparet.

291 5741 368 5810 (5)
397 5738 549 5809 Vulg.
585 5755 599 5793 :
629 5740 840 5808 quod...
870 5737 990 5809 quia
1017 5745 1063 5792 et
1096 5736 1353 5795 descendit
1381 5740 1600 5809 primum
1643 5742 1695 5799 in
1725 5744 1811 5798 in-

217 5807 424 5880 feriores
456 5807 632 5882 partes
650 5807 830 5866 terris.

1935 4687 2082 4742 tione
2108 4696 2162 4742 et
2182 4687 2273 4742 Dei
2298 4686 2500 4741 lumine
2527 4695 2581 4742 et
2603 4685 2889 4741 charitate.
2919 4686 3220 4741 Descensus
3248 4685 3390 4742 enim
3421 4686 3540 4758 ejus

1934 4791 1988 4838 et
2017 4797 2272 4838 ascensus
2295 4781 2620 4838 illuminavit
2645 4781 2914 4836 universa.
2945 4780 3111 4852 Magis
3132 4791 3309 4836 autem
3342 4782 3542 4837 illumi-

1934 4877 2101 4944 navit,
2132 4893 2252 4931 cum
2281 4876 2526 4933 ascendit
2550 4875 2820 4945 perlectus
2847 4883 2902 4928 et
2926 4874 3290 4929 sanetilicatus
3309 4889 3338 4928 a
3359 4885 3537 4946 patre.

1933 4973 2123 5028 Omnia
2153 4982 2337 5027 saneta
2369 4972 2495 5027 facit
2525 4985 2621 5042 per
2652 4970 2882 5027 reditum
2914 4983 3091 5039 suum,
3121 4979 3175 5024 et
3203 4969 3343 5025 unde
3374 4968 3532 5036 redit,

1930 5074 1985 5122 et
2001 5080 2278 5136 quousque
2299 5065 2458 5120 redit.

2003 5156 2168 5212 Vatis.
2220 5159 2308 5213 11.
2342 5189 2411 5198 -
2440 5156 2508 5212 Ει
2538 5159 2648 5229 ipse
2671 5158 2809 5211 dedit
2837 5157 3086 5228 quosdam
3107 5155 3313 5226 quidem
3331 5163 3536 5226 aposto-

1930 5253 2028 5319 los,
2061 5252 2310 5322 quosdam
2329 5262 2498 5307 autem
2529 5252 2826 5324 prophetas.
2851 5250 2987 5306 Hinc
3011 5249 3196 5320 incipit
3223 5249 3364 5304 dona
3387 5248 3533 5305 varia

1999 5456 2079 5527 (1)
2108 5453 2370 5511 Notabilis
2400 5453 2516 5510 hate
2552 5453 2811 5527 Victorini
2852 5453 3116 5527 doctrina.
3155 5450 3309 5520 Quod
3350 5457 3532 5505 autem

1924 5524 2086 5585 ait's'e
2114 5528 2242 5583 alibi
2271 5527 2336 5582 de
2370 5527 2468 5582 hac
2501 5543 2558 5582 re
2585 5526 2896 5597 scripsisse,
2931 5524 3171 5597 intellige
3197 5531 3533 5597 commenta:

1922 5601 2064 5658 rium
2107 5601 2175 5655 ab
2218 5616 2306 5666 eo,
2340 5610 2398 5654 ut
2447 5609 2597 5670 puto,
2637 5593 2941 5670 confectum
2981 5597 3037 5652 in
3081 5593 3365 5670 epistolam
3398 5593 3530 5670 uad

1922 5673 2258 5737 Corinthios,
2295 5665 2357 5726 in
2405 5665 2509 5744 qua
2557 5671 2756 5726 Paulus
2799 5669 2996 5726 dicitur
3037 5677 3225 5739 raptus
3271 5668 3436 5723 fuisse
3475 5665 3532 5724 in

1919 5747 2139 5802 tertium
2165 5745 2382 5801 omium.

1994 5816 2074 5888 (2)
2111 5815 2286 5873 Codd.
2313 5817 2542 5871 animum
2566 5813 2705 5886 quid.
