4010 6306
575 277 717 332 1:273

1794 287 1985 343 MAR"
2029 287 2370 345 VICTORINI
2413 290 2572 347 AFRI
3695 312 3794 366 Ljr,

571 405 908 453 enumerzu'e,
946 389 1012 445 de
1043 393 1234 463 quibm
1275 410 1436 465 supra
1468 397 1623 460 dixit,
1657 399 1796 469 quod
1836 400 1986 456 dedit
2029 403 2166 457 Deus
2193 409 2242 470 Α
2272 419 2385 459 ruas
2405 405 2470 459 ad
2501 405 2657 461 fidem
2681 409 3001 467 confirment
3028 433 3038 467 :
3064 415 3164 471 hoc
3178 418 3604 481 estcnimr-ornns
3619 424 3791 482 Christi.

569 482 710 537 dona
741 482 1065 551 hominibus,
1098 494 1155 540 ut
1196 503 1383 542 omnes
1424 487 1658 545 habeant
1696 493 1832 547 dona
1877 493 1994 560 Dei,
2026 497 2168 566 quod

568 591 732 649 supra
761 579 1055 646 tractabat;
1088 590 1142 635 et
1165 582 1342 636 nullus
1367 583 1519 639 alteri
1553 585 1806 642 inrideat.
1829 589 1962 644 Sunt
1989 601 2167 646 autem

568 668 708 724 dona
740 668 875 736 haec,
907 672 1157 743 apostoli,
1184 673 1481 742 propheta},
1506 678 1870 749 evangelista,
1899 689 2164 751 pastores,

568 761 845 833 magistri,
881 765 1145 830 ministri;
1179 780 1313 836 quos
1351 781 1540 823 omnes
1571 781 1868 826 enumerat.
1905 770 1961 826 ln
1995 773 2168 842 primo

571 861 751 910 tamen
802 856 1076 924 apostolos
1125 860 1323 927 posuit,
1373 859 1569 916 deinde
1615 865 1925 934 prophetas.
1978 865 2166 921 Mirum

567 955 747 1003 autem
777 947 987 1004 videtur
1023 950 1163 1020 quod
1194 967 1316 1006 cum
1348 952 1550 1009 dictum
1593 956 1663 1009 sit
1704 971 1874 1026 usque
1913 957 1978 1011 ad
2009 957 2168 1013 Chri-

567 1049 712 1095 stum
745 1042 1033 1112 prophetas
1059 1057 1199 1108 esse,
1235 1047 1348 1116 ipse
1373 1044 1622 1102 Christus
1663 1049 1868 1106 scilicet
1898 1049 2085 1106 fecerit
2114 1061 2169 1108 et

567 1135 880 1205 prophetas.
912 1136 1038 1192 Post
1068 1139 1344 1207 apostolos
1382 1145 1559 1212 posuit
1599 1143 1888 1214 prophetas
1923 1156 1976 1200 et
2005 1161 2169 1202 evan-

564 1227 808 1299 gelistas.
862 1229 1000 1298 Quid
1053 1229 1212 1302 igitur
1265 1232 1658 1306 intelligimus?
1716 1239 2008 1310 prophetas
2060 1257 2167 1296 non

565 1321 708 1377 solos
739 1321 861 1377 illos
889 1323 1016 1391 dici,
1047 1325 1137 1396 qui
1180 1327 1371 1396 spiritu
1420 1327 1510 1382 Dei
1555 1342 1799 1400 accepto,
1845 1331 1913 1387 de
1954 1332 2168 1390 Christo

565 1413 822 1470 dixerunt
851 1426 903 1470 ct
933 1417 1001 1471 de
1032 1418 1149 1488 ejus
1177 1420 1430 1489 adventu,
1465 1421 1532 1477 dc
1563 1423 1754 1494 quibus
1787 1435 1934 1481 recte
1963 1426 2165 1482 dictum

563 1525 724 1580 usque
749 1511 818 1564 ad
831 1508 1088 1566 Christum
1104 1513 1365 1584 praphetae
1379 1530 1397 1568 :
1411 1516 1534 1586 quia
1548 1533 1667 1571 cum
1682 1519 1824 1574 venit
1839 1519 1949 1584 ille,
1965 1520 2032 1575 de
2061 1537 2167 1592 quo

563 1603 841 1675 prorihetze
867 1615 1040 1669 erant,
1069 1607 1186 1662 sine
1215 1608 1378 1664 dubio
1398 1609 1508 1680 jam
1539 1626 1703 1681 quare
1733 1613 2006 1683 prophetae
2035 1616 2162 1680 sint,

561 1711 722 1752 causa
753 1697 894 1752 nulla
943 1707 1046 1753 est.
1077 1699 1223 1767 Quos
1253 1701 1414 1772 igitur
1458 1703 1744 1773 prophetas
1776 1706 2165 1776 intelligimus?

2350 496 2511 554 Vens.
2568 501 2654 555 13.
2702 532 2773 542 -
2817 502 2991 560 Donec
3043 524 3373 565 occurramus
3417 529 3574 567 omnes
3598 516 3643 568 in
3668 521 3791 571 unita-

2272 599 2368 644 tcm
2397 592 2517 659 ﬁdei
2539 633 2554 659 ,
2585 603 2632 647 et
2660 597 2967 666 agnitionem
2988 600 3196 672 Christi,
3232 604 3285 658 in
3305 605 3462 660 virum
3487 608 3737 678 perfectum,
3757 615 3794 666 in

2271 701 2558 740 mensuram
2607 690 2771 743 wtatis
2797 691 3125 761 plenitudinis
3152 695 3359 751 Christi.
3385 697 3543 754 Pleno
3571 704 3792 773 mysterio,

2271 778 2411 847 quod
2437 777 2634 835 factum
2663 783 2733 837 sit
2753 827 2766 848 ,
2795 792 2850 838 et
2881 795 3098 856 prepter
3125 789 3250 855 quid
3280 790 3472 846 factum
3501 792 3600 861 sit,
3625 802 3672 849 et
3702 799 3794 868 quid

2269 869 2504 926 futurum
2534 874 2603 929 sit
2626 874 2730 948 (l),
2760 879 3028 948 exposuit.
3063 880 3201 949 Quid
3230 881 3422 938 factum
3447 887 3550 952 sit,
3580 888 3698 957 quod
3733 891 3797 946 de-

2271 967 2484 1022 scendit
2505 977 2560 1024 et
2589 971 2830 1027 ascendit
2857 972 3104 1030 Christus
3125 1019 3139 1042 ,
3172 985 3227 1030 et
3249 977 3387 1046 quod
3418 979 3528 1049 ipse
3553 979 3682 1036 dedit
3703 999 3798 1053 apo-

2270 1061 2437 1116 stolos
2459 1073 2508 1116 et
2525 1065 2815 1134 prophetas
2831 1075 2886 1121 et
2907 1078 3150 1124 czeteros.
3172 1069 3370 1127 Deinde
3381 1072 3610 1142 adiunxit
3625 1085 3797 1148 propter

2270 1169 2430 1226 quam
2460 1171 2675 1212 causam
2697 1159 2762 1212 ad
2779 1166 3265 1217 consummationem
3285 1208 3298 1230 ,
3329 1163 3518 1235 inquit,
3539 1178 3792 1224 sanctorum.

2271 1245 2408 1315 Quid
2436 1248 2521 1302 illa
2545 1251 2945 1307 eousummatio
2983 1253 3106 1308 est?
3163 1256 3304 1325 quod
3349 1257 3597 1328 subjecit,
3637 1270 3682 1314 ut
3717 1277 3798 1330 per-

2271 1337 2426 1394 fec1is
2452 1343 2653 1398 sanctis
2681 1345 2930 1401 omnibus
2954 1345 3005 1400 in
3037 1347 3293 1402 unitatem
3323 1347 3472 1417 fidei,
3507 1361 3558 1405 et
3582 1369 3670 1406 una
3703 1352 3799 1408 ﬁdes

2271 1432 2412 1502 apud
2437 1447 2629 1490 omnes
2651 1437 2751 1502 sit,
2781 1446 2836 1492 et
2868 1438 2919 1492 in
2951 1440 3274 1509 agnitionem
3325 1441 3552 1507 Christi,
3579 1454 3630 1498 ut
3654 1459 3798 1501 omnes

2269 1541 2624 1596 agnoscamus
2673 1530 2986 1586 Christum:
3021 1534 3090 1588 ibi
3139 1535 3281 1590 enim
3328 1536 3503 1591 omnis
3554 1547 3631 1592 est
3671 1541 3798 1597 sales.

2273 1621 2474 1677 Deinde
2501 1623 2642 1692 quod
2675 1622 2910 1680 futurum
2939 1626 3036 1691 sit,
3062 1635 3120 1682 ut
3146 1641 3494 1683 occurramus
3541 1640 3592 1685 et
3621 1646 3798 1686 concur-

2269 1731 2452 1771 ramus
2479 1717 2528 1771 iu
2559 1719 2730 1772 virum
2765 1718 3057 1789 perfectum
3089 1740 3102 1776 :
3135 1721 3366 1791 perfecta
3401 1725 3541 1778 enim
3564 1724 3714 1780 anima
3733 1743 3801 1795 per

559 1806 695 1862 quos
721 1791 918 1848 Christi
950 1793 1096 1849 dono
1126 1796 1410 1865 prophetas
1441 1811 1561 1852 esse
1589 1797 1757 1865 dicit;
1791 1797 1909 1854 illos
1939 1801 2143 1856 scilicet

2277 1809 2434 1865 fidem
2467 1820 2522 1865 et
2550 1829 2641 1882 per
2667 1812 2938 1874 Christum
2969 1816 3262 1887 cognitum,
3299 1817 3382 1872 vir
3410 1817 3659 1887 perfectus
3675 1819 3800 1872 effici-

559 1884 648 1955 qui
677 1885 744 1940 de
772 1885 881 1941 Deo
903 1895 1151 1956 tractant,
1173 1900 1224 1944 ct
1245 1889 1444 1960 Spiritu
1463 1890 1601 1961 pleni
1630 1891 1867 1948 divinam
1887 1905 2163 1964 caponuut

559 1976 923 2048 disciplinam.
1002 1980 1113 2036 lloc
1177 1985 1337 2038 etiam
1388 1985 1439 2039 in
1485 1987 1851 2056 superioribus
1907 1987 2160 2042 diximus.

636 2073 798 2127 Vrsas.
831 2074 919 2128 i2.
948 2105 1015 2116 —
1049 2077 1192 2131 Alios
1247 2095 1366 2134 vero
1413 2081 1766 2151 evangelistas,
1816 2083 1947 2137 alios
1993 2095 2162 2139 autent

559 2176 787 2235 pastores
839 2178 885 2222 et
935 2171 1206 2242 magistros
1251 2172 1355 2244 (l),
1399 2174 1466 2226 ad
1513 2176 1996 2230 consummationem
2036 2193 2158 2231 sau-

558 2273 756 2315 ctorum
811 2263 864 2316 in
920 2281 1047 2335 opus
1100 2266 1389 2334 ministerii,
1438 2269 1490 2322 in
1519 2270 1909 2340 wdiﬁcationem
1933 2272 2160 2343 corporis

555 2352 761 2408 Christi.
787 2354 1062 2426 Loquendi
1091 2358 1158 2414 de
1180 2359 1294 2432 lege
1319 2362 1502 2433 gratia:
1531 2377 1729 2434 genera
1753 2367 1988 2437 quinque
2009 2377 2154 2433 sunt;

551 2445 698 2516 loqui
733 2445 948 2519 linguis,
985 2449 1128 2522 loqui
1160 2453 1508 2522 revelatione,
1544 2456 1687 2528 loqui
1718 2458 1965 2524 scientia,
2001 2461 2148 2531 loqui

544 2541 858 2614 'prOphetia,
901 2543 1048 2616 loqtti
1091 2547 1356 2603 doctrina.
1395 2550 1518 2606 Ηωο
1561 2554 1720 2621 plene
1750 2554 1814 2608 ad
1846 2554 2156 2611 Corinthios

551 2637 605 2692 in
639 2637 829 2704 prima.
863 2637 1062 2695 Verum
1092 2651 1290 2712 praeter
1320 2642 1456 2710 lucc,
1491 2646 1632 2700 aliud
1660 2655 1744 2702 est
1767 2649 2153 2719 evangelistam

551 2747 693 2800 esse,
719 2733 769 2789 id
793 2746 871 2790 est
896 2752 1018 2808 qua:
1042 2735 1287 2794 Christus
1307 2739 1491 2796 fecerit
1512 2759 1752 2811 narrare,
1776 2746 1916 2802 etde
1934 2747 2153 2804 Christo

548 2830 869 2884 anuuntiare
898 2829 1074 2900 ipsum
1100 2832 1384 2889 colendum
1411 2850 1565 2903 esse;
1594 2837 1694 2893 hoc
1716 2847 1800 2893 est
1820 2841 1962 2894 enim
1989 2855 2152 2896 evau-

547 2923 794 2991 gelistam
833 2939 974 2981 esse.
1011 2925 1152 2998 Ergo
1183 2929 1308 2984 fecit
1333 2928 1578 2987 Christus
1606 2931 1751 2988 dono
1780 2949 1879 2989 suo
1917 2949 2147 3007 evange-

546 3015 698 3072 listas
733 3035 745 3071 :
781 3018 906 3075 fecit
945 3022 1106 3076 etiam
1148 3033 1200 3077 et
1236 3033 1481 3094 pastores
1507 3037 1560 3082 et
1589 3027 1896 3097 magistros,
1925 3034 2011 3104 qui
2059 3047 2147 3086 re-

544 3119 676 3180 gunt
716 3110 972 3169 Ecclesiae
1010 3118 1285 3186 pepuium.
1320 3117 1420 3186 Qui
1461 3118 1857 3191 administrant,
1900 3134 2144 3195 pastores

2271 1914 2354 1957 tur
2381 1905 2482 1975 (2).
2517 1906 2606 1959 Sic
2633 1915 2687 1960 et
2719 1906 2979 1976 propheta
3011 1907 3175 1962 David
3206 1907 3272 1963 de
3299 1912 3488 1965 eadem
3519 1911 3676 1966 anima
3713 1928 3800 1980 per-

2263 1996 2400 2052 fecta
2425 1996 2476 2052 in
2510 2000 2680 2068 primo
2703 2001 2909 2070 psalmo
2939 2001 3116 2070 posuit
3145 2021 3156 2055 :
3183 2001 3356 2057 beatus
3385 2005 3462 2058 vir
3488 2006 3570 2074 qui
3590 2022 3676 2058 non
3708 2005 3799 2057 abiit

2261 2091 2316 2145 in
2344 2094 2557 2148 consilio
2586 2095 2874 2164 impiorum.
2908 2095 2974 2151 Et
3006 2096 3217 2150 beatum
3248 2139 3263 2160 ,
3300 2097 3510 2168 inquit,
3566 2109 3614 2153 et
3669 2101 3798 2154 virum

2263 2186 2563 2240 nominavit
2588 2206 2601 2241 :
2633 2195 2692 2244 et
2721 2186 2835 2242 haec
2863 2197 2948 2242 est
2970 2203 3220 2243 mensura
3242 2190 3418 2246 :etatis
3441 2201 3493 2246 et
3515 2191 3799 2261 plenitudinis

2258 2277 2496 2344 Christi;
2530 2280 2772 2335 collectis
2815 2281 3066 2338 omnibus
3108 2281 3400 2348 membris,
3450 2293 3504 2340 ct
3538 2285 3643 2340 viro
3683 2287 3799 2354 pleno

2259 2371 2508 2439 reddito,
2595 2373 2648 2428 in
2717 2372 2944 2444 singulis
3006 2375 3186 2430 omnis
3261 2374 3540 2446 plenitudo
3604 2377 3796 2434 redditur

2256 2459 2478 2520 Christi.

2330 2556 2498 2613 Vatis.
2549 2559 2635 2614 ii.
2685 2587 2756 2604 -—-
2784 2558 2853 2614 Ut
2880 2561 3016 2615 ultra
3060 2560 3140 2633 (5)
3173 2577 3273 2615 non
3299 2562 3463 2618 simus
3497 2563 3678 2632 parvuli
3695 2563 3796 2632 ﬂare

2257 2662 2476 2707 tuanles.
2505 2651 2638 2708 Cum
2660 2654 2804 2709 enim
2827 2669 2932 2708 non
2975 2669 3161 2711 smnus
3205 2655 3466 2726 perfecti,
3511 2658 3694 2727 parvuli
3733 2673 3798 2710 su-

2255 2762 2414 2801 musr
2458 2756 2516 2802 et
2555 2761 2678 2803 cum
2723 2746 2933 2817 parvuli
2960 2763 3210 2814 eramus,
3237 2749 3624 2806 ﬂuctuabamus
3660 2769 3671 2803 :
3705 2764 3795 2803 cum

2252 2848 2432 2892 autem
2457 2838 2562 2894 fide
2591 2839 2995 2904 confirmantur,
3051 2855 3160 2894 non
3207 2839 3550 2898 ﬂuctuamus.
3586 2841 3701 2896 Cum
3730 2854 3796 2894 eo-

2251 2929 2563 3000 gnoscimus
2585 2931 2854 2985 Christum
2892 2973 2905 2994 ,
2931 2931 3026 2985 viri
3048 2931 3338 2988 efﬁcimur.
3363 2931 3435 2988 Et
3455 2936 3570 3007 jam
3594 2949 3681 2987 non
3705 2947 3794 3002 par-

2252 3023 2356 3077 vuli
2377 3024 2803 3094 circumferuntur
2856 3025 2995 3080 omni
3052 3037 3196 3080 vento
3237 3027 3520 3095 doctrina},
3550 3029 3598 3083 in
3622 3027 3796 3098 nequitia

2251 3117 2545 3184 hominum,
2578 3119 2630 3174 in
2656 3119 2882 3185 astutia,
2909 3119 2979 3173 ad
3003 3121 3279 3175 rentediunt
3328 3121 3410 3194 (4)
3464 3123 3660 3178 erroris.
3695 3121 3794 3174 Cum

544 3203 682 3258 dixit
710 3221 722 3258 :
757 3210 1040 3278 magistros
1066 3225 1216 3277 vero,
1239 3210 1330 3282 qui
1356 3214 1571 3269 docent,
1596 3214 1710 3270 Non
1735 3217 1876 3272 enim
1904 3229 2147 3290 pastores
2177 3221 2222 3285 ρ
2255 3211 2397 3266 enim
2424 3213 2642 3281 perfecti
2675 3227 2779 3268 non
2801 3226 2988 3269 sumus
3008 3254 3021 3279 ,
3059 3222 3115 3270 et
3141 3213 3192 3268 iu
3217 3213 3321 3270 fide
3344 3215 3575 3272 labimur
3594 3224 3643 3270 et
3673 3213 3796 3267 vacil-

545 3299 632 3356 hic
659 3317 688 3356 a
719 3304 1008 3372 pascendo,
1034 3323 1205 3377 neque
1224 3311 1288 3364 ad
1305 3309 1453 3366 cibos
1470 3309 1830 3379 referendum,
1847 3316 1939 3370 sed
1957 3316 2024 3371 ad
2049 3331 2146 3387 gu-

543 3391 908 3462 bernandum,
942 3410 996 3454 ut
1029 3411 1276 3470 pastores
1303 3405 1571 3475 appellant
1599 3408 1914 3479 episcopos;
1945 3421 2000 3466 et
2031 3413 2144 3482 ipse

541 3486 794 3544 Christus
837 3503 1038 3563 pastor,
1080 3497 1222 3565 quod
1265 3512 1399 3553 oves
1447 3501 1723 3558 aestimata)
1764 3515 1891 3559 sunt
1927 3507 2141 3562 animm.

539 3581 821 3653 Magistros
867 3601 1014 3653 vero,
1067 3600 1125 3642 ut
1166 3591 1399 3646 diximus
1440 3591 1785 3666 (quamquam
1830 3598 1991 3654 etiam
2043 3599 2142 3669 ipsi

541 3685 808 3744 pastores,
845 3679 1082 3751 magistri
1117 3685 1328 3752 pecoris
1357 3685 1626 3753 dicantur,
1660 3691 1810 3760 quasi
1840 3691 2140 3764 praepositi)

539 3775 718 3823 tamen
751 3770 1001 3828 doctores
1028 3775 1387 3848 intelligamus
1418 3781 1702 3851 magistros
1728 3782 1920 3838 dictos.

613 3862 737 3918 "i130
759 3877 936 3920 tamen
967 3869 1146 3923 omnia
1178 3871 1344 3938 dixit,
1375 3873 1495 3928 ideo
1523 3875 1667 3931 dono
1701 3875 1790 3931 Dei
1844 3879 2140 3935 constituta

537 3961 1001 4014 utconsummatio
1039 3963 1456 4032 sitsanetorutn,
1479 3967 1528 4021 id
1561 3976 1643 4022 est
1670 3967 1951 4039 perfectio.
1972 3969 2138 4027 Sanc-

536 4060 622 4107 tos
651 4067 796 4123 saepe
827 4053 953 4124 quid
977 4057 1240 4127 signiticet
1260 4101 1274 4123 ,
1301 4061 1489 4128 docui,
1526 4061 1576 4117 id
1605 4073 1689 4118 est
1715 4063 1805 4134 qui
1863 4063 2020 4121 tidem
2049 4081 2137 4121 ac~

535 4147 782 4216 ceperint
808 4156 862 4201 et
902 4151 1222 4206 sanctificati
1279 4153 1469 4222 Spiritu
1501 4157 1627 4210 siut.
1658 4155 1721 4211 ili
1753 4173 1880 4229 ergo
1911 4170 1964 4213 ut
2007 4174 2138 4215 cou-

533 4247 895 4306 suiumeutur,
931 4240 980 4295 id
1005 4254 1082 4297 est
1113 4244 1478 4314 perficiantur,
1509 4247 1650 4304 dono
1667 4248 1869 4308 Christi
1893 4253 2134 4311 instituta

533 4342 658 4388 sunt
689 4331 998 4404 ltujusmodi
1051 4345 1105 4391 et
1157 4339 1410 4410 mysteria
1461 4350 1515 4396 et
1563 4343 1896 4413 ministeria,
1941 4347 2134 4419 quibus

531 4424 793 4494 perfectio
819 4438 870 4483 et
901 4432 1296 4488 consummatio
1319 4436 1557 4492 omnium
1609 4447 1940 4496 sanctorum.
2000 4442 2133 4498 Nam

532 4519 655 4588 quia
706 4523 933 4592 apostoli
987 4536 1394 4599 possuntagere
1444 4538 1500 4586 et
1547 4530 1744 4588 docere
1787 4538 2132 4609 etevaugeli-

2252 3305 2426 3362 lamus
2451 3315 2507 3361 et
2535 3307 2702 3362 multa
2751 3321 2849 3362 nos
2881 3307 3378 3377 perturbant;cuiu
3433 3324 3527 3378 per
3573 3306 3794 3362 doctrinas

2248 3400 2507 3470 plurimas
2538 3400 2933 3464 discurrentes,
2967 3408 3127 3454 vento
3159 3399 3494 3470 intelligendi
3527 3398 3663 3454 vario
3708 3396 3792 3466 agi-

2248 3504 2446 3550 tantur.
2477 3493 2607 3560 Qua:
2637 3493 2916 3560 doctrina,
2969 3495 3206 3562 nequitia
3235 3501 3321 3548 cst
3352 3493 3624 3550 hominum
3649 3502 3694 3547 et
3713 3490 3792 3544 cal-

2249 3585 2428 3641 liditas
2449 3597 2500 3640 et
2529 3585 2722 3640 astutia
2749 3625 2763 3652 ,
2794 3596 2850 3640 et
2869 3588 3018 3655 rpiasi
3045 3586 3288 3657 quaedam
3321 3587 3562 3643 remedia
3592 3585 3790 3642 erroris:

2246 3689 2307 3736 ut
2329 3680 2472 3750 quod
2499 3680 2701 3750 sentis,
2728 3683 2878 3751 quasi
2909 3682 3268 3752 quorumdam
3311 3682 3631 3752 sapientium
3669 3694 3792 3734 sensu

2244 3779 2671 3850 etintelligeutia
2695 3779 2899 3834 sentire
2924 3777 3147 3845 credas;
3198 3789 3252 3833 et
3299 3777 3369 3832 sit
3433 3776 3628 3833 erroris
3647 3775 3708 3829 tui
3728 3788 3791 3828 re—

2243 3878 2480 3933 medium
2513 3877 2820 3934 intellectus
2857 3877 3090 3934 alienus.
3119 3878 3249 3943 Quae
3289 3878 3474 3932 omnia
3527 3872 3791 3933 dimittenda

2241 3981 2401 4039 sunt,
2462 3979 2518 4026 ut
2566 3970 2650 4027 his
2689 3971 2895 4026 duabus
2941 3971 3100 4028 rebus
3129 3970 3314 4026 refecti
3355 3971 3630 4037 simus,et
3661 3968 3790 4022 \irutn

2240 4069 2632 4140 compleamus,
2669 4067 2770 4124 fide
2791 4068 2997 4123 scilicet
3023 4077 3078 4122 et
3119 4067 3392 4138 agnitione
3421 4066 3640 4122 Christi.
3664 4060 3792 4118 Deui-

2239 4177 2344 4234 que
2367 4163 2480 4217 haec
2509 4162 2673 4216 veluti
2725 4161 2833 4215 duo
2880 4159 3087 4216 scilicet
3113 4159 3245 4214 fides
3297 4159 3538 4226 Christi,
3584 4156 3631 4212 id
3653 4163 3722 4210 est
3752 4153 3790 4255 in

2237 4256 2546 4326 Christum,
2577 4265 2629 4312 et
2652 4257 2854 4326 aguitio
2878 4254 3118 4323 Christi,
3172 4257 3386 4312 beatum
3449 4253 3678 4308 faciunt:
3723 4253 3788 4318 qui

2236 4353 2320 4407 vir
2342 4351 2529 4406 beatus
2559 4366 2666 4405 non
2697 4350 2948 4416 ﬂuctuat,
2979 4365 3085 4404 non
3112 4349 3497 4405 circumfertur
3549 4344 3784 4406 doctrina,

2235 4445 2286 4500 in
2317 4442 2552 4514 nequitia
2580 4441 2879 4497 hominum.
2906 4442 3036 4498 Hice
3061 4442 3134 4496 ita
3156 4441 3331 4513 tetigit
3357 4441 3549 4498 beatus
3572 4436 3784 4511 prephets

2237 4539 2402 4594 David
2427 4539 2479 4593 in
2503 4537 2694 4594 eodetn
2718 4538 2892 4608 primo
2922 4537 3129 4606 psalmo
3155 4551 3168 4589 :
3218 4552 3338 4590 nam
3360 4536 3570 4602 beatus,
3617 4531 3786 4601 inquit.

531 4625 656 4666 zarc
677 4655 690 4677 ,
722 4626 1094 4673 verumtamen
1137 4631 1364 4692 possunt
1407 4633 1461 4678 et
1505 4624 1594 4678 alii
1645 4625 1760 4682 haec
1812 4625 2017 4696 facere,
2071 4639 2125 4685 et
2151 4622 2204 4684 D
2228 4636 2304 4689 vir
2325 4649 2510 4704 :quetn
2541 4647 2638 4686 nos
2665 4632 2894 4688 dicimus
2916 4631 3032 4688 fieri
3061 4631 3164 4686 fide
3193 4639 3247 4685 et
3273 4629 3478 4687 Christi
3498 4629 3784 4701 cognitimie;

530 4707 759 4776 apostoli
787 4719 963 4766 tamen
993 4729 1097 4768 nou
1126 4727 1286 4781 sunt;
1340 4733 1470 4789 ergo
1497 4728 1802 4790 separatqu
1847 4731 1930 4778 est
1982 4726 2124 4796 quod

531 4804 760 4875 apostoli
792 4805 879 4860 alii
904 4819 1064 4877 sunt,
1111 4813 1199 4868 alii
1232 4815 1544 4887 prophetae,
1602 4816 1693 4872 alii
1749 4820 2122 4890 evangelista,

529 4897 619 4952 alii
652 4897 846 4966 duces,
880 4913 1040 4973 atque
1067 4904 1338 4963 doctores.
1371 4909 1569 4967 Verum
1602 4909 1688 4969 his
1725 4914 1978 4971 omnibus
2005 4932 2127 4987 per-

527 4991 690 5048 fectio
721 4992 780 5049 lit
803 5001 1303 5072 cousuunnatioque
1331 5016 1640 5060 sanctorum
1670 5049 1684 5074 ,
1727 5023 1823 5079 per
1883 5024 1946 5066 ea
2007 5026 2124 5083 qua:

527 5087 629 5158 ipsi
661 5099 859 5161 agunt,
892 5100 947 5146 ct
975 5107 1070 5162 per
1087 5108 1146 5148 ea
1165 5111 1285 5166 quae
1307 5098 1394 5154 alii
1412 5113 1594 5171 agunt.
1617 5101 1748 5158 Nam
1783 5106 2119 5178 mysterium,

527 5180 582 5236 id
608 5191 690 5236 est
717 5183 857 5254 quod
883 5199 982 5241 nos
1014 5185 1273 5254 facimus;
1324 5193 1609 5250 :cdilicatio
1641 5207 1820 5254 autem
1872 5201 2122 5272 corporis

526 5272 764 5346 Christi,
796 5279 845 5333 id
895 5289 980 5337 est
1025 5281 1168 5351 quod
1214 5284 1358 5339 circa
1387 5286 1524 5343 alios
1545 5288 1792 5348 facimus.
1842 5294 1982 5366 Ergo
2032 5295 2122 5350 illa

525 5376 705 5429 omnia
733 5375 939 5433 duabus
967 5378 1035 5434 de
1064 5383 1244 5436 causis
1273 5391 1328 5437 et
1348 5383 1558 5441 duobus
1601 5387 1884 5445 effectibus
1931 5391 2008 5466 (‘2)
2041 5391 2121 5448 in-

524 5468 708 5525 stituta
737 5483 862 5526 sunt
890 5488 986 5544 per
1005 5474 1208 5531 donum
1237 5477 1457 5546 Christi,
1491 5488 1548 5535 ut
1578 5482 1798 5550 praesint
1829 5487 2120 5557 mysteriis,

523 5573 583 5620 ut
605 5564 701 5635 ipsi
731 5577 926 5635 agant,
961 5579 1018 5622 ut
1044 5568 1274 5627 ministri
1298 5572 1436 5641 sint,
1464 5573 1607 5645 quod
1640 5589 1840 5646 supra;
1894 5587 1948 5634 et
1993 5579 2124 5636 ardi-

522 5655 686 5713 licent
705 5674 903 5730 corpus
927 5658 1146 5732 Christi,
1179 5664 1233 5720 id
1249 5676 1335 5722 est
1363 5667 1677 5736 Ecclesium,
1706 5677 1760 5724 et
1791 5685 1977 5727 omnes
2002 5675 2122 5728 aui-

596 5775 677 5846 (l)
706 5775 859 5844 Vulg.
891 5777 953 5831 Et
981 5779 1233 5834 doctores.

595 5847 676 5919 (‘2)
699 5847 870 5904 Codd.
905 5861 951 5905 et
979 5851 1082 5906 duo
1108 5851 1331 5917 e/fectus.

2229 4729 2505 4800 quiuescit
2539 4727 2832 4792 doctrinas,
2867 4726 3338 4796 nescituequitiam
3361 4737 3416 4782 et
3436 4733 3786 4820 errores:qu0i

2229 4835 2443 4878 errores
2468 4821 2850 4892 doctrinasque
2869 4823 2946 4877 sic
2967 4831 3250 4877 enumerat
3273 4821 3441 4876 David
3463 4817 3705 4876 dicendo:
3722 4817 3785 4886 qui

2231 4930 2332 4968 non
2354 4914 2475 4968 abiit
2494 4915 2548 4968 in
2562 4915 2779 4968 consilio
2791 4914 3091 4986 impiorum,
3116 4924 3162 4966 et
3190 4914 3242 4968 in
3269 4915 3350 4967 uia
3367 4926 3676 4986 peccatorum
3708 4923 3784 4962 non

2229 5007 2396 5072 stetit,
2421 5008 2539 5062 etin
2566 5006 2810 5062 cathedra
2851 5005 3154 5079 pestilentia
3181 5023 3282 5061 non
3313 5008 3462 5061 sedit.
3491 5007 3546 5062 In
3574 4999 3784 5060 cathedra

2230 5099 2551 5170 pestilentia:
2580 5099 2769 5155 sedere
2789 5141 2804 5165 ,
2834 5107 2919 5154 est
2947 5099 3146 5155 docere
3169 5098 3450 5155 haereticus
3478 5097 3781 5166 disciplinas:

2232 5193 2380 5250 abire
2410 5194 2460 5248 in
2490 5193 2775 5250 consilium
2796 5192 3082 5265 impiorum
3107 5233 3123 5262 ,
3155 5201 3242 5250 est
3278 5193 3329 5248 iu
3377 5192 3615 5264 nequitia
3643 5185 3783 5246 homi-

2305 5351 2733 5428 (Mode-889:-
2895 5425 2900 5428 .

2303 5424 2381 5496 (2)
2411 5424 2580 5480 Codd.
2607 5423 2870 5496 efﬁciatur.

2303 5499 2384 5574 (5)
2407 5497 2660 5574 ΧιιΙε-ηᾳι
2690 5498 2814 5574 iam.
2887 5568 2899 5574 _
2946 5567 2995 5574 Η
3093 5568 3103 5574 _
3393 5567 3405 5574 _
3684 5561 3712 5574 ,μ
3752 5559 3761 5574 θ

2306 5567 2670 5646 (“Notabilis
2703 5567 2959 5646 Victorini
2981 5568 3179 5646 lectio;
3208 5581 3370 5639 quum
3393 5567 3633 5646 in_gr_:eco
3657 5567 3716 5646 sit
3735 5567 3781 5640 ,ἐν

2229 5632 2498 5713 saxosae
2531 5642 2611 5696 vel
2645 5643 2852 5713 κυκείᾳς
2885 5641 2936 5693 in
2973 5632 3187 5713 vulgato
3225 5632 3410 5713 :atttem
3443 5632 3604 5713 latino
3627 5632 3783 5713 adfir-

2231 5702 2671 5777 ciinwentionem;
2701 5702 2847 5792 quod
2877 5702 3190 5792 vocalitilum
3215 5711 3328 5792 jam
3347 5712 3420 5765 sic
3449 5704 3779 5792 explicandum

2231 5786 2522 5841 videturex
2544 5784 2800 5840 Victorini
2814 5785 3125 5855 magisterio
3140 5823 3156 5849 ,
3177 5795 3233 5839 ut
3246 5784 3597 5839 circumventio
3607 5791 3777 5842 errans,

2238 5858 2309 5916 sit
2355 5858 2633 5932 remedium
2663 5857 2905 5913 adversus
2929 5871 3171 5912 errarent.
