4010 6306
287 242 429 302 ΙΞἹῚ

1209 240 1275 297 IN
1318 235 1707 295 El‘lSTOLAM
1750 234 1840 292 AD
1881 231 2214 292 EI‘HESIOS
2253 233 2456 292 LIBER
2497 238 2561 294 ll.

3443 234 3583 291 1278

283 378 415 421 nam
444 364 688 419 versari:
722 370 865 419 stare
896 363 947 417 in
980 364 1061 418 ria
1098 374 1473 433 peccatorum,
1510 359 1664 416 estin
1686 356 1879 413 astutia
1911 357 1957 416 A
1985 354 2207 411 mundo.
2250 356 2493 427 Namque
2541 356 2586 410 si
2629 355 2860 411 mundus
2909 355 3143 410 tenebrm
3192 363 3310 406 sunt
3332 396 3346 421 ,
3411 363 3461 407 nt
3513 356 3582 409 de

282 461 489 521 versari
518 459 583 514 ad
615 460 912 522 remedium
960 458 1182 514 erroris.

250 536 253 541 ⁴
354 552 521 609 Vens.
559 551 650 620 i5,
682 549 1134 607 i6.—-—Veritatem
1160 559 1330 605 autem
1360 547 1601 620 facientes
1622 547 1676 601 in
1708 546 1881 601 citari.

280 656 418 719 tate,
472 661 754 721 augeamus
804 638 881 719 (οἱ)
935 644 989 700 in
1037 644 1237 716 ipsum'
1261 643 1466 708 omnia,
1495 642 1586 713 qui
1608 650 1684 697 est
1727 649 1881 713 caput

281 737 543 793 Christus.
602 736 920 797 Exhortatio
979 742 1091 802 cst,
1151 735 1275 807 quia
1331 734 1447 790 vult
1500 732 1770 804 Ephesios
1826 736 1878 788 in

277 827 547 889 charitate
574 842 697 884 esse
718 869 732 894 ,
765 834 817 883 ct
848 825 1029 882 omnia
1061 826 1354 882 secundum
1387 824 1675 881 veritatem
1693 837 1877 896 agere,

277 934 335 979 et
380 921 550 995 magis
583 921 860 978 cumulare
904 935 1026 993 qua:
1073 928 1257 992 agunt.
1316 918 1428 975 Hoc
1456 926 1541 974 est
1585 931 1879 990 augeamus

275 1016 458 1072 omnia
485 1059 501 1083 ,
525 1014 619 1071 sed
649 1027 944 1085 augeamus
976 1013 1153 1069 omnia
1186 1014 1238 1067 iu
1276 1011 1450 1084 ipsum
1479 1010 1787 1078 Chrisutm,
1821 1019 1880 1065 ut

275 1105 412 1163 nihil
475 1115 632 1164 extra
690 1114 899 1179 agatur,
948 1104 1049 1160 nisi
1101 1104 1171 1161 de
1230 1102 1596 1161 conﬁrmanda
1661 1102 1769 1159 ﬁde
1820 1101 1875 1158 in

274 1199 550 1261 Christum
599 1201 725 1272 ;qui
769 1196 1016 1254 Christus
1072 1207 1194 1267 est,
1243 1198 1455 1270 inquit,
1509 1205 1689 1269 caput.
1738 1194 1873 1251 Cum

272 1293 421 1350 enim
452 1309 517 1349 ex
545 1294 724 1365 capite
755 1292 937 1348 omnia
964 1292 1202 1348 membra
1257 1300 1551 1363 regantur;
1597 1299 1653 1347 et
1698 1290 1874 1346 omnis

273 1382 522 1444 Ecclesia
552 1399 581 1440 a
605 1382 823 1440 Christo
850 1384 1073 1455 regitur;
1100 1383 1150 1440 id
1172 1394 1256 1440 est
1281 1383 1458 1439 omnis
1482 1382 1659 1438 anima
1687 1394 1873 1439 sancta

270 1486 329 1534 et
384 1477 581 1535 ﬁdeiis.
636 1476 777 1549 Ergo
827 1487 987 1549 caput
1041 1488 1123 1533 εει
1178 1475 1449 1543 Christus,
1495 1492 1677 1549 exque
1713 1487 1873 1532 totum

269 1588 459 1647 corpus
533 1581 854 1642 compactum
930 1580 977 1626 et
1044 1586 1329 1626 connexum
1366 1586 1457 1641 per
1504 1587 1704 1626 omnem
1741 1572 1873 1643 jun-

267 1674 469 1720 cturam
540 1664 1065 1730 subministrationis,
1135 1665 1191 1719 in
1244 1679 1485 1719 mensura
1537 1665 1875 1736 uniuscuius-

1985 447 2187 505 mundo
2231 448 2489 522 quidquid
2544 450 2876 522 intelligitur.
2935 449 3176 516 Denique
3235 447 3577 515 subiunctum

1984 543 2194 598 alienati
2217 560 2248 597 a
2277 543 2379 597 rita
2403 542 2500 597 Dei
2518 557 2638 613 qua:
2666 544 2772 599 vita
2797 552 2877 599 est
2910 543 3227 599 Christianis
3255 556 3377 598 cum
3410 542 3577 598 Deum

1983 647 2033 691 et
2062 635 2259 691 colunt.
2289 642 2346 691 et
2384 635 2707 705 intelligunt.
2744 636 2855 691 lloc
2873 634 3005 690 dicit
3028 651 3059 688 a
3077 636 3179 689 vita
3204 633 3299 688 Dei
3323 648 3441 703 quae
3467 634 3577 689 lico

1982 728 2211 785 debetur
2228 742 2257 783 a
2284 728 2457 783 nobis.
2488 728 2555 783 Et
2582 727 2853 799 subiungit
2887 736 3107 798 propter
3132 727 3576 797 intelligentiam:

1984 821 2108 876 hinc
2151 820 2292 876 enim
2350 820 2510 875 alieni
2564 835 2594 875 a
2649 821 2754 874 vita
2812 818 2905 876 Dei
2956 834 3176 886 sumus,
3230 834 3352 876 eum
3409 818 3575 875 Deum

1981 915 2287 986 ignoramus
2341 931 2357 969 :
2404 928 2527 969 cum
2577 924 2752 969 autem
2798 913 3204 984 cognoscimus,
3252 913 3413 967 vitam
3481 912 3575 967 Dei

1979 1008 2221 1079 agimus,
2257 1014 2311 1062 et
2332 1006 2493 1062 vitam
2515 1022 2545 1061 a
2574 1007 2685 1061 Deo
2732 1020 3010 1062 moremur
3048 1005 3216 1070 illam,
3268 1019 3391 1075 qua:
3445 1019 3573 1059 vere

1981 1099 2076 1155 Dei
2152 1099 2259 1153 vita
2336 1106 2459 1168 est,
2514 1114 2672 1169 quant
2722 1096 2907 1154 nobis
2978 1097 3226 1155 Christus
3308 1097 3573 1168 pollicitus

1976 1206 2079 1250 est.
2152 1192 2281 1249 Htec
2342 1204 2555 1261 autem,
2613 1193 2815 1265 inquit,
2871 1192 2926 1249 in
2992 1193 3122 1263 ipsis
3178 1207 3272 1261 per
3295 1192 3571 1247 caritatem

1977 1287 2148 1343 cordis
2174 1301 2353 1342 eorum
2385 1301 2546 1342 :cum
2568 1301 2758 1342 eorum
2789 1302 2885 1342 eor
2911 1296 3172 1342 emeatum
3204 1295 3289 1342 est
3313 1285 3567 1352 tenebris,

1976 1382 2176 1452 cogitat
2203 1392 2258 1438 et
2279 1390 2523 1438 versatur
2548 1384 2600 1437 in
2630 1382 2902 1447 tenebris,
2952 1390 3008 1437 et
3055 1382 3216 1438 istam
3243 1380 3570 1436 mundanam

1975 1475 2293 1545 sapientiam
2306 1490 2427 1547 qua:
2446 1474 2788 1532 tenebrarum
2810 1475 3074 1547 sapientia
3087 1482 3190 1540 est,
3204 1475 3435 1530 aestimat
3451 1490 3572 1531 esse

1974 1568 2318 1643 sapientiam.

2051 1662 2212 1717 Vens.
2244 1661 2331 1718 i9.
2363 1691 2436 1704 --
2467 1655 2707 1734 Denique
2751 1663 3057 1732 hujusmodi
3091 1662 3424 1719 intellectum
3452 1677 3574 1732 qum

268 1775 368 1831 que
389 1759 554 1831 partis
572 1800 589 1827 ,
618 1759 986 1815 incrementum
1032 1758 1262 1831 corporis
1284 1756 1364 1832 (2)
1391 1758 1444 1812 in
1470 1758 1866 1828 mdiﬁeationrm
1896 1754 1945 1817 B
1971 1770 2057 1811 res
2078 1768 2462 1827 consequatur,
2486 1757 2724 1812 ostendit
2749 1774 2762 1811 :
2799 1757 2902 1825 Qui
2927 1758 3251 1826 desperantes
3277 1757 3575 1829 semetipsos

268 1852 353 1906 sui
377 1854 429 1906 in
457 1852 778 1907 ebaritate...
813 1850 1058 1907 Diximus
1111 1851 1254 1923 quod
1296 1860 1456 1921 caput
1498 1860 1603 1919 est,
1650 1865 1716 1907 ex
1761 1867 1869 1924 quo

269 1956 575 2001 connexum
606 1954 690 2001 est
710 1959 873 2001 omne
900 1959 1101 2016 corpus
1152 1955 1206 2001 et
1247 1956 1607 2017 compactum.
1653 1946 1795 2018 Ergo
1821 1945 1869 2003 si

268 2036 517 2094 Christus
545 2050 704 2108 caput
734 2047 878 2096 este:
898 2038 1224 2111 principium
1237 2048 1292 2094 et
1314 2038 1434 2095 l'uns
1460 2039 1670 2095 etundc
1685 2039 1866 2094 omnia

266 2143 529 2204 reguntur
554 2134 796 2190 membra
816 2175 833 2202 ,
861 2149 981 2205 qua:
1000 2144 1124 2189 sunt
1145 2135 1198 2188 in
1229 2147 1459 2205 corpore
1512 2149 1605 2204 per
1648 2149 1866 2190 omnem

263 2224 609 2301 juncturam;
663 2234 821 2281 acute
874 2224 962 2281 hic
1008 2227 1416 2297 accipieudmn,
1476 2236 1535 2283 ut
1595 2225 1867 2299 quomodo

265 2318 509 2374 membra
537 2317 747 2390 singula
773 2319 1022 2389 iunctura
1050 2318 1376 2375 coluerentia
1404 2320 1633 2376 diversis
1669 2322 1722 2373 in
1771 2320 1869 2374 ad-

264 2412 753 2468 ministrationibus
785 2413 948 2468 totius
977 2415 1223 2484 corporis
1248 2427 1560 2469 mensuram
1602 2411 1806 2467 faciunt
1843 2430 1858 2481 ;

262 2506 344 2562 sic
375 2516 427 2560 et
454 2504 510 2560 in
534 2505 773 2562 Ecclesia
796 2547 810 2572 ,
837 2505 1045 2578 singula
1076 2521 1305 2579 quaeque
1343 2508 1584 2563 membra
1617 2507 1865 2561 ministe-

263 2597 469 2655 riorum
513 2601 656 2656 circa
681 2599 1164 2657 sanctiﬁcationem
1184 2602 1449 2674 mysterii,
1469 2600 1678 2658 etcirca
1703 2601 1866 2657 iidem

262 2693 493 2762 Christi,
512 2693 797 2766 iuncturas
824 2705 1087 2766 pnestaut
1106 2740 1121 2764 ,
1151 2706 1204 2751 et
1233 2710 1434 2768 corpus
1477 2710 1631 2752 suum
1655 2694 1708 2751 in
1736 2694 1867 2751 cha-

261 2786 421 2853 ritate
449 2788 1008 2863 constringuntatque
1035 2787 1306 2844 :nditicant
1339 2806 1352 2842 :
1398 2788 1472 2843 ita
1517 2798 1572 2845 et
1622 2789 1864 2845 membra

263 2889 477 2947 nostra,
506 2881 675 2945 veluti
708 2883 1029 2939 naturaliter
1058 2898 1217 2951 nexa,
1236 2894 1400 2956 atque
1422 2900 1608 2941 amore
1627 2886 1864 2957 genuino

259 2975 361 3030 sibi
394 2976 719 3032 coluerentia
740 3019 757 3046 ,
785 2975 1179 3034 incrementum
1212 2979 1427 3051 corpori
1455 2987 1712 3051 praestant
1751 2981 1864 3038 suis

261 3069 504 3140 partibus
537 3086 550 3124 :
578 3070 657 3125 sic
677 3081 731 3125 et
761 3070 938 3125 nuntia
967 3072 1295 3140 ministeria,
1331 3089 1449 3144 quae
1479 3084 1606 3128 sunt
1655 3073 1711 3128 in
1756 3074 1860 3129 Ee-

1973 1847 2296 1903 tndiderunt
2318 1849 2675 1916 impudicitia,
2706 1852 2761 1904 in
2790 1850 3141 1920 operationem
3160 1851 3326 1904 omnis
3350 1852 3575 1905 immun-

1973 1937 2116 1994 ἀπίω
2142 1947 2187 1994 et
2212 1941 2445 1996 avaritia
2466 1942 2567 2013 (t).
2594 1941 2669 1996 De
2695 1942 2944 2012 gentibus
2973 1942 3229 2012 loquitur,
3255 1942 3449 2012 quibus
3474 1957 3572 1997 eae-

1971 2040 2150 2089 catum
2172 2047 2269 2089 eor
2288 2043 2371 2089 est
2397 2077 2410 2101 ,
2437 2044 2491 2090 et
2520 2035 2653 2091 nihil
2677 2046 2935 2107 sperant,
2966 2036 3020 2092 id
3044 2045 3129 2092 est
3154 2036 3411 2093 mortales
3431 2053 3491 2091 se
3520 2048 3574 2092 ct

1972 2125 2213 2181 fatentur
2239 2135 2296 2183 et
2325 2128 2591 2197 probant;
2622 2144 2800 2200 neque
2817 2128 2888 2185 do
2915 2129 3220 2184 aeternitate
3250 2146 3345 2184 sua
3368 2130 3570 2194 aliquid

1969 2219 2203 2276 credunt
2251 2237 2266 2274 :
2313 2234 2376 2275 ac
2430 2232 2716 2291 propterea
2759 2222 2926 2278 vitam
2957 2222 3165 2289 tnnndl,
3199 2222 3352 2291 quasi
3380 2221 3569 2279 eairui

1969 2312 2253 2381 volentes,
2303 2322 2360 2369 et
2403 2315 2647 2384 rapiunt,
2695 2324 2754 2371 et
2798 2315 3082 2372 libidinoso
3123 2315 3344 2381 vivunt,
3370 2323 3568 2371 etcum

1970 2405 2301 2477 impudicitia
2331 2417 2651 2462 exercentes
2675 2448 2690 2475 ,
2721 2419 2779 2463 ut
2799 2408 3058 2475 credunt,
3107 2408 3437 2479 voluptatem
3484 2407 3564 2481 (9)

1971 2498 2202 2555 habendi
2228 2500 2442 2571 cupidi,
2473 2506 2528 2556 et
2556 2503 2611 2555 in
2641 2516 2738 2557 usu
2766 2501 2979 2559 vivendi
3005 2501 3154 2559 ducti
3173 2501 3425 2559 omnibus
3449 2510 3569 2557 tur-

1970 2592 2206 2663 pissimis
2228 2594 2616 2663 voluptatibus.

2045 2686 2207 2743 Vsus.
2239 2687 2329 2754 ΩΟ,
2361 2687 2453 2744 ﬁt.
2486 2719 2558 2733 -—-
2594 2688 2697 2745 Vos
2724 2699 2894 2747 autem
2920 2706 3020 2747 non
3036 2690 3109 2747 ita
3137 2689 3389 2747 didicistis
3417 2689 3569 2749 Chri-

1967 2790 2136 2847 stum;
2169 2782 2215 2838 si
2260 2792 2427 2844 tamen
2451 2784 2672 2841 audistis
2717 2784 2868 2843 illum
2895 2795 2941 2840 et
2974 2786 3027 2840 in
3052 2784 3433 2841 ittocredidistis
3460 2784 3561 2857 (5).

1968 2874 2169 2932 Contra
2231 2875 2500 2948 Ephesius
2555 2877 2719 2935 docet
2758 2896 2864 2935 non
2914 2879 2986 2939 ita
3020 2878 3201 2935 vivere
3230 2890 3289 2936 ut
3332 2889 3522 2951 gentes
3560 2897 3573 2933 :

1968 2970 2166 3042 quippe
2214 2972 2305 3043 qui
2336 2971 2621 3028 didicerint
2674 2969 2995 3030 Christum:
3038 2972 3163 3043 quia
3210 2970 3461 3031 Christus
3508 2983 3563 3028 ut

1965 3065 2301 3123 immortales
2355 3082 2455 3122 nos
2482 3067 2715 3136 faceret,
2762 3070 2871 3140 egit
2901 3068 3239 3140 mysterium,
3274 3077 3470 3138 praesto
3507 3069 3561 3124 in

259 3160 443 3227 clesia,
476 3175 678 3234 corpus
698 3170 781 3218 est
810 3160 891 3236 ('5)
922 3161 1154 3229 Chrisd,
1200 3164 1326 3220 sise
1354 3165 1586 3222 invicem
1612 3167 1665 3221 in
1687 3166 1864 3223 chari-

1973 3175 2136 3217 earne
2165 3161 2293 3227 iuit,
2347 3163 2509 3220 docui
2540 3172 2598 3218 ut
2641 3177 3091 3234 cognosceremus
3127 3172 3356 3236 patrem,
3405 3177 3461 3220 et
3513 3166 3564 3220 in

260 3263 367 3310 tate
404 3254 629 3326 diligant
657 3256 946 3310 servientia
970 3256 1153 3328 capiti,
1189 3256 1241 3313 id
1261 3265 1348 3312 est
1373 3257 1610 3313 Christo.

333 3347 498 3404 Vens.
534 3348 622 3417 t7,
642 3347 1050 3422 {8.—Hocergo
1074 3349 1247 3406 diceet
1276 3351 1519 3421 testiﬁcor
1539 3354 1591 3407 in
1616 3349 1860 3421 Domino,

259 3450 316 3496 ut
345 3457 446 3496 non
467 3442 694 3513 amplius
715 3440 1016 3511 ambuletis,
1044 3444 1174 3497 sicut
1195 3452 1240 3499 et
1266 3453 1438 3515 gentes
1467 3443 1731 3500 ambulant
1753 3443 1860 3517 (4).

260 3533 430 3592 Sicuti
455 3550 671 3607 semper
701 3534 898 3603 docui,
942 3536 1250 3592 exhortatio
1276 3534 1477 3617 duplex
1507 3548 1590 3593 est
1616 3555 1629 3592 :
1657 3546 1711 3593 et
1734 3537 1861 3610 quid

257 3642 363 3682 non
398 3628 732 3696 faciendum,
759 3642 921 3700 supra
957 3627 1125 3697 dixit;
1165 3629 1294 3700 quid
1322 3629 1662 3700 faciendum,
1719 3645 1864 3688 nunc

256 3720 550 3792 subiungit.
574 3720 712 3791 Quid
736 3736 844 3776 non
869 3719 1214 3790 faciendum;
1264 3739 1368 3791 ne,
1411 3724 1622 3795 inquit.
1673 3725 1863 3781 ambu-

257 3815 377 3873 lctis
400 3824 457 3870 ut
486 3826 697 3887 gentes.
730 3815 847 3872 Hoc
868 3856 883 3884 ,
918 3816 1123 3888 inquit,
1147 3815 1269 3873 dico
1317 3828 1372 3874 et
1425 3817 1529 3874 hoc
1557 3828 1746 3885 testor.
1806 3828 1863 3876 et

253 3915 427 3964 testor
456 3910 511 3964 in
544 3909 795 3978 Domino,
829 3909 881 3965 id
915 3919 999 3966 est
1022 3909 1256 3967 adhibeo
1282 3910 1648 3968 testimonium
1673 3912 1860 3968 Domi-

254 4002 312 4056 ni
339 4042 353 4068 ,
402 4001 549 4072 quod
606 4017 825 4059 moneo.
884 4003 982 4060 ille
1028 4013 1085 4060 et
1108 4014 1284 4060 terror
1324 4016 1451 4062 est:
1494 4007 1861 4064 exhortationi

254 4095 397 4148 cnim
427 4094 627 4150 mixtus
658 4104 854 4162 terror,
885 4097 1292 4167 persuasionem
1316 4096 1528 4154 facilem
1552 4098 1695 4155 facit.
1721 4097 1858 4155 Cum

252 4199 432 4244 autem
491 4187 662 4254 dixit,
718 4195 779 4244 ut
831 4203 942 4246 non
990 4191 1222 4261 amplius
1268 4192 1593 4260 ambuletls,
1623 4192 1861 4251 ostendit

254 4282 378 4337 illos
405 4282 496 4337 diu
526 4281 863 4352 ambulasse,
896 4291 950 4339 et
974 4282 1047 4338 ita
1077 4292 1132 4339 ut
1152 4293 1343 4356 gentes
1363 4285 1583 4341 vixisse.
1616 4286 1735 4356 Quo
1764 4301 1861 4341 au-

254 4382 363 4429 tem
415 4375 578 4431 modo
625 4384 685 4432 ut
734 4384 965 4447 gentes,
1020 4376 1137 4449 ipse
1186 4378 1484 4449 supponit:
1543 4380 1599 4434 in
1636 4380 1860 4435 vanitate

252 4469 435 4524 mentis
463 4484 573 4524 sua:
605 4469 720 4545 (5);
752 4469 1010 4525 obscurati
1038 4470 1299 4526 intellectu
1328 4471 1428 4546 (ϐ),
1454 4472 1666 4529 alienati
1692 4491 1725 4529 a
1753 4476 1858 4529 vita

1966 3256 2141 3324 ipsum
2201 3255 2364 3315 tidem
2415 3257 2743 3315 haberemus
2769 3300 2783 3324 ,
2832 3269 2885 3315 et
2940 3268 3025 3316 est
3078 3260 3358 3317 :etoruitas
3407 3261 3564 3317 nobis

1965 3351 2271 3407 viventibus
2300 3353 2595 3408 secundum
2627 3353 2742 3425 ejus
2773 3354 3044 3410 mandata.
3107 3354 3213 3411 Vos
3264 3357 3425 3428 igitur
3454 3372 3559 3411 non

1965 3444 2040 3500 ita
2061 3444 2651 3515 didieistis,utgentos
2679 3464 2691 3500 :
2724 3446 2924 3517 quippe
2977 3448 3101 3518 quia
3146 3462 3243 3505 vos
3289 3449 3561 3507 Christum

1963 3534 2189 3593 Iudislis
2210 3536 2275 3608 (si
2302 3546 2473 3597 tamen
2491 3539 2709 3597 audistis
2737 3537 2909 3609 illum)
2940 3538 2992 3595 id
3024 3550 3108 3597 est
3137 3540 3482 3601 intellexiStis
3510 3550 3566 3599 ct

1963 3627 2289 3685 credidistis.
2319 3629 2432 3687 lino
2461 3641 2544 3686 est
2571 3631 2718 3691 enim
2746 3630 2892 3703 quod
2916 3631 3181 3702 adjunxit,
3214 3634 3305 3704 qui
3325 3633 3379 3690 in
3410 3634 3561 3690 illum

1962 3722 2271 3781 credidistis
2322 3742 2338 3779 δ
2389 3724 2547 3795 quia,
2600 3734 2659 3782 ut
2699 3727 2933 3782 diximus
2962 3736 3019 3782 et
3066 3726 3298 3783 dicimus
3326 3742 3561 3798 semper,

1960 3818 2190 3877 credere
2214 3819 2268 3876 in
2296 3817 2571 3879 Christum
2596 3862 2612 3885 ,
2635 3821 3042 3878 immortulitem
3065 3822 3325 3893 consequi
3353 3832 3437 3877 est
3460 3862 3476 3888 ,
3508 3831 3565 3881 et

1960 3910 2128 3969 vitam
2154 3919 2415 3970 aeternam
2443 3914 2678 3981 mereri;
2703 3914 2820 3986 ipse
2845 3914 2991 3971 enim
3016 3924 3100 3971 est
3118 3915 3224 3970 vita
3246 3954 3264 3982 ,
3290 3915 3405 3985 ipse
3423 3915 3512 3973 lux
3543 3957 3558 3982 ,

1962 4003 2080 4074 ipse
2107 4004 2415 4075 aiternitas,
2467 4007 2583 4077 ipse
2628 4007 2721 4078 qui
2769 4017 3001 4063 mortem
3051 4007 3477 4073 vincitetvicit,
3509 4017 3565 4065 et

1961 4096 2120 4155 nobis
2146 4096 2305 4165 vicit,
2335 4113 2432 4169 per
2461 4101 2778 4172 mysterium
2808 4102 2954 4172 quod
2985 4101 3250 4170 implevit.

2036 4188 2197 4249 Vsus.
2228 4189 2319 4255 Si.
2347 4221 2422 4242 αη-
2442 4191 2611 4251 Sicuti
2630 4202 2705 4251 est
2729 4195 2916 4251 veritas
2942 4195 2997 4255 in
3016 4192 3182 4261 Iesu;
3208 4195 3451 4266 deponite
3476 4211 3565 4261 nos

1957 4284 2240 4341 secundum
2259 4286 2482 4356 priorem
2498 4290 2933 4345 conversationem
2949 4289 3025 4361 (ι)
3040 4298 3253 4347 ueterem
3275 4289 3530 4347 [sentinam
3547 4332 3561 4359 ,

1957 4377 2046 4448 qui
2108 4379 2458 4453 corrumpitur
2515 4384 2797 4439 secundum
2850 4382 3105 4438 desideria
3154 4384 3344 4439 erroris
3425 4388 3564 4440 Ante

1956 4467 2156 4529 Christi
2177 4471 2466 4533 adventum
2489 4490 2644 4533 error
2672 4476 2850 4533 omnis
2879 4485 2935 4532 et
2963 4490 3100 4533 vana
3128 4476 3393 4547 sapientia
3413 4474 3516 4533 fuit
3544 4519 3560 4544 ,

250 4561 372 4627 Det,
390 4573 601 4633 propter
614 4562 960 4635 ignorantiam
981 4579 1097 4635 quia
1111 4576 1185 4620 est
1211 4565 1264 4619 in
1280 4564 1433 4638 ipsis,
1462 4584 1552 4639 per
1577 4569 1856 4624 ctecitatem
1883 4563 1934 4624 D
1959 4564 2228 4623 mundana
2255 4566 2401 4637 haec,
2434 4579 2640 4626 interna
2669 4571 2939 4627 aestimare
2966 4586 2983 4637 ;
3015 4569 3310 4627 secundum
3339 4586 3561 4628 carnem

248 4656 419 4711 cordis
480 4672 677 4711 eorum.
746 4657 1029 4728 Expressit
1076 4674 1195 4730 quae
1251 4661 1322 4716 sit
1371 4663 1764 4733 vitagentium;
1798 4672 1859 4719 ut

249 4752 374 4807 vani
432 4753 560 4818 sint,
601 4752 803 4822 inquit,
858 4764 912 4808 et
972 4763 1153 4810 mente
1196 4769 1304 4811 non
1335 4757 1570 4828 sapiant,
1601 4768 1655 4814 et
1699 4758 1856 4815 intel-

249 4844 455 4901 lectum
482 4859 639 4901 suum
678 4845 971 4902 obscurent
991 4842 1071 4917 (7)
1106 4864 1119 4899 :
1151 4847 1288 4918 quod
1336 4857 1409 4904 est
1450 4849 1729 4905 intellectu
1756 4864 1856 4907 suo

247 4937 318 4997 de
391 4938 502 4994 Deo
566 4937 697 4993 nihil
752 4938 993 5011 cogitare
1029 4981 1045 5007 ,
1091 4953 1256 4995 sensu
1308 4940 1431 4997 duci
1484 4950 1540 4999 et
1589 4942 1752 4999 rebus
1798 4943 1852 5001 in

319 5068 397 5143 ('i)
421 5068 605 5143 νει-13..
629 5067 929 5143 Crescamus
956 5071 1011 5129 in
1039 5069 1132 5126 illo
1156 5088 1245 5143 per
1265 5072 1438 5128 omnia
1455 5117 1470 5143 ,
1504 5081 1609 5133 etc.

320 5142 399 5227 (2}
466 5141 650 5227 Yulg.,
704 5141 1001 5227 Secundum
1061 5141 1408 5215 operationem
1455 5141 1508 5227 in
1562 5162 1850 5227 mensuram

245 5215 907 5291 uniuscujusquemcmbri,
940 5225 1269 5287 augmentum
1295 5219 1526 5290 corporis
1553 5218 1700 5291 facit,
1739 5227 1845 5275 etc.

319 5286 400 5360 (5)
426 5284 503 5360 Ita
532 5284 692 5360 codd.
724 5300 820 5355 pro
843 5297 984 5360 sunt.

319 5286 400 5430 (δὲ
426 5286 503 5340 lta
532 5286 692 5341 codd.
724 5300 820 5355 pro
843 5297 984 5341 sunt.
1014 5286 1023 5287 ί
1385 5286 1394 5290 ⁷
1553 5286 1564 5291 ⁷

287 5361 391 5487 ἰ
447 5358 585 5415 Sunt
622 5356 709 5413 hic
752 5357 997 5431 quaedam
1028 5358 1299 5416 variantes
1323 5360 1377 5416 in
1406 5359 1566 5433 Vulg.
1592 5364 1745 5436 quasi
1774 5363 1847 5421 ibi

246 5447 391 5487 vtae.

316 5501 397 5573 (5)
429 5500 611 5571 Vulg.,
645 5498 713 5573 In
740 5502 965 5559 uanitate
992 5517 1168 5559 sensus
1189 5503 1291 5561 sui.

318 5572 591 5652 (6)_\’ulg.
629 5588 645 5627 :
674 5572 914 5652 Tenebris
970 5575 1323 5652 obscuratum
1344 5574 1585 5635 habentes
1614 5579 1847 5652 ἰηιειιεο-

250 5645 382 5736 tum.
394 5645 463 5736 lu
485 5645 842 5736 sequentibus
863 5651 1033 5718 proin
1056 5651 1205 5733 ipsis,
1239 5648 1402 5719 habet
1426 5652 1482 5710 in
1511 5653 1638 5728 illis,
1656 5645 1661 5649 ’
1676 5645 1731 5728 et
1750 5677 1850 5736 pro

242 5734 422 5775 eorum
435 5761 451 5787 ,
484 5717 678 5789 legitur
696 5717 940 5791 ipsorum.

319 5791 398 5865 (7)
420 5790 588 5850 Codd.
622 5790 912 5851 obscurum.

1960 4662 2180 4730 vivere;
2214 4662 2356 4721 hunc
2375 4665 2562 4721 mundi
2581 4680 2761 4736 regem
2781 4707 2797 4732 ,
2822 4665 2988 4721 Deum
3010 4667 3259 4725 credere.
3281 4668 3377 4724 Hic
3406 4678 3564 4725 vetus

1958 4755 2124 4814 homo
2153 4766 2255 4817 est.
2287 4758 2473 4828 Hune,
2500 4760 2703 4832 inquit,
2734 4762 2990 4832 deponite
3011 4803 3025 4827 ,
3056 4763 3198 4819 sicut
3231 4774 3317 4820 est
3360 4765 3560 4819 veritas

1958 4852 2012 4910 in
2043 4853 2201 4919 Jesu;
2234 4856 2492 4927 quoniam
2515 4857 2567 4912 in
2598 4856 2719 4913 aliis
2739 4857 2940 4913 veritas
2962 4872 3067 4915 non
3098 4869 3202 4915 est.
3229 4859 3285 4914 In
3308 4859 3437 4915 Jesu
3457 4875 3554 4913 au-

1960 4958 2067 5005 tem
2088 4950 2323 5006 veritas:
2355 4965 2476 5022 quae
2501 4950 2663 5009 Jesus
2690 4949 2912 5018 docuit,
2943 4966 3006 5007 ea
3031 4966 3156 5009 vera
3201 4962 3361 5007 sunt:
3381 4960 3436 5008 et
3470 4951 3555 5008 hic

1957 5060 2130 5101 novus
2160 5045 2344 5112 homo,
2363 5046 2662 5102 secundum
2684 5062 2845 5118 quem
2879 5049 3062 5104 vivere
3082 5047 3365 5105 debemus.
3392 5047 3557 5104 Vetus

1955 5155 2086 5212 ergo
2112 5140 2206 5196 ille
2231 5140 2335 5211 (5),
2356 5150 2412 5197 ot
2442 5141 2590 5211 prior
2617 5142 2962 5199 conversatio
2979 5142 3322 5213 deponatur:
3353 5142 3554 5197 etenim

1952 5233 2044 5289 ille
2056 5235 2400 5304 corrumpitur
2420 5234 2699 5293 secundum
2718 5234 2974 5291 desideria
2996 5236 3205 5291 erroris.
3221 5233 3392 5292 Totus
3409 5234 3553 5290 enim

1951 5328 2019 5386 ad
2066 5342 2264 5399 corpus
2313 5342 2610 5386 conversus
2663 5343 2925 5400 corporea
2955 5328 3259 5387 :estimabat
3285 5330 3463 5387 omnia
3497 5335 3552 5384 et

2056 5443 2111 5515 i)
2134 5445 2314 5515 Vuig.,
2334 5443 2400 5509 In
2428 5445 2716 5505 avaritiam.

2056 5447 2079 5502 i
2134 5443 2400 5574 Vuif.,ln
2428 5445 2622 5505 avaritit

2026 5443 2111 5664 g2)
2139 5517 2216 5574 Co
2256 5518 2311 5574 (Ι.
2345 5520 2622 5602 voluptate.

2053 5592 2107 5659 5)
2138 5591 2320 5662 Vulg.:
2343 5591 2411 5646 Et
2439 5609 2492 5645 tn
2515 5607 2622 5662 ipso

2053 5590 2107 5659 5)
2138 5591 2320 5662 Vulg.:
2343 5591 2411 5646 Et
2439 5590 2492 5645 in
2515 5592 2626 5662 ipso
2648 5590 2815 5646 edocti
2838 5590 2978 5649 estis.

2031 5662 2322 5749 (4).Vuig.:
2352 5664 2623 5737 Deponere
2670 5679 2757 5723 vos
2797 5662 3076 5743 secundum
3126 5662 3396 5737 pristinam
3416 5674 3547 5747 con-

1956 5750 2309 5796 υεηαιιοηθηι.

2034 5811 2113 5903 (5)
2141 5808 2190 5865 Η
2196 5826 2312 5867 omo
2339 5811 2563 5899 scilicet.
