4010 6306
556 257 692 313 1279

1791 255 1982 312 MAR”
2031 254 2373 312 VICTORINI
2420 257 2580 313 ΛΡΜ

3674 266 3780 323 19.80

553 377 811 434 carnalia.
847 375 983 434 llinc
1027 392 1240 434 errores
1267 387 1320 434 et
1349 380 1498 449 quasi
1528 378 1791 450 sapientia
1837 379 2104 435 mundana
2129 422 2142 446 ,
2171 384 2221 444 Λ
2251 393 2349 435 nos
2380 395 2582 451 corpus
2607 396 2826 448 smnus;
2857 391 2911 437 et
2935 382 3179 453 corporis
3202 381 3394 454 singuli
3420 381 3659 450 membra;
3685 400 3778 458 ergo

553 485 676 527 cum
704 471 885 526 omnia
918 486 1038 541 qua:
1072 471 1122 525 in
1157 471 1357 526 mundo
1388 480 1511 526 sunt
1533 513 1547 536 ,
1581 485 1686 526 non
1707 472 2000 527 secundum
2035 472 2146 544 spi-

553 567 715 623 ritmn
745 565 876 622 ﬁant
907 583 921 622 :
953 576 1078 622 ante
1099 564 1300 621 Christi
1326 575 1501 622 tamen
1531 566 1856 632 adventum;
1882 582 2025 622 nunc
2052 583 2147 622 atto

555 668 663 716 tem
687 672 870 732 postea
899 675 1056 732 quam
1077 675 1175 716 nos
1195 658 1378 715 docuit
1409 659 1495 715 illa
1523 668 1747 730 aeterna,
1776 660 2013 732 sapimus
2029 674 2148 731 qute

553 757 814 828 spiritalia
831 767 976 812 sunt.
993 755 1088 812 llic
1109 765 1210 822 eSt,
1232 755 1429 824 utdixi,
1449 754 1610 811 homo
1629 772 1820 823 novus,
1846 756 1935 826 qui
1967 757 2045 812 sic
2071 758 2150 812 vi-

554 854 633 909 vit
661 863 718 910 et
736 853 813 908 sic
831 852 991 925 sapit.

626 944 792 1000 Vsus.
826 944 896 1000 25
919 987 934 1012 ,
963 944 1056 1000 24.
1084 975 1154 985 --
1186 942 1518 999 Renovamini
1562 955 1730 999 autem
1757 945 1941 1016 spiritu
1967 947 2149 1001 mentis

552 1049 762 1102 vestrm,
813 1047 862 1092 et
916 1037 1109 1092 induite
1157 1054 1340 1093 nouum
1398 1038 1682 1106 hominem,
1733 1041 1820 1110 qui
1871 1044 2148 1096 secundum

552 1135 787 1204 spiritum
815 1133 894 1204 (l)
921 1143 1120 1187 creatus
1163 1143 1234 1187 est
1277 1134 1330 1186 in
1355 1132 1560 1204 justitia
1606 1142 1650 1186 et
1707 1135 1974 1188 sanctitate
2019 1135 2149 1190 veri-

553 1228 738 1284 tatis...
775 1225 842 1282 Ut
869 1226 1000 1293 dixi,
1035 1240 1207 1281 novus
1236 1224 1400 1281 homo
1426 1235 1508 1281 est
1529 1269 1542 1293 ,
1572 1226 1662 1296 qui
1707 1225 2004 1283 secundum
2034 1228 2149 1298 spi-

551 1320 715 1375 ritum
738 1319 896 1390 sapit.
916 1320 1025 1374 lloc
1045 1319 1118 1374 ait
1135 1339 1148 1372 ;
1164 1319 1478 1374 renovamini
1497 1319 1683 1388 spiritu
1700 1319 1880 1374 mentis
1904 1330 2146 1375 vestrte...

551 1413 628 1469 lta
658 1415 838 1470 anima
872 1413 1081 1485 melior,
1110 1429 1240 1482 pura
1263 1455 1276 1477 ,
1309 1414 1548 1484 integra;
1608 1428 1762 1468 mens
1792 1427 1921 1468 vero
1963 1413 2151 1468 fortior

550 1507 774 1578 spiritus
825 1517 907 1563 est
957 1505 1063 1578 (2).
1122 1505 1461 1560 Renovamini
1502 1521 1663 1576 ergo,
1708 1507 1911 1578 inquit,
1964 1507 2151 1575 spiritu

551 1603 735 1659 mentis
763 1611 979 1669 vestrm;
1009 1610 1054 1655 et
1097 1601 1294 1656 induite
1314 1617 1496 1656 novum
1528 1602 1813 1669 hominem,
1844 1611 1902 1657 ut
1923 1604 2034 1672 jam
2066 1617 2152 1658 se—

550 1693 786 1750 cundum
826 1695 1002 1765 ipsum
1052 1695 1280 1760 vivatis;
1340 1695 1433 1767 qui
1480 1695 1738 1766 spiritalis
1775 1705 2033 1762 est,cum
2084 1712 2150 1751 ex

2253 472 2389 528 alter
2414 473 2636 529 alterius
2665 475 2904 530 membra
2933 489 3141 532 sumus.

2327 565 2582 622 VERS.‘26.
2594 566 2958 623 -Irascimini
2971 580 3137 624 autem
3155 568 3310 638 (i),et
3325 567 3474 623 nolite
3486 585 3678 638 peccare.
3686 571 3782 628 Sub-

2249 658 2420 730 jungit
2439 662 2638 716 monita
2657 679 2774 732 qum
2798 662 2963 717 ntulta
2978 674 3122 727 sunt;
3143 677 3361 718 sumens
3376 663 3622 729 tamen,rtd
3639 681 3779 721 exem-

2255 754 2398 824 plum
2417 753 2664 827 (2),quod
2682 757 2910 826 positum
2928 759 3074 812 estin
3091 758 3294 827 psalmo
3307 760 3784 828 quarto,sumensini-

2255 846 2384 901 tium
2406 859 2812 918 praeceptorum.
2843 848 3036 904 Verum
3059 847 3172 904 hate
3191 848 3394 912 dividit,
3413 861 3465 902 ut
3491 849 3686 918 primum
3699 865 3783 904 mo-

2254 954 2375 996 neat
2391 941 2648 997 Ecclesiae
2664 941 2934 997 hominem
2954 942 3005 998 id
3026 952 3109 998 est
3125 942 3493 1008 christianum,
3509 960 3614 1014 quae
3629 943 3783 1015 agenda

2254 1043 2306 1088 et
2320 1049 2438 1104 qua:
2454 1050 2556 1088 non
2575 1035 2779 1106 agenda
2805 1053 2818 1090 :
2839 1035 3032 1090 deinde
3050 1047 3287 1100 moneat,
3307 1050 3424 1106 qttze
3439 1035 3559 1090 viris
3572 1036 3785 1105 agendaet

2255 1127 2510 1181 uxoribus
2542 1128 2799 1191 invicem;
2833 1127 3028 1182 deinde
3056 1143 3174 1198 qum
3204 1128 3441 1198 patribus
3466 1137 3517 1181 et
3552 1129 3657 1182 liliis
3679 1129 3782 1184 invi-

2253 1237 2370 1277 cem
2397 1239 2410 1287 ;
2441 1221 2637 1278 deinde
2666 1239 2784 1294 qua:
2814 1223 2986 1278 servis
3013 1233 3066 1278 et
3095 1222 3328 1278 dominis
3356 1239 3368 1276 :
3394 1233 3604 1294 postque
3631 1224 3784 1278 exitur-

2257 1318 2386 1372 tatio
2416 1327 2528 1385 cst,
2559 1333 2678 1388 qum
2719 1317 2963 1374 facienda
3000 1318 3326 1388 generaliter
3355 1316 3608 1372 omnibus.
3637 1315 3784 1372 Verum

2257 1420 2312 1464 ut
2334 1425 2391 1464 se
2412 1409 2545 1464 ordo
2574 1409 2896 1476 contexerit,
2933 1410 3001 1462 ita
3026 1421 3080 1464 et
3106 1424 3206 1464 nos
3229 1409 3361 1463 locis
3387 1407 3617 1478 singulis,
3643 1417 3688 1462 et
3705 1422 3786 1464 nio-

2255 1505 2366 1560 nita
2397 1503 2854 1569 enumerabimus,
2887 1511 2941 1558 et
2968 1503 3206 1557 rationes
3237 1501 3465 1572 singulis
3496 1501 3786 1570 propriasin-

2259 1598 2608 1669 tellectusque
2649 1599 2956 1654 reddemus.
3002 1601 3079 1653 Ac
3121 1599 3295 1667 primo
3324 1594 3667 1651 ecclesiastico
3699 1595 3783 1650 viro

2256 1691 2552 1748 christiano
2573 1692 2665 1748 dat
2689 1694 2889 1748 monita
2915 1691 3050 1759 hare,
3081 1708 3148 1748 ne
3176 1691 3441 1746 irascatur
3467 1708 3480 1756 ;
3503 1699 3588 1744 aut
3609 1691 3647 1744 si
3668 1691 3790 1745 iratus

549 1786 743 1857 spiritu
762 1787 936 1856 sapit;
960 1787 1050 1858 qui
1107 1787 1222 1858 ipse
1251 1787 1340 1842 ille
1371 1786 1532 1842 homo
1561 1787 1820 1857 spiritalis
1854 1788 2149 1843 secundum
2183 1792 2228 1852 Β
2257 1787 2442 1854 fuerit,
2461 1805 2526 1844 ne
2543 1797 2727 1859 peccet
2751 1804 2843 1858 per
2865 1789 3017 1843 iram.
3049 1787 3250 1842 Deinde
3277 1802 3342 1842 ne
3365 1787 3458 1841 diu
3486 1788 3608 1840 iram
3631 1795 3784 1850 teneat,

549 1881 718 1937 Deum
738 1891 954 1937 creatus
979 1889 1096 1947 est,
1130 1881 1180 1937 id
1212 1891 1295 1937 est
1320 1881 1467 1952 juxta
1501 1883 1668 1938 Deum
1697 1901 1709 1938 :
1734 1883 2006 1952 quomodo
2032 1884 2148 1940 dic-

549 1985 661 2032 tum
692 1985 808 2044 est,
839 1973 1100 2030 faciamus
1136 1975 1410 2032 hominem
1440 1975 1506 2030 ad
1539 1977 1824 2049 imaginem
1871 1985 1927 2031 et
1959 1978 2152 2034 simili-

551 2069 792 2126 tudinem
825 2080 1090 2124 nostram.
1118 2068 1236 2124 Non
1260 2081 1440 2126 autem
1472 2070 1676 2125 vultum
1710 2071 1850 2126 Deus
1874 2069 2035 2127 habet
2058 2081 2150 2127 aut

553 2164 743 2221 faciem
768 2164 870 2237 (3):
906 2163 1002 2220 sed
1029 2164 1482 2236 quemadmodum
1521 2165 1659 2220 Deus
1687 2165 1909 2235 spiritus
1931 2175 2014 2220 est
2035 2209 2051 2233 ,
2076 2165 2146 2220 ita

553 2268 607 2313 et
633 2273 733 2313 nos
757 2257 1053 2314 secundum
1089 2258 1254 2313 Deum
1276 2259 1444 2314 creati
1473 2273 1659 2314 sumus
1681 2301 1695 2324 ,
1753 2268 1808 2313 ut
1852 2258 2147 2314 secundum

553 2351 802 2422 Spiritum
843 2351 1147 2422 sapiamus;
1174 2351 1228 2408 id
1266 2362 1350 2407 est
1384 2350 1519 2407 nihil
1561 2351 1872 2418 carnaliter,
1920 2351 2054 2408 nihil
2094 2353 2145 2408 in

553 2446 778 2503 mundo.
813 2446 1053 2518 Denique
1073 2447 1201 2519 quid
1228 2458 1312 2504 est
1337 2448 1632 2504 secundum
1668 2449 1877 2504 Domini
1907 2458 2146 2505 creatum

551 2559 674 2600 esse
703 2543 974 2599 hominem
999 2585 1015 2610 ,
1044 2543 1160 2616 ipse
1186 2543 1322 2599 dixit
1344 2546 1395 2600 in
1416 2545 1684 2602 sanctitate
1709 2556 1756 2600 et
1769 2546 1976 2616 justitia
1997 2555 2042 2600 et
2068 2562 2151 2601 ve-

549 2639 701 2693 ritate
733 2654 751 2692 :
779 2636 830 2691 id
859 2646 940 2692 est
967 2679 980 2703 ,
1013 2645 1072 2692 ut
1091 2638 1160 2692 sit
1185 2639 1398 2708 justus,
1432 2637 1576 2695 utsit
1592 2649 1842 2708 sanctus,
1875 2639 1945 2694 sit
1975 2648 2031 2694 et
2060 2655 2152 2696 ve-

548 2751 678 2792 rus:
729 2736 930 2792 etenim
980 2738 1068 2807 qui
1117 2735 1446 2792 mundanum
1491 2737 1573 2809 (4)
1615 2737 1790 2807 sapit,
1851 2737 2148 2794 secundum

548 2844 765 2886 carnem
781 2831 1054 2903 sapitzqui
1085 2831 1378 2887 secundum
1405 2848 1623 2889 carnem
1647 2834 1806 2903 sapit,
1828 2849 2014 2888 verum
2041 2848 2150 2888 non

549 2924 689 2994 sapit
737 2939 908 2996 neque
951 2926 1174 2994 justum,
1230 2942 1405 2997 neque
1430 2938 1692 2983 sanctum.
1727 2927 1868 2999 Ergo
1897 2928 2149 2998 quoniam

549 3019 771 3088 spiritus
826 3019 1159 3086 sanctiﬁcat,
1201 3020 1420 3091 spiritus
1475 3023 1705 3078 vivificat
1758 3032 1812 3078 et
1855 3023 2149 3090 justilicat,

551 3111 771 3184 spiritus
792 3115 880 3184 qui
906 3129 1032 3170 vere
1055 3127 1160 3180 εει,
1180 3126 1229 3170 et
1255 3131 1468 3186 semper
1490 3127 1594 3181 est,
1614 3127 1667 3172 et
1685 3118 1853 3185 magis
1873 3117 2020 3171 solus
2046 3126 2149 3183 est,

2255 1885 2349 1941 sed
2375 1885 2515 1940 intra
2539 1885 2680 1939 dicm
2715 1884 2850 1939 iram
2881 1899 3031 1938 suam
3065 1884 3231 1938 ﬁniat.
3271 1883 3478 1937 Deinde
3507 1896 3663 1952 neque
3685 1881 3788 1935 furto

2259 1979 2403 2033 vivat
2424 1988 2479 2033 et
2510 1979 2662 2034 furtis
2692 1993 2912 2049 operam
2937 1979 3048 2044 det,
3076 1977 3173 2034 sed
3201 1977 3368 2048 magis
3397 1977 3627 2031 manibus
3649 1989 3792 2044 opere-

2253 2081 2339 2126 tur
2367 2072 2434 2127 ad
2468 2073 2687 2138 victum,
2715 2081 2771 2127 et
2796 2071 2920 2128 inde
2943 2072 3103 2126 etiam
3142 2070 3260 2124 aliis
3299 2071 3351 2124 in
3383 2070 3789 2126 necessitatcsuc-

2251 2177 2452 2220 currat.
2487 2165 2691 2220 Deinde
2715 2181 2780 2220 ne
2811 2164 2983 2220 malos
3022 2179 3306 2220 sermones
3338 2165 3548 2235 aliquos
3573 2161 3787 2234 proferat,

2251 2260 2344 2315 sed
2371 2259 2541 2331 magis
2560 2259 2761 2327 bonos;
2785 2269 2838 2314 et
2870 2259 3100 2314 mdificet
3120 2257 3376 2323 alterunt,
3413 2268 3468 2312 et
3495 2273 3593 2311 non
3615 2256 3792 2310 alterum

2251 2352 2534 2408 contristet
2561 2371 2572 2406 :
2598 2363 2656 2407 ut
2687 2353 2830 2409 nulla
2860 2353 2911 2407 itt
2944 2353 3126 2407 animo
3155 2350 3466 2407 amaritudo
3493 2352 3559 2407 sit
3585 2360 3667 2406 :ut
3688 2348 3793 2402 nulla

2254 2447 2327 2502 ira
2348 2488 2363 2513 ,
2393 2447 2540 2502 nulla
2579 2446 2873 2516 indignatio
2895 2487 2909 2511 ,
2955 2446 3134 2501 nullus
3159 2446 3397 2512 clamor,
3430 2446 3567 2501 nulla
3596 2445 3793 2515 blasphe-

2253 2541 2357 2596 mia
2376 2559 2389 2596 :
2408 2550 2464 2595 ut
2485 2555 2544 2596 se
2572 2540 2802 2595 invicem
2824 2539 3055 2611 benigne
3081 2549 3290 2603 ament;
3317 2538 3432 2594 sint
3452 2537 3794 2599 misericordes;

2255 2643 2469 2704 peccata
2501 2633 2603 2688 sibi
2647 2633 2882 2688 invicem
2914 2633 3155 2698 donent,
3180 2631 3337 2686 sicuti
3384 2633 3523 2686 Deus
3550 2630 3600 2685 in
3633 2627 3797 2684 Christo

2252 2725 2472 2782 donavit
2497 2726 2650 2781 nobis
2683 2733 2936 2796 peccata;
2969 2735 3028 2778 ut
3055 2723 3278 2795 diligant
3306 2738 3405 2789 se;
3436 2731 3492 2778 ut
3518 2721 3676 2794 pudici
3692 2719 3794 2782 sint;

2254 2829 2315 2876 ut
2350 2819 2418 2874 ab
2449 2819 2700 2874 omnibus
2727 2817 2943 2883 tnundi,
2973 2817 3122 2872 etab
3151 2817 3408 2882 avaritia,
3451 2825 3506 2873 et
3548 2831 3575 2870 a
3619 2815 3796 2884 turpitu-

2257 2913 2382 2970 dine
2408 2955 2422 2978 ,
2456 2928 2486 2968 a
2521 2912 2850 2984 turpiloquio
2877 2953 2891 2977 ,
2917 2926 2945 2965 a
2973 2910 3298 2966 scurrilitate
3324 2909 3490 2965 alieni
3515 2909 3610 2964 sint
3635 2926 3648 2972 ;
3671 2905 3797 2972 magis

2254 3007 2456 3079 gratias
2504 3015 2664 3077 agant
2690 3021 2702 3059 :
2727 3005 2926 3059 etenim
2962 3003 3097 3058 tales
3127 3018 3307 3059 mores
3326 3045 3341 3068 ,
3368 3003 3427 3058 id
3453 3014 3532 3059 est
3558 3001 3605 3056 in
3628 2998 3742 3054 vitiis
3763 3006 3800 3053 et

2262 3103 2497 3174 peccatis
2529 3101 2710 3172 positi,
2741 3114 2963 3170 regnum
2995 3096 3195 3154 Christi
3225 3113 3331 3153 non
3362 3097 3647 3158 habebunt,
3670 3106 3800 3163 neque

549 3206 670 3278 ipse
704 3217 788 3262 est
809 3208 1026 3264 veritas.
1048 3207 1174 3263 Ηευο
1193 3209 1350 3279 igitur
1369 3211 1545 3265 omnia
1560 3211 1635 3266 sic
1657 3211 2151 3282 intelligentesmo.
2179 3193 2226 3257 C
2257 3196 2626 3252 haereditatth
2669 3196 2724 3250 in
2768 3209 2934 3266 regno
2959 3193 3178 3249 Christi.
3229 3193 3438 3249 Deinde
3485 3201 3653 3247 monet
3673 3208 3725 3244 ne
3753 3187 3800 3242 ab

553 3316 677 3356 vum
715 3301 990 3358 hominem
1031 3303 1290 3370 induunt,
1336 3307 1581 3360 renovati
1619 3307 1672 3362 in
1715 3308 1906 3378 Spiritu
1953 3309 2148 3366 mentis

551 3409 685 3450 803‘.

626 3486 792 3545 Vens.
820 3490 911 3548 25.
939 3521 1010 3531 —
1051 3489 1271 3564 Propter
1292 3493 1430 3563 quod
1451 3493 1758 3565 deponentes
1796 3496 2144 3568 mendacium,

552 3586 818 3658 loquimini
839 3587 1100 3642 veritatem
1126 3589 1472 3656 unusquisque
1490 3605 1606 3644 cum
1630 3591 1864 3663 proximo
1885 3609 1998 3660 suo,
2025 3609 2149 3664 quo-

550 3679 689 3734 niam
705 3695 883 3733 sumus
898 3679 1028 3733 alter
1049 3680 1260 3734 alterius
1279 3679 1360 3754 (εξ)
1384 3681 1628 3737 membra.
1645 3683 1928 3738 Concludit
1947 3683 2146 3740 exhor-

552 3773 809 3828 tationem
843 3773 909 3828 ad
939 3773 1119 3829 omnia
1153 3775 1451 3844 superiora,
1485 3776 1683 3844 quibus
1711 3786 1766 3832 et
1794 3777 1998 3832 divisas
2025 3793 2149 3848 gra-

551 3867 654 3922 tias
700 3866 966 3933 docebat,
997 3878 1052 3923 et
1094 3884 1310 3924 omnem
1359 3868 1631 3926 hominem
1676 3872 1904 3928 tolerare
1947 3872 2147 3930 debere

551 3962 779 4018 alterum
813 3964 1040 4029 socium,
1069 3973 1122 4018 et
1147 3966 1441 4033 patientem
1465 3979 1586 4020 esse
1606 3979 1727 4019 cum
1749 3966 1895 4019 omni
1929 3981 2149 4036 magna-

549 4055 882 4119 nimitate,et
916 4056 1236 4112 sufferentes
1257 4056 1481 4111 invicem
1510 4056 1560 4111 in
1592 4058 2035 4129 cltaritate.Ergo
2061 4059 2146 4114 hic

548 4147 920 4213 mendacium,
958 4148 1160 4220 inquit,
1188 4149 1440 4220 deponite
1466 4167 1479 4206 :
1508 4166 1667 4206 nemo
1693 4153 1919 4206 alterum
1949 4151 2098 4207 fallat
2129 4171 2143 4208 :

549 4243 815 4314 loquimini
835 4243 1094 4298 veritatem
1116 4261 1136 4310 ;
1164 4253 1219 4298 et
1244 4245 1609 4317 unusquisque
1627 4261 1748 4302 cum
1773 4247 2026 4316 proximo
2048 4263 2146 4302 suo

547 4336 691 4408 quod
720 4353 906 4394 verum
939 4347 1022 4392 est
1049 4347 1190 4408 agat,
1218 4338 1394 4404 faciat,
1421 4338 1701 4409 loquatur:
1727 4339 1861 4394 nihil
1888 4355 1982 4411 per
2003 4339 2148 4394 frau-

545 4429 668 4484 dcm
698 4473 713 4497 ,
743 4431 874 4487 nihil
922 4446 1018 4502 per
1046 4431 1332 4486 fallaciam.
1366 4432 1430 4487 Et
1467 4432 1557 4503 qui
1586 4432 1722 4488 dixit
1749 4449 1872 4489 cum
1899 4435 2145 4504 proximo

545 4538 668 4591 suo,
697 4523 938 4594 adjunxit
959 4524 1212 4593 quoniam
1242 4538 1429 4580 sumus
1456 4525 1594 4582 alter
1619 4527 1844 4581 alterius
1875 4528 2139 4583 membra.

2252 3292 2373 3347 aliis
2407 3307 2501 3362 per
2522 3306 2802 3347 sermones
2827 3293 3174 3355 seducantur,
3201 3288 3337 3344 idest
3361 3289 3446 3344 vel
3470 3288 3536 3342 ab
3563 3282 3796 3344 haereticis,

2255 3385 2336 3440 vel
2384 3383 2453 3438 ab
2508 3383 2862 3454 irreligiosis,
2915 3382 3000 3436 vel
3046 3382 3113 3436 ab
3150 3381 3233 3436 his
3259 3396 3400 3450 quos
3447 3380 3578 3435 ﬁlios
3619 3375 3799 3448 appellat

2251 3476 2566 3534 tentationis
2592 3487 2645 3531 et
2675 3474 3021 3539 difﬁdentiae;
3051 3489 3186 3550 quos
3218 3483 3388 3530 terrct
3417 3516 3431 3538 ,
3475 3472 3608 3544 quod
3644 3473 3686 3526 in
3711 3469 3798 3522 illos

2255 3578 2480 3627 ventura
2525 3570 2594 3624 sit
2634 3569 2712 3624 ira
2745 3569 2860 3624 Dei.
2900 3568 3106 3624 Deinde
3136 3583 3202 3623 ne
3231 3568 3681 3623 commttnicemus
3703 3576 3798 3630 ope-

2252 3663 2402 3719 ribus
2445 3663 2598 3718 malis
2641 3662 2988 3719 infructuosis
3015 3680 3028 3716 :
3054 3662 3331 3734 magi~que
3364 3662 3490 3717 illos
3526 3661 3793 3730 objurgent.

2249 3760 2339 3829 qui
2375 3769 2596 3828 peccant
2623 3769 2675 3814 et
2709 3759 2863 3813 malis
2902 3757 3140 3812 morilms
3171 3758 3396 3824 vivunt,
3430 3767 3484 3812 et
3511 3756 3800 3811 manifesteut

2251 3867 2438 3908 eorum
2464 3861 2712 3920 peccata;
2745 3861 2798 3906 ct
2827 3851 3012 3906 vivant
3043 3859 3102 3905 ut
3131 3851 3407 3920 sapientes
3439 3867 3542 3905 non
3570 3858 3622 3904 ut
3647 3849 3800 3913 impru-

2250 3947 2463 4014 dentes,
2515 3947 2640 4001 vino
2689 3947 3016 4013 abstineant,
3067 3945 3232 4000 mullo
3264 3947 3438 4017 magis
3487 3946 3738 4015 loquantur
3759 3936 3799 3991 in

2251 4043 2476 4113 Spiritu,
2517 4042 2570 4096 in
2617 4041 2859 4111 psalmis,
2895 4041 2945 4094 in
2979 4039 3193 4112 hymnis
3219 4040 3475 4107 canticis,
3505 4049 3556 4093 et
3593 4033 3734 4104 magis
3758 4031 3795 4083 in

2248 4134 2413 4189 corde
2443 4135 2541 4190 ista
2573 4133 2702 4188 [iant
2728 4153 2740 4186 :
2769 4135 2994 4187 Domino
3023 4132 3220 4204 gratias
3248 4142 3412 4203 agant
3436 4174 3451 4198 ,
3480 4139 3533 4186 et
3560 4135 3694 4198 agant
3722 4135 3792 4194 pro

2250 4227 2502 4281 omnibus
2526 4228 2577 4280 in
2603 4226 2821 4281 nomine
2847 4224 2938 4280 Dei
2957 4233 3010 4280 et
3043 4225 3251 4279 Domini
3274 4225 3445 4279 nostri
3471 4224 3594 4280 Jesu
3612 4216 3797 4275 Christi:

2249 4320 2477 4390 subjecti
2509 4319 2607 4374 sibi
2627 4320 2736 4374 sint
2764 4319 2989 4374 invicem
3022 4318 3075 4374 in
3107 4319 3298 4374 timore
3325 4316 3549 4373 Christi.
3584 4315 3800 4370 Ηεεεειιιιι

2249 4414 2428 4470 omnia
2461 4423 2724 4484 prmcepta
2755 4413 3124 4469 ecclesiastico
3140 4411 3254 4466 viro
3270 4411 3416 4466 data.
3437 4411 3563 4466 Post
3581 4402 3800 4476 subjungil

2248 4524 2370 4579 qua:
2389 4508 2496 4563 siut
2511 4507 2846 4564 observanda
2863 4506 3256 4569 mulieribus,id
3275 4517 3357 4560 est
3371 4505 3498 4561 viris
3511 4515 3560 4560 et
3573 4499 3798 4558 uxoribus-

548 4616 638 4672 δίο
688 4627 743 4672 ει
784 4635 944 4690 supra
998 4635 1166 4675 unum
1198 4634 1432 4691 corpus,
1483 4630 1538 4676 ει
1589 4637 1726 4678 unus
1777 4623 2031 4693 spiritus,
2091 4635 2145 4679 et
2175 4599 2222 4660 D
2319 4599 2474 4656 Nunc
2501 4599 2568 4654 ad
2600 4601 2809 4671 singula
2839 4609 3197 4655 revertamur.
3233 4596 3530 4653 Irascimini
3565 4595 3800 4693 autemtl‘d

547 4708 675 4763 item
723 4709 946 4781 reliqua.
979 4711 1219 4768 Ecclesia
1249 4713 1392 4768 enim
1423 4727 1545 4768 cum
1597 4729 1760 4768 unum
1803 4729 1998 4786 corpus
2031 4717 2141 4783 sit,

544 4813 601 4859 et
640 4817 829 4857 omnes
877 4805 928 4858 iu
965 4804 1204 4863 Ecclesia
1243 4823 1409 4864 unum
1450 4823 1649 4879 corpus
1677 4807 1913 4873 faciant,
1947 4811 2142 4882 singuli

547 4907 731 4969 partes
759 4908 885 4952 sunt
914 4899 1191 4956 Ecclesiae.
1213 4900 1354 4973 Ergo
1384 4903 1609 4959 alterius
1632 4903 1930 4958 membrum
1958 4914 2063 4969 est,
2089 4915 2144 4960 et

545 4991 626 5046 sic
652 5007 813 5046 unum
842 5006 1039 5062 corpus
1060 4993 1288 5050 efﬁcitur
1309 4995 1412 5066 (6),
1443 5005 1499 5052 ut
1528 5000 1642 5067 ipse
1670 4997 1818 5064 dicit,
1850 4997 2139 5052 Ecclesia}:

543 5085 698 5156 cujus
724 5085 996 5149 Ecclesiaz.
1021 5086 1071 5141 id
1090 5097 1170 5143 est
1192 5091 1432 5146 omnium
1451 5093 1749 5148 animarum
1775 5091 1930 5148 ﬁdem
1953 5092 2148 5148 haben-

547 5179 678 5235 tium
697 5179 749 5235 in
771 5180 965 5247 Deum,
982 5179 1161 5252 hujus,
1184 5183 1424 5252 inquam,
1448 5194 1606 5254 caput
1623 5186 1985 5243 esthristus.
2003 5186 2146 5259 Ergo

617 5301 699 5447 ξιξ
733 5303 911 5374 Vulg.,
945 5301 1353 5372 Qni'secundum
1381 5303 1565 5359 Deum.

641 5375 673 5428 ὲ
753 5375 870 5431 Jattt
940 5388 1090 5431 retro
1153 5375 1401 5432 distinxit
1465 5376 1559 5432 Vic

641 5375 697 5438 Ξ)
753 5375 870 5431 Jant
940 5388 1090 5431 retro
1153 5375 1401 5432 distinxit
1465 5376 1770 5432 Victorinus
1821 5379 2052 5436 animam
2109 5397 2140 5438 a

545 5447 738 5519 spiritu
759 5491 774 5511 ,
805 5449 1101 5504 secundum
1125 5463 1276 5503 suam
1303 5447 1590 5519 quamdam
1616 5449 1990 5507 subtilitatetn.

619 5517 701 5591 (ὃ)
729 5520 878 5574 Hune
901 5520 1076 5576 locum
1105 5537 1262 5577 suum
1283 5517 2052 5580 commemoravitVictorinus
2087 5527 2140 5582 in

546 5605 749 5664 comm.
767 5592 843 5664 ad
867 5591 1060 5664 Philip.

645 5661 703 5732 4)
735 5663 912 5718 Malim
943 5661 1212 5720 mundum.

733 5734 915 5862 \[ullgw
944 5752 1041 5807 pro
1054 5739 1201 5837 .alter

649 5809 680 5858 δ
738 5811 814 5863 Co
854 5807 909 5863 d.
939 5809 1200 5872 cﬁictatm.

649 5807 680 5858 6

733 5734 915 5862 Vullg“
944 5752 1041 5807 pro
1070 5739 1201 5794 alter
1227 5739 1436 5796 alterius
1466 5737 1629 5798 habet
1654 5739 1885 5797 invicem.

738 5807 814 5862 Co
854 5807 909 5862 d.
939 5809 1200 5862 cﬁiciatnr.

738 5807 909 5863 Codd.
939 5809 1200 5872 efﬁciatur.

2253 4695 2414 4751 nolite
2443 4711 2671 4765 peccare.
2722 4695 2778 4749 Si
2812 4695 2952 4750 Deus
2989 4694 3261 4762 irascitur,
3307 4695 3468 4750 sicuti
3499 4693 3684 4748 dictum
3709 4683 3797 4756 (5);

2254 4788 2524 4844 revelatur
2554 4785 2694 4843 enim
2728 4787 2805 4842 ira
2837 4787 2928 4841 Dei
2955 4829 2969 4852 ,
3003 4786 3081 4842 ira
3113 4786 3179 4842 de
3209 4787 3350 4842 emlo
3379 4829 3393 4854 ,
3426 4787 3478 4841 in
3511 4797 3704 4840 omnem
3729 4780 3800 4831 illl-

2253 4881 2529 4952 pietatetu.
2565 4880 2632 4934 Et
2659 4880 2786 4935 item
2819 4881 2871 4934 in
2903 4879 3084 4934 multis
3116 4879 3269 4934 locis.
3302 4878 3474 4935 Recte
3504 4892 3626 4948 ergo
3654 4883 3701 4929 et
3724 4871 3798 4924 lto-

2253 4972 2383 5027 ntini
2411 4971 2569 5027 datur
2599 4973 2676 5027 ira
2711 4971 2815 5041 (4),
2844 4971 2894 5027 id
2918 4982 2997 5027 est
3031 4981 3087 5027 ut
3116 4973 3377 5027 irascatur
3409 4990 3423 5026 :
3456 4972 3547 5027 sed
3578 4973 3736 5040 peceal
3759 4962 3795 5013 in

2254 5063 2353 5130 ira.
2381 5065 2470 5134 qui
2523 5077 2630 5118 non
2678 5072 2737 5118 ut
2764 5063 3038 5134 corrigat,
3077 5063 3364 5129 irascitur;
3395 5061 3492 5117 sed
3542 5070 3594 5115 ut
3637 5052 3798 5138 puniat.

2250 5156 2394 5228 Ergo
2419 5157 2720 5224 irascimini,
2747 5165 2795 5211 et
2821 5157 2977 5210 nolite
3008 5173 3249 5226 peccare;
3289 5157 3366 5211 sol
3408 5173 3511 5211 non
3535 5139 3712 5209 occidat
3731 5161 3800 5198 stt-

2251 5267 2342 5321 per
2387 5251 2712 5306 iracundiam
2757 5261 2992 5305 vestram.
3037 5250 3107 5306 Et
3146 5257 3363 5306 modum
3409 5251 3525 5316 iraa,
3557 5257 3608 5304 et
3634 5251 3801 5329 tempus

2249 5343 2507 5409 ostendit,
2540 5345 2679 5400 intra
2709 5343 2852 5400 diem
2883 5355 3203 5415 conceptam
3245 5346 3377 5400 irant
3404 5343 3600 5398 debere
3625 5332 3798 5408 deponi.

2323 5524 2406 5594 (1)
2434 5524 2593 5594 Vulg.
2626 5541 2735 5582 non
2767 5524 2928 5580 habet
2957 5533 3145 5580 autem.

2323 5527 2372 5593 (1
2434 5524 2593 5594 Vulg.
2626 5541 2735 5582 non
2767 5524 2928 5580 habet
2957 5543 2972 5579 t

2321 5598 2379 5672 (2
2430 5596 2600 5653 Codd.
2634 5598 2695 5652 ab
2723 5613 2861 5652 exeat
2904 5598 2972 5652 lo.

2349 5672 2382 5727 5
2437 5669 2515 5725 Ad
2549 5669 2732 5735 Rom.,
2759 5684 2799 5737 t,
2832 5615 2918 5724 ιε.

2351 5741 2406 5813 4)
2438 5741 2659 5815 Legesis
2683 5741 2972 5814 opusculum

2351 5669 2404 5743 5)
2437 5669 2515 5725 Ad
2549 5669 2732 5755 Rom,
2759 5684 2799 5737 ι,
2832 5669 2918 5724 18.
3257 5739 3292 5754 ῃ
3418 5739 3432 5752 ο
3602 5735 3614 5748 ο

2351 5741 2406 5813 4)
2438 5741 2659 5814 Legests
2683 5741 3004 5814 opusculum
3029 5740 3296 5799 Lactantn
3324 5739 3390 5800 de
3418 5755 3497 5797 ira
3527 5737 3637 5802 Det,
3660 5741 3694 5789 t.
3714 5741 3799 5792 ru.

2253 5813 2454 5870 noetrte
2483 5813 2756 5869 editionis.
