4010 6306
220 219 354 274 1281

1185 216 1251 273 1N
1293 215 1678 274 EPISTOLAM
1729 217 1822 273 AD
1863 217 2201 278 EPHESIOS
2237 220 2443 277 LIBER
2484 223 2550 278 11.

3383 224 3524 282 1282

218 329 334 386 Hoc
380 331 660 386 invitantur
707 329 859 384 multi
908 339 1236 401 praeceptum
1257 371 1271 396 ,
1325 340 1380 386 et
1427 341 1630 402 ponunt
1678 330 1818 387 inter
1845 333 1895 392 A
1997 333 2162 390 Vens.
2193 334 2357 391 50.—
2386 335 2454 391 Et
2484 337 2639 391 nolite
2668 337 2969 392 contristare
2999 335 3256 409 Spiritum
3291 351 3524 396 sanctum

216 433 486 495 praecepta
529 439 647 477 sua.
699 422 911 478 Etenim
963 425 1005 477 si
1051 425 1229 478 omnis
1274 424 1390 479 dies
1431 425 1590 481 habet
1633 441 1816 481 curam

214 533 368 574 suam
400 528 454 572 et
484 519 760 584 malitiam,
782 517 980 572 sufficit
1011 519 1148 584 sibi;
1174 519 1243 574 de
1273 520 1548 590 praeterito
1576 520 1663 575 die
1689 519 1819 578 nihil

215 610 340 667 addi
370 611 532 667 debet
571 611 636 665 ad
665 611 893 666 alterum
927 609 1005 683 (1)
1036 612 1197 666 diem.
1236 613 1396 682 Ergo.

291 704 452 760 Vens.
470 703 537 758 27
548 702 764 758 .-Νοη
777 704 974 758 occidat
988 721 1148 774 supra
1158 705 1704 759 iracundiam‘vestram
1717 706 1816 772 sol,

216 812 375 870 neque
394 796 562 852 locum
581 796 710 851 detis
736 795 940 851 diabolo
961 798 1065 868 (‘2),
1091 797 1136 851 si
1167 796 1314 852 ettiin
1347 798 1607 852 manserit
1639 798 1736 859 ira,
1765 798 1815 852 in

215 889 365 946 venit
396 890 823 946 illeoccasionem
854 899 912 944 ut
935 905 1033 944 nos
1056 891 1108 944 in
1127 899 1342 960 peccata
1365 890 1546 958 ducat,
1571 901 1626 946 et
1646 890 1814 945 facia-

213 997 336 1039 mus
357 980 558 1052 aliquid
582 997 688 1036 nou
707 980 1041 1047 faciendum;
1067 981 1209 1052 quod
1229 981 1519 1038 estdiaboli
1538 983 1819 1038 voluntate

214 1091 463 1150 peccare.
511 1075 588 1130 Ita
632 1075 935 1132 ostenditur
976 1092 1042 1131 ex
1092 1076 1193 1132 hoc
1236 1086 1507 1148 prtecepto
1547 1077 1601 1132 in
1633 1087 1815 1134 nostra

213 1182 480 1244 potestate
505 1187 648 1240 esse,
669 1181 724 1227 et
751 1173 930 1240 irasci,
951 1183 1005 1229 et
1035 1190 1140 1228 non
1169 1173 1366 1241 irasci;
1391 1183 1447 1229 et
1467 1175 1684 1231 diabolo
1707 1175 1815 1230 ira-

214 1264 468 1320 cundiam
513 1264 835 1333 immittere,
863 1265 957 1320 sed
989 1267 1328 1322 occasionem
1364 1267 1565 1324 habere
1605 1279 1662 1322 ut
1691 1283 1814 1324 cum

213 1374 314 1416 nos
344 1360 629 1416 irascimur
658 1359 858 1431 aliquid
890 1375 990 1416 nos
1021 1360 1177 1416 faciat
1208 1360 1310 1433 (5).
1344 1361 1456 1416 l'loc
1484 1360 1537 1416 in
1565 1362 1817 1418 omnibus

210 1453 493 1510 affectibus
515 1455 708 1509 animm
729 1452 1098 1525 cogitandum,
1118 1464 1171 1509 et
1198 1455 1252 1509 in
1278 1455 1425 1510 omni
1447 1464 1568 1512 actu
1591 1455 1811 1524 diaboli,

211 1548 342 1604 nihil
376 1549 522 1604 illum
556 1563 714 1620 posse
741 1551 884 1604 circa
916 1563 1048 1614 nos,
1085 1551 1186 1605 nisi
1218 1565 1338 1606 cum
1385 1552 1482 1621 ipsi
1514 1568 1608 1622 per
1639 1567 1736 1607 nos
1760 1560 1816 1606 et

209 1643 551 1698 occasionem
570 1642 778 1698 damus.
797 1640 868 1696 Ita
892 1652 949 1698 et
968 1642 1171 1697 domini
1191 1658 1378 1700 smnus
1404 1653 1604 1701 nostra:
1621 1645 1812 1700 volun-

1928 429 2022 483 Dei
2048 446 2066 484 :
2095 432 2177 487 vel
2211 441 2469 496 vestrum,
2503 431 2592 501 qui
2621 441 2705 486 est
2731 432 2781 486 in
2815 431 2986 496 vobis.
3019 433 3100 487 vel
3127 434 3218 504 qui
3250 443 3334 490 est
3363 433 3416 489 in
3448 434 3525 489 al-

1925 533 2070 591 tero;
2104 526 2190 596 qui
2221 524 2638 582 contristabitur
2659 527 2798 581 malo
2819 540 3072 583 sermone
3097 536 3296 583 Vestro.
3325 527 3522 595 Nolite,

1924 619 2114 688 inquit,
2136 621 2436 674 contristare
2455 618 2708 690 Spiritum
2727 632 2958 675 sanctum
2984 619 3080 675 Dei
3099 662 3114 687 ,
3139 621 3190 675 in
3219 638 3317 692 quo
3336 620 3526 691 signati

1924 715 2074 768 estis:
2097 713 2148 768 iu
2177 730 2282 785 quo
2309 715 2500 784 spiritu
2520 728 2617 769 vos
2641 715 2824 786 utique
2849 715 3154 784 consignati
3183 717 3313 771 estis
3341 717 3523 786 signa-

1925 805 2072 861 tione
2101 822 2197 878 per
2227 806 2484 879 Spiritum
2516 817 2760 862 sanctum
2791 817 2879 863 :ct
2908 813 3082 879 ipsum
3120 808 3288 865 nolite
3325 809 3526 864 contri-

1923 911 2088 965 stare,
2114 901 2194 956 vel
2223 903 2273 955 in
2303 901 2476 968 vobis,
2502 917 2622 957 cum
2652 903 2850 958 malum
2880 917 3189 958 sermonem
3219 902 3420 970 dicitis,
3438 902 3527 959 vel

1923 993 1978 1048 in
2013 993 2376 1050 audientibus.
2409 993 2561 1048 Indie
2591 996 2610 1063 (
2621 996 2671 1064 1)
2713 995 3096 1065 redemptionis.
3128 994 3275 1052 Ordo
3302 1013 3314 1049 :
3339 996 3524 1053 consi-

1919 1089 2067 1158 gnati
2098 1087 2229 1142 estis
2260 1088 2311 1141 in
2339 1086 2426 1142 die
2463 1086 2851 1157 redemptionis
2877 1105 2890 1141 :
2916 1103 3011 1157 per
3043 1089 3215 1159 ipsum
3253 1088 3397 1144 enim
3440 1104 3525 1146 re-

1921 1179 2162 1250 demptio
2190 1190 2364 1236 vestra
2396 1182 2650 1246 factaest;
2675 1195 2797 1252 quae
2827 1181 3131 1253 redemptio
3151 1191 3356 1239 certum
3379 1182 3522 1239 diem

1922 1271 2106 1340 habet,
2131 1273 2338 1329 scilicet
2364 1273 2458 1329 Dei
2471 1273 2685 1345 judicii.
2708 1274 2911 1345 Signati
2932 1277 3075 1330 enim
3106 1291 3295 1332 sumus
3323 1278 3376 1332 in
3399 1277 3522 1349 δρία

1921 1365 2023 1420 ritu
2047 1375 2258 1433 sancto,
2282 1367 2336 1422 in
2365 1367 2453 1422 die
2479 1383 2589 1442 quo
2618 1367 2935 1424 redimimur
2963 1386 3025 1426 ac
3057 1371 3375 1428 liberamur.

1993 1461 2159 1517 Vens.
2195 1462 2360 1518 5L—
2381 1461 2562 1517 Omnis
2583 1463 2721 1518 enim
2745 1464 3039 1520 amaritudo
3063 1474 3111 1520 et
3132 1466 3419 1538 indignatio
3440 1467 3522 1540 (2)

1919 1564 1964 1608 et
1987 1555 2183 1610 clamor
2207 1566 2254 1610 et
2281 1555 2596 1627 blasphemia
2617 1558 2926 1629 auferatura
2940 1559 3081 1613 vobis
3107 1575 3226 1614 cum
3254 1560 3394 1614 omni
3415 1577 3523 1616 ma-

1919 1650 2051 1705 litia.
2071 1650 2341 1706 Conclusit
2363 1651 2600 1707 breviter
2617 1653 2854 1724 quinque
2871 1669 2886 1708 :
2906 1654 3342 1721 amaritudinem,
3365 1656 3516 1724 iram,

217 1736 340 1790 tatis
359 1776 374 1803 ,
404 1744 460 1791 et
482 1736 668 1790 merita
689 1735 758 1791 de
787 1735 943 1790 bonis
975 1733 1112 1790 bona
1142 1735 1424 1804 habemus,
1453 1747 1503 1794 et
1533 1754 1718 1808 pcenas
1745 1741 1814 1794 de
1845 1740 1890 1800 Β
1919 1741 2362 1812 indignationem,
2393 1744 2710 1813 clamorem,
2745 1745 3158 1816 blaSphemiam.
3184 1750 3521 1820 Quamquam

211 1831 368 1886 malis
397 1830 626 1898 actibus,
647 1829 767 1900 quia
800 1840 985 1886 nostro
1015 1831 1146 1886 vitio
1166 1831 1454 1888 fitdiabolo
1468 1834 1680 1888 occasio
1711 1834 1811 1905 (4).

281 1924 446 1979 Vitas.
480 1925 796 1991 ‘28:-—-Qui
824 1925 1092 1994 furabatur
1136 1929 1239 1994 iam
1286 1942 1386 1980 non
1431 1928 1648 1998 furatur.
1701 1927 1812 1982 Non

210 2018 437 2074 omnino
482 2032 706 2087 peccare
729 2059 743 2083 ,
776 2029 1055 2088 peccatum
1088 2028 1172 2073 est
1205 2017 1289 2090 (5)
1311 2061 1324 2082 ,
1355 2018 1449 2074 sed
1497 2020 1548 2074 in
1595 2029 1816 2090 peccato

209 2128 560 2186 perseverare
595 2131 607 2166 :
639 2111 798 2167 datur
842 2113 985 2167 enim
1037 2112 1368 2183 poenitentia
1416 2114 1567 2170 locus
1594 2156 1608 2180 ,
1657 2113 1817 2170 datur

211 2205 560 2261 correctioni.
609 2203 754 2274 Ergo
796 2205 884 2275 qui
927 2203 1225 2269 iurabatur,
1271 2205 1382 2276 jam
1429 2220 1539 2263 nou.
1585 2206 1812 2264 foretur.

210 2299 328 2356 Non
356 2310 534 2355 autem
568 2301 668 2356 hoc
698 2299 764 2354 ad
798 2301 897 2356 hoc
925 2301 1099 2356 solum
1135 2310 1412 2372 peccaturo
1444 2303 1689 2372 accipere
1719 2303 1816 2358 de-

211 2394 403 2450 bemus
425 2435 441 2460 ,
475 2392 568 2449 sed
599 2392 666 2448 ad
693 2395 910 2458 omnia;
945 2406 1002 2448 ut
1044 2395 1131 2465 qui
1173 2395 1227 2450 in
1258 2410 1598 2467 quocumque
1625 2411 1814 2467 pecca-

214 2487 324 2554 bat,
345 2486 456 2556 jam
489 2501 594 2541 non
619 2495 827 2557 peccet.
859 2486 1032 2542 Omne
1053 2489 1196 2542 enim
1228 2499 1505 2558 peccatum
1531 2504 1653 2544 cum
1677 2504 1818 2545 com-

214 2582 444 2639 mittitur
483 2583 727 2648 occulte,
776 2580 974 2638 furtum
1021 2594 1102 2638 est
1144 2601 1156 2638 :
1199 2583 1294 2640 sed
1335 2599 1456 2639 cum
1501 2584 1637 2640 sciat
1678 2585 1818 2641 Deus

214 2692 375 2734 omne
403 2676 545 2747 quod
592 2676 834 2747 geritur,
871 2693 976 2731 non
1025 2688 1109 2732 est
1139 2677 1466 2746 peccandum
1489 2720 1505 2746 ,
1549 2689 1607 2733 ut
1650 2677 1816 2734 furari

217 2786 314 2826 nos
334 2769 618 2826 credamus
642 2778 859 2837 peccata
882 2781 1067 2826 nostra
1096 2787 1110 2836 ;
1135 2773 1333 2843 quippe
1352 2787 1478 2827 cum
1500 2773 1680 2828 omnia
1705 2789 1820 2827 ma-

216 2863 408 2920 nifesta
435 2863 584 2916 sint:
618 2861 788 2934 Magis
816 2875 985 2918 autem
1030 2863 1222 2918 laboret
1263 2865 1521 2935 aperando
1562 2868 1814 2921 manibus.

216 2958 343 3012 suis.
380 2957 455 3011 Ex
498 2955 601 3011 hoc
648 2954 874 3026 intelligi
925 2957 1071 3020 licet,
1114 2973 1240 3013 vere
1281 2957 1348 3012 de
1391 2957 1620 3028 simplici
1658 2973 1817 3028 supra

218 3050 451 3115 dixisse,
485 3059 544 3105 ut
573 3066 733 3106 nemo
759 3050 869 3120 jam
901 3052 1126 3118 furetur,
1151 3052 1364 3123 quando
1391 3053 1634 3122 adjunxit
1659 3055 1819 3125 magis

1919 1847 1973 1891 et
2002 1837 2342 1907 subjunxerit
2371 1854 2542 1910 genus
2567 1855 2682 1893 cum
2711 1842 2850 1894 omni
2877 1840 3097 1897 malitia.
3131 1842 3344 1900 Etenim
3373 1861 3523 1902 ama-

1920 1929 2097 1987 ritudo
2125 1940 2208 1988 est
2237 1943 2289 1987 et
2314 1933 2366 1988 in
2393 1932 2704 2001 invidendo,
2733 1936 2853 1990 etin
2885 1936 3026 1992 male
3065 1937 3353 2009 loquendo,
3384 1949 3438 1995 et
3467 1940 3519 1996 in

1920 2026 2131 2080 castoris
2156 2026 2478 2082 actionibus.
2515 2027 2576 2082 Et
2609 2028 2736 2084 item
2767 2027 2866 2097 ira,
2898 2031 3064 2086 animi
3092 2042 3271 2089 motus
3292 2045 3373 2090 est
3397 2051 3521 2092 cum

1920 2119 2216 2176 ulciscendi
2242 2121 2463 2178 libidine
2483 2132 2644 2194 atque
2669 2125 2943 2194 puniendi.
2973 2127 3274 2196 Indignatio
3303 2139 3388 2186 est
3408 2146 3524 2186 mo-

1922 2222 2006 2268 tus
2035 2215 2200 2271 animi
2247 2218 2462 2274 fervens
2505 2228 2560 2273 et
2590 2219 2762 2274 elatus
2800 2220 2940 2276 ultra
2987 2221 3262 2278 meritum.
3307 2224 3524 2281 Clamor

1919 2318 2099 2364 autem
2122 2350 2137 2372 ,
2171 2325 2277 2365 vox
2308 2310 2489 2382 aliquo
2524 2311 2706 2368 furore
2743 2313 2972 2382 prolata.
3002 2314 3340 2387 Blasphemia
3363 2359 3378 2385 ,
3405 2317 3520 2389 jam

1922 2403 2088 2458 Deum
2120 2404 2323 2460 lredens
2351 2414 2436 2460 est
2464 2405 2519 2460 in
2548 2405 2716 2461 Deum
2749 2407 2945 2462 emissa
2975 2409 3058 2463 vel
3105 2423 3210 2464 vox
3238 2410 3323 2466 vel
3353 2413 3524 2468 scele-

1920 2507 2037 2553 rata
2059 2499 2334 2569 cegitatio.
2359 2499 2508 2568 Hrec,
2533 2502 2725 2572 inquit,
2749 2503 2929 2558 omnia
2951 2503 3262 2562 auferantur
3287 2522 3318 2562 a
3338 2507 3518 2564 vobis:

1923 2608 2021 2663 pro
2049 2609 2115 2648 eo
2143 2594 2284 2666 quod
2314 2604 2432 2663 est,
2463 2612 2492 2649 a
2525 2596 2676 2652 vobis
2704 2599 2914 2655 auferte
2945 2616 2958 2652 :
2992 2599 3088 2655 sed
3118 2601 3191 2656 ita
3223 2612 3304 2657 est
3328 2611 3382 2658 et
3408 2603 3522 2674 ipse

1922 2700 2134 2755 sensus,
2167 2685 2444 2744 auferatur
2471 2706 2502 2745 a
2533 2689 2686 2746 vobis
2711 2709 2726 2747 :
2756 2692 2897 2764 quod
2929 2709 3054 2749 vere
3081 2695 3356 2752 dixitcum
3382 2699 3522 2754 omni

1922 2781 2120 2835 malitia
2153 2797 2172 2836 :
2193 2781 2312 2852 quia
2346 2782 2459 2839 fieri
2491 2794 2686 2854 potest,
2721 2786 2861 2857 quod
2895 2789 3140 2859 quaedam
3169 2791 3289 2847 sine
3318 2793 3522 2851 malitia

1925 2875 2071 2942 fiant,
2105 2882 2163 2929 ut
2193 2876 2502 2946 ignorantes
2533 2880 2583 2933 in
2618 2878 2948 2950 blaSpbemia
2979 2882 3181 2951 simus,
3214 2886 3522 2958 ignorantes

1922 2970 2246 3034 clamemus,
2279 2970 2622 3044 indignemur
2648 2975 2765 3030 sine
2795 2976 3016 3032 malitia.
3050 2978 3176 3036 llaec
3204 2982 3383 3037 omnia
3410 2998 3523 3038 au-

1923 3061 2168 3119 ferantur
2191 3079 2305 3118 cum
2335 3067 2474 3120 omni
2501 3068 2718 3122 malitia.
2754 3070 2843 3126 Sic
2865 3070 3006 3126 enim
3028 3112 3044 3139 ,
3074 3082 3134 3129 ut
3163 3088 3324 3146 supra
3355 3076 3522 3134 locuti

218 3154 385 3200 autem
411 3143 606 3200 laboret
634 3145 894 3216 operando
935 3147 1170 3201 manibus
1214 3149 1338 3200 suis.
1369 3146 1469 3215 Qui
1502 3149 1644 3208 enim
1673 3149 1821 3202 Iabo—
1847 3143 1891 3208 C
1925 3172 2112 3213 sumus
2137 3200 2152 3225 ,
2181 3159 2491 3227 irascimini,
2533 3161 2622 3216 sed
2659 3163 2815 3218 ηοιξιε
2841 3181 3068 3234 peccare,

218 3249 304 3296 rat
331 3239 608 3311 operando
637 3239 884 3294 manibus
909 3283 924 3306 ,
957 3240 1117 3296 habet
1147 3241 1286 3297 unde
1318 3239 1461 3296 vivat
1503 3259 1515 3294 :
1553 3258 1658 3297 non
1691 3259 1820 3314 ergo

217 3333 445 3390 foretur.
473 3333 978 3390 Animadvertamus
1008 3345 1265 3406 prmterea
1293 3337 1418 3408 quia
1449 3336 1675 3409 simplex
1709 3337 1821 3393 dic-

220 3436 333 3484 tum
361 3437 465 3496 est,
497 3442 619 3482 cum
653 3427 902 3482 manibus
934 3429 1208 3499 operantis
1239 3427 1579 3495 laboramus;
1615 3429 1819 3500 reliqua

220 3535 288 3577 ex
317 3531 434 3576 arte
459 3563 474 3586 ,
504 3535 569 3576 ex
602 3519 818 3592 ingenio
845 3561 858 3587 ,
895 3520 973 3575 vel
1006 3520 1252 3575 oratione
1274 3561 1289 3587 ,
1319 3522 1401 3576 vel
1440 3521 1682 3591 quolibet
1711 3523 1819 3578 alio

220 3611 402 3668 modo.
439 3610 536 3668 Ubi
570 3627 676 3668 non
703 3626 868 3682 opera
897 3619 978 3666 est
1009 3626 1285 3679 manuum,
1320 3612 1488 3683 magis
1517 3612 1657 3668 furta
1687 3613 1816 3680 sint,

222 3720 381 3776 quam
409 3706 584 3760 victus
616 3704 802 3760 labore
823 3703 1111 3775 quaesitus;
1132 3704 1276 3775 quod
1298 3705 1497 3760 bonum
1521 3716 1622 3772 est,
1645 3717 1701 3761 ut
1724 3705 1821 3762 ha-

220 3800 347 3857 beat
368 3799 766 3856 communicare
799 3799 1177 3855 necessitatem
1203 3798 1456 3865 habenti;
1479 3809 1534 3855 ut
1554 3818 1617 3856 ex
1643 3802 1821 3872 operi-

222 3891 326 3948 bus
344 3907 439 3961 per
466 3905 656 3945 manus
684 3905 810 3945 suas
833 3899 1196 3960 consequatur
1224 3889 1368 3960 quod
1394 3891 1508 3962 ipse
1527 3892 1740 3957 habeat,
1765 3903 1821 3950 et

223 3985 584 4042 communicet
602 3985 649 4041 ei
673 3985 765 4056 qui
789 3983 983 4040 habeat
1007 3985 1414 4052 necessitatem;
1441 3997 1601 4058 atque
1624 3988 1690 4043 de
1708 3990 1822 4045 suis

223 4079 480 4150 operibus
501 4077 642 4148 quod
671 4077 941 4134 commodi
973 4089 1298 4134 consecutus
1329 4078 1513 4144 fuerit.
1539 4081 1816 4153 largiatur.

296 4170 462 4227 Vens.
499 4169 592 4225 29.
624 4200 693 4211 —-
721 4169 900 4224 Omnis
926 4187 1088 4226 sermo
1120 4172 1286 4228 malus
1325 4172 1389 4228 de
1418 4190 1505 4228 ore
1529 4186 1692 4231 vestro
1719 4193 1822 4234 non

223 4263 488 4338 procedat.
520 4262 588 4320 Et
619 4264 720 4319 hoc
748 4274 1074 4335 praeceptum
1101 4264 1170 4321 de
1196 4281 1262 4321 eo
1287 4278 1401 4335 est,
1431 4269 1573 4339 quod
1606 4285 1712 4326 non
1741 4269 1821 4326 fa-

223 4359 476 4417 ciendum
503 4369 608 4414 est.
641 4357 822 4413 Mnnui
847 4368 1050 4426 autem,
1081 4359 1188 4416 duo
1213 4376 1334 4417 esse
1362 4378 1558 4433 genera
1585 4380 1826 4436 praecep-

225 4462 402 4509 torum
421 4451 546 4521 quid
567 4450 866 4507 faciendum
889 4470 901 4505 :
920 4468 1099 4519 nemo,
1126 4453 1318 4524 inquit,
1341 4455 1578 4525 proferat
1600 4458 1820 4515 verbum

225 4559 292 4600 ex
322 4542 545 4598 malitia.
582 4541 715 4597 Hinc
741 4542 886 4598 enim
919 4559 1170 4616 maguum
1191 4557 1464 4615 peccatum
1488 4565 1502 4614 ;
1535 4549 1691 4605 sicuti
1710 4550 1824 4606 dic-
1851 4551 1905 4612 D
1931 4584 2030 4624 nos

226 4647 338 4694 tum
362 4637 468 4706 (ti),
495 4650 598 4690 non
625 4635 768 4707 quod
799 4637 850 4690 in
877 4652 938 4693 os
963 4637 1156 4701 intrat,
1185 4639 1282 4694 sed
1305 4640 1447 4710 quod
1474 4642 1542 4696 de
1569 4658 1664 4699 ore
1689 4645 1820 4713 exit,

223 4729 514 4800 plurimum
557 4737 735 4785 nocet.
779 4729 886 4785 Sed
926 4730 971 4785 si
1003 4732 1114 4802 quis
1142 4731 1302 4788 bonus
1325 4734 1394 4788 ad
1431 4735 1822 4804 aediﬁcationem

227 4823 369 4894 ﬁdei,
403 4833 459 4878 ut
483 4823 566 4878 det
590 4825 810 4896 gratiam
841 4824 1180 4882 audientibus.
1215 4826 1283 4884 Ut
1312 4844 1492 4884 sermo
1520 4840 1698 4900 exeat,
1730 4835 1822 4905 qui

227 4926 311 4973 est
339 4917 530 4973 bonus.
561 4917 664 4986 Qui
706 4927 788 4974 est
821 4928 1000 4974 autem
1028 4919 1202 4975 bonus
1240 4922 1466 4978 sermo?
1492 4922 1559 4978 ad
1585 4924 1822 4981 mdiﬁca-

228 5012 428 5068 tionem
457 5011 601 5067 fidei.
633 5012 784 5068 Tunc
812 5013 956 5068 enim
983 5013 1219 5070 audienti
1245 5016 1471 5087 gratiam
1496 5017 1665 5088 dabit,
1697 5035 1820 5077 cum

228 5107 283 5164 id
312 5109 454 5181 quod
481 5106 750 5180 loquitur,
781 5109 1012 5166 aedificat
1037 5108 1219 5167 fidem.

301 5279 382 5354 (1)
411 5279 581 5354 Codd.
614 5292 881 5354 teternum.

303 5352 384 5424 (2)
420 5353 597 5426 Yulg.,
631 5352 806 5408 Nolite
830 5355 996 5408 locant
1023 5354 1148 5411 dare
1173 5356 1398 5413 diabolo.

330 5425 386 5494 5)
419 5425 492 5480 Ita
523 5427 713 5494 legitur
741 5426 791 5480 iu
821 5426 977 5480 codd.

332 5495 391 5558 4i
417 5497 644 5567 Insignis
667 5497 923 5553 Victorini
951 5497 1196 5555 doctrina
1223 5499 1292 5557 de
1320 5501 1549 5559 humana
1576 5502 1828 5560 libertate

233 5569 288 5626 in
316 5569 514 5624 diaboli
547 5569 949 5625 tentationibus.

307 5639 385 5713 (5)
417 5639 558 5696 [dest
575 5650 850 5719 peccatum
872 5643 990 5719 sine
1009 5643 1187 5719 venia,
1214 5653 1491 5717 peccatum
1509 5646 1652 5719 quod
1674 5663 1828 5706 reum

235 5723 557 5788 perpetuum
586 5713 865 5788 constituit
889 5713 1183 5772 hominem.

311 5782 386 5857 (6)
414 5783 627 5855 Mattin,
660 5800 751 5855 xv,
786 5787 870 5840 11.

1997 3251 2162 3308 Vens.
2186 3252 2532 3311 52.—Estote
2557 3266 2726 3310 autem
2748 3258 2960 3314 invicem
2991 3259 3211 3333 benigni.
3237 3263 3328 3319 Illa
3359 3279 3522 3336 supe-

1921 3346 2088 3412 riora,
2112 3358 2165 3403 ut
2195 3347 2328 3415 dixi,
2349 3365 2454 3405 non
2483 3350 2759 3419 facienda;
2785 3351 2902 3409 haec
2929 3370 3050 3425 qua:
3071 3355 3313 3414 facienda
3333 3369 3421 3416 :ut
3441 3361 3523 3417 in-

1921 3442 2093 3497 vicem
2126 3442 2338 3514 benigni
2361 3445 2509 3511 sitis;
2541 3459 2644 3500 non
2673 3461 2810 3502 unus
2839 3447 2890 3502 in
2921 3449 3173 3518 alterum,
3199 3451 3293 3507 sed
3323 3453 3520 3526 singuli

1924 3539 1974 3590 in
1989 3536 2249 3607 singulos,
2268 3537 2338 3593 ita
2351 3553 2542 3596 omnes
2557 3539 2609 3595 in
2629 3556 2837 3598 omnes.
2850 3543 2914 3598 Et
2930 3546 3304 3615 misericordes,
3320 3549 3520 3605 donan-

1925 3640 1997 3685 tes
2031 3631 2170 3685 vobis
2197 3630 2434 3686 invicem.
2469 3632 2534 3688 Et
2567 3634 2618 3689 in
2651 3637 3020 3706 superioribus
3053 3639 3276 3696 invicem
3309 3644 3517 3713 posuit,

1925 3733 2080 3778 estote
2105 3725 2315 3779 invicem
2334 3727 2553 3797 benigni.
2581 3728 2723 3784 Dixit
2739 3730 2898 3786 etiam
2917 3731 3181 3791 donantes
3199 3735 3351 3793 vobis
3371 3737 3520 3794 iuvi-

1924 3831 2074 3881 cem;
2099 3818 2239 3874 unde
2263 3827 2318 3874 et
2347 3821 2727 3878 misericordes
2748 3821 2977 3881 invicem
3003 3828 3188 3884 audire
3215 3828 3474 3887 debemus
3499 3849 3515 3900 ;

1925 3908 2190 3967 donantes
2219 3922 2400 3969 autem
2424 3916 2628 3973 scilicet
2657 3928 2896 3989 peccata.
2923 3921 3165 3993 Denique
3192 3924 3258 3979 de
3287 3926 3520 3995 peccatis

1925 4001 2028 4059 hoc
2075 4004 2274 4062 dictum
2325 4022 2448 4065 esse
2485 4025 2550 4065 ex
2593 4027 2660 4067 eo
2688 4013 2956 4078 declarat,
2989 4019 3130 4088 quod
3173 4020 3520 4090 subjunctum

1925 4107 2009 4154 est
2036 4100 2166 4155 sicut
2195 4113 2242 4157 et
2275 4101 2410 4158 Deus
2434 4105 2487 4159 in
2515 4103 2719 4162 Christo
2746 4109 2952 4165 donavit
2974 4113 3152 4180 vobis;
3181 4116 3361 4187 utique
3392 4135 3518 4190 pec-

1927 4202 2043 4248 cata
2068 4211 2080 4246 :
2109 4193 2161 4248 in
2189 4195 2408 4252 Christo
2432 4209 2609 4254 autem
2631 4242 2645 4266 ,
2679 4210 2735 4256 ut
2764 4202 3076 4275 frequenter
3101 4208 3331 4266 diximus
3351 4255 3366 4278 ,
3398 4214 3521 4284 quia

1927 4305 2025 4360 pro
2054 4290 2209 4346 nobis
2239 4290 2488 4350 Christus
2518 4305 2761 4352 mortuus
2787 4308 2872 4353 est
2899 4319 2911 4354 :
2941 4315 3071 4372 ergo
3101 4303 3153 4358 in
3183 4304 3399 4361 Christo
3426 4307 3523 4363 do-

1927 4392 2052 4438 nata
2094 4392 2218 4439 sunt
2263 4395 2481 4456 peccata
2529 4389 2701 4445 nobis.
2735 4389 3048 4464 Mysterium
3079 4397 3221 4454 enim
3251 4399 3380 4456 illud
3407 4441 3422 4468 ,
3466 4413 3524 4460 ut

1928 4475 2241 4548 frequenter
2283 4479 2538 4548 diximus,
2587 4497 2685 4553 pro
2716 4488 2951 4555 peccatis
2993 4495 3194 4546 nostris
3237 4501 3318 4548 est
3352 4512 3366 4548 :
3398 4497 3524 4567 quia

2068 4579 2286 4642 peccata
2316 4573 2532 4630 vincere
2563 4591 2668 4631 non
2712 4587 3053 4650 poteramus,
3085 4585 3236 4640 venit
3267 4586 3525 4646 Dominus

1928 4675 2146 4731 noster,
2174 4665 2263 4737 qui
2290 4677 2567 4737 peccatum
2599 4670 2841 4728 vinceret
2863 4717 2876 4741 ,
2909 4683 2963 4730 et
2989 4675 3067 4731 sic
3094 4688 3310 4747 peccata
3342 4691 3524 4739 nostra

1929 4756 2084 4812 nobis
2112 4756 2357 4827 donaret,
2389 4774 2513 4816 cum
2544 4760 2598 4815 in
2626 4761 2800 4833 ipsum
2832 4767 3115 4827 credentes
3143 4786 3173 4826 a
3202 4775 3436 4843 peccatis
3463 4775 3528 4830 li-

1925 4850 2196 4908 beramur.

1998 4942 2128 5000 Car.
2151 4944 2291 5000 V.—-
2303 4946 2470 5004 Vens.
2498 4948 2804 5008 i.—Estote
2820 4971 2939 5028 ergo
2960 4958 3239 5017 imitatores
3264 4961 3376 5026 Dei,
3395 4963 3528 5019 sicut

1934 5038 2033 5108 ﬁlii
2059 5037 2155 5093 Dei
2179 5040 2483 5097 charissimi.
2517 5043 2576 5099 ln
2607 5045 2712 5104 hoc
2736 5048 2921 5121 utique
2947 5051 3242 5112 imitatores
3269 5056 3381 5123 Dei,
3406 5072 3528 5114 cum

1934 5143 1988 5190 et
2019 5149 2116 5190 vos
2148 5146 2363 5206 peccata
2392 5149 2571 5194 vestra
2598 5139 2827 5199 invicem
2857 5146 3014 5202 vobis
3043 5147 3279 5215 donatis,
3311 5161 3369 5205 ut
3391 5151 3532 5207 Deus

1935 5225 2156 5283 donavit
2191 5230 2244 5285 in
2269 5229 2488 5288 Christo
2518 5233 2674 5289 nobis
2708 5245 2890 5293 nostra
2932 5251 3169 5310 peccata.
3201 5241 3375 5300 Vivite
3401 5259 3534 5317 ergo

1936 5321 2235 5379 imitatores
2259 5324 2373 5390 Dei,
2397 5335 2451 5381 et
2477 5326 2556 5381 sic
2585 5327 2768 5394 vivite,
2793 5339 2848 5385 ut
2871 5331 2964 5387 filii
2997 5333 3087 5390 Dei
3117 5345 3171 5392 et
3200 5336 3292 5392 filii
3322 5337 3534 5394 charis-

1934 5414 2080 5470 simi.
2107 5417 2316 5472 Etenim
2348 5418 2620 5490 siquidem
2647 5437 2746 5491 pro
2769 5423 2918 5480 vobis
2942 5425 3051 5482 filio
3079 5443 3178 5483 suo
3206 5445 3313 5486 non
3342 5447 3538 5503 peper-

1936 5509 2050 5578 cit,
2081 5518 2134 5566 et
2174 5525 2273 5582 pro
2317 5514 2553 5582 peccatis
2585 5516 2782 5572 vestris
2821 5532 2944 5575 eum
2990 5533 3210 5592 peccato
3251 5523 3437 5594 dedit,
3477 5536 3539 5584 ut

1941 5611 2219 5674 peceatum
2272 5604 2554 5676 vinceret;
2611 5607 2770 5667 sicuti
2812 5613 3125 5686 mysterium
3196 5618 3535 5693 intelligitur.

2012 5719 2091 5864 (1)
2124 5719 2304 5793 Vulg.,
2334 5721 2388 5776 in
2415 5723 2570 5779 diem.

2012 5795 2070 5863 (2
2122 5793 2306 5864 Vulg.,
2336 5802 2384 5850 et
2412 5796 2510 5851 ira.

2012 5793 2091 5864 (2)
2122 5793 2306 5867 Vulg.,
2336 5802 2384 5850 et
2412 5796 2510 5851 ira.

3381 5851 3399 5882 δ
