4010 6306
577 242 597 295 1
615 232 716 294 ὲ83

1819 224 2011 282 IlABll
2053 221 2399 280 VlCTUlthl
2440 222 2605 279 AFltl

3690 224 3789 282 list

651 355 813 411 Vens.
845 350 1052 408 2.-—-Et
1077 351 1332 406 ambulate
1355 349 1410 403 in
1439 346 1730 403 dilectione.
1760 343 2009 414 Magnum
2038 355 2178 412 praz-
2204 344 2257 408 Α
2282 336 2495 405 debeat,
2529 337 2579 392 id
2597 346 2682 394 est
2708 335 2846 392 istud
2874 337 3068 409 gratias
3095 352 3310 408 agamus
3332 353 3352 391 ε
3378 335 3679 394 nondubiutn
3699 343 3793 411 quin

574 458 790 516 ceptum
815 456 869 502 et
899 446 1082 516 utique
1113 441 1474 505 retinendum,
1497 437 1679 493 omnia
1707 437 1851 493 enim
1872 432 2174 498 concludit;

573 551 628 596 ct
658 540 855 596 sufﬁcit
883 539 1140 604 charitas,
1174 539 1352 608 inqua
1379 537 1463 591 lex
1495 545 1602 589 tota
1632 542 1744 596 est;
1777 540 1832 588 et
1860 539 2026 585 totum
2057 544 2176 600 my-

574 635 799 689 sterium
842 631 1284 696 christianitatis,
1314 629 1537 684 dilectio
1565 636 1620 682 et
1658 623 1916 679 charitas.
1952 622 2100 678 Sicut
2128 629 2176 675 et

576 725 810 780 Christus
845 725 1024 779 dilexit
1047 739 1133 778 vos
1171 722 1276 794 (l).
1310 720 1424 776 Hoc
1465 728 1552 774 est
1589 715 1734 786 quod
1771 729 1932 784 supra
1971 713 2174 768 dictum

572 822 850 875 imitatores
874 817 974 872 Dei
1001 827 1058 872 ut
1081 827 1136 872 et
1164 832 1259 870 vos
1287 814 1517 869 invicem
1545 811 1780 882 diligatis
1810 823 1905 863 vos
1923 848 1937 870 ,
1968 807 2099 860 sicut
2123 814 2174 859 et

572 915 802 970 Christus
827 914 1011 968 dilexit
1035 929 1142 966 vos.
1166 910 1306 979 Quid
1337 918 1423 964 est
1449 918 1629 962 autem
1663 905 1843 959 dilexit
1879 914 1927 957 et
1962 899 2176 956 tradidit

572 1009 895 1077 semetipsum
923 1021 1016 1077 pro
1045 1003 1226 1059 vobis?
1249 1003 1445 1058 Eadem
1474 998 1792 1064 substantia,
1823 1011 1990 1052 unum
2017 993 2098 1065 (2)
2122 1000 2176 1048 et

571 1103 864 1155 voluntate.
909 1099 973 1154 Et
1024 1100 1150 1154 item
1183 1111 1286 1167 ego
1325 1104 1381 1149 et
1420 1105 1574 1165 pater
1623 1105 1786 1146 unum
1818 1103 2023 1145 smnus.
2078 1084 2177 1142 Hic

567 1191 785 1247 tradidit
823 1191 1172 1262 semetipsum
1204 1204 1300 1260 pro
1332 1187 1516 1251 vobis;
1550 1184 1604 1240 id
1635 1191 1720 1240 est
1750 1197 1849 1255 pro
1877 1181 1984 1236 alio
2006 1221 2021 1245 ,
2061 1177 2177 1232 tilio

566 1302 667 1340 suo
696 1299 800 1339 non
846 1284 1115 1355 pepercit;
1167 1291 1228 1336 ut
1267 1281 1370 1335 hoc
1401 1278 1563 1334 modo
1591 1277 1754 1333 etiam
1801 1290 1900 1330 nos
1941 1271 2174 1328 invicem

571 1394 665 1448 pro
690 1378 840 1432 vobis
871 1387 1053 1432 nostra
1072 1375 1297 1440 demus;
1320 1380 1376 1428 et
1405 1385 1574 1442 usque
1595 1371 1660 1425 ad
1692 1369 1815 1436 hoc,
1841 1365 1895 1422 id
1912 1375 1994 1422 est
2017 1363 2172 1434 juxta

571 1473 878 1544 passionem
911 1488 1009 1542 pro
1039 1471 1243 1533 altero,
1273 1466 1503 1523 invicem
1541 1465 1848 1535 diligamus.
1887 1459 1954 1514 Et
1991 1466 2174 1513 semet-

567 1569 736 1638 ipsum
783 1567 996 1622 tradidit
1027 1582 1120 1636 pro
1145 1565 1284 1619 vobis
1311 1563 1618 1618 oblationem
1643 1569 1690 1614 et
1721 1557 1942 1612 hostiam
1981 1553 2094 1609 Deo
2118 1554 2176 1608 iis

570 1662 728 1716 odore
755 1661 1046 1732 ﬂagrautitz
1081 1658 1181 1731 (3).
1232 1655 1440 1714 Obtulit
1480 1669 1542 1710 se
1584 1654 1732 1719 Deo,
1764 1659 1823 1705 ut
1867 1649 2088 1720 Spiritus
2117 1655 2172 1704 et

2282 429 2424 494 Deo;
2449 445 2772 501 quamquam
2793 438 2846 485 et
2873 429 3214 495 hominibus;
3243 437 3297 484 et
3319 429 3435 485 ideo
3457 444 3575 499 pure
3595 432 3792 500 positum.

2357 523 2518 579 Vsus.
2549 523 2603 577 5.
2651 554 2722 565 —
2751 523 2864 579 Hoc
2888 525 3022 580 enim
3044 525 3222 580 scitote
3245 523 3324 596 (1)
3352 523 3481 595 quod
3509 527 3650 580 omnis
3666 527 3793 597 ίηψιιο

2280 614 2425 669 dirus
2465 625 2551 668 aut
2579 617 2872 671 immundus
2899 629 2986 670 aut
3015 634 3202 672 ararus
3226 617 3360 688 quod
3386 628 3455 671 est
3481 618 3702 672 idolorum
3721 637 3798 675 ser-

2279 709 2430 773 vitus,
2463 725 2563 762 non
2591 710 2740 764 habet
2770 711 3117 767 [nereditatem
3146 712 3198 766 in
3244 729 3399 781 regno
3427 711 3602 766 Christi
3635 723 3676 766 et
3710 713 3796 770 Dei.

2279 801 2411 857 Cum
2437 804 2533 858 tria
2557 805 2863 875 supradicta
2885 805 3175 876 posuisset,
3203 807 3302 860 tria
3324 807 3684 877 subjunxisset,
3699 824 3800 878 pra-

2278 906 2488 967 ceptum
2527 901 2626 954 hoc
2657 899 2729 952 ita
2777 901 3121 969 constringit,
3156 909 3213 954 ut
3240 899 3432 956 doceat
3459 901 3556 954 tria
3583 901 3800 968 superiora

2277 991 2588 1061 gravissima
2617 1006 2760 1049 esse.
2790 994 2999 1062 Quippe
3024 1001 3080 1047 et
3107 1008 3228 1048 cum
3258 994 3327 1047 ita
3355 994 3422 1047 sit
3447 993 3656 1057 locutus,
3679 1003 3724 1048 ut
3740 995 3802 1051 illa

2280 1083 2378 1139 tria
2399 1099 2500 1140 nec
2517 1085 2862 1141 nominentur
2885 1085 3024 1141 inter
3046 1095 3284 1140 sanctos.
3307 1085 3446 1156 Ergo
3466 1087 3648 1156 gravia.
3674 1087 3802 1154 Quam

2278 1177 2356 1249 (Ξ)
2380 1178 2601 1249 gravia?
2625 1179 2840 1244 scitote,
2866 1178 3056 1249 inquit,
3080 1179 3224 1248 quod
3251 1176 3390 1244 haec,
3417 1194 3598 1247 nempe
3620 1179 3800 1248 impudi-

2277 1275 2426 1340 citia,
2458 1275 2819 1341 immunditia,
2861 1275 3109 1339 avaritia,
3140 1289 3248 1330 non
3280 1273 3475 1328 habent
3499 1273 3804 1328 hereditatem

2278 1368 2329 1421 in
2381 1382 2549 1437 regno
2597 1367 2799 1422 Christi
2829 1377 2884 1423 et
2924 1367 3042 1422 Dei.
3074 1367 3372 1423 Avaritiam
3424 1377 3592 1422 autem
3635 1367 3805 1422 idolola-

2277 1463 2432 1517 triam
2460 1463 2616 1527 dixit,
2660 1463 2775 1518 sive
2811 1465 2935 1533 quia
2966 1464 3057 1532 qui
3101 1478 3296 1518 avarus
3343 1471 3448 1528 est,
3478 1463 3634 1518 servit
3666 1462 3804 1528 idolis;

2274 1556 2502 1614 credens
2533 1556 2633 1613 sibi
2664 1557 2732 1612 ab
2757 1557 2889 1627 ipsis
2920 1559 3163 1629 praestari
3190 1575 3312 1630 qui:
3339 1559 3392 1613 in
3425 1559 3614 1614 mundo
3636 1559 3807 1623 snnt,in

2273 1667 2382 1723 quo
2430 1651 2511 1724 (5)
2561 1667 2758 1707 avarus
2797 1662 2902 1707 est.
2937 1653 3144 1708 Etenim
3194 1654 3360 1720 Deus,
3392 1670 3513 1710 cum
3544 1670 3603 1710 ea
3643 1663 3809 1724 praestet

567 1754 742 1808 hostia
767 1770 860 1824 per
882 1755 984 1809 hoc
1015 1751 1332 1824 mysterium
1359 1747 1552 1804 ﬁerent
1570 1746 1774 1800 omnia.
1805 1743 1900 1798 llic
1920 1754 2000 1796 est
2023 1741 2172 1796 enim
2201 1751 2250 1811 Β
2275 1759 2395 1815 qua:
2415 1743 2468 1799 in
2493 1744 2670 1798 futuro
2695 1752 2846 1810 sunt;
2869 1743 2961 1815 qui
2981 1761 3172 1799 avarus
3194 1754 3298 1811 est,
3326 1748 3508 1816 utique
3533 1747 3597 1802 de
3615 1748 3808 1816 praesnti

566 1847 701 1900 odor
731 1847 888 1901 bona
935 1844 1260 1914 ﬂagrantiai;
1309 1841 1465 1911 cujus
1508 1835 1864 1895 substantiam
1905 1833 2164 1903 spiritus,

566 1940 791 1994 odorem
818 1939 973 1994 bona:
1005 1937 1304 2009 ﬂagrantia:
1329 1950 1452 1990 esse
1475 1933 1612 1989 dixit
1636 1949 1651 1984 :
1673 1931 1741 1986 de
1773 1945 1878 2000 qua
1906 1943 1964 1984 re
1990 1936 2072 1983 est
2100 1927 2169 1981 lio

569 2035 666 2089 bcr
689 2046 871 2090 certus
903 2033 1002 2088 hoc
1043 2047 1320 2102 exponens
1347 2029 1474 2101 quid
1519 2028 1740 2098 spiritus
1776 2033 1882 2090 sit,
1911 2032 1967 2078 et
2007 2036 2168 2092 quam

567 2129 978 2199 intelligentiam
1007 2126 1226 2192 habeat,
1261 2136 1316 2179 ut
1341 2124 1640 2180 substantia
1668 2120 1788 2190 ejus
1816 2117 1982 2188 pos>it
2014 2113 2172 2170 intel-

568 2221 661 2292 ligi
693 2221 798 2292 (t).

640 2316 806 2372 Vens.
836 2318 890 2371 5.
915 2345 982 2358 -σ
1011 2314 1344 2384 lmpudieitia
1367 2309 1449 2385 (5)
1469 2319 1638 2366 autem
1680 2319 1727 2364 et
1755 2308 1920 2362 omnis
1946 2307 2171 2360 innitun-

565 2413 694 2465 ditia
714 2421 762 2466 et
781 2412 999 2465 avaritia
1021 2427 1112 2464 nec
1133 2409 1422 2463 nominetur
1445 2407 1576 2461 inter
1601 2420 1688 2459 eos
1705 2405 1837 2459 sicut
1857 2403 1997 2458 decet
2019 2417 2171 2455 sanc-

565 2520 664 2563 los.
697 2509 823 2564 Haec
851 2523 1066 2579 quoque
1110 2516 1375 2577 precepts
1404 2513 1530 2559 sunt
1555 2502 1624 2558 de
1646 2501 1734 2557 bis
1754 2515 1874 2571 qua:
1905 2514 2013 2554 non
2041 2505 2169 2552 sunt

563 2603 832 2667 facienda,
858 2611 920 2656 ut
942 2603 1084 2656 absit
1110 2599 1468 2672 impudicitia,
1500 2594 1869 2660 immunditia,
1897 2591 2122 2646 avaritia
2148 2603 2164 2654 ;

562 2715 684 2769 quae
725 2696 824 2751 tria
874 2697 926 2751 in
955 2703 1168 2750 tantum.
1213 2691 1550 2748 excludenda
1586 2689 1656 2744 ab
1691 2686 1885 2744 aimis
1925 2694 2078 2749 sunt,
2109 2693 2169 2738 ut

565 2805 666 2846 nec
686 2788 1006 2844 vocabulum
1035 2794 1129 2840 aut
1156 2784 1486 2839 mentionem
1518 2783 1659 2836 inter
1683 2795 1742 2835 se
1767 2778 2022 2842 habeant,
2054 2791 2168 2831 ma-

562 2884 706 2938 xime
734 2883 827 2954 qui
851 2882 1024 2938 sancti
1050 2888 1196 2936 sunt.
1221 2879 1432 2934 Etenim
1456 2877 1559 2932 ista
1587 2883 1642 2930 et
1669 2873 1948 2928 nominare
1974 2884 2168 2941 pecca-

563 2985 676 3033 tum
721 2986 844 3042 est;
888 2982 1092 3046 quanto
1138 2973 1306 3044 magis
1333 2971 1418 3027 vel
1472 2969 1673 3024 habere
1701 2968 1786 3023 vel
1833 2962 2164 3021 admittere?

565 3071 680 3127 [loc
705 3070 848 3125 enim
877 3077 1188 3124 sanctorum
1216 3065 1385 3134 exigit
1413 3079 1610 3118 nomen
1641 3071 1700 3118 et
1740 3076 1895 3116 mens
1922 3071 1978 3115 et
2031 3073 2164 3114 con-

2277 1835 2382 1888 vita
2421 1851 2616 1892 avarus
2647 1847 2761 1902 est;
2793 1846 2850 1893 et
2877 1848 3156 1908 propterea
3202 1840 3370 1894 servit
3417 1840 3588 1894 idolis.
3622 1838 3692 1893 Au
3721 1838 3810 1893 ideo

2273 1929 2496 1997 dictum,
2517 1930 2662 2001 quod
2679 1931 2902 1986 avaritia
2933 1931 3200 1987 idolorum
3221 1941 3304 1988 est
3320 1933 3585 1987 servitus?
3601 1933 3707 2003 quia
3721 1948 3808 1987 cum

2273 2037 2412 2078 unus
2445 2025 2518 2079 sit
2564 2024 2728 2092 Deus,
2774 2025 3014 2080 avaritise
3059 2037 3142 2081 est
3189 2026 3387 2082 multos
3423 2027 3616 2093 colere,
3643 2035 3690 2080 ct
3710 2027 3808 2080 alios

2271 2115 2521 2182 adorare,
2551 2129 2604 2173 et
2640 2118 2760 2174 aliis
2789 2118 2998 2175 servire
3027 2118 3182 2175 velle.
3217 2118 3316 2174 Hic
3345 2119 3508 2190 igitur
3551 2133 3650 2174 non
3690 2117 3811 2172 habet

2273 2208 2641 2266 haereditatem
2673 2211 2727 2267 in
2757 2227 2924 2283 regno
2957 2210 3160 2268 Christi
3194 2221 3250 2268 et
3279 2212 3398 2268 Dei.
3431 2213 3666 2269 Christus
3703 2212 3810 2267 enim

2271 2317 2495 2374 regnum
2525 2302 2688 2359 habet
2719 2305 2770 2359 in
2793 2305 2981 2361 oculis:
3013 2316 3065 2360 et
3088 2305 3177 2376 qui
3195 2307 3440 2376 sequitur
3457 2305 3812 2369 Cbristum,ha-

2273 2394 2418 2451 bebit
2449 2395 2816 2453 hmreditatem
2845 2397 2900 2452 in
2931 2413 3096 2469 regno
3125 2397 3348 2453 Christi.
3369 2398 3611 2470 Regnum
3636 2397 3808 2462 Christi,

2272 2487 2366 2544 Dei
2398 2505 2626 2560 regnum
2656 2501 2762 2546 est.
2792 2490 2900 2546 Nec
2932 2493 2982 2546 in
3017 2491 3112 2548 Dei
3144 2507 3272 2564 ergo
3307 2508 3484 2564 regno
3515 2495 3665 2550 habet
3685 2493 3813 2549 hare-

2271 2581 2519 2649 ditatem,
2551 2585 2640 2654 qui
2673 2584 2834 2641 idolis
2864 2587 3052 2640 servit.

2341 2675 2510 2731 Vens.
2532 2677 2586 2733 6.
2625 2708 2694 2718 ——
2716 2677 2885 2734 Nemo
2910 2696 2998 2734 vos
3027 2678 3235 2733 seducat
3265 2680 3415 2734 battis
3434 2679 3725 2736 sermnibus
3738 2679 3808 2747 (l).

2272 2769 2495 2841 Propter
2516 2773 2626 2826 hac
2645 2774 2782 2828 enim
2802 2775 2932 2829 venit
2961 2775 3040 2828 ira
3070 2771 3169 2827 Dei
3196 2774 3247 2826 in
3267 2773 3410 2842 ﬁlios
3439 2776 3737 2845 difﬁdentia.
3762 2771 3811 2827 Et

2269 2866 2372 2922 hoc
2399 2882 2614 2938 quoque
2643 2867 2783 2924 inter
2814 2877 3074 2938 prazcepta
3103 2880 3208 2936 est,
3227 2869 3296 2926 de
3325 2870 3526 2940 quibus
3544 2869 3647 2925 dixi
3673 2868 3804 2926 vobis.

2269 2974 2388 3028 quae
2417 2975 2522 3015 non
2553 2959 2660 3014 sint
2689 2958 2954 3016 iacienda.
2985 2960 3136 3016 Multi
3155 2963 3300 3018 enim
3319 2961 3655 3019 sermonibus
3674 2961 3815 3015 suiset

2267 3055 2450 3110 mundi
2470 3055 2750 3111 utilitatem
2770 3055 3083 3123 suadent,et
3104 3057 3368 3112 idolorum
3389 3058 3674 3121 culturam,
3690 3055 3734 3111 id
3755 3064 3814 3109 est

561 3162 811 3229 scientia,
830 3173 887 3215 ut
912 3168 967 3215 ct
997 3161 1175 3230 lingua
1203 3173 1336 3228 pura
1364 3159 1453 3213 sit.
1483 3155 1616 3211 Nam
1631 3157 1676 3209 si
1701 3155 1942 3210 moribus
1970 3152 2066 3224 qui
2085 3153 2165 3224 (6)
2193 3147 2240 3213 C
2272 3149 2506 3207 habendi
2537 3151 2904 3221 cupiditatem.
2937 3151 3135 3208 Verum
3168 3153 3220 3208 hi
3253 3154 3376 3208 vasti
3412 3167 3679 3210 sermones
3702 3159 3810 3206 sust.

562 3271 732 3326 purus
757 3257 1002 3310 nominat
1029 3254 1184 3317 vitia,
1214 3254 1375 3308 habet
1415 3261 1596 3307 tamen
1627 3259 1928 3322 peccatum,
1958 3264 2084 3304 cum
2112 3249 2165 3304 in

558 3366 624 3405 eo
643 3349 788 3420 quod
811 3349 1066 3419 loquitur,
1089 3345 1328 3403 ostendit
1346 3347 1460 3416 ipsa
1478 3343 1604 3399 vitia
1628 3359 1688 3400 se
1710 3358 1893 3398 nosse.

635 3444 803 3500 Vens.
829 3443 1053 3497 i.——Aut
1077 3443 1362 3512 turpitudo,
1377 3452 1465 3495 aut
1487 3440 1885 3509 stultiloquium,
1908 3448 1994 3493 aut
2016 3454 2164 3494 scur-

558 3537 748 3592 rilitas.
783 3534 1070 3606 Subjungit
1101 3535 1264 3590 etiam
1311 3534 1412 3588 alia
1452 3533 1580 3600 tria,
1602 3548 1723 3604 quae
1743 3547 1773 3586 a
1795 3531 2164 3600 superioribus

556 3630 776 3688 distant.
793 3630 1034 3702 Namque
1056 3629 1382 3700 impudicitia
1408 3629 1567 3701 longe
1588 3627 1731 3684 aliud
1744 3643 1904 3699 quam
1929 3627 2165 3683 immun-

556 3723 714 3780 ditia.
740 3723 840 3782 Ubi
859 3724 1026 3794 pudor
1043 3724 1245 3788 nullus,
1264 3731 1348 3778 est
1371 3723 1743 3793 impudicitia;
1769 3739 1887 3776 non.
1902 3723 2161 3778 continuo

553 3817 860 3887 turpitudo:
881 3817 1156 3888 turpitudo
1175 3817 1322 3872 enim
1337 3828 1424 3873 est
1443 3815 1649 3872 facinus
1669 3826 1829 3887 atque
1849 3828 2156 3888 peccatum;

556 3911 886 3982 impudicitia
932 3926 1086 3977 vero,
1129 3925 1253 3965 cum
1299 3909 1469 3980 pudor
1495 3911 1668 3965 deest.
1701 3909 1835 3965 item
1869 3909 2162 3965 immundi-

555 4005 650 4068 tia,
681 4021 800 4075 quae
830 4015 1008 4075 potest
1037 4019 1158 4060 esse
1187 4012 1246 4062 et
1270 4003 1324 4059 in
1349 4019 1501 4070 voce,
1534 4012 1590 4060 et
1618 4003 1670 4057 in
1713 4003 1845 4069 vita,
1873 4012 1930 4059 et
1959 4005 2009 4058 in
2043 4019 2160 4059 mo-

552 4100 721 4155 ribus.
750 4098 872 4154 iam
892 4113 1020 4153 vero
1043 4097 1270 4154 avaritia
1297 4097 1564 4167 cupiditas
1581 4107 1662 4152 est
1689 4097 1939 4152 habendi.
1973 4097 2156 4166 Longe

550 4193 713 4263 igitur
744 4192 934 4248 distant
965 4191 1082 4248 htec
1129 4191 1257 4260 tria,
1309 4206 1432 4261 qua:
1483 4201 1802 4261 sequuntur,
1855 4191 2154 4262 turpitudo,

546 4285 966 4356 stultiloquium,
995 4285 1159 4340 etiam
1203 4298 1340 4340 vane
1368 4283 1535 4355 loqui.
1585 4283 1736 4340 Licet
1765 4299 1890 4340 cum
1923 4302 2034 4340 non
2057 4285 2158 4340 ob-

2269 3245 2423 3314 Quod
2470 3253 2655 3301 autem
2697 3246 2831 3302 dixit
2877 3257 3084 3317 propter
3127 3247 3236 3302 haec
3292 3248 3432 3303 enim
3472 3248 3602 3304 venit
3637 3248 3706 3300 ira
3746 3242 3816 3297 Dei

2271 3351 2488 3411 propter
2520 3340 2650 3397 illud
2676 3342 2887 3397 scilicet
2911 3341 3057 3413 quod
3087 3342 3395 3413 hujusmodi
3425 3343 3663 3399 homines
3687 3340 3732 3394 in
3753 3352 3814 3393 τες

2266 3450 2372 3506 gno
2393 3434 2593 3490 Christi
2623 3444 2679 3492 et
2711 3435 2802 3491 Dei
2833 3434 3208 3493 hereditatem
3238 3451 3344 3493 non
3375 3438 3601 3494 habent.
3638 3436 3815 3505 Propter

2266 3527 2404 3591 haec,
2438 3528 2629 3600 inquit,
2662 3527 2859 3583 habent
2887 3528 3052 3584 etiam
3085 3545 3323 3599 poenam,
3353 3541 3416 3584 ut
3445 3541 3501 3586 et
3529 3529 3674 3586 bonis
3697 3535 3813 3580 aeter-

2266 3638 2352 3676 nae
2378 3623 2502 3678 vita:
2519 3631 2762 3688 careant,
2794 3631 2850 3679 et
2881 3625 2934 3677 in
2963 3623 3109 3692 ipsos
3131 3623 3206 3678 ira
3236 3625 3441 3680 veniat.
3476 3625 3619 3692 Quos
3641 3617 3816 3689 illos(5)

2264 3716 2408 3772 ﬁlios
2445 3716 2585 3771 dixit
2630 3716 2987 3773 difﬁdentiae?
3015 3717 3164 3773 Multi
3199 3718 3347 3774 enim
3386 3735 3583 3774 varium
3619 3723 3814 3789 putantes

2262 3826 2386 3867 esse
2414 3812 2521 3883 (6),
2543 3812 2687 3884 quod
2721 3813 3106 3884 promittuntur
3125 3830 3290 3887 regna
3311 3816 3364 3870 in
3396 3817 3562 3882 coelo;
3582 3824 3638 3870 ut
3656 3813 3814 3871 dicant.

2259 3907 2382 3978 quis
2413 3906 2697 3962 hominum
2723 3907 2969 3964 “cotidit
3012 3909 3070 3963 in
3094 3909 3335 3966 calum?
3367 3909 3625 3965 Diiildunt
3646 3922 3754 3979 ergo
3775 3910 3813 3959 cl

2259 4013 2370 4053 non
2399 3997 2644 4054 credunt.
2678 3999 2822 4070 Ergo
2851 3999 2904 4054 in
2939 3999 3081 4056 ﬁlios
3106 4000 3425 4058 difﬁdentiae
3455 4003 3603 4059 venit
3627 4002 3696 4056 ira
3727 3997 3810 4052 Dei,

2261 4091 2562 4148 Dillldentia
2607 4102 2788 4149 autem
2817 4104 2902 4149 est
2947 4094 3036 4150 ille
3063 4094 3333 4162 diabolus,
3379 4097 3472 4153 cui
3520 4090 3812 4152 serviuutilll

2257 4185 2345 4255 qui
2391 4184 2660 4253 difﬁdunt,
2693 4192 2749 4242 es
2778 4187 2978 4243 idcirco
3009 4187 3104 4242 lilii
3131 4189 3252 4259 ejus
3278 4198 3432 4244 sunt.

2327 4277 2494 4335 Vens.
2514 4280 2567 4344 7,
2597 4279 2655 4346 8,
2678 4279 2988 4336 9.--Nolite
3016 4296 3146 4352 ergo
3172 4281 3314 4337 efﬁci
3337 4282 3625 4353 participes
3646 4289 3808 4335 eum

545 4382 633 4444 sit,
668 4381 940 4451 loqueris;
989 4387 1170 4436 tamen
1213 4378 1262 4434 si
1305 4380 1526 4434 stultum
1575 4379 1668 4444 sit,
1705 4394 1806 4434 nec
1835 4379 2011 4450 sapiat
2050 4395 2152 4437 nec
2253 4369 2390 4429 Cum
2412 4375 2737 4443 generaliter
2759 4389 2922 4444 supra
2941 4385 3218 4440 tractaret,
3243 4377 3382 4432 redit
3409 4378 3478 4434 ad
3514 4383 3811 4446 praeceptum,

543 4475 737 4544 prosit,
768 4473 972 4531 sanctis
1001 4471 1236 4529 alienum
1263 4479 1368 4527 est.
1397 4471 1580 4542 Itaque
1623 4471 1925 4528 scurrilitas
1959 4472 2146 4542 jocosa
2253 4476 2314 4523 et=
2334 4468 2400 4524 ad
2422 4467 2708 4539 Ephesios,
2737 4477 2795 4524 ut
2819 4469 2966 4524 omni
2996 4485 3200 4540 genere
3234 4470 3304 4527 ab
3345 4470 3650 4542 hujusmodi
3679 4463 3810 4521 horni-

540 4567 738 4633 oratio,
765 4578 822 4622 et
863 4568 1094 4624 alterum
1126 4567 1331 4624 laedens
1363 4566 1472 4638 joci
1516 4581 1702 4632 causa,
1748 4581 1815 4622 ac
1862 4576 2146 4638 propterea
2172 4548 2228 4608 Ι)
2250 4561 2701 4616 nibusalienisint
2716 4576 2890 4632 neque
2906 4563 3364 4633 participentcum
3388 4563 3498 4620 his.
3531 4563 3692 4619 Ereti:
3710 4558 3812 4612 enim

542 4661 954 4716 contumeliosa.
987 4659 1115 4728 Quae
1143 4659 1212 4714 ad
1251 4676 1362 4714 rem
1383 4674 1486 4714 non
1511 4659 1747 4728 pertinet.
1791 4659 1978 4716 Potest
2002 4663 2146 4716 enim
2250 4656 2528 4727 aliquando
2553 4656 2784 4722 umbra,
2809 4672 2942 4710 nunc
2961 4667 3134 4711 autem
3157 4659 3252 4712 tua:
3269 4659 3330 4712 in
3353 4655 3602 4712 Domum.
3627 4655 3748 4724 Ergo
3768 4656 3809 4702 ut

542 4761 599 4805 ct
621 4751 924 4806 scurrilitas
944 4752 1331 4822 increpationis
1352 4752 1476 4823 poni
1499 4753 1663 4809 modo
1688 4767 1758 4808 ex
1784 4752 2142 4825 stultiloquio.
2250 4752 2395 4807 omni
2424 4765 2624 4823 genere
2652 4765 2714 4806 se
2731 4762 2990 4821 separent
3012 4769 3044 4808 a
3069 4752 3193 4808 ﬁliis
3215 4751 3560 4817 diffidentiae,
3582 4749 3701 4805 dicit
3713 4740 3808 4814 Quid

543 4846 650 4903 Sed
699 4847 742 4901 si
773 4845 840 4899 ad
871 4862 980 4901 rem
1015 4849 1341 4918 pertineant,
1385 4846 1717 4904 admittenda
1747 4857 1872 4904 sunt
1899 4849 2024 4904 ista.
2051 4850 2152 4906 illa
2249 4845 2450 4902 fuerint
2491 4857 2648 4902 antea
2679 4862 2799 4902 cum
2830 4847 3110 4918 gentiliter
3149 4848 3418 4902 viverent.
3468 4844 3714 4906 Tenebrae,
3748 4837 3807 4891 in-

541 4948 763 5013 peccata
791 4949 919 4995 sunt
959 4940 1006 4995 si
1049 4939 1204 5008 ﬁant,
1232 4957 1355 4996 cum
1390 4940 1457 4997 ad
1499 4958 1612 4998 rem
1660 4957 1770 4997 non
1813 4944 2136 5013 pertineant.
2243 4940 2380 5010 quit,
2426 4941 2602 4996 eratis.
2632 4939 2734 5007 Qui
2785 4948 2964 4996 autem
2994 4941 3242 5012 seruntur
3279 4938 3590 5002 Christum,
3615 4937 3806 4991 lues“

539 5038 676 5094 Nam
703 5037 748 5092 si
787 5034 874 5090 vel
902 5043 1158 5089 moneant
1185 5035 1268 5090 vel
1294 5035 1588 5106 corrigam,
1617 5035 1684 5090 ad
1711 5051 1826 5092 rem
1853 5051 1976 5093 cum
2019 5051 2143 5108 per-
2242 5036 2419 5093 lucem
2449 5037 2592 5092 enim
2843 5037 3170 5108 quicumque
3206 5037 3260 5090 in
3288 5034 3518 5090 Christo
3553 5030 3804 5102 baptizatus

537 5133 733 5199 tinent,
777 5128 1095 5199 complenda
1124 5134 1270 5183 sunt.
1311 5129 1420 5185 Sed
1446 5130 1616 5201 magis
1652 5131 1940 5202 gratiarum
1981 5132 2140 5187 actio.
2243 5134 2426 5190 fuerit.
2462 5132 2610 5190 Sicut
2638 5133 2735 5203 [itii
2761 5135 2894 5190 lucis
2909 5134 3168 5189 artibulste
3183 5133 3284 5206 (7).
3309 5132 3457 5204 Ergo
3481 5125 3807 5204 quoniam!“

537 5224 704 5281 Dictis
731 5238 863 5296 qua
881 5236 1004 5279 esse
1029 5219 1293 5287 debeant,
1316 5220 1612 5292 subjungit,
1641 5222 1779 5294 quid
1806 5223 1980 5295 magis
2018 5238 2148 5282 esse

2315 5293 2396 5367 (ι)
2439 5293 2596 5365 Vulg.
2629 5292 2801 5363 addit,
2831 5293 3194 5366 intelligentes,
3225 5302 3280 5350 et
3311 5307 3418 5364 pro
3435 5289 3714 5363 iurpudieus
3733 5282 3804 5338 ha-

2246 5366 2356 5431 bet,
2379 5366 2694 5438 fornicator.

2340 5435 2398 5508 2)
2437 5436 2608 5508 Codd.
2641 5435 2778 5507 quod
2800 5453 2898 5508 pro
2919 5453 3094 5508 quam.

2337 5507 2400 5578 ὅ)
2431 5507 2602 5566 Codd.
2626 5524 2740 5577 qua
2758 5507 3053 5565 inmundos
3075 5511 3131 5564 its
3150 5521 3265 5578 Quae
3293 5521 3518 5574 Mus,
3541 5514 3644 5565 etc.

2335 5584 2394 5650 l)
2432 5580 2589 5651 Vulg.
2624 5581 2782 5637 habet
2804 5581 3042 5637 inanibus
3071 5581 3256 5638 verbis.

635 5365 690 5435 ι)
719 5363 904 5435 Vulg.,
933 5381 1026 5420 nos
1049 5407 1063 5431 ,
1095 5363 1260 5420 nobis.

632 5435 692 5506 Ξ)
715 5435 914 5506 Codd.,
944 5447 1134 5492 utrum.

630 5509 688 5579 5)
716 5509 904 5579 Vulg,
931 5511 1221 5566 suauitatis.

609 5577 687 5654 (4)
719 5577 976 5654 Notémus
1000 5597 1138 5652 opus
1165 5597 1193 5654 ξι
1221 5579 1506 5654 Victorino;
1524 5577 1651 5654 heic_
1664 5578 2022 5654 nominatum,
2047 5583 2128 5640 vel

535 5650 690 5706 situm
722 5653 806 5706 vel
839 5650 1073 5708 alienum
1106 5695 1121 5717 ,
1151 5652 1220 5708 de
1247 5652 1544 5708 substantia
1572 5650 1816 5722 spiritus.
2009 5650 2012 5651 ⁷
2311 5650 2400 5722 (ὅ)
2432 5652 2512 5708 ita
2539 5650 2698 5708 codd.

608 5723 687 5790 (5)
731 5724 886 5795 Vulg.
914 5725 1208 5794 fornicatio.
1721 5794 1726 5795 γ
2309 5723 2389 5795 (6)
2427 5723 2598 5780 Codd.
2627 5740 2698 5779 se.

608 5795 690 5866 (6)
727 5793 802 5848 Ita
827 5793 986 5850 codd.
1014 5810 1136 5852 cum
1161 5797 1314 5851 tmesi
1347 5811 1443 5866 pro
1467 5797 1620 5867 siqui,
1648 5794 1736 5852 vel
1759 5796 1940 5866 siquis.
2304 5793 2386 5866 (7)
2426 5795 2580 5866 Vulg.
2625 5812 2722 5867 pro
2747 5797 2876 5851 sicut
2906 5795 3066 5854 habet
3090 5808 3165 5851 ut.
