4010 6306
206 231 339 303 less

1160 236 1227 294 IN
1264 234 1651 301 EPISTOLAM
1684 234 1779 297 AD
1804 235 2138 303 EPHESIOS
2170 237 2376 296 LIBER
2410 228 2477 297 II.

3358 245 3497 305 1286

204 361 315 417 estis
336 368 385 415 et
404 356 775 432 Doutino(non
799 358 944 417 enim
974 356 1064 416 lux
1096 356 1357 425 estis,sed
1384 358 1439 413 in
1458 356 1677 413 Domino
1708 356 1801 412 tua:
1827 356 1876 423 Α
1904 355 2037 422 (etis,
2069 374 2173 413 non
2188 367 2243 414 ut
2263 357 2584 428 insipientes,
2602 357 2693 414 sed
2714 367 2770 417 ut
2788 357 3062 430 sapientes.
3088 358 3207 419 Uno
3225 373 3503 434 praseepto

205 452 378 522 estis);
412 453 504 508 lilii
533 468 659 524 ergo
689 461 744 510 et
771 467 865 509 vos
896 450 1031 508 lucis
1060 467 1182 507 cum
1212 452 1368 517 estis,
1397 450 1471 505 ita
1499 449 1685 515 vivite,
1725 448 1800 504 si-

206 555 292 605 cut
320 545 499 601 vivere
526 543 725 601 debent
751 542 847 616 qui
897 544 990 599 ﬁlii
1035 553 1163 601 sunt
1214 543 1368 603 lucis.
1426 542 1566 612 Quid
1619 553 1799 597 autem

207 647 285 699 est
312 638 493 695 vivere
528 637 680 711 quasi
713 637 879 697 lilium
935 637 1094 705 lucis,
1151 637 1268 706 ipse
1321 634 1599 710 supponit,
1659 631 1802 690 Nam

207 737 395 804 fructus
439 733 567 788 lucis
600 734 653 789 in
692 734 831 789 omni
880 732 1105 789 bonitate
1156 743 1204 790 et
1245 735 1455 803 iustitia
1500 743 1546 788 et
1593 733 1802 788 veritate

206 837 291 882 est.
326 825 435 882 lloc
454 835 538 882 est
562 828 730 892 enim,
761 837 814 882 et
845 826 1017 884 lucem
1051 841 1194 892 esse,
1216 834 1273 884 et
1299 826 1466 885 lilium
1497 825 1634 882 lucis
1655 839 1798 890 csse,

207 918 438 978 bonitate
468 930 749 990 praestare,
782 927 1043 990 prtestarc
1068 919 1302 989 iustitia,
1350 929 1610 991 praestare
1638 922 1800 975 etiam

207 1013 441 1069 veritate.
478 1012 600 1068 llaec
632 1011 733 1071 tria
777 1011 892 1083 ipsa
925 1020 1050 1069 sunt
1088 1013 1180 1069 lux
1213 1029 1227 1067 :
1277 1027 1402 1068 nam
1450 1020 1639 1069 contra
1675 1019 1805 1068 sunt

209 1106 434 1165 tenebrae
467 1106 696 1173 malitia,
737 1107 1018 1177 iniustitia,
1047 1106 1255 1163 falsitas
1284 1125 1297 1162 :
1330 1122 1452 1178 quae
1478 1107 1662 1167 omnia
1688 1106 1803 1162 dia-

207 1197 326 1255 bolo
354 1197 685 1259 conveniunt
723 1215 737 1254 :
788 1209 844 1255 at
871 1214 1001 1256 vero
1030 1198 1148 1255 haec
1193 1198 1331 1256 lucis
1364 1207 1512 1266 sunt,
1543 1198 1665 1271 quia
1710 1198 1800 1255 lux

205 1301 281 1348 εει
320 1291 588 1348 Christus.
623 1291 769 1365 Ergo
817 1301 871 1350 et
907 1291 1119 1350 bonitas
1151 1301 1203 1351 et
1247 1292 1457 1365 iustitia
1491 1300 1547 1353 et
1575 1291 1798 1351 veritas.

211 1382 301 1440 His
329 1399 458 1456 ergo
490 1383 729 1440 moribus
757 1385 938 1440 vivite.

275 1476 432 1533 Vens.
460 1477 545 1541 I0,
580 1477 669 1533 ll.
697 1508 769 1519 —
786 1475 1013 1533 Probate
1032 1486 1204 1533 autem
1224 1478 1348 1551 quid
1363 1478 1428 1539 sit
1446 1478 1583 1552 quod
1602 1477 1803 1550 placeat

210 1569 315 1627 Deo
356 1572 459 1645 (l),
490 1580 536 1626 et
582 1572 739 1628 nolite
778 1573 1154 1629 communicare
1197 1573 1433 1644 operibus
1470 1573 1803 1646 infructuosis

203 1667 535 1722 tenebrarum.
570 1665 692 1723 Dixi
734 1666 878 1738 quod
908 1683 1003 1738 per
1030 1667 1221 1724 eadem
1264 1677 1532 1739 praecepta
1573 1681 1634 1723 se
1675 1681 1805 1723 con-

1902 461 2193 520 utrumque
2220 449 2517 513 conclusit;
2566 465 2796 507 monens
2819 451 3275 521 quemadmodum
3311 455 3503 510 ambus

1904 542 2015 599 lent
2050 563 2062 597 :
2095 561 2224 612 non,
2259 552 2314 601 ut
2340 543 2679 615 insipientes,
2707 545 2801 602 sed
2832 556 2888 602 ut
2907 547 3213 618 sapientes;
3233 550 3500 619 sapientia

1901 636 2111 693 scilicet
2157 636 2247 691 illa
2287 652 2411 709 qua:
2449 636 2518 692 de
2558 637 2671 693 Deo
2710 649 2816 708 est,
2862 655 2971 696 non
3008 640 3199 711 inquit,
3248 641 3337 697 illa
3380 658 3513 714 quae

1904 728 2086 784 mundi
2143 737 2245 785 est.
2297 728 2623 787 Redimentes
2674 740 2899 801 tempus,
2941 734 3182 806 quoniam
3234 735 3346 791 dies
3379 735 3503 792 mali

1903 830 2036 875 sunt.
2093 820 2296 877 Omnes
2335 822 2441 889 isti,
2501 822 2590 894 qui
2644 823 2696 878 in
2740 824 2942 880 mundo
2988 824 3105 883 dies
3161 836 3323 893 sunt,
3372 826 3503 884 mali

1904 920 2031 966 sunt
2073 912 2243 967 :tnali
2288 913 2476 981 enim,
2515 913 2658 985 quod
2708 914 2762 969 in
2819 914 2950 986 ipsis
3002 926 3110 986 est,
3165 918 3319 975 nobis
3365 934 3497 990 ope-

1904 1012 2126 1061 rantur:
2150 1013 2205 1062 et
2232 1021 2397 1063 omne
2416 1006 2562 1083 quod
2584 1007 2780 1064 bonum
2809 1021 2913 1078 est,
2936 1010 3005 1067 de
3025 1010 3208 1068 futuro
3227 1022 3331 1069 est.
3364 1013 3502 1084 Hoc,

1905 1098 2101 1171 inquit,
2130 1109 2347 1172 tempus
2371 1101 2735 1170 redimamus;
2763 1102 2816 1160 id
2845 1114 2930 1161 est
2957 1115 3146 1164 nostra
3164 1108 3385 1177 virtute,
3411 1125 3507 1181 pa-

1907 1191 2115 1257 tientia,
2164 1192 2444 1262 obsequio,
2481 1203 2697 1265 tempus
2724 1205 2964 1253 nostrum
2987 1197 3251 1258 iaciamus
3276 1216 3418 1271 esse,
3449 1212 3507 1258 et

1902 1285 2053 1343 velut
2075 1301 2319 1344 eruamus
2351 1289 2481 1345 illud
2510 1288 2785 1347 laboribus
2814 1301 2975 1363 atque
3003 1294 3263 1366 patientia
3295 1305 3502 1354 nostra.

1906 1377 2141 1451 Tempus
2165 1378 2291 1448 hoc,
2312 1380 2458 1452 quod
2483 1380 2744 1439 adversus
2766 1400 2864 1440 nos
2880 1395 2987 1455 est,
3010 1396 3252 1445 nostrum
3277 1391 3367 1446 sit.
3394 1390 3507 1449 lloc

1905 1482 1989 1527 est
2020 1473 2346 1530 redimentes
2378 1484 2610 1547 tempus.

1979 1565 2144 1625 Vens.
2174 1566 2239 1625 I7
2287 1596 2359 1608 —
2387 1565 2516 1624 Ideo
2568 1570 2726 1628 nolite
2773 1572 2913 1643 efﬁci
2977 1572 3058 1647 (2)
3119 1576 3502 1649 imprudentes,

1905 1662 1995 1717 sed
2035 1663 2389 1735 intelligentes.
2432 1662 2636 1722 Eadem
2675 1682 2864 1723 rursus
2903 1667 3273 1727 admonitione
3321 1688 3512 1730 manca

204 1759 378 1825 vertit,
424 1775 543 1831 qua:
574 1760 875 1832 sequenda,
921 1769 1124 1831 etquae
1157 1772 1263 1816 non
1295 1760 1608 1832 sequenda;
1651 1768 1711 1816 ut
1750 1760 1802 1815 in
1833 1762 1885 1824 Β
1911 1774 2030 1814 mur
2102 1756 2171 1814 ad
2235 1758 2645 1831 intelligentiam
2710 1761 2896 1817 mundi
2942 1772 2998 1820 et
3049 1765 3396 1823 mundanam.
3450 1768 3509 1823 In

205 1850 439 1907 bonitate
471 1853 681 1909 vivatur
724 1863 781 1911 et
810 1854 865 1907 in
890 1852 1096 1923 iustitia
1124 1861 1179 1909 et
1210 1853 1260 1908 in
1308 1852 1552 1910 veritate.
1587 1852 1715 1908 Item
1747 1861 1802 1908 et

206 1946 332 2016 hoc;
366 1963 450 2013 ea,
482 1948 675 2020 inquit,
707 1948 932 2020 probate
974 1964 1094 2021 quae
1146 1948 1256 2004 Deo
1301 1948 1565 2020 placeant.
1599 1947 1803 2005 Deinde

212 2041 637 2113 subiunxit,qute
663 2057 769 2098 non
793 2041 1066 2116 sequenda
1097 2061 1109 2097 :
1144 2041 1345 2112 Nolite,
1365 2043 1558 2114 inquit,
1578 2060 1805 2101 commu—

207 2137 373 2192 nicare
411 2136 647 2206 aper-ibus
694 2137 1027 2209 infructuosis
1074 2137 1428 2206 tenebrarum;
1483 2154 1604 2210 qure
1678 2147 1805 2194 sunt

214 2231 459 2299 avaritia,
493 2231 849 2302 impudicitia,
879 2241 934 2289 et
960 2241 1155 2293 cratera
1187 2231 1516 2304 huiusmodi,
1549 2242 1603 2288 et
1636 2232 1807 2289 idolo-

204 2324 352 2381 latria
385 2340 397 2379 :
431 2339 550 2396 quae
578 2341 739 2397 opera
772 2325 978 2385 fructus
1007 2342 1111 2382 non
1144 2337 1440 2384 revocant:
1495 2327 1629 2383 nihil
1658 2329 1804 2385 enim

203 2418 572 2489 consequitur,
601 2421 688 2489 qui
723 2417 841 2474 hmc
882 2419 1115 2490 appetit;
1148 2429 1202 2475 et
1229 2419 1429 2481 idcirco
1462 2419 1669 2483 (ructus
1698 2438 1804 2479 non

204 2511 428 2579 habent;
473 2517 528 2568 et
556 2510 678 2569 ideo
710 2511 945 2568 tenebrae
971 2521 1135 2579 sunt;
1168 2512 1290 2584 quia
1320 2510 1456 2568 nihil
1484 2512 1643 2582 Iuris,
1673 2514 1806 2570 nihil

203 2604 428 2670 fructus.
458 2604 768 2661 ostendunt.
804 2603 974 2676 Magis
1017 2616 1188 2663 autem
1214 2615 1264 2662 et
1292 2606 1562 2680 objurgate
1595 2605 1703 2682 (‘2).
1736 2607 1809 2665 Ut

204 2716 311 2757 non
341 2697 517 2756 solum
541 2712 641 2757 nos
661 2712 691 2753 a
724 2700 878 2757 malis
902 2699 1144 2756 moribus
1169 2715 1507 2772 separemus,
1530 2717 1631 2758 nec
1659 2717 1809 2758 com-

205 2794 541 2851 municetnus
586 2790 840 2862 operibus
884 2793 1235 2857 tenebrarum
1279 2793 1664 2862 iut‘ructuosis;
1711 2794 1809 2851 sed

203 2888 367 2947 etiam
408 2897 465 2944 et
501 2887 845 2960 obiurgemus
873 2897 927 2945 et
967 2904 1281 2947 accusemus
1309 2889 1527 2947 easdem
1570 2905 1763 2964 cperas
1788 2933 1805 2960 ,

204 2980 307 3039 hac
336 2988 420 3039 est
445 2995 539 3036 eos
570 2979 816 3038 homines
844 2980 936 3050 qui
976 2981 1048 3036 ita
1082 2982 1286 3037 vivunt.

276 3071 433 3129 Vens.
464 3072 550 3128 ιι.
581 3070 722 3129 Nam
745 3089 860 3145 qua:
886 3074 943 3128 in.
967 3073 1168 3131 occulto
1193 3076 1324 3144 ﬁunt
1348 3075 1410 3131 ab
1431 3076 1528 3145 Itis,
1560 3086 1709 3150 turpe
1737 3087 1809 3143 est

1912 1866 2021 1921 quo
2072 1865 2291 1909 eramus
2344 1848 2427 1924 (3)
2481 1852 2879 1925 imprudentes;
2934 1856 3028 1913 sed
3069 1857 3243 1915 simus
3281 1859 3383 1932 (ὁ),
3431 1861 3513 1916 in-

1904 1943 2065 2014 quit,
2107 1942 2491 2015 intelligentes.
2543 1945 2682 2013 Quid
2739 1956 2919 2004 autem
2973 1951 3045 2004 sit
3097 1951 3507 2023 intelligentiam

1905 2050 2049 2102 esse,
2093 2035 2173 2091 sic
2215 2036 2495 2107 subiunxit
2537 2054 2692 2111 :qua:
2747 2039 2813 2096 sit
2868 2042 3103 2101 voltuuas
3145 2041 3359 2115 Domini
3406 2043 3508 2119 (5).

1909 2127 1979 2185 Ut
2029 2128 2133 2185 hoc
2180 2129 2543 2201 intelligamus
2593 2131 2720 2204 quid
2781 2132 3041 2192 Dominus
3085 2135 3338 2206 voluerit,
3385 2138 3515 2211 quid

1907 2223 2151 2290 velit;id
2171 2233 2254 2280 est
2284 2240 2385 2282 nos
2424 2241 2551 2281 cum
2599 2227 2907 2301 integritate
2957 2239 3013 2285 et
3047 2229 3253 2302 iustitia
3305 2241 3363 2289 et
3410 2232 3536 2305 lida,

1905 2318 2117 2386 vivere,
2132 2329 2187 2376 et
2204 2321 2259 2374 in
2271 2335 2339 2377 eo
2358 2335 2513 2391 spem
2523 2320 2843 2379 collocatam
2862 2324 3081 2389 habere,
3103 2327 3347 2399 nihilque
3369 2328 3517 2385 aliud

1910 2409 2014 2467 nisi
2033 2410 2101 2467 de
2114 2411 2224 2468 Deo
2237 2413 2493 2485 cogitare.
2518 2414 2664 2484 llaac,
2683 2414 2878 2488 inquit,
2907 2419 3157 2475 voluntas
3175 2431 3260 2477 est
3282 2422 3514 2480 Domini.

1982 2501 2147 2559 Vens.
2181 2504 2268 2561 18.
2316 2536 2387 2546 -
2414 2504 2485 2561 Et
2508 2507 2662 2563 nolite
2691 2509 2933 2564 inebriari
2960 2513 3097 2578 vino,
3129 2513 3183 2567 in
3206 2531 3307 2585 quo
3331 2528 3409 2572 est
3436 2517 3521 2572 lu-

1908 2598 2083 2679 xuria.
2126 2597 2197 2657 Et
2234 2599 2337 2656 hoc
2379 2606 2464 2656 est
2491 2601 2559 2658 de
2586 2618 2697 2667 non
2730 2601 3019 2671 faciendis,
3045 2614 3106 2661 ut
3131 2607 3367 2679 plurimo
3395 2612 3517 2673 vino

1912 2699 2145 2757 utamur,
2178 2692 2320 2763 quod
2346 2693 2469 2751 inde
2497 2695 2669 2753 multa
2685 2696 2838 2754 vitia.
2868 2697 3370 2774 Deindesubiuugit
3390 2703 3523 2774 quid

1911 2782 2178 2856 agendum
2214 2802 2226 2836 :
2258 2783 2365 2840 Sed
2388 2786 2674 2857 implemiui
2705 2789 2915 2859 spiritu,
2943 2791 3203 2863 loquentes
3222 2793 3361 2850 vobis
3384 2796 3518 2852 inui-

1912 2893 2020 2935 cem
2052 2876 2153 2950 (6).
2187 2877 2432 2950 Magnum
2462 2879 2565 2937 hoc
2594 2892 2965 2954 praeceptum:
2994 2886 3192 2943 etenim
3223 2887 3315 2943 illa
3340 2890 3521 2947 omnia

1914 2972 1967 3026 in
2002 2980 2186 3029 nostra
2215 2981 2343 3027 sunt
2366 2972 2644 3039 voluntate
2661 2983 2719 3033 et
2744 2976 2802 3035 in
2824 2988 3012 3034 nostro
3040 2978 3250 3049 labore,
3273 2998 3381 3039 non
3408 2983 3521 3043 inea

1913 3063 2077 3129 briari
2103 3065 2254 3133 vino,
2277 3082 2382 3123 non
2400 3067 2681 3126 ambulare
2707 3068 3055 3142 insipienter,
3080 3083 3191 3131 tum
3217 3091 3338 3147 qua:
3358 3092 3526 3149 supra

207 3165 539 3222 ctiam'dicere
557 3166 658 3241 (5).
687 3168 1152 3238 Propetnanileste
1170 3168 1305 3225 dixit
1329 3187 1448 3242 qua:
1460 3171 1530 3228 ab
1560 3172 1641 3228 his
1656 3173 1809 3242 ﬁunt,

1921 3158 2065 3223 dicta
2090 3171 2232 3221 sunt.
2271 3163 2384 3222 Hoc
2413 3179 2544 3223 vero
2576 3182 2644 3223 ex
2667 3167 2759 3223 Dei
2779 3168 3057 3228 voluntate
3086 3179 3295 3228 tantum
3320 3173 3525 3231 intelli-

209 3262 425 3333 quando
462 3263 697 3319 ostendit
727 3271 886 3331 turpe
911 3278 1033 3321 esse
1085 3265 1175 3322 illa
1218 3265 1419 3323 dicere.
1470 3266 1613 3339 Ergo
1643 3267 1811 3324 nolite

206 3356 564 3428 participare:
586 3372 716 3428 ergo
740 3357 905 3428 magis
933 3356 1221 3432 objurgate.

279 3449 443 3506 Vsus.
478 3450 567 3506 15.
591 3479 662 3493 -—
694 3448 884 3507 Omnia
924 3460 1093 3507 autem
1141 3468 1256 3523 qua:
1285 3452 1623 3526 obiurgentur
1654 3454 1757 3526 (4),
1780 3471 1819 3515 α

203 3542 399 3597 lumine
444 3542 856 3613 manifestatum.
906 3542 1040 3611 Quia
1096 3554 1421 3616 prmeeptum
1461 3546 1610 3603 dedit
1661 3558 1719 3604 ut
1757 3557 1815 3604 et

206 3635 495 3706 obiurgent
543 3635 683 3691 male
734 3632 1014 3701 facientes,
1036 3635 1232 3707 adjecit
1253 3649 1510 3709 quantum
1528 3641 1816 3697 sitmunus

203 3728 509 3800 obiurgatio
537 3729 828 3799 :quoniam
870 3739 1090 3802 peccata
1143 3731 1234 3793 illa
1291 3733 1343 3789 in
1387 3735 1632 3802 occulto,
1661 3732 1813 3808 quasi

203 3825 412 3881 lumine
476 3824 884 3881 manilestantur
937 3842 1060 3883 cum
1109 3826 1483 3901 objurgantur.
1553 3828 1604 3887 ls
1671 3830 1814 3886 enim

202 3919 298 3993 qui
346 3919 635 3991 obiurgat,
687 3918 922 3977 ostendit
973 3930 1230 3992 quantum
1292 3922 1492 3981 malum
1553 3924 1625 3981 sit
1685 3924 1819 3981 illud

202 4013 351 4085 quod
402 4014 649 4086 obiurgat
692 4031 706 4068 :
757 4024 811 4070 et
858 4013 987 4070 dum
1038 4015 1299 4084 ostendit,
1345 4016 1503 4089 quasi
1550 4017 1822 4081 illuminat

203 4106 409 4162 malum
434 4124 447 4162 :
482 4107 627 4177 quod
654 4120 779 4163 cum
808 4107 1143 4164 intellexerit
1172 4109 1267 4171 ille
1295 4112 1386 4180 qui
1414 4110 1675 4185 admittit,
1705 4112 1819 4170 dis-

202 4202 349 4256 cutit
377 4199 629 4256 tenebras
663 4209 719 4256 et
748 4199 816 4255 ad
846 4200 1025 4256 lumen
1052 4200 1279 4259 accedit.
1318 4201 1483 4259 Omne
1509 4204 1645 4263 enim
1680 4206 1821 4277 quod

202 4293 596 4363 tuanifestatur,
620 4292 791 4349 lttmen
825 4303 918 4349 est.
942 4294 1193 4352 Ostendit
1220 4296 1360 4367 ipse,
1390 4296 1536 4373 quod
1564 4298 1821 4371 exposui-

1913 3268 2156 3329 gerctur,
2198 3260 2299 3319 nisi
2343 3260 2431 3319 hic
2470 3261 2793 3320 admoueret
2834 3279 3034 3323 nostra:
3078 3268 3373 3329 voluntatis
3403 3285 3529 3327 esse

1916 3351 2135 3435 impleri
2165 3353 2391 3425 Spiritu.
2422 3356 2513 3412 Sic
2536 3355 2681 3412 enim
2711 3357 2785 3414 ab
2810 3359 3062 3417 omnibus
3094 3362 3239 3419 vitiis
3264 3366 3528 3434 peccatis-

1916 3462 2021 3521 que
2059 3462 2353 3519 purgamus
2375 3448 2633 3517 animum,
2667 3451 2713 3507 si
2745 3451 2945 3522 spiritu
2966 3454 3311 3525 impleamur,
3339 3467 3399 3513 ut
3426 3472 3527 3514 nos

1918 3539 2079 3598 nobis
2116 3540 2377 3612 Spiritum
2415 3541 2701 3610 faciamus,
2727 3552 2785 3603 et
2824 3545 3145 3616 impleantur
3183 3548 3378 3620 spiritu
3415 3549 3519 3623 (7).

1996 3633 2157 3689 Vsus.
2186 3634 2273 3701 19,
2291 3632 2750 3707 20.—Loquentes
2778 3638 2915 3692 vobis
2940 3638 3151 3695 invicem
3169 3640 3231 3696 in
3251 3641 3533 3711 psalmiset

1920 3729 2129 3801 hymnis
2150 3737 2199 3786 et
2214 3730 2425 3784 canticis
2445 3729 2781 3798 spiritalibus.
2800 3730 2867 3789 Ut
2887 3731 2989 3788 sibi
3003 3734 3228 3793 invicem
3243 3735 3529 3805 loquantur

1924 3823 2060 3889 nihil
2085 3823 2229 3878 aliud
2257 3838 2416 3894 qtutut
2448 3822 2709 3894 psalmos,
2738 3839 2903 3896 quam
2930 3824 3183 3898 hymnos,
3212 3841 3373 3898 quam
3401 3841 3531 3885 cau-

1925 3919 2031 3975 tica
2056 3916 2159 3989 (8).
2192 3917 2321 3986 Quae
2351 3917 2425 3974 sit
2446 3917 2669 3975 istorum
2701 3917 3031 3988 didercntia,
3058 3930 3210 3978 certo
3238 3920 3358 3977 loco
3384 3918 3531 3977 dice-

1926 4027 2045 4069 mus
2090 4028 2102 4063 :
2151 4012 2338 4069 omnia
2376 4022 2555 4067 tamen
2605 4011 2695 4069 Dei
2732 4011 2889 4068 laude
2924 4021 3141 4079 sonant,
3171 4022 3227 4069 et
3263 4013 3319 4069 in
3359 4013 3533 4071 Deum

1924 4120 2077 4175 spem
2109 4103 2311 4175 homini
2342 4102 2640 4161 habendam
2665 4120 2787 4163 esse
2817 4111 3188 4172 pronuntiant.
3222 4106 3350 4164 Haec
3378 4108 3527 4165 enim

1925 4215 2077 4269 vere,
2104 4199 2150 4255 si
2194 4198 2265 4256 ita
2297 4199 2429 4267 sint,
2464 4198 2725 4272 spiritalia
2765 4208 2945 4259 erunt.
2984 4201 3113 4258 Haec
3151 4201 3312 4276 igitur
3348 4209 3533 4258 cante-

1928 4311 2070 4363 mus,
2100 4304 2159 4351 et
2173 4304 2455 4353 cantemus
2472 4296 2524 4350 in
2550 4294 2839 4362 cordibus;
2866 4307 2926 4352 ut
2943 4296 3062 4367 ipse
3086 4296 3385 4369 subiungit,
3402 4312 3537 4354 cana

203 4402 354 4447 mus.
399 4384 737 4443 Intellectum
763 4386 907 4443 enim
929 4386 1310 4459 quodcumque
1334 4396 1440 4454 est.
1481 4397 1538 4447 et
1569 4390 1824 4451 manifes-
1928 4396 2106 4443 tantes
2145 4395 2205 4451 et
2249 4387 2559 4460 psallentes.
2586 4417 2660 4428 -—
2713 4387 2919 4447 Gratias
2961 4400 3164 4462 agentes
3209 4407 3412 4463 semper
3440 4408 3533 4455 pro

205 4489 380 4549 tatur,
403 4490 459 4536 et
486 4480 577 4537 lux
596 4489 702 4546 est,
724 4488 778 4534 et
799 4479 1033 4548 videtur,
1057 4490 1112 4537 et
1137 4490 1381 4551 apertum
1399 4490 1502 4543 est.
1932 4479 2191 4547 omnibus,
2228 4480 2283 4535 in
2328 4483 2534 4539 nomine
2564 4480 2773 4543 Domini
2817 4484 2979 4541 nostri
3021 4483 3150 4541 «Iw!
3180 4483 3394 4554 σΙιῑὶιιὶν
3430 4503 3531 4559 ρα-

282 4573 451 4630 Vsns.
475 4572 866 4644 M.—Propter
893 4573 1029 4645 quod
1057 4574 1180 4628 dicit
1211 4591 1225 4628 :
1251 4589 1466 4648 surgea
1497 4577 1745 4642 mortuis,
1774 4588 1820 4633 et
1848 4574 1905 4636 Β
1929 4573 1996 4628 tri
2044 4583 2090 4629 et
2130 4571 2236 4629 Deo
2277 4572 2377 4646 (9).
2425 4572 2717 4631 Cantantes
2770 4576 2933 4650 (10),
2982 4593 3102 4649 qua:
3167 4593 3307 4639 voce
3357 4580 3536 4651 prole-

202 4666 1351 4740 centiugesCttristum(5).Deditexemplum
1367 4669 1822 4743 quemadmodum
1929 4677 2160 4731 runtur:
2192 4665 2507 4738 psallentes,
2525 4666 2583 4725 id
2616 4677 2701 4727 est
2742 4670 3111 4741 percutientes
3150 4681 3212 4730 et.
3249 4686 3541 4731 moventes

203 4759 307 4831 qui
329 4759 711 4835 obiurgaturin
728 4759 1107 4830 peccatissuis,
1125 4760 1305 4816 lumen
1320 4762 1827 4832 accipiatetintellie
1931 4760 2013 4817 vel
2061 4758 2322 4817 citharam
2368 4761 2457 4817 vel
2481 4771 2681 4821 caetera
2717 4778 2923 4836 organa
2959 4783 2977 4821 ι
3027 4780 3155 4838 qua:
3182 4775 3238 4824 et
3273 4767 3541 4840 propheta

202 4862 305 4926 gat
332 4868 392 4910 se
428 4868 655 4925 peccare
685 4871 703 4907 :
730 4862 784 4910 et
813 4868 936 4911 cum
966 4851 1223 4925 intelligit
1252 4868 1315 4910 se
1345 4870 1593 4925 peccare,
1622 4855 1826 4912 illumi-
1933 4853 2107 4913 David
2130 4856 2300 4925 ponit,
2329 4856 2381 4915 in
2410 4856 2711 4915 ehordiset
2744 4858 2805 4914 in
2821 4858 3108 4932 cymbalis.
3139 4860 3251 4920 Sed
3281 4860 3422 4931 haec,
3452 4863 3537 4921 in-

206 4954 396 5014 luatur,
417 4945 469 5001 id
486 4955 608 5002 esta
621 4946 846 5003 mortuis
860 4947 1089 5018 resurgit
1107 4963 1123 5011 ;
1141 4946 1191 5001 id
1209 4955 1293 5003 est
1310 4947 1558 5013 tenebras
1581 4946 1822 5018 dimittit,
1929 4947 2067 5017 quit,
2111 4946 2175 5009 in,
2199 4947 2454 5011 cordibus
2483 4949 2680 5007 vestris
2704 4960 2933 5025 agentes
2965 4954 3193 5026 gratias,
3231 4964 3287 5013 et
3313 4972 3536 5030 semper

207 5050 271 5096 et
289 5039 555 5111 contingit
582 5038 885 5107 Christum;
906 5038 969 5096 id
1001 5048 1085 5099 est
1109 5038 1293 5107 lumen
1314 5040 1528 5112 accipit,
1553 5050 1608 5098 et
1638 5040 1833 5113 incipit

200 5134 327 5206 iam
356 5145 411 5190 et
437 5102 656 5205 peccata
688 5102 881 5198 vitare,
900 5142 955 5190 et
982 5149 1135 5207 spem
1173 5102 1373 5192 habere
1397 5102 1615 5192 aeternae
1640 5102 1785 5193 vita;
1934 5102 2286 5207 ηςξέξῇἀδ·
2314 5105 2446 5160 νῶθ’
2476 5104 2676 5164 confer
2702 5104 2885 5182 vulg"
2916 5125 3036 5184 (³⁸³⁷⁵
3065 5108 3301 5177 “dmum
3324 5112 3533 5188 δῐίίιυθε

290 5185 1613 5302 iis;ignges;(ipsisin;2.1;
1637 5185 1788 5286 iis;
1801 5260 1823 5272 -
1934 5185 2642 5375 “ggﬁlﬁdegmm
2663 5251 2829 5310 ..ιω
2849 5254 2985 5325 βαι,

319 5383 372 5458 I_)
410 5382 570 5458 Eulg.
599 5403 612 5439 :
650 5381 937 5458 Probantes
955 5382 1081 5453 quid
1103 5384 1169 5458 sit
1191 5383 1566 5458 beneplacitum
1590 5384 1725 5444 Deo.

317 5455 377 5531 ἓ)
416 5454 615 5531 Χυιιυε
651 5457 1007 5531 Magium!"
1028 5454 1343 5531 τεάαξθααθζ

295 5528 377 5610 (5)
416 5526 608 5610 ΥυΙςά
638 5526 765 5596 ριιιέ
790 5527 929 5581 enim
949 5526 1006 5582 in
1028 5526 1224 5587 occulto
1252 5529 1391 5601 ﬁunt
1410 5528 1475 5587 ab
1500 5530 1649 5603 ipsis,
1670 5541 1823 5603 turpe

210 5605 294 5652 est
318 5609 366 5652 et
395 5598 583 5655 dicere.

295 5669 383 5745 (Af)
421 5669 578 5745 yulg.
615 5690 627 5726 :
660 5672 989 5745 Arguuntur.

318 5742 392 5817 5)_
421 5741 607 5817 Vulg:
635 5741 823 5817 surge,
853 5746 941 5817 qui
966 5745 1160 5801 dormis
1182 5752 1229 5801 et
1244 5760 1486 5816 exurgat;
1514 5747 1753 5817 mortuis,
1774 5755 1824 5803 et

210 5812 543 5872 illuminabii
563 5826 610 5871 te
641 5812 896 5873 Christus.

2027 5461 2086 5521 5)
2117 5461 2271 5521 Vulg.
2298 5481 2315 5518 :
2345 5464 2464 5521 Dei.

2501 5538 3017 5621 $ancto,_loqts_aues
3032 5546 3429 5621 nobismetipsis.

2030 5551 2061 5590 υ
2121 5551 2476 5663 manauit,
2501 5551 2718 5623 puncto,
2748 5551 3319 5621 toqtmltesldismets’p

2030 5551 2090 5695 ᾖ
2115 5606 2223 5695 ξι),
2246 5676 2261 5695 ⁸
2321 5622 2617 5695 asprata;
2642 5610 2747 5670 sed
2767 5613 3089 5683 [παιδίω
3110 5622 3319 5691 spiritu.

2003 5675 2085 5750 (8)
2113 5676 2283 5750 Codd.
2317 5675 2574 5740 nauticos.
2594 5675 2603 5678 ⁷
2767 5675 2785 5683 ’
3018 5726 3029 5735 .

2002 5748 2285 5827 φιν-ωε.
2316 5769 2329 5805 :
2353 5751 2469 5809 Deo
2492 5765 2541 5810 ιι
2569 5757 2725 5827 patri.

2006 5819 2123 5893 (10)
2152 5819 2294 5882 Ante
2311 5819 2581 5886 cantantes
2598 5837 2684 5889 est
2704 5830 2767 5889 is
2785 5830 2951 5891 codd.
2980 5842 3039 5891 ut
3056 5834 3166 5895 hac
3193 5839 3390 5897 om.
