4010 6306
568 218 707 274 i287

1815 223 2005 280 MAR]!
2049 223 2084 278 V
2097 222 2394 283 ICTORINI
2424 227 2462 282 A
2475 225 2583 283 FRl

3671 215 3772 298 ius

558 343 807 406 agentes,
836 342 890 391 et
930 343 1152 406 agentes
1182 349 1280 404 pro
1318 336 1605 392 omnibus:
1643 352 1747 393 non
1775 340 1916 395 enim
1947 350 2150 396 tantmn
2182 343 2234 402 Α
2260 349 2313 396 ct
2337 341 2453 396 sine
2480 340 2682 395 macula
2713 348 2767 396 et
2791 339 2910 395 sine
2936 356 3066 411 ruga
3096 359 3108 396 :
3138 341 3252 398 lucc
3271 341 3408 397 enim
3431 343 3773 406 afferuntdclor-

558 440 661 497 pro
693 426 866 491 nobis,
898 428 992 483 sed
1021 427 1182 484 etiam
1215 443 1313 498 pro
1353 429 1492 495 aliis,
1525 445 1660 500 quos
1704 441 1981 488 correctos
2011 435 2160 490 vide-

559 533 702 573 mus.
734 518 801 574 Et
830 535 1049 592 agamus
1076 521 1275 592 gratias
1313 521 1436 576 cui?
1469 521 1618 577 Patri
1646 534 1691 578 et
1719 523 1852 590 Deo,
1887 526 1979 580 sed
2012 526 2159 582 Patri

560 620 618 669 et
647 612 759 668 Deo
785 613 837 668 in
866 616 1082 670 nomine
1108 615 1318 670 Domini
1343 631 1565 687 agamus
1591 620 1809 686 gratias.
1841 618 1990 674 Tunc
2013 621 2157 676 enim

558 706 760 775 gratias
791 716 938 763 recte
969 707 1198 776 agimus,
1241 709 1285 762 si
1322 725 1426 762 tum
1466 719 1651 764 nostro
1692 710 1931 780 nomine,
1969 712 2061 768 sed
2105 714 2158 768 in

559 799 778 854 nomine
826 799 1025 855 Christi
1079 800 1188 856 Deo
1245 801 1445 870 gratias
1497 803 1725 872 agimus.
1787 803 2016 861 Necesse
2077 815 2156 861 est

560 894 728 960 enim,
766 903 821 948 et
853 893 920 950 de
951 893 1054 949 hoc
1082 893 1198 965 ipso
1215 893 1360 966 quod
1393 909 1491 951 nos
1518 896 1728 952 liberati
1761 914 1966 966 sumus,
2010 910 2065 956 et
2093 900 2160 957 de

561 1002 628 1044 co
654 987 794 1059 quod
815 989 1074 1060 Spiritum
1097 988 1404 1060 recipimus,
1434 1006 1655 1061 agamus
1668 992 1868 1062 gratias
1891 993 1998 1048 Deo
2023 1010 2036 1046 :
2064 993 2160 1050 sed

565 1092 692 1140 tunc
725 1094 892 1150 recte,
929 1084 976 1139 si
1007 1085 1060 1140 in
1094 1084 1310 1140 nomine
1336 1082 1536 1140 Christi
1567 1085 1776 1155 agimus
1808 1085 1915 1141 Deo
1940 1087 2159 1157 gratias.

631 1179 796 1236 Vnus.
828 1179 920 1234 2|.
957 1210 1029 1220 —
1057 1179 1292 1251 Subjecti
1320 1179 1530 1234 invicem
1557 1181 1608 1234 in
1637 1181 1818 1234 timore
1839 1179 2050 1236 Christi.
2076 1181 2162 1236 ln-

558 1274 758 1339 vicem,
790 1271 842 1327 id
866 1280 949 1328 est
975 1272 1112 1328 alter
1139 1287 1238 1343 pro
1264 1271 1470 1327 altero:
1503 1273 1556 1324 in
1587 1272 1766 1327 timore
1791 1270 1981 1327 Christi
2012 1274 2062 1328 iu
2093 1289 2160 1330 eo

556 1368 702 1439 quod
749 1368 1000 1423 timemus
1039 1365 1352 1422 Christum:
1399 1375 1456 1421 ut
1493 1364 1696 1422 dictum
1741 1367 1904 1423 timor
1946 1368 2160 1424 Domini

559 1461 771 1518 initium
816 1475 1014 1517 sensus
1045 1461 1149 1534 (1).

626 1555 790 1611 Vsus.
810 1555 902 1621 22,
930 1556 1022 1622 25,
1050 1554 1230 1609 24.—
1252 1554 1494 1612 Mulieres
1531 1557 1650 1613 viris
1677 1557 1782 1613 suis
1818 1556 2036 1612 subdita:
2057 1557 2159 1612 sint

561 1650 692 1706 sicut
711 1649 948 1705 Domino.
976 1649 1150 1707 Etiam
1171 1659 1438 1722 praecepta
1457 1649 1653 1706 dantur
1679 1651 2012 1712 mulieribus.
2029 1649 2156 1722 quid

2263 437 2503 492 unitatem
2535 444 2590 490 ct
2617 436 2876 491 maculam
2906 443 2961 490 ct
2984 451 3200 504 rugam;
3223 437 3412 505 quibus
3431 452 3538 492 eum
3557 451 3673 496 caret
3685 459 3771 498 cor-

2262 545 2382 600 pus,
2413 529 2575 599 viget,
2607 529 2782 597 ﬂoret,
2812 530 3066 584 decorum
3091 539 3193 585 est.
3226 529 3332 586 Sed
3362 539 3537 601 praeter
3561 533 3774 606 luccadjc-

2261 622 2336 677 cit
2353 633 2440 676 aut
2466 623 2662 694 aliquid
2687 625 2960 697 ejusmodi,
2991 623 3042 679 id
3060 625 3197 680 estsi
3226 624 3350 696 quid
3377 626 3473 681 tale
3499 628 3634 681 etiam
3655 642 3716 684 est
3737 641 3775 687 ut

2263 734 2455 774 nomen
2481 719 2702 784 habeat;
2735 720 2825 774 sed
2841 731 2894 773 ut
2915 722 2980 775 sit
2995 732 3172 776 sancta
3195 733 3239 774 et
3253 722 3579 776 immaculata.
3609 723 3778 796 Hocegit

2262 813 2504 869 Christus
2531 823 2589 869 ut
2635 815 2705 869 sit
2733 815 2973 871 Ecclesia
3010 827 3064 871 et
3089 825 3274 872 sancta
3315 827 3367 873 et
3396 817 3700 874 immaculata.
3724 820 3774 876 lla

2262 916 2444 962 sancta
2475 909 2526 962 in
2552 923 2639 973 eo,
2655 906 2707 962 id
2743 908 2984 978 estquod
3014 910 3227 964 lavacro
3258 925 3408 979 aqum
3437 916 3487 963 et
3507 911 3646 965 verbo
3669 928 3778 968 mun-

2261 1001 2823 1068 daturzimmaculata,
2851 1003 2992 1073 quod
3019 1003 3135 1058 sine
3162 1005 3368 1058 macula
3395 1013 3473 1058 est
3497 1005 3654 1059 etsinc
3670 1022 3774 1076 ruga.

2333 1095 2498 1153 Vens.
2548 1095 2640 1152 28.
2687 1127 2756 1138 —
2809 1097 2893 1152 Ita
2935 1109 2982 1154 et
3039 1098 3134 1152 viri
3183 1098 3361 1152 debent
3408 1099 3599 1170 diligere
3646 1117 3778 1156 uxores

2259 1207 2381 1245 suas
2408 1192 2535 1245 sicut
2558 1207 2708 1246 suum
2733 1208 2920 1264 corpus
2952 1191 3050 1264 (1).
3076 1191 3231 1248 Paria
3263 1202 3519 1263 pra-cepta
3543 1195 3677 1248 etiam
3700 1197 3779 1251 tiro

2260 1286 2477 1354 dantur,
2499 1294 2559 1341 ut
2577 1301 2780 1342 uxores
2808 1301 2931 1340 suas
2961 1285 3182 1358 diligant
3207 1303 3220 1352 ;
3246 1298 3299 1341 ut
3329 1304 3489 1350 suum,
3518 1287 3679 1358 inquit,
3703 1305 3782 1343 cor-

2261 1397 2376 1452 pus.
2412 1380 2499 1438 Sic
2528 1379 2670 1436 enim
2704 1387 2758 1434 et
2788 1379 3006 1434 historia
3039 1380 3401 1450 generationis
3427 1381 3662 1448 ostendit,
3683 1381 3782 1450 quod

2259 1475 2329 1532 de
2353 1476 2451 1531 viri
2478 1483 2625 1530 costa
2650 1473 2865 1532 immitia
2898 1474 3106 1531 clTecta.
3139 1475 3279 1546 Ergo
3309 1473 3385 1530 sic
3410 1491 3610 1530 uxorem
3633 1474 3782 1546 diligat,

2258 1573 2409 1640 quasi
2435 1589 2585 1626 suum
2612 1588 2816 1640 corpus.
2853 1569 2954 1637 Qui
2979 1587 3188 1625 uxorem
3209 1587 3354 1626 suam
3386 1570 3576 1640 diligit,
3602 1585 3646 1624 se
3666 1570 3784 1637 ipsum

2259 1664 2445 1738 diligit.
2468 1665 2672 1722 Eadem
2697 1666 2924 1736 repetit:
2949 1666 2992 1719 si
3015 1665 3158 1720 enim
3185 1679 3248 1720 ex
3273 1677 3496 1734 corpore
3523 1670 3678 1719 nostra
3693 1676 3787 1716 tuor

553 1741 1096 1815 easoporteatfacere
1114 1753 1168 1798 et
1183 1745 1477 1815 quomodo.
1494 1742 1625 1799 Nam
1648 1743 1778 1814 quid
1795 1760 1888 1802 eas
1911 1752 2145 1812 oporteal

2263 1772 2347 1817 est
2366 1804 2380 1827 ,
2406 1761 2493 1833 qui
2522 1777 2730 1816 uxorem
2767 1777 2913 1815 suam
2949 1759 3117 1828 diligit
3145 1801 3158 1822 ,
3189 1776 3244 1813 se
3272 1759 3440 1828 ipsum
3477 1758 3644 1828 diligit.
3673 1755 3788 1810 Etsic

551 1836 748 1903 facere,
767 1836 904 1892 dixit
927 1837 1048 1892 viris
1064 1837 1171 1892 suis
1191 1837 1406 1892 subdita:
1420 1837 1540 1892 sint.
1558 1837 1878 1906 Qumuodo‘?
1898 1839 2030 1893 sicut
2052 1837 2161 1894 Do-

551 1931 712 1999 mino,
731 1932 814 1986 vel
831 1931 969 1986 sicut
984 1931 1226 1986 Christo:
1249 1939 1306 1987 ut
1327 1933 1394 1987 ita
1417 1932 1523 1988 sint
1546 1933 1650 1987 illis
1667 1931 1786 1997 viri,
1805 1933 1953 2004 quasi
1973 1948 2156 1988 earum

549 2023 822 2082 dominus.
847 2025 1068 2098 Denque
1095 2026 1168 2080 ita
1188 2041 1308 2082 csse
1326 2068 1340 2092 ,
1370 2027 1652 2082 irationem
1679 2027 1874 2082 reddit.
1903 2027 2158 2090 Quoniam

549 2119 788 2189 aircaput
801 2129 874 2174 est
888 2121 1062 2174 uxoris
1077 2117 1179 2191 (2),
1202 2124 1334 2176 sicut
1360 2129 1405 2174 et
1435 2119 1666 2177 Christus
1694 2131 1848 2190 caput
1879 2131 1951 2176 est
1980 2121 2160 2176 Eccle-

545 2211 637 2268 sia:
666 2228 685 2266 :
711 2213 820 2284 ipse
843 2212 1068 2267 salvator
1097 2214 1327 2280 corporis
1360 2213 1460 2287 (5).
1515 2214 1604 2269 Sic
1655 2214 1816 2270 etiam
1866 2214 1950 2269 vir
1997 2224 2159 2286 caput

547 2314 632 2362 est
681 2306 884 2362 uxoris.
926 2306 994 2361 Et
1043 2316 1099 2361 ut
1151 2306 1384 2362 Ecclesia
1431 2309 1634 2362 subdita
1674 2317 1748 2364 est
1786 2307 1991 2363 Christo
2050 2308 2150 2380 (4),

545 2397 620 2452 ita
646 2408 694 2453 et
715 2399 955 2456 mulieres
983 2399 1201 2455 subdita:
1227 2401 1281 2455 in
1307 2398 1562 2466 omnibus,
1593 2399 1853 2457 modesta:
1878 2417 1942 2457 ac
1971 2402 2157 2457 mode-

549 2499 682 2546 ratae
723 2491 776 2546 in
809 2492 1078 2549 omnibus.

618 2584 782 2641 Vsus.
809 2587 904 2653 25,
931 2587 1101 2644 26.—
1118 2587 1244 2657 Viri,
1268 2589 1465 2663 diligite
1490 2604 1677 2646 uxores
1707 2600 1917 2657 vestras,
1942 2591 2072 2645 sicut
2107 2597 2155 2643 et

548 2673 779 2734 Christus
791 2682 968 2737 dilexit
984 2681 1287 2751 Ecclesiam,
1308 2694 1356 2739 et
1367 2686 1690 2754 semetipsum
1707 2686 1916 2740 tradidit
1927 2703 2021 2754 pro
2035 2685 2150 2752 illa,

545 2786 602 2831 ut
616 2793 728 2832 eam
746 2779 1085 2848 sanctiﬁcaret
1102 2779 1355 2836 mumlans
1368 2782 1418 2835 in
1435 2782 1638 2836 lavacro
1653 2797 1798 2850 aqute
1813 2781 1866 2836 in
1885 2781 2030 2836 verbo
2044 2781 2148 2852 (5).

545 2868 779 2926 Transiit
807 2871 873 2926 ad
901 2874 1076 2942 viros,
1112 2883 1168 2930 ut
1194 2873 1309 2946 pari
1331 2874 1489 2931 modo
1510 2876 1827 2948 prmciperet
1866 2875 1996 2930 viris
2023 2873 2150 2946 quid

557 2967 821 3039 agendum
839 2983 960 3024 cum
976 2970 1252 3027 uxoribus.
1273 2969 1699 3042 Diligite,inquit,
1715 2987 1908 3028 uxores
1922 2982 2146 3026 veSIras.

544 3057 740 3115 Reddit
785 3060 1048 3116 rationem
1091 3061 1159 3116 de
1185 3061 1377 3118 eodem
1407 3063 1690 3132 exemplo;
1743 3063 1902 3129 sicut,
1950 3063 2145 3136 inquit,

543 3150 790 3209 Christus
810 3153 1003 3210 dilexit
1026 3153 1575 3212 Ecclt-siani.Eteuim
1601 3166 1762 3227 caput
1787 3167 1873 3213 est
1903 3158 2145 3214 mulieris

542 3246 647 3314 vir,
681 3255 736 3302 et
755 3258 915 3318 caput
945 3257 1028 3303 est
1055 3247 1314 3304 Ecclesiae
1335 3248 1582 3305 Christus
1607 3267 1620 3303 :
1649 3258 1704 3306 et
1731 3251 1870 3306 sicut
1896 3250 2144 3307 Christus

551 3339 771 3395 tradidit
791 3341 1139 3412 semetipsum
1159 3357 1255 3412 pro
1271 3341 1504 3397 Ecclesia
1532 3351 1589 3396 ut
1614 3357 1732 3399 eam
1761 3341 2140 3409 sanctiﬁcaret,

543 3431 625 3490 sic
651 3442 705 3489 et
726 3433 816 3489 hic
836 3433 918 3489 vir
941 3449 1038 3504 pro
1061 3433 1148 3489 illa
1172 3434 1348 3489 omnia
1374 3434 1643 3505 patienter
1669 3435 1937 3490 sustinere
1959 3436 2139 3503 debet,

542 3535 604 3582 ut
631 3542 752 3584 eam
781 3527 1101 3585 sanctiﬁcet.
1122 3527 1443 3585 Perseverat
1465 3539 1640 3586 tamen
1659 3530 1786 3600 quid
1810 3531 2138 3600 praestiterit,

538 3621 790 3678 Christus
839 3621 1153 3689 ostendere,
1204 3621 1347 3694 quod
1377 3623 1725 3694 semetipsum
1780 3624 2030 3691 tradidit,
2082 3633 2143 3679 ut

538 3717 827 3774 mandaret
872 3717 926 3773 in
969 3717 1184 3774 lavacro
1223 3733 1375 3789 aqua:
1414 3728 1468 3772 et
1513 3719 1564 3772 in
1610 3719 1774 3774 verbo
1820 3719 2136 3776 Ecclesiam.

539 3808 736 3884 Utique
757 3808 1084 3880 accipiamus
1105 3810 1422 3878 Ecclesium,
1449 3826 1663 3867 omnem
1684 3811 1919 3881 ﬁdelem,
1949 3823 2002 3868 et
2023 3830 2140 3868 om-

535 3920 660 3962 nem
687 3907 777 3977 qui
803 3905 1074 3975 baptisma
1100 3905 1310 3975 accepit
1338 3922 1350 3958 :
1392 3905 1446 3960 in
1479 3905 1582 3962 lide
1608 3906 1903 3962 assumitur
1934 3908 2139 3963 scilicet

535 4008 590 4054 et
617 3999 836 4054 lavacro
864 4013 1015 4069 aqua:
1051 4008 1107 4054 et
1132 3998 1475 4054 invocatione
1500 4000 1675 4056 verbi.
1708 3999 1835 4056 Hmc
1863 4000 1928 4056 ad
1962 4002 2134 4058 virum

533 4091 678 4148 circa
712 4106 932 4147 uxorem
963 4091 1414 4163 quemadmodum
1453 4095 1754 4150 revocanda
1785 4097 1912 4163 sint,
1946 4113 2136 4168 parum

533 4185 739 4242 clarum
771 4195 857 4242 est
885 4201 899 4241 :
945 4187 1117 4256 potuit
1149 4194 1328 4242 tamen
1362 4185 1532 4242 videri
1567 4188 1619 4242 id
1645 4188 1788 4259 quod
1834 4190 1900 4244 ad
1945 4191 2138 4247 simili-

534 4278 775 4335 tudinem
827 4277 990 4334 dabat
1037 4278 1089 4333 in
1134 4289 1287 4349 parte
1331 4279 1611 4350 superiore
1664 4282 1978 4351 convenire,
2037 4283 2136 4340 hac

534 4385 688 4448 parte
736 4376 878 4432 circa
919 4376 1162 4447 mysterii
1211 4377 1573 4432 narrationem
1616 4392 1737 4432 esse
1783 4379 2133 4450 completum.

535 4470 919 4527 Verumtamen
947 4471 1109 4526 etiam
1151 4470 1253 4526 hoc
1280 4485 1494 4542 quoque
1523 4472 1566 4527 si
1595 4487 1909 4529 revocemus
1935 4474 2001 4529 ad
2035 4475 2132 4528 viri

2264 1867 2448 1928 postea
2472 1856 2748 1927 subjungit
2767 1855 3071 1926 exemplum
3100 1873 3112 1908 :
3135 1863 3183 1907 et
3204 1862 3352 1907 erunt
3375 1853 3475 1906 duo
3491 1852 3539 1905 in
3559 1866 3687 1905 carne
3703 1865 3787 1901 una.

2334 1952 2499 2009 Vens.
2537 1953 2629 2007 29.
2663 1981 2734 1993 ——
2785 1949 2953 2004 Nemo
3004 1948 3139 2002 enim
3189 1963 3412 2018 unquam
3471 1961 3601 2000 suam
3641 1957 3790 1996 carnem

2261 2048 2365 2104 odit
2395 2047 2493 2119 l2),
2525 2037 2612 2100 sed
2643 2045 2800 2098 nutrit
2828 2055 2872 2097 et
2903 2043 3035 2112 [ovet
3065 2040 3228 2096 illam.
3255 2039 3578 2105 Continuat,
3599 2035 3714 2108 quod
3735 2049 3794 2088 sc-

2260 2142 2493 2197 cundum
2537 2147 2779 2194 naturam
2815 2145 2898 2193 est
2935 2137 3022 2190 hic
3055 2151 3238 2196 amor,
3273 2142 3330 2187 ut
3370 2147 3579 2188 carnem
3615 2135 3789 2183 nostram

2259 2237 2564 2308 diligamus.
2595 2235 2652 2290 Si
2679 2243 2859 2289 autem
2892 2247 3019 2286 caro
3050 2238 3234 2286 nostra
3263 2228 3478 2284 [Gemina
3506 2223 3790 2291 cst,etprimt

2258 2329 2476 2386 flemina
2505 2327 2572 2383 de
2593 2342 2755 2382 carne
2801 2325 2932 2392 viri,
2963 2333 3016 2380 et
3060 2325 3137 2378 sic
3169 2322 3387 2379 ite-mina
3425 2331 3482 2375 ut
3513 2318 3676 2373 cadem
3698 2326 3791 2368 USOI‘

2258 2423 2428 2494 ipsius
2458 2421 2640 2487 fuerit,
2664 2435 2787 2475 cum
2814 2433 2973 2473 nemo
2997 2433 3148 2472 suam
3171 2431 3391 2471 carnem
3420 2413 3601 2480 oderit,
3622 2407 3698 2464 sed
3716 2421 3791 2460 uu-

2256 2517 2336 2587 gis
2369 2515 2570 2571 nutriat
2598 2525 2651 2569 et
2683 2511 2895 2576 foveat;
2923 2511 3087 2566 debet
3115 2524 3244 2580 ergo
3269 2517 3323 2564 et
3353 2521 3569 2564 uxorem
3605 2504 3670 2556 sic
3702 2498 3789 2552 dili-

2254 2627 2410 2684 gere,
2433 2619 2492 2665 ut
2520 2624 2671 2664 suam
2695 2621 2936 2672 carnem,
2965 2607 3094 2658 sicut
3126 2613 3172 2658 et
3202 2599 3436 2656 Christus
3459 2596 3724 2653 Ecclesium.
3747 2590 3790 2644 El

2253 2707 2396 2762 circa
2425 2705 2595 2758 virum
2623 2701 2811 2758 eadem
2839 2708 3105 2770 prmcepta
3137 2705 3282 2762 sunt,
3306 2710 3431 2767 qum
3452 2695 3585 2750 circa
3605 2700 3788 2745 exoretur

2254 2800 2346 2856 Sic
2372 2799 2512 2854 enim
2545 2799 2666 2852 data
2696 2795 2884 2864 religio
2911 2803 2994 2848 est
3022 2802 3181 2862 atque
3211 2788 3465 2854 formido,
3498 2795 3551 2840 ut
3577 2798 3690 2838 uxor
3711 2778 3791 2832 viro

2253 2895 2451 2948 serviat
2491 2890 2743 2962 quoniam
2787 2889 2866 2942 vir
2906 2884 3090 2941 uxoris
3137 2891 3297 2953 caput
3335 2889 3465 2945 est,
3504 2887 3559 2933 ut
3598 2870 3791 2931 Ecclesia:

2250 2986 2498 3041 Christus
2532 3002 2544 3038 :
2579 2987 2646 3038 ita
2679 2996 2823 3037 nunc
2852 2989 2904 3037 et
2934 2979 3051 3034 viro
3077 2977 3180 3033 hoc
3218 2983 3542 3047 prmceptum
3579 2970 3792 3031 datur,ul

2250 3095 2474 3136 uxorem
2501 3093 2652 3134 suam
2680 3075 2884 3148 diligat,
2915 3070 3371 3146 quemadmodum
3397 3067 3629 3124 Christus
3647 3059 3791 3118 Eccle-

2249 3189 2404 3230 snam.

2323 3255 2484 3310 Vsus.
2535 3253 2625 3308 50.
2674 3280 2746 3292 ——
2801 3248 3057 3318 Quoniam
3121 3244 3348 3301 membra
3399 3257 3571 3299 sumus
3619 3231 3790 3305 corporis

2246 3356 2377 3425 ejus.
2408 3351 2472 3405 Et
2504 3363 2664 3420 supra
2706 3348 2777 3401 ita
2804 3343 3006 3400 dictum
3037 3340 3275 3397 Ecclesia
3303 3353 3498 3394 omnes
3531 3340 3642 3390 sunt
3664 3323 3789 3384 sancti

2247 3448 2454 3512 ﬁdeles,
2483 3460 2603 3517 quae
2630 3442 2871 3499 membra
2898 3446 3023 3496 sunt
3045 3435 3263 3503 Christi,
3297 3444 3352 3491 et
3389 3434 3449 3488 ﬁt
3475 3445 3625 3486 unum
3645 3432 3789 3491 corpus

2243 3542 2445 3600 Christi
2489 3539 2728 3596 Ecclesia
2751 3581 2765 3604 ,
2797 3537 2885 3592 cui
2939 3542 3098 3604 caput
3153 3541 3235 3587 est
3275 3530 3545 3585 Christus.
3579 3523 3646 3578 De
3677 3529 3788 3572 cam

2242 3636 2424 3708 ipsius,
2457 3644 2500 3690 et
2524 3635 2585 3689 de
2613 3633 2808 3688 ossibus
2833 3631 2970 3700 ejus.
3005 3626 3238 3682 Membra
3269 3639 3479 3686 sumus,
3514 3616 3680 3688 inquit,
3701 3624 3786 3714 otti-

2243 3705 2342 3789 ncs
2379 3731 2447 3786 de
2485 3730 2652 3799 ipsius
2689 3741 2852 3784 carne
2887 3732 2942 3780 et
2969 3723 3037 3780 de
3065 3722 3184 3792 ejus
3222 3719 3462 3776 ossibus.
3494 3715 3602 3771 Non
3638 3711 3695 3764 ita
3727 3705 3787 3758 hic

2242 3825 2614 3899 accipiendum
2656 3831 2908 3892 tanquam
2946 3819 3103 3890 hujus
3139 3815 3350 3883 carnis,
3389 3827 3548 3885 quam
3590 3804 3788 3900 induit’et

2242 3919 2294 3974 in
2319 3896 2423 3988 qua
2452 3915 2721 3987 apparuit,
2751 3927 2848 3967 nos
2877 3917 3084 3981 partem
3117 3906 3416 3962 habeamus
3436 3902 3536 3975 (5),
3559 3907 3607 3954 et
3626 3896 3787 3992 de‘cjtts

2241 3987 2453 4070 ossibus
2475 4055 2487 4078 ,
2513 4027 2633 4082 quae
2679 4021 2802 4064 ossa
2831 4006 3050 4061 fuerunt
3077 4003 3256 4059 carnis
3284 3999 3437 4069 ejus,
3473 3998 3525 4051 in
3553 4009 3646 4064 qua
3669 3987 3787 4082 Chri-

2239 4080 2612 4176 stusapparuit
2629 4119 2642 4157 :
2662 4099 2754 4156 sed
2770 4097 3096 4168 accipiamus
3116 4095 3369 4149 deitatem
3393 4100 3554 4145 totam
3575 4080 3784 4155 ejusdem,

2238 4215 2358 4272 quzc
2385 4209 2466 4252 est
2498 4195 2551 4251 in
2589 4193 2809 4265 spiritu,
2842 4189 2933 4246 ubi
2979 4191 3031 4245 in
3062 4187 3314 4243 omnibus
3355 4198 3522 4255 supra
3563 4177 3727 4234 calum
3749 4176 3787 4272 et

2237 4297 2290 4350 in
2313 4293 2626 4350 cmlestibus
2654 4289 2943 4360 potentiam
2971 4282 3186 4340 deitatis
3215 4296 3326 4336 sum
3352 4277 3536 4342 habet,
3561 4275 3684 4329 circa
3705 4279 3785 4368 spl-

2238 4387 2422 4451 ritum,
2438 4385 2580 4440 circa
2603 4389 2858 4446 mentem,
2882 4393 3039 4450 quam
3060 4381 3178 4431 νοῦν
3199 4370 3372 4430 σι’ωοί
3391 4369 3595 4431 dicunt,
3617 4375 3660 4418 et
3678 4368 3786 4451 cuca

2239 4450 2491 4536 animam.
2525 4477 2622 4532 Hic
2646 4476 2804 4547 igitur
2825 4472 3076 4544 quoniam
3101 4477 3157 4526 et
3184 4481 3281 4522 nos
3313 4469 3432 4520 tunc
3459 4460 3634 4518 eadem
3661 4450 3785 4547 habe-

531 4563 867 4634 patientiam,
896 4573 955 4620 ut
990 4578 1050 4620 se
1079 4563 1256 4619 tradat
1295 4578 1392 4635 pro
1431 4564 1678 4632 muliere,
1723 4575 1777 4622 et
1806 4566 1984 4622 omnia
2012 4566 2129 4636 ejus
2163 4539 2210 4600 Ι)
2236 4589 2378 4640 mus,
2397 4569 2761 4640 accipiendum
2781 4567 2850 4622 ita
2872 4575 2974 4632 est,
2993 4562 3137 4635 quod
3154 4560 3395 4616 membra
3417 4569 3598 4612 sumus
3614 4545 3782 4605 Chrisll,

531 4654 666 4711 ferat
691 4658 1032 4729 patiaturque
1057 4659 1218 4714 etiam
1252 4657 1532 4729 passiones
1565 4660 1825 4728 tolerans,
1856 4661 1943 4716 illa
1973 4677 2129 4718 ruun-

528 4746 968 4805 dabiturlavacro
983 4759 1037 4805 et
1053 4749 1240 4817 verbo;
1264 4749 1316 4805 id
1333 4759 1416 4806 est
1439 4749 1659 4807 habebit
1680 4753 1820 4822 apud
1846 4755 2125 4811 Dominum

529 4841 988 4914 puriﬁcationem;
1011 4858 1132 4898 cum
1162 4843 1305 4898 illam
1338 4858 1525 4915 puram
1560 4844 1758 4910 reddit,
1791 4858 1844 4902 et
1873 4848 2125 4916 patientia

528 4935 779 4992 idoneam
809 4935 932 4990 facit
959 4946 1016 4990 ut
1039 4935 1253 4992 lavacro
1279 4944 1334 4992 et
1359 4938 1527 4994 verbo
1557 4939 1942 4997 sanctiﬁcetur.

598 5029 764 5086 Vsus.
791 5028 882 5084 27.
912 5057 984 5069 —
1010 5027 1079 5084 Ut
1103 5030 1345 5100 prtcberet
1392 5033 1500 5105 ipse
1523 5034 1622 5089 sibi
1646 5036 1920 5106 gloriosam
1950 5037 2128 5093 Eccle-

523 5124 675 5182 siam.
715 5123 819 5180 Pro
841 5121 1081 5179 Ecclesia
1100 5165 1115 5189 ,
1142 5122 1344 5193 inquit,
1373 5141 1431 5182 se
1452 5127 1602 5183 dedit
1627 5128 1872 5186 Christus
1893 5172 1908 5199 ,
1931 5139 1991 5186 ut
2015 5132 2129 5200 glo-

524 5221 724 5278 riosam
755 5219 858 5278 sibi
888 5217 1408 5275 faceretEcclesiam
1458 5237 1639 5289 suam;
1693 5225 1854 5280 etiam
1915 5242 2123 5298 puram,

598 5357 679 5490 (1)
699 5360 898 5452 Psalm.
913 5376 1007 5425 cx,
1025 5359 1111 5444 1
1125 5359 1233 5444 Pro
1243 5376 1442 5427 sensus,
1457 5358 1616 5432 Vulg.
1647 5361 1806 5422 habet
1829 5368 2111 5439 sapientiu’.

625 5432 685 5490 2)
721 5433 870 5490 \ulg.
895 5451 909 5488 :
934 5430 1183 5487 mulieris.

625 5432 685 5504 2)
712 5433 870 5504 Vulg.
895 5451 909 5488 :
934 5430 1183 5487 mulieris.

702 5495 868 5588 3mg.
901 5504 1071 5588 addit,
1103 5507 1235 5588 ejus.

620 5577 673 5643 4)
702 5573 862 5653 Vulg.
893 5593 907 5630 :
951 5575 1058 5653 sed
1092 5573 1485 5653 sicutAEcclesia
1527 5581 1754 5651 subjecta
1778 5589 1852 5636 est
1892 5580 2111 5653 Christo,

525 5647 664 5701 itaet
684 5647 926 5702 mulieres
947 5648 1070 5702 viris
1093 5649 1202 5703 suis
1228 5651 1284 5704 in
1308 5651 1556 5710 omnibus.

600 5715 682 5790 (5)
724 5717 882 5774 Deest
900 5719 1016 5773 vitae
1033 5721 1175 5790 apud
1196 5721 1528 5782 Victorinum
1551 5725 1674 5785 heic
1692 5741 1742 5784 et
1769 5724 1907 5783 infra
1926 5726 2113 5785 confer

525 5789 669 5860 vulg.
698 5798 918 5862 propter
952 5789 1221 5849 variantes
1257 5792 1536 5854 Victorini.

2237 4669 2291 4725 id
2319 4678 2401 4724 est
2435 4669 2488 4722 in
2521 4665 2818 4720 substantia
2857 4657 3115 4730 spiritali;
3148 4663 3204 4710 et
3228 4653 3295 4708 de
3315 4666 3484 4708 carne
3510 4648 3636 4718 ejus,
3661 4640 3703 4694 id
3724 4642 3783 4691 εει

2235 4761 2302 4819 de
2330 4761 2537 4826 anima;
2565 4767 2620 4814 ct
2644 4757 2711 4813 de
2732 4755 2963 4818 ossibus,
2995 4751 3046 4807 id
3069 4760 3151 4807 est
3179 4749 3299 4805 dico
3319 4747 3463 4819 quod
3493 4751 3611 4805 νοῦς
3635 4735 3784 4794 dicitur

2232 4875 2428 4931 graece.
2456 4855 2647 4913 Omnia
2689 4853 2831 4909 enim
2869 4851 2969 4904 ista
3001 4849 3200 4904 virtute
3238 4845 3328 4900 Dei
3368 4844 3423 4898 in
3470 4828 3782 4931 superioribus

2232 4915 2451 5022 spiritus
2479 4958 2636 5010 sunt;
2668 4947 2806 5003 sicut
2830 4953 2884 5000 et
2910 4943 3050 4997 idem
3077 4940 3270 4995 Paulus
3291 4937 3422 4992 dicit
3449 4935 3502 4989 in
3524 4926 3718 5002 epistola
3733 4915 3783 5020 ad

2234 5042 2742 5103 Thessalonicenses
2779 5038 2949 5108 prima
2993 5034 3071 5108 (4)
3114 5051 3126 5088 :
3161 5034 3276 5102 ipse
3317 5028 3462 5086 enim
3507 5027 3634 5080 Deus
3673 5024 3780 5087 pact!

2234 5139 2532 5196 sanctilicet
2558 5151 2654 5191 vos
2679 5150 2772 5205 per
2798 5131 3009 5197 onmia;
3037 5137 3093 5184 ut
3120 5128 3205 5199 (5)
3237 5127 3447 5195 integer
3474 5120 3675 5192 spiritus
3695 5121 3783 5165 ves-

2236 5246 2318 5292 ter
2347 5245 2402 5290 et
2428 5231 2608 5286 anima
2635 5237 2691 5285 et
2712 5242 2907 5298 corpus
2937 5231 3201 5281 servetur.

2294 5328 2463 5386 Vsus.
2486 5325 2548 5381 ‘51
2563 5367 2579 5382 .
2621 5352 2693 5364 -
2715 5321 2940 5392 Propter
2959 5319 3053 5373 hoc
3075 5316 3326 5387 relinquet
3349 5311 3435 5387 (6)
3461 5312 3606 5367 homo
3629 5310 3780 5378 patrem

2293 5443 2373 5516 (1)
2396 5441 2560 5516 Vulg.
2585 5457 2597 5493 :
2619 5437 3067 5516 (ltucorpora-sua.

2285 5512 2368 5588 ('2)
2392 5514 2549 5588 Vulg.
2572 5529 2586 5567 :
2621 5512 2754 5588 Odia
2782 5512 2976 5566 habuit.

2295 5585 2373 5659 (ὃ)
2401 5585 2573 5642 Codd.
2608 5586 2810 5641 habere.

2296 5658 2373 5729 (4)
2402 5659 2534 5729 Cap.
2567 5673 2634 5722 v.
2665 5658 2756 5713 25.

2291 5730 2372 5796 (5)
2397 5730 2566 5787 Codd.
2600 5740 2669 5785 et.

2289 5802 2370 5876 (6)
2393 5802 2562 5860 Codd.
2593 5802 2855 5874 relinquit.
