4010 6306
219 297 360 358 4289

1150 293 1214 348 IN
1255 292 1643 350 EPISTOLMI
1685 293 1774 348 Al)
1813 290 2146 349 EPHESIOS
2187 291 2391 348 LIBER
2421 293 2482 347 If.

3384 296 3531 356 1290

213 422 262 467 et
287 422 519 474 matrem,
545 418 591 463 ct
613 407 892 462 adhwrebit
914 409 1060 462 ua‘ori
1081 424 1209 474 saw,
1235 421 1280 462 et
1298 419 1443 463 erunt
1467 409 1572 462 duo
1599 409 1650 462 in
1671 424 1824 461 carne
1850 417 1895 477 Α
1926 407 2052 461 dum
2081 408 2317 478 alligent,
2344 409 2516 478 plenis
2539 408 2833 464 rationibus
2847 410 3090 476 exposui,
3114 411 3325 476 tradidi,
3349 412 3528 483 docui,

215 523 338 561 una.
367 503 478 559 Hoc
506 505 810 572 exeniplum
839 501 906 555 de
931 499 1128 556 Genesi
1155 510 1256 566 est,
1285 517 1392 572 quo
1419 502 1673 570 probatur
1699 509 1820 555 tan-

220 606 328 652 tam
370 610 492 652 esse
533 594 730 650 debere
770 593 1117 661 charitatem,
1150 596 1232 649 vel
1272 609 1394 650 esse
1439 594 1710 649 hominem
1751 593 1823 649 ita

215 690 432 747 cbamm
467 688 752 744 habentem
779 686 857 761 (I)
890 702 1109 742 uxorem
1135 696 1191 741 ut
1214 694 1268 741 et
1295 696 1497 756 patrem
1521 697 1576 743 et
1597 696 1823 742 matrem

216 783 576 854 derelinquat,
597 792 650 838 et
673 779 878 835 haereat
899 779 1077 844 uxori,
1103 789 1154 833 et
1185 779 1292 834 sint
1320 779 1421 833 duo
1441 779 1496 833 in
1527 795 1627 833 una
1650 795 1819 833 carne.

217 873 396 930 Multis
423 873 596 928 modis
616 871 776 928 docet
802 870 1146 941 conjunctum
1179 870 1351 924 virum
1377 871 1564 934 uxori;
1594 879 1647 923 et
1676 869 1828 939 ponit

217 969 289 1025 ita
320 982 441 1024 esse
468 966 689 1033 debere,
714 975 772 1020 ut
798 971 854 1020 et
876 964 958 1018 vir
984 978 1208 1019 uxorem
1239 963 1486 1033 diligeret
1515 961 1596 1035 (2)
1618 972 1673 1018 et
1696 977 1829 1017 uxor

221 1063 418 1117 virum.
455 1060 566 1116 Hoc
602 1060 673 1114 ita
695 1100 711 1126 ,
745 1068 802 1113 ttt
829 1075 916 1114 res
943 1068 1024 1113 est
1053 1057 1371 1127 simpliciter
1391 1099 1404 1124 ,
1435 1058 1514 1112 sic
1542 1064 1598 1112 et
1621 1073 1648 1110 a
1675 1058 1829 1111 nobis

221 1156 425 1213 dictum
457 1165 512 1210 et
540 1172 567 1208 a
604 1155 769 1208 Paulo
797 1172 810 1208 :
836 1161 1208 1208 verumtarmn
1240 1153 1290 1206 in
1323 1168 1429 1222 quo
1461 1151 1540 1224 (5)
1574 1152 1830 1222 subjunc-

223 1261 334 1305 tum
365 1259 471 1316 est,
502 1247 741 1304 ostendit
765 1249 926 1303 altius
951 1259 1133 1318 patere
1159 1248 1317 1302 istam
1347 1246 1668 1302 sententiam
1700 1264 1712 1300 :
1738 1247 1834 1302 ad-

216 1344 387 1416 jungit
415 1343 583 1410 enim,

292 1437 460 1493 Vens.
547 1434 638 1490 52.
738 1462 811 1474 —
868 1431 1171 1504 Mysterium
1259 1433 1342 1504 (4)
1425 1434 1521 1488 hoc
1591 1451 1834 1506 magnum

224 1541 296 1588 est
336 1549 354 1587 :
385 1547 476 1604 ego
520 1539 691 1584 autem
727 1528 842 1582 dico
885 1529 936 1583 in
977 1525 1183 1582 Christo
1219 1539 1266 1582 et
1299 1529 1352 1583 in
1398 1527 1648 1582 Ecclesia.
1683 1527 1830 1582 Ultra

225 1643 385 1699 quam
436 1625 753 1695 simplicitas
815 1623 928 1692 ipsa
979 1623 1248 1678 indicabat
1302 1623 1414 1694 (5),
1463 1639 1581 1679 esse
1635 1623 1834 1694 aliquid

226 1722 426 1779 Paulus
455 1719 721 1785 ostendit,
754 1717 970 1789 quando
1005 1719 1080 1773 ait
1124 1719 1422 1788 mysterium
1465 1719 1561 1772 hoc
1597 1735 1836 1789 magnum

1928 501 2036 555 illic
2051 502 2150 571 (1),
2168 501 2456 555 ostendens
2475 516 2641 572 usque
2663 502 2726 554 ad
2752 502 2947 558 ccelum
2965 502 3040 575 (2)
3062 503 3351 570 nequitiam
3377 507 3536 576 spiri-

1929 592 2089 647 talem
2116 595 2399 649 mundanae
2415 596 2666 664 potentia:
2690 595 2921 649 maxime
2934 597 3166 665 operari,
3187 612 3305 652 cum
3323 600 3533 655 miseris

1926 688 2121 743 animis
2144 689 2285 760 quod
2306 690 2596 760 fiantqnasi
2614 690 2859 760 qttmdattt
2893 691 3108 745 nomina
3131 692 3528 763 pollicetur(3).

2004 781 2165 837 Vens.
2196 782 2283 837 11.
2306 812 2378 821 -
2412 781 2628 854 PrOpter
2674 782 2769 835 hoc
2812 784 3026 855 accipite
3076 800 3220 838 arnta
3264 783 3386 851 ﬁdei
3421 784 3527 856 (4),

1931 883 1985 928 ut
2013 875 2221 947 possitis
2262 875 2498 928 resistere
2527 875 2580 928 in
2608 873 2691 927 die
2721 875 2877 928 malo.
2941 874 3030 928 llis
3082 875 3332 930 (minibus
3375 893 3538 947 supra

1931 969 2088 1024 (lictis
2131 985 2251 1024 cum
2295 969 2457 1024 insint
2508 984 2716 1039 magna}
2758 968 3120 1032 difficultates,
3175 978 3229 1022 et
3281 969 3541 1025 adversus

1932 1073 2173 1119 rectores
2203 1063 2360 1134 hujus
2389 1063 2568 1116 mundi
2601 1073 2654 1116 et
2686 1063 3024 1117 tenebrarum
3053 1062 3271 1126 harum;
3297 1074 3370 1127 et,
3395 1066 3539 1134 quod

1934 1165 2018 1211 est
2046 1157 2239 1226 majus,
2265 1155 2554 1210 adversum
2582 1155 2838 1224 Spiritalia
2868 1154 3116 1224 nequitire
3145 1155 3194 1208 iu
3222 1154 3407 1221 cmlis;
3436 1157 3540 1221 his,

1936 1249 2172 1320 inquam.
2198 1251 2447 1304 omnibus
2475 1249 2731 1304 resistere
2759 1250 3009 1317 quoniam
3037 1263 3243 1318 magnae
3272 1257 3354 1302 est
3380 1247 3544 1302 virtu-

1938 1343 2028 1409 tis,
2053 1343 2450 1412 subjiciendum
2475 1341 2592 1407 fuit,
2616 1357 2723 1412 quo
2743 1339 2794 1394 id
2814 1340 2930 1395 fieri
2952 1352 3164 1410 posset:
3195 1341 3432 1412 accipite,
3465 1341 3547 1396 in-

1936 1439 2072 1507 quit,
2095 1453 2240 1490 arma
2261 1436 2406 1506 ﬁdei.
2433 1435 2560 1490 Sola
2589 1435 2730 1490 enim
2756 1434 2888 1488 fides
2915 1434 2968 1488 in
2989 1432 3206 1489 Christo
3228 1435 3399 1488 munit
3424 1450 3544 1502 nos,

1941 1531 2013 1584 uti
2059 1545 2164 1585 non
2196 1531 2370 1584 valeat
2399 1532 2540 1585 circa
2584 1543 2680 1582 nos
2725 1528 2947 1582 istarum
2994 1537 3316 1597 poIeSIatum
3364 1528 3548 1583 mtmdi

1940 1629 2046 1684 ulla
2079 1628 2323 1682 tentatio.
2373 1627 2448 1682 Ita
2499 1627 2628 1682 illud
2661 1627 2804 1696 quod
2835 1625 3054 1680 difficile
3095 1624 3378 1678 videbatur
3416 1625 3554 1679 resi-

1943 1731 2106 1788 stere,
2138 1723 2290 1776 facile
2318 1720 2514 1776 factum
2544 1729 2656 1786 est,
2687 1722 2729 1774 si
2764 1726 2815 1772 in
2845 1726 3110 1790 potestate
3136 1727 3217 1772 est
3247 1717 3388 1772 unde
3419 1717 3552 1772 resi-

229 1825 325 1881 est,
355 1823 410 1869 ct
437 1823 615 1870 tamen
645 1829 752 1867 non
783 1811 1030 1882 apparuit
1056 1812 1181 1880 quid
1212 1811 1438 1882 intelligi
1480 1812 1640 1867 vellet
1670 1828 1682 1864 :
1716 1820 1836 1865 tan-
1872 1822 1917 1882 Β
1946 1824 2150 1869 stamus
2175 1832 2186 1866 :
2207 1823 2290 1869 est
2313 1824 2492 1868 autem
2523 1815 2572 1866 in
2605 1820 2898 1880 potestate;
2925 1812 3120 1878 quippe
3143 1809 3300 1886 fidem
3324 1809 3376 1863 in
3399 1809 3558 1863 Chri-

231 1908 511 1963 tummodo
541 1906 700 1960 aliam
740 1904 1239 1975 interpretatiooem
1272 1905 1384 1975 ipse
1407 1904 1657 1974 subjecit,
1683 1913 1737 1958 ut
1765 1905 1846 1958 vir

233 2010 287 2056 et
337 2015 504 2066 uxor,
558 1997 646 2053 hic
683 1996 765 2069 (6)
801 1997 1097 2064 accipiatur
1132 1999 1342 2050 interim
1384 1994 1631 2051 Christus
1660 2007 1715 2052 et
1749 1998 1846 2053 Ec-

239 2093 426 2150 clesia.
459 2091 568 2148 Sed
605 2095 854 2160 quoniam
885 2106 1136 2160 magnum
1169 2093 1480 2161 mysterium
1509 2090 1664 2155 dixit,
1688 2091 1848 2146 altius

234 2185 663 2255 intelligendum.
694 2183 830 2250 Quid
863 2185 1022 2253 igitur
1047 2195 1144 2237 nos
1170 2183 1542 2252 suspicamur?
1565 2183 1679 2253 Ego
1707 2182 1848 2238 arbi-

240 2291 352 2336 tror
394 2279 564 2350 accipi
614 2278 794 2344 istud,
837 2287 894 2331 ut
931 2279 1013 2330 vir
1048 2287 1100 2330 et
1144 2291 1287 2330 uxor
1327 2276 1431 2332 sint
1472 2277 1573 2331 sibi
1622 2279 1847 2331 invicem

237 2375 406 2446 jtmcﬁ
449 2374 671 2445 spiritus
711 2383 765 2426 et
791 2373 989 2427 anima.
1021 2371 1132 2426 I-loc
1160 2372 1302 2426 enim
1332 2370 1500 2425 Adam
1534 2378 1588 2424 et
1617 2369 1761 2434 Eva;
1795 2379 1853 2424 ut

241 2469 461 2539 spiritus
492 2468 562 2522 sit
588 2466 838 2522 Christus
859 2507 871 2526 ,
905 2465 1146 2520 Ecclesia
1179 2465 1250 2519 sit
1275 2465 1474 2518 anima.
1505 2464 1610 2520 Sed
1641 2466 1742 2518 hoc
1772 2466 1852 2517 in-

244 2568 572 2631 terpretatus
593 2568 678 2614 est
707 2557 902 2613 Paulus
927 2556 997 2612 de
1019 2555 1260 2613 Ecclesia
1289 2565 1345 2612 et
1369 2556 1437 2612 de
1459 2556 1675 2612 Christo
1698 2557 1854 2612 intel-

241 2654 330 2725 ligi
358 2653 558 2708 debere
579 2693 592 2714 .
618 2650 910 2706 dummodo
938 2649 988 2704 id
1019 2652 1190 2720 ipsum
1223 2651 1443 2719 Spiritus
1472 2651 1544 2704 sit
1573 2659 1628 2705 et
1653 2649 1851 2705 anima.

244 2749 350 2806 Sed
378 2748 480 2802 hoc
505 2745 714 2802 facilius
745 2755 798 2801 et
825 2744 966 2815 quod
994 2744 1058 2798 ad
1089 2744 1342 2814 populum
1367 2745 1504 2799 bene
1528 2747 1854 2814 perveniret.

161 2841 163 2843 ’
247 2843 381 2916 Ego,
412 2842 602 2913 inquit,
632 2842 746 2895 dico
769 2841 820 2894 in
849 2840 1054 2894 Christo
1086 2849 1130 2892 et
1159 2840 1214 2892 in
1245 2837 1476 2892 Ecclesia
1496 2854 1514 2891 :
1544 2854 1649 2894 non
1676 2849 1855 2893 autem

246 2937 402 3002 dixit,
427 2936 678 2991 Christus
706 2944 761 2989 et
793 2932 1031 2988 Ecclesia
1051 2973 1067 2999 ,
1096 2933 1186 2986 sed
1213 2932 1266 2984 in
1291 2929 1498 2985 Christo
1519 2940 1565 2984 et
1588 2933 1640 2984 in
1672 2929 1856 2984 Eccle-

247 3031 344 3085 sia.
369 3029 499 3084 Nam
522 3038 577 3083 et
596 3027 842 3082 Christus
865 3026 918 3080 in
944 3024 1200 3080 membris
1221 3024 1334 3078 suis
1359 3024 1652 3079 Ecclesiam
1678 3023 1856 3088 habet,

253 3134 309 3177 et
347 3122 589 3177 Beclesia
635 3121 684 3174 in
731 3119 844 3174 suis
897 3118 1155 3173 membris
1194 3127 1355 3186 caput
1383 3116 1543 3171 habet
1564 3114 1856 3170 Christum.

1947 1921 2088 1963 stum
2137 1908 2368 1972 habere,
2400 1917 2452 1961 et
2495 1905 2703 1976 plenam
2732 1904 2890 1959 fidem
2923 1904 3153 1968 habere,
3190 1903 3366 1956 mullus
3405 1902 3555 1956 labor

1950 2014 2066 2070 est,
2099 2003 2243 2057 nulla
2274 2010 2359 2056 est
2387 2001 2675 2056 difficultas
2696 2043 2710 2062 ,
2743 1999 2905 2053 animi
2951 2008 3153 2052 tantum
3188 1999 3434 2052 Voluntas
3474 2005 3558 2050 est

1950 2096 2288 2151 commodata
2314 2094 2392 2167 (5)
2415 2104 2469 2148 et
2496 2094 2735 2149 credula.
2756 2093 2900 2163 Ergo
2929 2093 2985 2146 fit
3013 2093 3165 2146 facile
3193 2093 3444 2147 resistere
3471 2091 3555 2145 his

1953 2201 2031 2246 tot
2054 2208 2105 2246 m
2125 2191 2229 2256 llis,
2257 2192 2298 2244 si
2341 2190 2498 2243 fidem
2532 2189 2842 2242 habeamus.
2869 2186 2991 2242 Sola
3025 2187 3242 2249 Sufficit,
3268 2186 3380 2238 sola
3408 2184 3554 2237 obsi-

1953 2288 2046 2341 stit
2071 2328 2084 2350 ,
2116 2286 2231 2340 sola
2276 2285 2477 2350 munit;
2509 2284 2603 2338 sed
2638 2283 2768 2338 fides
2813 2283 2988 2353 plena.
3028 2283 3360 2351 Quamquam
3395 2283 3554 2334 etiam

1955 2380 2070 2450 ipse
2102 2378 2234 2433 dixit
2267 2395 2281 2434 ξ
2317 2380 2359 2431 si
2393 2387 2449 2432 ut
2474 2393 2700 2448 granum
2729 2377 2931 2446 sinapi,
2966 2375 3257 2431 habeamus
3287 2375 3407 2429 fidei
3439 2392 3560 2443 επιει-

1957 2491 2106 2541 num,
2134 2487 2417 2542 possumus
2441 2484 2495 2527 et
2522 2471 2794 2524 montibus
2818 2471 3103 2539 imperare.
3127 2469 3267 2539 Ergo
3295 2468 3426 2521 fides
3452 2467 3564 2521 sin-

1957 2582 2080 2623 cera
2111 2576 2165 2622 et
2197 2582 2350 2637 pura,
2384 2564 2546 2627 fides,
2580 2564 2818 2634 inquam,
2854 2563 2904 2616 in
2936 2562 3231 2624 Christum,
3261 2571 3310 2614 et
3347 2559 3479 2614 tides
3510 2559 3563 2614 itt

1961 2661 2155 2725 Deum,
2180 2660 2464 2714 adversum
2491 2667 2568 2711 tot
2599 2657 2716 2710 illas
2751 2665 3041 2726 potestates
3069 2655 3222 2708 nobis
3255 2668 3401 2707 arma
3432 2669 3569 2721 pra:-

1958 2754 2141 2808 stabit.
2175 2751 2382 2808 Sumite
2413 2765 2572 2814 nunc,
2601 2749 2791 2818 inqttit,
2819 2765 2966 2802 arma
2993 2747 3136 2812 fidei,
3156 2757 3212 2800 ut
3237 2745 3452 2816 possitis
3482 2761 3570 2800 re-

1961 2847 2174 2901 siSIere.
2206 2843 2431 2911 Quando
2483 2840 2772 2896 reStstere?
2811 2857 2931 2894 cum
2981 2837 3203 2894 teut-ilio
3247 2837 3566 2902 advenerit,

1961 2955 2082 2993 cum
2112 2937 2310 3008 aliquid
2342 2951 2437 2991 vos
2471 2945 2677 2989 tentare
2704 2933 2950 3001 coeperit.
2989 2933 3099 2986 Hoc
3131 2941 3212 2985 est
3242 2932 3382 3002 quod
3411 2931 3485 2985 ait
3512 2934 3568 2985 in

1961 3031 2046 3085 die
2075 3032 2226 3085 malo.
2257 3032 2420 3083 Malus
2451 3044 2628 3084 aurem
2657 3027 2773 3081 dies
2799 3037 2884 3080 εει
2909 3042 3030 3079 cuin
3065 3036 3349 3078 tentantur.

2035 3126 2201 3181 Vens.
2232 3125 2315 3178 Μ.
2347 3151 2416 3163 —-—
2440 3121 2506 3174 Et
2531 3118 2767 3174 omnibus
2788 3116 2980 3183 effectis
3006 3115 3086 3187 (6)
3114 3127 3285 3182 stare;
3328 3104 3576 3170 succincti

251 3214 396 3286 Ergo
413 3213 464 3269 in
483 3213 700 3269 Christo
719 3211 984 3277 Ecclesia;
1002 3213 1052 3265 in
1068 3211 1304 3281 qualibet
1321 3227 1422 3264 una
1441 3226 1599 3264 carne
1613 3209 1718 3264 duo
1731 3211 1855 3264 sint.

1967 3221 2164 3282 lumbos
2186 3229 2374 3274 vestros
2397 3219 2448 3270 in
2469 3216 2692 3269 veritate.
2713 3212 2826 3270 Scit
2849 3227 2906 3266 se
2931 3227 3088 3279 supra
3115 3211 3276 3264 mttlta
3302 3209 3576 3264 monuisse

322 3307 486 3364 Vens.
526 3307 617 3362 55.
649 3335 718 3344 —
765 3303 1120 3358 Verumtamen
1151 3314 1194 3357 et
1247 3319 1331 3356 vos
1374 3303 1564 3373 singuli
1593 3304 1862 3374 unusquis-

251 3419 350 3476 que
373 3416 584 3456 uxorem
611 3415 758 3454 suam
784 3399 964 3470 diligat
992 3407 1044 3451 ut
1069 3414 1122 3452 se
1141 3396 1242 3468 (7).
1263 3396 1748 3466 Licetgeneraliter
1774 3412 1864 3450 su-

256 3516 351 3569 pra
378 3502 502 3553 viris
524 3507 788 3568 praecepta
812 3496 1024 3551 dederit
1051 3497 1117 3549 de
1147 3496 1402 3549 uxoribus
1429 3537 1441 3558 ,
1472 3507 1522 3549 et
1551 3495 1866 3550 mulienbus

257 3592 324 3647 de
347 3590 506 3657 viris;
528 3606 667 3644 ntmc
689 3589 996 3660 specialiter
1015 3588 1080 3642 ad
1102 3587 1366 3655 Ephesios
1386 3587 1572 3642 eadem
1600 3595 1866 3658 prteccpta

256 3684 520 3739 Convertit
543 3691 594 3737 et
617 3699 725 3748 vos,
754 3681 943 3752 inquit.
973 3681 1082 3736 lloc
1105 3681 1226 3736 ideo
1251 3682 1374 3752 quia
1405 3696 1499 3750 per
1525 3680 1745 3751 figuram
1775 3696 1868 3735 ex-

264 3787 518 3848 posuerat
534 3775 736 3830 dictum
752 3789 874 3830 esse
892 3777 1205 3847 mysterium
1231 3790 1502 3844 magnum,
1524 3775 1664 3844 quod
1685 3775 1735 3828 in
1763 3791 1867 3830 uua

258 3885 426 3926 Carne
456 3869 618 3923 ambo
646 3877 830 3924 eSseut
856 3878 909 3921 et
931 3883 1071 3922 uxor
1096 3877 1149 3921 et
1176 3869 1275 3922 vir.
1308 3868 1372 3921 Et
1397 3870 1497 3922 hoc
1518 3868 1746 3938 intelligi
1769 3884 1864 3922 voc

260 3962 360 4016 luit
380 3963 446 4016 de
473 3961 713 4016 Ecclesia
735 3971 788 4015 et
814 3960 880 4015 de
904 3957 1141 4015 Christo.
1162 3959 1288 4014 Ideo
1309 3961 1510 4014 addidit
1527 3973 1870 4014 verumtamen

262 4066 341 4123 ut,
363 4058 487 4112 licet
503 4056 636 4112 illud
657 4057 707 4111 in
726 4055 972 4139 veritate,
992 4058 1092 4110 hoc
1114 4053 1335 4125 intelligi
1360 4053 1868 4110 VolueritChristutu

263 4163 318 4208 et
341 4151 655 4218 Ecclesiam,
673 4160 728 4204 ut
751 4151 803 4204 in
823 4165 929 4204 uno
947 4149 1057 4204 sint
1080 4164 1342 4219 corpore;
1363 4157 1565 4216 tamen,
1581 4159 1635 4206 et
1651 4165 1746 4204 vos
1770 4149 1872 4206 hoc

261 4247 441 4318 ipsqu
464 4246 752 4300 observate
778 4255 829 4300 et
849 4243 1153 4308 imitamini,
1178 4251 1236 4297 ut
1257 4243 1622 4314 unusquisque
1649 4258 1870 4297 uxorem

266 4356 418 4396 suam
442 4337 646 4409 diligat.
673 4337 741 4391 Et
763 4339 889 4392 item
917 4335 1189 4406 subjungit
1211 4334 1278 4390 de
1297 4335 1556 4391 uxoribus
1580 4335 1764 4389 mulier
1787 4333 1869 4405 (8)

267 4422 440 4489 autem
470 4444 520 4487 ut
551 4433 722 4486 timeat
756 4437 942 4486 virum.
977 4430 1073 4485 llic
1105 4437 1160 4485 et
1188 4443 1340 4484 amor
1367 4439 1451 4484 est
1479 4429 1532 4483 in
1559 4429 1751 4483 timore
1773 4469 1788 4494 ,
1818 4437 1874 4483 et

269 4535 514 4583 servatus
539 4525 764 4581 affectus
789 4533 872 4578 est
899 4539 1023 4579 cum
1056 4523 1285 4590 honore,
1307 4534 1365 4577 ut
1393 4524 1490 4578 viri
1521 4537 1724 4579 uxores
1753 4521 1873 4577 dili-

272 4629 422 4692 gant,
454 4621 706 4674 mulieres
739 4633 880 4671 Viros
911 4620 1156 4671 timeant.

345 4713 498 4769 CAP.
534 4713 617 4768 VI.
642 4743 713 4752 —
734 4711 862 4766 Item
892 4713 1082 4768 transit
1109 4711 1175 4767 ad
1207 4728 1463 4782 personas
1488 4713 1620 4768 alias
1644 4713 1874 4767 filiorum

275 4819 331 4866 et
361 4821 664 4879 parentum.
700 4809 891 4861 Postea
923 4807 1271 4877 adjuncturus
1311 4823 1685 4862 servorum...
1718 4806 1792 4877 (9)
1824 4816 1878 4862 et

276 4902 495 4958 doli-ant
518 4909 772 4972 quantum
798 4907 1057 4969 praestent
1077 4899 1528 4970 quemadmodum
1554 4909 1729 4953 tamen
1759 4913 1875 4952 ma-

277 4996 360 5065 gis
391 4993 667 5065 implicent
696 4995 936 5046 animum
968 5008 1125 5062 quam
1157 4992 1431 5046 resolvant
1462 5002 1515 5046 et
1545 4992 1684 5046 intra
1717 5008 1876 5046 mun-

354 5111 435 5184 (I)
467 5110 725 5184 ljotetuus
756 5109 1132 5164 ltellenismum
1162 5110 1228 5167 ab
1259 5107 1385 5166 εἶναι
1415 5109 1627 5182 ἔχοντα.

357 5180 437 5253 (Ξ)
468 5180 637 5253 Codd.
672 5181 866 5234 liberet.

357 5252 438 5325 (ὅ)
471 5252 543 5308 Ita
569 5268 664 5322 pro
693 5254 744 5305 in
770 5271 829 5308 eo
857 5255 1011 5325 quod.

469 5325 631 5405 ἕως.
672 5340 794 5405 Itiro
849 5327 1212 5405 intysterium,
1273 5327 1432 5384 habet
1487 5336 1884 5382 sacramentum.

359 5396 440 5542 (5)
462 5396 633 5452 Codd.
666 5396 934 5452 indicabit.

389 5470 442 5542 6)
477 5469 781 5542 (ξυᾳίάηζιοε
811 5487 905 5538 pro

389 5470 442 5538 6)
477 5469 648 5523 Codd.
685 5470 781 5522 hoc
811 5487 905 5538 pro
935 5471 1040 5526 hic.

386 5537 442 5616 ἶ)
475 5540 625 5616 χρὼς.
660 5537 886 5616 (latorem
909 5559 1054 5597 suam
1081 5544 1210 5599 sicut
1229 5547 1452 5614 seipsum
1478 5543 1678 5616 diligat.

390 5611 446 5682 8)
475 5611 630 5682 Vulg.
668 5611 831 5668 Uxor.

368 5685 582 5757 (9)1loc
604 5686 656 5738 in
681 5686 806 5757 loco
831 5688 1076 5741 lacunam
1099 5701 1241 5750 esse,
1275 5687 1453 5742 nullus
1475 5685 1692 5751 dubito;
1713 5700 1904 5757 quam-

299 5773 460 5830 quam
504 5756 557 5830 in
593 5756 778 5812 codice
820 5759 1022 5813 nullum
1054 5761 1110 5812 fit
1155 5759 1408 5814 indicium
1435 5776 1450 5825 ;
1481 5759 1532 5814 id
1563 5759 1707 5830 quod
1735 5756 1908 5814 etiam

308 5827 435 5885 alibi
464 5829 889 5885 observavimus.

804 5925 1078 5986 PA'PROL.
1117 5924 1285 5987 VIII.

1969 3317 2247 3380 facienda;
2282 3317 2358 3370 vel
2406 3328 2499 3383 per
2539 3310 2775 3380 singulas
2811 3323 3100 3378 personas.
3151 3317 3206 3360 ιιι
3249 3305 3482 3360 dominis
3520 3313 3579 3360 et

1967 3413 2160 3476 servis,
2196 3408 2403 3462 maritis
2431 3413 2486 3459 et
2513 3403 2765 3459 nxonibus
2792 3444 2805 3467 ,
2837 3401 3074 3470 patribus
3095 3407 3148 3453 ct
3178 3397 3298 3452 filiis
3324 3414 3338 3462 ;
3372 3397 3449 3452 vel
3482 3412 3578 3467 per

1969 3507 2082 3576 ipsa
2113 3519 2233 3573 quae
2255 3499 2459 3569 agenda
2491 3506 2636 3558 sunt,
2669 3495 2751 3549 vel
2785 3509 2903 3562 qua:
2936 3507 3039 3545 non
3069 3491 3294 3559 agenda,
3329 3499 3386 3542 ut
3411 3489 3579 3544 nolite

1971 3595 2245 3655 inebriari,
2276 3604 2330 3648 et
2357 3593 2496 3662 agite
2523 3588 2700 3642 omnia
2731 3588 2782 3639 in
2811 3585 3027 3638 nomine
3053 3582 3283 3646 Domini,
3306 3590 3359 3635 et
3380 3593 3576 3635 Cretera

1968 3705 2128 3760 supra
2158 3689 2317 3743 dicta.
2355 3684 2558 3739 Idcirco
2594 3682 2666 3734 ait
2697 3691 2742 3733 et
2773 3676 3008 3731 omnibus
3036 3674 3228 3743 e/feclis
3264 3690 3384 3743 qua:
3414 3689 3576 3742 Supra

1971 3782 2223 3839 mandavi
2263 3790 2316 3834 et
2357 3777 2614 3848 praecepi;
2649 3783 2776 3828 state
2799 3815 2812 3836 ,
2848 3770 3017 3838 inquit
3044 3811 3056 3830 ,
3090 3768 3334 3822 succincti
3377 3766 3576 3820 lumbos

1969 3889 2178 3942 vestros,
2212 3874 2262 3930 id
2292 3882 2376 3929 est
2404 3873 2565 3942 parati
2595 3882 2646 3925 et
2680 3867 2946 3923 instructi.
2971 3865 3160 3919 Omnis
3183 3864 3325 3917 enim
3354 3871 3578 3915 conatus

1971 3982 2066 4027 aut
2095 3971 2160 4024 ad
2190 3970 2418 4032 lumbos,
2447 3965 2492 4019 si
2526 3964 2676 4018 labor
2708 3960 2887 4019 fuerit,
2915 3958 3091 4022 cadit;
3121 3966 3211 4010 aut
3240 3963 3299 4009 tit
3329 3955 3479 4008 labor
3509 3954 3581 4008 sit

1974 4075 2028 4121 et
2047 4073 2294 4125 Conatus,
2315 4076 2382 4116 ex
2406 4057 2598 4113 lumbis
2621 4054 2822 4111 no3tris
2847 4051 2928 4123 (ἶ)
2953 4062 3053 4106 est.
3076 4049 3202 4104 Inde
3227 4049 3371 4102 enim
3401 4046 3579 4101 omnis

1974 4159 2142 4213 virtus
2171 4164 2224 4210 et
2255 4153 2432 4210 omnis
2460 4147 2678 4205 materia
2705 4147 2771 4200 ad
2802 4145 3149 4215 sanguinem;
3183 4143 3306 4197 hinc
3327 4155 3576 4206 enerves,

1975 4253 2220 4309 elumbes
2241 4249 2486 4304 dicimus.
2506 4244 2645 4314 Ergo
2664 4251 2720 4295 ut
2739 4240 2994 4294 fortitudo
3015 4253 3072 4293 se
3096 4245 3358 4307 praeparet
3384 4244 3438 4290 et
3457 4249 3580 4290 cor-

1978 4344 2124 4415 poris
2143 4351 2197 4397 et
2217 4339 2402 4404 animi,
2421 4334 2662 4392 succincti
2679 4331 2898 4394 lumbos,
2913 4335 3003 4384 ait.
3030 4329 3194 4386 State.
3218 4325 3407 4397 inquit,
3427 4327 3481 4380 in
3497 4341 3580 4380 ve-

1976 4437 2159 4490 ritate:
2180 4434 2282 4488 hoc
2303 4431 2443 4487 enim
2463 4471 2474 4491 ,
2497 4427 2637 4500 quotl
2658 4440 2753 4480 vos
2772 4435 3051 4478 monemus
3067 4462 3081 4486 ,
3103 4421 3300 4476 veritas
3318 4429 3431 4474 est:
3459 4417 3582 4472 reli—

1979 4544 2083 4598 qua
2101 4536 2279 4582 autem
2304 4525 2356 4578 in
2381 4522 2602 4585 mundo,
2624 4518 2751 4574 falsa
2773 4525 2920 4580 sunt,
2938 4529 3058 4585 quae
3074 4512 3141 4566 de
3166 4511 3348 4565 mundi
3370 4509 3584 4576 sapien-

1906 4622 1952 4682 D
1982 4621 2051 4675 tia
2091 4621 2353 4674 docentur
2380 4630 2443 4669 ac
2476 4615 2834 4682 disitntantur.
2868 4606 2932 4660 Et
2962 4606 3130 4659 induti
3168 4605 3326 4658 lorica
3343 4603 3579 4674 justitite.

1987 4711 2234 4783 Adjnngit
2263 4707 2403 4762 aliud
2440 4713 2784 4776 pra-ceptum,
2812 4711 3006 4770 prater
3034 4697 3212 4762 fidem,
3242 4707 3299 4750 ut
3324 4696 3584 4765 justitiam

1985 4821 2283 4861 servemus.
2312 4803 2647 4871 Quamquam
2679 4796 2804 4851 illud
2827 4836 2842 4861 ,
2877 4793 3013 4861 quod
3046 4807 3204 4861 supra
3237 4793 3434 4845 dictum
3465 4795 3584 4858 est,

1986 4900 2036 4955 id
2061 4909 2143 4955 est
2171 4899 2302 4953 fides
2329 4899 2380 4950 itt
2401 4894 2674 4950 Christum
2699 4889 2778 4966 (8)
2801 4899 2960 4958 caput
2983 4897 3067 4943 εει
3087 4889 3324 4941 omnium
3353 4904 3366 4940 :
3391 4887 3590 4940 etenim

1985 4992 2187 5066 iustitia
2247 5005 2351 5046 non
2404 4995 2608 5043 tantum
2660 4987 2800 5038 valet
2855 4992 3112 5052 quantum
3171 4980 3335 5046 fides;
3389 4976 3588 5034 etenim

2060 5107 2141 5174 (1)
2171 5102 2499 5160 Divinandus
2532 5101 2683 5156 locus
2713 5109 2815 5155 est.

2061 5179 2143 5246 (‘2)
2177 5179 2252 5232 Ita
2287 5176 2444 5231 codd.

2062 5240 2142 5320 (ὃ)
2171 5250 2246 5306 Ita
2269 5249 2428 5304 codd.
2456 5245 2675 5301 Videtur
2702 5253 2878 5298 autem
2911 5241 3083 5298 oratio
3104 5240 3329 5310 abrupta
3353 5248 3444 5294 aut
3468 5253 3594 5310 pes-

1994 5326 2260 5378 suntdata.

2074 5394 2155 5466 (t)
2202 5393 2354 5461 Vulg.
2395 5389 2605 5466 Induite
2643 5405 2730 5466 vos
2766 5397 3080 5466 armaturam
3126 5383 3256 5452 Dei,
3298 5392 3354 5438 ut
3397 5383 3604 5453 possitis

2002 5460 2138 5522 stare
2159 5460 2399 5519 adverstts
2429 5462 2641 5517 insidias
2670 5460 2883 5515 diaboli.

2081 5537 2161 5608 (5)
2197 5541 2265 5591 llzt
2298 5537 2456 5590 codd.

2209 5613 2280 5664 lla
2319 5608 2475 5662 codd.
2511 5605 2670 5674 Vulg.
2704 5606 2754 5658 in
2803 5603 2892 5682 fin.
2929 5619 2986 5682 v._
3019 5602 3080 5682 15
3125 5619 3136 5653 :
3182 5599 3246 5653 Et
3289 5599 3341 5653 in
3380 5597 3615 5654 omnibus

2015 5675 2225 5755 perfecti
2246 5691 2379 5755 stare
2412 5696 2429 5733 :
2451 5689 2578 5755 state
2601 5693 2720 5748 ergo
2745 5675 3008 5742 succincti,
3034 5681 3139 5729 etc.

2091 5756 2170 5826 (7)
2189 5753 2359 5826 Codd.
2385 5752 2580 5826 uestris.

2101 5819 2176 5896 (8')
2197 5825 2366 5881 Codd.
2396 5823 2586 5894 ipsum,
2608 5838 2703 5892 pro
2726 5821 2774 5873 tn
2803 5819 3081 5874 Christum.

2967 5910 3041 5970 Μ
