4010 6306
557 234 692 291 1291

555 444 785 516 plendus
802 453 859 499 ut
870 443 1233 515 jnstissimus;
1255 454 1379 499 tunc
1403 444 1548 501 enim
1569 443 1699 500 ﬁdes
1722 443 1875 499 nobis
1894 444 2152 515 proderit,

554 547 612 595 et
631 549 757 595 tunc
777 553 900 594 vera
924 536 1172 593 eritﬁdes
1190 536 1578 607 sijnstissimus
1599 546 1680 592 :et
1700 537 1907 607 iustitia
1919 534 2159 607 proderit

553 636 602 692 si
630 635 853 692 accedat
881 634 1032 691 ﬁdes.
1066 635 1209 706 Ergo
1236 635 1487 706 adiunxit
1517 645 1636 706 post
1664 635 1823 690 ﬁdem
1852 635 2051 692 induite
2076 636 2155 690 lo-

553 732 718 787 ricam
728 731 972 804 justitiw.
997 730 1167 800 Supra
1188 746 1361 796 arma,
1384 729 1540 798 dixit,
1562 729 1682 786 ﬁdei
1710 730 1911 786 induite
1934 730 2155 786 loricam

549 825 774 896 iustitiae
805 844 817 878 :
844 825 1095 897 quoniam
1119 828 1170 879 in
1198 826 1364 880 armis
1387 834 1495 880 lam
1516 826 1642 881 illud
1679 826 1993 898 intelligitur
2011 826 2156 897 quod

557 918 769 984 munit,
799 933 958 988 quam
989 917 1149 973 etiam
1181 918 1323 988 quod
1354 919 1558 974 resistit
1586 928 1641 974 et
1668 919 2033 975 adversarium
2060 934 2155 974 su-

553 1021 741 1081 perat,
768 1011 821 1065 in
845 1010 1010 1067 lorica
1037 1020 1214 1066 autem
1247 1009 1381 1065 nihil
1410 1011 1551 1065 aliud
1581 1012 1653 1066 sit
1677 1026 1837 1081 quam
1866 1021 1923 1066 ut
1944 1013 2155 1067 munia-

550 1119 702 1169 mur;
733 1101 866 1158 ﬁdes
889 1112 1068 1158 autem
1096 1110 1152 1159 et
1179 1102 1382 1158 resistit
1407 1120 1421 1158 :
1444 1112 1497 1157 et
1522 1103 1644 1159 ideo
1669 1102 1809 1159 dixit
1829 1118 1978 1159 arma
2006 1104 2153 1161 ﬁdei.

550 1196 835 1265 Quomodo
854 1208 1033 1252 autem
1065 1196 1270 1253 resistit
1289 1196 1459 1252 ﬁdes?
1487 1196 1689 1253 scilicet
1718 1195 1765 1252 si
1792 1212 1914 1253 cum
1948 1207 2157 1256 tentare

552 1291 723 1348 hostis
754 1293 1015 1363 ceperit,
1048 1310 1157 1350 non
1194 1308 1481 1365 sequamur
1502 1337 1516 1357 ,
1550 1303 1605 1349 et
1644 1295 1749 1350 ﬁde
1790 1294 2058 1350 custodita
2102 1294 2155 1349 in

550 1386 720 1442 Deum
759 1397 920 1458 atque
951 1388 1002 1443 in
1033 1388 1311 1444 dominum
1342 1386 1648 1452 Christum,
1680 1404 1708 1442 a
1740 1389 2010 1444 sententia
2049 1402 2155 1444 non

546 1496 879 1537 moveamur.
904 1482 1158 1539 Resistite
1182 1497 1313 1552 ergo
1336 1522 1352 1548 ,
1385 1496 1446 1538 ut
1472 1483 1677 1538 resistit
1702 1482 1794 1553 qui
1821 1483 1983 1539 habet
2010 1483 2115 1539 tela
2140 1525 2155 1549 ,

546 1573 772 1642 gladios.
800 1573 944 1644 Ergo
967 1589 1139 1641 arma,
1167 1574 1359 1644 inquit,
1386 1573 1589 1630 induite
1617 1574 1766 1641 ﬁdei,
1788 1585 1847 1629 ut
1869 1573 2152 1631 resistatis.

549 1662 622 1721 At
648 1676 855 1734 contra,
884 1666 1088 1737 iustitia
1120 1666 1495 1723 tantummodo
1522 1667 1575 1722 in
1604 1666 1758 1723 factis
1783 1677 1896 1733 est;
1930 1683 2036 1722 non
2063 1665 2159 1722 ad-

551 1766 790 1820 versario
816 1764 1052 1829 resistit,
1082 1763 1178 1819 sed
1206 1763 1321 1834 ipsa
1357 1778 1418 1817 se
1445 1770 1664 1833 praestat
1692 1762 1887 1818 bonam
1918 1763 2158 1818 clemen-

2267 1766 2363 1821 per
2391 1766 2452 1807 se
2474 1752 2849 1823 accipiendum
2884 1795 2899 1819 ,
2941 1762 2999 1810 et
3019 1755 3169 1827 galea
3200 1759 3454 1813 salutaris
3472 1771 3567 1829 per
3586 1774 3639 1815 se
3654 1761 3795 1831 adjun-

551 1868 678 1913 tem.
699 1857 842 1929 Ergo
865 1857 1050 1921 lorica,
1072 1857 1263 1926 inquit,
1278 1855 1529 1927 iustitiae;
1549 1870 1653 1926 qua
1674 1857 1873 1912 bonum
1896 1864 2153 1923 sectatus,

552 1959 608 2006 et
634 1950 829 2006 bonam
862 1959 1095 2005 mentem
1122 1957 1178 2004 et
1205 1948 1404 2004 bonum
1436 1963 1531 2003 eor
1554 1947 1812 2004 ostendit.

625 2038 789 2099 Vens.
824 2042 913 2098 15.
932 2040 1076 2096 —Et
1100 2042 1310 2096 calceoli
1333 2041 1486 2111 pedes
1505 2041 1559 2095 in
1582 2041 1960 2112 praeparatione
1984 2039 2161 2094 Em-

548 2137 667 2209 gelii
691 2138 853 2206 pacis,
873 2136 1125 2207 quoniam
1160 2135 1510 2206 Evangelium
1544 2134 1735 2201 l'ertur,
1764 2145 1820 2190 et
1848 2149 1943 2204 per
1972 2143 2159 2205 gentes

552 2229 890 2299 prmdicatttr.
924 2228 1261 2298 Ubicumque
1289 2243 1420 2299 ergo
1449 2227 1797 2299 praedicatur,
1829 2226 2157 2283 audiendum

548 2331 653 2377 est.
682 2320 752 2377 Ut
779 2332 959 2375 autem
982 2320 1286 2387 audiamus,
1311 2319 1571 2386 eundum,
1598 2319 2021 2389 pr0perandum,
2048 2317 2157 2374 les-

547 2413 849 2470 tinandum.
874 2413 1018 2485 Ergo
1043 2413 1275 2480 calceati,
1307 2413 1499 2483 inquit,
1524 2412 1676 2483 pedes
1698 2411 1753 2466 in
1782 2411 2161 2484 prwparutione

548 2506 845 2579 Evangelii.
874 2506 1041 2578 Cujus
1072 2506 1393 2578 Evangelii?
1434 2507 1610 2578 pacis,
1651 2505 1824 2577 inquit
1858 2523 1871 2559 :
1907 2505 2159 2575 quoniam

549 2600 898 2672 Evangelium
938 2599 1031 2671 qui
1072 2599 1224 2655 audit
1260 2609 1316 2656 et
1359 2600 1450 2670 qui
1498 2600 1552 2654 in
1591 2599 1896 2667 Evangelio
1940 2607 2161 2669 paratus

550 2700 670 2759 est,
710 2691 923 2748 Domini
953 2690 1049 2758 ﬁt,
1084 2689 1358 2746 Christum
1388 2691 1596 2755 credit,
1628 2691 1894 2761 promissa
1926 2691 2157 2761 accipit,

548 2786 797 2843 ﬁduciam
820 2786 980 2858 gerit,
1002 2801 1123 2841 cum
1150 2784 1300 2840 nullo
1324 2785 1495 2839 hostis
1516 2790 1619 2841 est.
1642 2783 1787 2855 Ergo
1811 2782 1955 2854 pacis
1983 2783 2162 2840 Evan-

550 2878 786 2951 gelium;
818 2877 868 2932 id
899 2886 985 2934 est
1014 2878 1185 2948 pacis,
1211 2892 1331 2947 quze
1362 2876 1442 2948 (l)
1470 2886 1554 2932 est
1576 2876 1790 2932 animis.
1815 2875 1929 2932 Hoc
1955 2891 2085 2948 ergo
2106 2884 2163 2931 ut

550 2971 852 3041 capiamus,
884 2969 1111 3026 calceati
1144 2968 1307 3040 pedes
1334 2983 1457 3024 esse
1484 2968 1766 3037 debemus,
1796 2967 1848 3024 id
1874 2976 1959 3024 est
1988 2967 2162 3040 parati

548 3081 874 3131 excurrere,
903 3064 1323 3130 circumvolare,
1360 3062 1566 3120 audire.
1597 3063 1692 3119 llis
1732 3078 1864 3134 ergo
1912 3063 2161 3120 omnibus

1850 231 2048 288 MAR]!
2084 230 2432 294 VICTORINI
2468 234 2634 293 ΔΕΜ

542 353 719 423 justus
740 366 803 406 ea:
827 349 929 420 ﬁde
952 350 1112 416 uiuit;
1136 357 1311 405 tamen
1336 350 1458 422 quia
1488 359 1655 407 estet
1681 349 1764 409 hic
1791 348 2017 406 aﬁ‘eetus
2047 350 2150 405 im-
2179 354 2228 412 Α
2255 356 2433 410 omnia
2455 357 2653 425 accipit
2680 353 2830 411 ﬁdes.
2886 354 3115 425 Spiritus
3152 362 3328 411 autem
3357 354 3526 412 lumen
3548 367 3621 414 est
3644 400 3658 423 ,
3697 377 3777 419 non

3671 243 3775 300 1292
3914 152 3919 253 J

2260 450 2418 521 ignis.
2480 449 2616 505 Hinc
2646 464 2820 520 neque
2858 449 3081 520 spiritus
3112 492 3126 514 ,
3178 448 3305 505 dum
3332 449 3506 506 lumen
3545 453 3777 520 innitatur,

2260 541 2399 613 ignis
2426 551 2509 598 est
2537 558 2551 596 :
2586 543 2723 613 ignis
2743 548 2924 597 autem
2952 543 3131 598 omnis
3156 552 3336 598 nocet.
3369 543 3505 615 Ergo
3531 558 3680 617 neque
3698 549 3780 618 spi-

2260 636 2395 691 ritus
2418 644 2579 691 nocet
2605 652 2619 690 :
2645 650 2833 691 verum
2858 635 2986 691 dum
3040 636 3095 691 in
3139 636 3413 693 Christum
3453 647 3532 694 est
3572 639 3718 707 ﬁdes,
3762 658 3784 699 ι

2259 728 2460 784 lumine
2490 730 2543 784 in
2572 729 2791 785 Christo
2841 728 3044 800 accipit
3097 731 3279 785 lumen
3315 748 3327 784 :
3376 730 3455 786 sic
3496 731 3658 789 lumen
3694 733 3783 792 ﬁdei
3914 682 3922 800 i

2261 822 2438 893 ignem
2478 821 2673 889 vincit,
2722 823 2845 894 quia
2882 823 3022 894 ignis
3048 825 3189 879 circa
3221 836 3438 880 carnem
3462 824 3596 881 valet
3620 836 3666 882 et
3686 842 3784 895 0pc.

2259 923 2432 982 ratur,
2454 925 2508 971 et
2532 915 2648 986 ipse
2678 916 2982 971 mundanus
3007 925 3093 971 est
3120 958 3135 982 ,
3182 925 3237 972 et
3278 917 3347 973 de
3377 919 3589 975 materie
3610 924 3785 978 materia

2257 1021 2360 1065 est.
2388 1010 2503 1066 Non
2534 1010 2677 1065 valet
2715 1020 2893 1065 autem
2924 1010 3067 1066 circa
3106 1010 3286 1067 lumen
3313 1019 3563 1068 aaternum
3591 1013 3670 1070 Dei
3693 1014 3786 1073 Jesu

2257 1102 2479 1159 Christi.
2530 1101 2621 1159 Sic
2644 1102 2847 1158 lumine
2873 1103 2965 1157 illo
2992 1102 3079 1158 hic
3123 1104 3260 1176 ignis
3288 1094 3642 1176 extinguitur:
3669 1123 3787 1179 quem

2259 1195 2437 1266 ignem
2459 1194 2569 1250 dixi
2592 1194 2825 1249 maxime
2845 1196 3105 1251 concitari
3132 1196 3506 1263 sermonibus;
3535 1200 3616 1268 qui
3631 1215 3789 1256 sermo-

2261 1302 2378 1353 nes,
2399 1290 2520 1356 quia
2543 1297 2838 1344 excurrunt
2853 1295 2909 1344 et
2928 1287 3131 1353 volant,
3154 1290 3363 1360 sagittae
3388 1305 3510 1346 sunt
3531 1296 3785 1348 nominate.

2332 1380 2495 1437 Vsus.
2531 1382 2621 1437 17.
2654 1381 2816 1436 -Ει
2844 1382 3041 1454 galeam
3070 1382 3282 1451 salutis,
3324 1394 3373 1439 et
3412 1386 3632 1456 gladium
3674 1390 3793 1456 spiri-

2258 1483 2371 1543 tus,
2418 1474 2560 1546 quod
2594 1484 2669 1532 est
2696 1478 2904 1530 verbum
2950 1475 3069 1533 Dei.
3124 1476 3261 1545 Quia
3295 1492 3456 1549 supra
3507 1479 3631 1536 dixit
3664 1480 3795 1538 induti

2260 1567 2481 1623 loricam
2500 1568 2743 1640 iustitiae,
2767 1578 2823 1625 et
2849 1570 2935 1625 hic
2955 1570 3280 1626 audiendum
3307 1572 3513 1629 induite
3536 1573 3715 1645 galeam

2260 1658 2493 1714 lutarem
2520 1669 2575 1716 et
2596 1659 2831 1731 gladium
2879 1662 3124 1733 spiritus.
3178 1662 3372 1719 Utrum
3405 1665 3606 1736 gladius
3626 1667 3794 1737 spiritus

3912 332 3922 665 ἱ

3916 1376 3922 1785 Ι

2257 1844 2492 1915 gendum
2521 1885 2539 1911 ,
2562 1846 2814 1902 salutaris
2852 1846 3075 1917 spiritus
3098 1857 3152 1904 et
3176 1850 3323 1920 galea
3352 1858 3439 1906 est
3465 1893 3480 1917 ,
3535 1858 3588 1907 et
3610 1851 3791 1923 gladium

2260 1939 2467 1995 induite
2492 1937 2594 2011 (1).
2627 1939 2734 1995 Sed
2763 1941 2808 1995 si
2837 1941 3046 2010 gladius
3065 1958 3193 1997 vere
3217 1954 3475 2015 certeque
3514 1956 3761 2001 revocatur
3779 1989 3792 2014 ,

2260 2034 2404 2104 quod
2430 2040 2516 2090 est
2545 2033 2770 2089 verbum
2802 2035 2896 2090 Dei
2927 2077 2942 2101 ,
2992 2045 3300 2106 separatum
3320 2048 3406 2093 est
3435 2079 3451 2104 ,
3507 2038 3691 2095 induite
3708 2039 3793 2110 gla-

2260 2126 2408 2183 dium
2432 2126 2675 2197 spiritus.
2722 2128 2862 2194 Quid
2887 2143 3019 2200 ergo
3058 2131 3160 2184 erit
3183 2130 3387 2201 galeam
3413 2131 3589 2186 salutis
3607 2132 3795 2187 induite!

2258 2219 2508 2275 Christus
2532 2219 2751 2290 quidem
2781 2224 2833 2275 in
2861 2236 2928 2276 eo
2957 2222 3101 2291 quod
3154 2221 3256 2278 huc
3282 2223 3563 2279 descendit
3587 2267 3602 2292 ,
3631 2234 3798 2297 etmys—

2262 2315 2403 2370 terio
2427 2327 2527 2369 suo
2547 2330 2649 2370 nos
2676 2315 2939 2383 redemit,
2971 2316 3221 2372 salutaris
3251 2328 3335 2373 est
3362 2334 3378 2373 :
3404 2319 3519 2389 ipse
3545 2330 3686 2389 caput
3706 2335 3798 2375 nos-

2262 2417 2404 2463 trum
2437 2424 2451 2461 :
2479 2407 2718 2463 custodit
2743 2409 2887 2465 enim
2909 2420 3072 2480 caput
3104 2410 3358 2466 Ecclesiae
3392 2388 3571 2478 {unde
3597 2413 3722 2485 galea
3738 2427 3796 2468 ει-
3916 2388 3922 2489 Ι

2260 2500 2451 2556 lutaris
2475 2510 2579 2558 est.
2608 2501 2777 2559 Porro
2803 2512 2983 2560 autem
3007 2505 3231 2560 verbum
3262 2548 3276 2572 ,
3329 2520 3442 2577 quo
3493 2507 3707 2564 adversa:
3728 2521 3797 2579 po-

2263 2596 2446 2650 tentite
2484 2596 2777 2652 vincuntur
2805 2637 2820 2662 ,
2859 2599 3238 2669 opprimuntur
3266 2615 3281 2664 ;
3312 2602 3473 2656 sicuti
3502 2602 3683 2658 dictum
3707 2601 3795 2675 (2):

2262 2687 2521 2744 diabolum
2545 2690 2718 2758 perdet
2742 2691 2931 2761 spiritu
2953 2693 3060 2746 oris
3086 2692 3188 2747 sui.
3216 2693 3358 2764 Ergo
3382 2691 3619 2751 Christus
3646 2738 3661 2764 ,
3697 2695 3795 2768 quod

2261 2793 2337 2838 est
2355 2782 2563 2839 uerbum
2582 2782 2683 2839 Dei
2712 2827 2726 2852 ,
2763 2786 2885 2841 ideo
2903 2787 3101 2843 missus
3127 2797 3208 2843 est
3231 2796 3287 2843 ut
3309 2804 3527 2846 omnem
3548 2791 3795 2863 corruptio-

2263 2892 2386 2931 ncm
2433 2884 2488 2932 et
2533 2892 2751 2935 omnem
2782 2881 3166 2952 malignitatem
3217 2892 3378 2955 atque
3422 2885 3587 2957 ipsam
3623 2895 3794 2941 mortem

2262 2970 2464 3028 vincat.
2498 2972 2706 3030 Idcirco
2748 2974 2951 3031 dictum
2978 2984 3063 3033 est
3093 2993 3107 3033 :
3152 2975 3363 3049 gladius
3384 2989 3472 3037 est
3494 2980 3693 3053 spiritus
3713 2996 3796 3037 ver—

2261 3061 2389 3118 bum
2421 3064 2534 3120 Dei.

549 3158 679 3229 quid
699 3157 963 3213 efﬁcitur?
994 3156 1153 3213 facile
1181 3157 1501 3212 resistemus
1531 3156 1908 3226 potestatibus,
1930 3154 2157 3213 rectori-
2188 3151 2235 3216 C
2336 3156 2504 3213 Vsus.
2537 3159 2624 3215 i8.
2655 3188 2728 3201 --
2754 3159 2863 3216 Per
2898 3176 3099 3217 omnem
3149 3165 3404 3220 rationem
3454 3175 3503 3222 et
3549 3167 3797 3223 observatio-

549 3252 652 3307 hus
677 3251 1010 3319 spiritalibus
1042 3249 1314 3318 nequitias.

625 3342 794 3399 Vitas.
827 3340 1019 3397 16.——I
1028 3359 1059 3395 ιι
1086 3341 1343 3409 omnibus,
1370 3350 1577 3413 accepto
1601 3349 1744 3395 scuto
1772 3339 1895 3410 ﬁdei
1926 3338 2027 3411 (Ξ).
2054 3340 2161 3397 Re-

556 3437 637 3495 dit
655 3436 722 3493 ad
746 3437 891 3493 illam
918 3451 1206 3501 summam,
1238 3450 1358 3506 qua:
1382 3435 1654 3491 concludit
1682 3435 1885 3501 omnia,
1916 3451 2035 3507 quas
2062 3437 2162 3492 im-

560 3531 668 3604 plet
686 3532 935 3588 universa
960 3549 972 3585 :
998 3530 1157 3587 aliter
1185 3532 1327 3586 enim
1355 3530 1566 3586 fortiter
1588 3545 1886 3602 repugnare
1908 3531 2163 3588 resistere

558 3638 636 3685 tot
666 3626 772 3682 illis
804 3625 1161 3698 potestatibus
1192 3639 1297 3680 non
1329 3625 1588 3690 valemus,
1620 3623 1721 3678 nisi
1750 3623 1938 3679 muniti
1982 3633 2159 3694 scuto,

561 3731 617 3778 ut
645 3734 835 3776 omnes
862 3718 1002 3774 ictus
1045 3730 1207 3788 atque
1256 3717 1489 3787 impetus
1528 3715 1898 3771 universarum
1928 3725 2159 3786 potesta-

562 3827 671 3873 tum
694 3815 1031 3871 munimento
1052 3812 1174 3868 ﬁdei
1199 3811 1545 3881 repellamus.

641 3911 885 3979 Denique
899 3906 1176 3976 subiunxit
1196 3924 1209 3963 :
1228 3907 1281 3959 in
1298 3921 1398 3972 quo
1424 3904 1628 3974 possitis
1644 3920 1820 3959 omnes
1834 3904 2052 3975 sagittas
2069 3919 2160 3959 ne-

559 4003 791 4074 quissimi
808 4002 983 4072 igneas
1009 4000 1324 4070 restinguere
1341 3998 1445 4069 ('5).
1471 3997 1704 4067 Sagitlas
1727 3996 2167 4067 freqttentissime

561 4110 618 4157 ct
645 4101 697 4155 in
723 4096 1005 4169 evangelio
1030 4135 1046 4161 ,
1077 4103 1127 4150 et
1155 4095 1209 4148 in
1242 4094 1410 4148 Paulo
1436 4134 1451 4159 ,
1503 4101 1559 4146 et
1588 4090 1641 4145 in
1673 4090 1951 4160 prophetis
1982 4132 1998 4158 ,
2030 4100 2085 4146 et
2111 4091 2166 4145 in

567 4193 732 4250 David
766 4192 973 4263 positas
1002 4189 1232 4259 legimus
1265 4203 1282 4254 ;
1333 4200 1467 4257 quas
1514 4185 1866 4253 intelligimus
1917 4184 2165 4255 disputa-

562 4290 738 4344 tiones
766 4294 823 4342 ct
864 4285 1026 4340 verba
1054 4292 1108 4339 et
1132 4288 1395 4337 tractatus
1421 4294 1580 4345 esse;
1611 4278 1705 4335 sed
1733 4279 2048 4350 nequissimi
2074 4293 2163 4334 sa-

565 4382 727 4454 gittas
751 4422 769 4449 ,
800 4379 854 4436 id
875 4388 959 4435 est
987 4376 1131 4431 male
1150 4373 1439 4430 suadentes
1479 4372 1619 4427 male
1640 4372 1990 4428 vulnerantes
2011 4371 2163 4428 iutel‘

566 4476 841 4546 ligentiam
872 4473 1106 4527 animam
1136 4468 1490 4544 spiritusque
1520 4475 1779 4532 nostros;
1831 4465 1953 4521 ideo
1981 4466 2166 4536 igneas

565 4567 703 4622 dixit
729 4573 1045 4637 perurentes
1063 4604 1079 4629 ,
1105 4575 1240 4632 quas
1265 4572 1459 4614 omnes
1476 4558 1745 4628 extinguit
1772 4556 1895 4613 ﬁdei
1921 4567 2157 4628 scutum,
2192 4552 2247 4613 D
2272 4580 2390 4619 mus
2414 4606 2429 4632 ,
2459 4564 2544 4620 vel
2574 4566 2863 4622 recitemus
2896 4610 2911 4634 ,
2952 4572 3173 4626 orantes
3202 4575 3351 4643 quasi
3380 4573 3622 4631 meditata
3650 4616 3664 4643 ,
3686 4568 3797 4644 quasi

569 4659 622 4714 id
649 4667 731 4714 est
758 4658 871 4727 ipsa
898 4655 1047 4720 ﬁdes,
1082 4663 1140 4707 ut
1168 4651 1309 4723 apud
1342 4667 1403 4707 se
1434 4650 1820 4706 uihilvaleant.
1852 4652 1986 4706 Cum
2016 4653 2161 4708 enim

567 4753 721 4807 adest
748 4750 883 4804 ﬁdes
903 4749 1130 4812 animis,
1184 4747 1273 4801 ille
1302 4746 1438 4816 ignis
1467 4784 1485 4813 ,
1531 4745 1622 4814 qui
1650 4759 1747 4815 per
1776 4744 2009 4814 linguam
2042 4746 2165 4801 mit~

572 4848 701 4900 titur
736 4883 751 4908 ,
785 4840 1115 4911 persuadens
1144 4838 1377 4909 maligna
1400 4837 1580 4892 omnia
1622 4836 1892 4892 mundana
1915 4877 1932 4905 ,
1985 4838 2162 4893 extin-

570 4943 765 5009 guetur
783 4944 838 4989 et
860 4933 1177 5001 intepescet.
1206 4930 1339 4986 Nam
1368 4932 1545 4986 omnis
1569 4931 1656 4986 illa
1693 4933 1974 5001 persuasio
2020 4933 2175 4987 mali-

573 5032 687 5103 gni,
704 5028 958 5101 quoniam
981 5022 1268 5079 carnaliter
1286 5022 1521 5092 loquitur
1535 5022 1889 5084 etcarnaliter
1910 5022 2167 5092 insinuat,

571 5141 667 5197 per
697 5121 1013 5194 sanguinem
1046 5119 1184 5172 valet
1214 5134 1226 5169 :
1269 5116 1469 5171 ideirco
1499 5119 1699 5173 excitat
1721 5118 1895 5188 ipsum
1944 5121 2164 5191 sangui-

572 5233 694 5273 nem
729 5232 825 5285 per
872 5226 1040 5268 novas
1094 5209 1474 5279 intelligentias
1505 5227 1518 5263 :
1548 5211 1812 5266 excitatus
1833 5223 2014 5267 autem
2041 5226 2165 5268 san-

569 5312 688 5382 guis
713 5309 902 5380 igneus
949 5304 1027 5360 ﬁt.
1065 5302 1373 5371 Fiuntergo
1414 5301 1518 5354 illae
1539 5299 1749 5371 sagittae
1772 5303 1939 5373 ignea:
1967 5346 1983 5369 ,
2029 5318 2163 5374 quas

570 5403 702 5458 ﬁdes
774 5397 1082 5470 comprimit
1135 5402 1191 5450 et
1246 5390 1510 5463 extinguit
1559 5432 1575 5457 ,
1650 5391 1774 5464 quia
1842 5393 2164 5464 Spiritaliter

639 5580 722 5653 (ι)
751 5577 1125 5654 godd._pacem
1144 5572 1352 5654 guad._
1716 5650 1724 5654 _
1858 5643 1919 5654 Α.
1954 5643 1965 5654 _

648 5643 726 5725 (2)
754 5650 913 5725 Υυιε.
938 5643 990 5725 i_n
1014 5643 1281 5725 omnibus,
1311 5644 1590 5725 Samarites
1614 5650 1817 5725 scutum

640 5714 719 5806 (ξῦ)
753 5714 906 5791 Vulg.
941 5718 1004 5774 In
1025 5734 1125 5787 quo
1145 5717 1350 5789 possitis
1376 5718 1546 5771 omnia
1574 5714 1682 5785 tela,
1702 5715 1997 5787 nequissimi
2016 5716 2163 5788 ignea

564 5807 876 5866 extinguere.

2266 3267 2380 3305 item
2400 3251 2480 3321 (3)
2507 3262 2712 3309 orantes
2738 3296 2754 3323 ,
2782 3256 2837 3309 in
2866 3257 3007 3310 omni
3028 3258 3164 3312 omni
3189 3268 3417 3329 tempore
3434 3304 3446 3325 ,
3469 3261 3523 3316 in
3542 3262 3718 3331 spiritu.
3742 3258 3797 3314 Ad

2264 3345 2583 3414 expellenda
2615 3348 2738 3415 illa,
2762 3365 2881 3419 qum
2903 3365 3063 3421 supra
3095 3352 3237 3408 dicta
3268 3344 3436 3418 sunt,
3468 3355 3520 3410 id
3541 3365 3618 3412 est
3654 3366 3798 3427 poten-

2265 3439 2367 3493 tias
2397 3441 2580 3496 mundi
2623 3441 2952 3512 vincendos,
3009 3453 3251 3502 rectores
3283 3447 3621 3505 tenebrarum
3646 3456 3689 3504 et
3722 3445 3799 3516 spi-

2266 3532 2443 3588 ritalia
2499 3534 2795 3606 nequitias,
2838 3534 2939 3594 hoc
2989 3552 3205 3610 quoque
3233 3540 3488 3613 adjungit
3538 3552 3592 3597 ut
3635 3554 3797 3597 oremus

2266 3626 2507 3696 quatidie
2530 3636 2585 3682 et
2612 3628 2962 3685 Obsecremus
2999 3674 3014 3697 ,
3067 3641 3122 3687 et
3155 3646 3251 3702 per
3278 3648 3499 3691 omnem
3532 3632 3799 3690 obsecratio-

2268 3735 2389 3775 nem
2411 3735 2632 3776 oremus
2664 3723 2714 3776 in
2747 3724 2895 3777 omni
2931 3732 3175 3794 tempore
3203 3725 3421 3795 Spiritu.
3455 3725 3649 3796 Quanta
3675 3724 3742 3780 hic
3764 3732 3799 3779 et

2265 3830 2426 3885 quam
2456 3816 2663 3869 occulta
2715 3826 2982 3887 praecepta
3027 3827 3152 3873 sunt
3201 3819 3269 3875 de
3297 3835 3363 3876 eo
3394 3821 3535 3891 quod
3564 3817 3796 3891 rogamus!

2269 3907 2503 3962 Primum
2530 3908 2671 3978 quod
2695 3908 2830 3964 dixit
2850 3924 2946 3980 per
2967 3926 3181 3967 omnem
3212 3914 3512 3971 orationem
3544 3929 3683 3987 ;qu:e
3702 3911 3801 3968 mul-

2268 4009 2316 4054 ta
2344 4008 2469 4055 sunt
2499 4041 2513 4066 ,
2548 4017 2690 4057 nunc
2722 4017 2817 4073 pro
2851 4004 3008 4060 nobis
3037 4046 3053 4071 ,
3112 4022 3255 4062 nunc
3281 4023 3379 4076 pro
3411 4008 3532 4066 aliis
3560 4051 3574 4075 ,
3618 4021 3733 4063 nunc
3752 4003 3798 4059 ad

2265 4108 2327 4149 ea
2355 4110 2474 4163 qua}
2495 4105 2617 4150 sunt
2647 4099 2929 4168 praesentis
2960 4101 3082 4154 vitm
3107 4141 3121 4167 ,
3147 4116 3288 4157 nunc
3316 4102 3383 4157 ad
3416 4121 3477 4160 ea
3499 4120 3610 4177 qua:
3637 4105 3795 4165 futurae,

2268 4204 2411 4243 nunc
2436 4188 2502 4244 ad
2531 4204 2592 4245 ea
2622 4207 2741 4262 qua:
2772 4193 2966 4247 ultimae
3003 4202 3131 4250 sunt
3162 4236 3177 4260 ,
3231 4210 3371 4251 nunc
3401 4195 3469 4252 ad
3498 4212 3555 4253 ea
3580 4212 3683 4269 qua:
3710 4207 3796 4249 cor-

2269 4282 2417 4351 poris
2449 4322 2464 4348 ,
2518 4292 2580 4336 ut
2603 4284 2781 4354 aliqua
2811 4291 3081 4355 optemus.
3114 4286 3270 4342 Omni
3302 4332 3316 4355 ,
3364 4288 3539 4361 inquit
3566 4331 3580 4353 ,
3610 4287 3798 4344 oratione

2267 4391 2484 4431 oremus
2513 4378 2566 4431 in
2595 4379 2786 4448 spiritu
2819 4391 2870 4434 et
2907 4382 3055 4435 omni
3087 4392 3330 4454 tempore
3357 4402 3369 4438 :
3430 4399 3635 4441 oremus
3658 4383 3699 4438 in
3721 4380 3797 4450 spi-

2269 4470 2374 4524 ritu
2405 4510 2420 4535 ,
2462 4469 2511 4524 id
2542 4480 2625 4525 est
2651 4486 2757 4527 non
2786 4473 3031 4543 qnmdam
3059 4476 3226 4531 verba
3247 4478 3489 4535 dicamus
3509 4478 3588 4535 vel
3616 4475 3799 4550 profera-

2268 4658 2469 4728 scripta
2501 4659 2630 4724 ;sed
2661 4659 2713 4713 in
2744 4660 2935 4730 spiritu
2963 4702 2977 4728 ,
3012 4661 3186 4734 inquit
3216 4706 3231 4731 ,
3283 4667 3431 4722 omni
3476 4677 3695 4738 tempore
3712 4676 3797 4719 ore

2271 4768 2430 4810 mus:
2462 4754 2515 4809 id
2544 4763 2627 4810 est
2656 4763 2713 4809 ut
2736 4764 2791 4811 et
2818 4755 3167 4815 adhibeamus
3198 4760 3448 4819 aﬁ‘ectum
3482 4780 3497 4830 ;
3554 4771 3603 4819 et
3628 4761 3795 4818 interior
3916 4744 3922 4830 1

2273 4847 2492 4916 spiritus
2522 4887 2537 4915 ,
2574 4848 2622 4901 id
2642 4857 2722 4903 est
2751 4847 2913 4902 homo
2941 4851 3168 4907 interior
3202 4897 3215 4918 ,
3249 4855 3546 4913 oratioiiem
3573 4856 3709 4929 pleno
3729 4850 3795 4907 de-

2273 4939 2470 4995 siderio
2498 4941 2693 4996 debeat
2738 4951 2791 4996 et
2818 4942 3014 5000 habeat
3062 4950 3212 5002 omni
3250 4957 3492 5020 tempore
3525 4969 3538 5005 :
3591 4961 3642 5004 ut
3678 4947 3794 5003 etiam

2273 5053 2389 5092 cum
2423 5053 2528 5092 non
2558 5048 2676 5092 orat
2710 5081 2725 5106 ,
2783 5039 2837 5095 in
2865 5041 3063 5110 spiritu
3109 5054 3247 5099 oret.
3305 5045 3442 5113 Quid
3483 5044 3663 5102 deinde
3700 5037 3792 5096 illud

2273 5132 2407 5202 quod
2438 5134 2511 5186 ait
2545 5174 2559 5198 ,
2603 5149 2699 5204 per
2726 5148 2941 5190 omnem
2972 5142 3273 5193 orationem
3301 5147 3357 5195 et
3376 5130 3790 5196 obsecrationem?

2273 5228 2581 5285 Distantiam
2637 5241 2766 5299 puto
2818 5231 2976 5286 istam
3004 5248 3125 5288 esse
3150 5274 3165 5298 ,
3217 5244 3272 5287 ut
3292 5234 3462 5290 oratio
3481 5236 3548 5291 sit
3576 5277 3593 5302 ,
3642 5238 3789 5287 etcum

2273 5320 2459 5377 laudes
2490 5322 2581 5377 Dei
2608 5323 2856 5389 dicimus,
2880 5331 2936 5379 et
2962 5339 3082 5379 eum
3108 5341 3424 5383 enarramus
3439 5321 3789 5400 magnaliaejusi

2273 5424 2319 5457 nl
2342 5417 2674 5457 mumnmtinc
2696 5418 2903 5457 :mimnc
2933 5428 2981 5457 ul
2997 5422 3231 5457 ηιιηηιιιῑι.
3251 5421 3550 5457 lmine-muli
3569 5418 3790 5457 nmmu-

2269 4939 2470 4995 siderio
2498 4941 2693 4996 debeat
2738 4951 2791 4996 ct
2818 4942 3014 5000 habeat
3062 4950 3212 5002 omni
3250 4957 3492 5020 tempore
3525 4969 3538 5005 :
3591 4961 3642 5004 ut
3678 4947 3794 5003 etiam

2270 5053 2389 5092 cum
2423 5053 2528 5092 non
2558 5048 2676 5092 orat
2710 5081 2725 5106 ,
2783 5039 2837 5095 in
2865 5041 3063 5110 spiritu
3109 5054 3247 5099 oret.
3305 5045 3442 5113 Quid
3483 5044 3663 5102 deinde
3700 5037 3792 5096 illud

2267 5132 2407 5202 (ιιιοά
2438 5134 2511 5186 ait
2545 5174 2559 5198 ,
2603 5149 2699 5204 per
2726 5148 2941 5190 omnem
2972 5142 3273 5193 orationem
3301 5147 3357 5195 et
3376 5130 3790 5196 obsecrationem?

2265 5228 2581 5285 Distantiam
2637 5241 2766 5299 puto
2818 5231 2976 5286 istam
3004 5248 3165 5298 esse,
3217 5244 3272 5287 ut
3292 5234 3462 5290 oratio
3481 5236 3593 5302 sit,
3642 5238 3789 5287 etcum

2272 5320 2459 5377 laudes
2490 5322 2581 5377 Dei
2608 5323 2856 5389 dicimus,
2880 5331 2936 5379 et
2962 5339 3082 5379 eum
3108 5341 3424 5383 enarramus
3439 5321 3789 5400 magnaliaejusi

2272 5424 2325 5471 et
2342 5429 2463 5470 cum
2474 5417 2674 5486 gratias
2696 5418 2984 5489 agimus,et
2997 5435 3117 5474 cum
3132 5422 3232 5475 alia
3251 5421 3551 5494 huiusmodi
3567 5437 3581 5478 :
3595 5418 3790 5475 obsecra-

2273 5510 2345 5564 tio
2364 5524 2493 5566 vero
2513 5522 2616 5576 est,
2631 5510 2847 5581 quando
2869 5512 3037 5569 Deum
3060 5530 3275 5572 oramus
3299 5514 3381 5573 vel
3410 5524 3617 5589 propter
3630 5508 3789 5568 veniam

2343 5644 2422 5715 (l)
2456 5644 2530 5701 lta
2558 5652 2641 5701 est
2666 5646 2719 5701 in
2743 5646 2901 5702 codd.
3916 5580 3922 5781 ⁴

2344 5718 2424 5781 (2)
2455 5733 2492 5772 η
2520 5717 2712 5774 Thess.
2748 5734 2817 5781 tt,
2851 5719 2903 5775 8.
3544 5722 3547 5725 ’

2344 5718 2401 5789 (ἓ
2455 5733 2492 5772 n
2520 5717 2712 5774 Thess.
2748 5734 2817 5784 tt,
2851 5719 2903 5775 8.

2345 5718 2425 5861 (ὅ)
2465 5788 2619 5861 Vulg.
2648 5831 2663 5860 ,
2694 5789 2903 5848 obsecrat

2345 5788 2425 5861 (ὅ)
2465 5788 2619 5861 Vulg.
2648 5831 2663 5860 ,
2694 5789 3107 5849 obsecrationem.
3920 5788 3921 5883 ξ
