4010 6306
190 231 319 289 1395

1147 228 1213 287 ΙΝ
1245 229 1634 289 EPISTOLAM
1670 229 1765 286 AD
1801 226 2138 287 EPIIESIOS
2160 228 2367 287 LIBER
2406 229 2468 287 ll.

3339 230 3480 289 1294

185 359 235 403 et
263 354 477 418 peccata
528 356 710 402 nostra
745 365 760 416 ;
816 346 899 403 vel
949 357 1167 418 propter
1203 349 1429 420 gratiam
1464 392 1479 416 ,
1535 359 1592 404 ut
1620 349 1773 406 nobis
1802 352 1850 411 Α
1878 364 1987 420 quo
2016 348 2142 421 quid
2174 349 2405 419 patiatur
2425 347 2664 404 ostendit
2692 389 2706 415 ,
2737 356 2788 404 et
2817 348 3268 419 quemadmodum
3294 365 3478 420 perse-

184 449 414 511 prarstct.
444 439 592 507 llaec,
628 441 868 511 inquam,
902 450 978 496 est
1012 441 1317 497 obsecratio
1346 459 1358 495 :
1393 451 1447 497 et
1474 440 1772 496 dummodo

184 534 265 588 isti
295 532 402 587 duo
433 532 576 587 modi
607 533 715 588 sint
753 548 873 588 eum
910 534 1074 590 Deum
1105 551 1323 591 oramus
1348 580 1362 605 ,
1415 544 1542 591 utet
1574 538 1777 593 oratio-

184 642 301 682 nem
335 627 630 683 habeamus
657 637 712 683 et
736 628 1184 685 obsecrationem.
1215 630 1319 685 Per
1350 646 1565 685 omnem
1589 630 1769 701 igitur,

185 722 379 791 inquit,
408 722 708 778 orationem
725 732 779 777 et
801 737 898 793 per
923 738 1138 778 omnem
1170 725 1620 784 obsecrationem.
1659 723 1774 781 Non

182 815 415 870 contenti
460 816 630 870 simus
656 815 808 884 quasi
835 814 1080 886 quwdatn
1107 818 1267 873 verba
1287 826 1340 872 et
1388 816 1778 873 consuetudine

189 906 559 977 proferre,sed
588 923 654 962 ex
684 907 867 962 animo
885 908 1140 963 interiore
1171 918 1331 981 atque
1359 925 1422 965 ex
1456 919 1664 975 mente;
1695 918 1777 964 at-

186 1018 288 1071 que
315 1044 331 1066 ,
360 1011 547 1073 aperte
573 1012 633 1057 ut
658 1002 834 1057 dicunt
869 1045 883 1068 ,
908 1018 975 1058 ex
1026 1004 1143 1074 ipso
1171 1004 1362 1073 spiritu
1394 1016 1556 1074 atque
1583 1006 1635 1058 in
1661 1006 1779 1075 ipso

183 1096 369 1166 spiritu
395 1114 409 1150 ι
460 1105 515 1150 ιιι
544 1097 704 1150 etiam
727 1109 849 1150 cum
881 1095 1033 1151 deest
1074 1098 1247 1151 oratio
1277 1097 1358 1151 vel
1387 1097 1696 1153 obsecratio
1723 1097 1777 1151 in

186 1188 359 1244 teritis
386 1228 401 1253 ,
436 1203 659 1244 oremus
675 1188 731 1243 in
759 1188 974 1258 spiritu.

254 1280 319 1334 Et
363 1281 416 1335 in
442 1282 557 1352 ipso
607 1281 877 1353 vigilantes
923 1298 1124 1354 semper
1143 1282 1198 1336 in
1219 1282 1359 1336 omni
1397 1284 1627 1336 oratione
1676 1281 1776 1354 (l).

184 1374 395 1445 Adiecit
438 1374 602 1429 etiam
646 1385 856 1431 eertum
904 1380 1159 1444 tempus:
1212 1388 1337 1429 nam
1389 1388 1510 1430 eum
1566 1375 1695 1430 dixit
1728 1374 1781 1430 itt

188 1467 331 1523 omni
361 1476 606 1537 tempore
638 1508 655 1533 ,
713 1468 888 1539 potuit
917 1468 1089 1538 accipi
1144 1468 1288 1538 quod
1333 1481 1546 1539 tempus
1577 1467 1783 1522 homini

185 1562 337 1618 datur
360 1605 375 1630 ,
427 1562 476 1618 id
508 1572 591 1618 est
618 1561 757 1619 dies.
788 1561 893 1620 Sed
925 1564 978 1617 in
1007 1564 1154 1617 omni
1186 1569 1431 1633 tempore
1460 1572 1516 1618 ιιι
1574 1562 1784 1633 plenius

186 1655 442 1724 adiiceret
469 1654 597 1724 quid
624 1654 871 1727 atljunxit
900 1657 1216 1727 ‘ttn'gitautes
1234 1673 1453 1723 semper.
1492 1655 1678 1712 Potest
1707 1666 1786 1711 ta-

1882 453 2031 499 veret
2064 487 2078 511 ,
2131 452 2190 497 ut
2220 459 2325 499 non
2357 442 2698 498 deterrentur
2714 442 2955 498 adversis
2989 484 3004 508 ,
3062 456 3236 513 neque
3288 444 3477 500 dolore

1880 536 2126 590 vincatur
2151 575 2167 602 ,
2199 534 2294 591 sed
2339 534 2559 605 impleat
2586 548 2778 589 munus
2794 535 3126 604 apostolatus
3157 533 3474 605 injunctum.

1883 626 1951 685 Ut
1978 628 2031 681 in
2054 628 2167 699 ipso
2190 626 2500 695 ﬁducialiter
2528 642 2676 697 agam
2703 625 2803 697 (l).
2855 625 2995 681 Bene
3023 636 3077 681 et
3099 625 3187 682 hic
3218 625 3483 682 fidttciali.

1884 730 1963 775 ter
1988 762 2003 787 ,
2043 719 2216 789 inquit
2248 761 2264 786 ,
2297 727 2351 774 et
2379 717 2433 773 itt
2459 718 2808 774 conﬁdentia.
2852 718 2991 787 Quid
3022 719 3166 773 enim
3198 718 3340 774 aliud
3384 719 3479 775 ad—

1885 826 2104 866 versum
2135 821 2400 877 terrores,
2432 810 2713 865 adversum
2739 824 2927 880 prunas
2954 811 3233 881 impositas
3248 821 3339 867 aut
3362 828 3484 882 pre-

1882 903 1991 956 cari
2019 944 2032 967 ,
2062 910 2153 956 aut
2182 901 2427 972 polliceri
2461 901 2720 957 debuerat
2746 944 2762 970 ,
2793 903 2892 958 nisi
2921 912 2978 958 ut
3004 902 3195 959 fiducia
3223 904 3323 959 sibi
3341 915 3486 961 esset

1888 998 1940 1051 itt
1970 995 2331 1067 expunendo?
2362 1008 2419 1052 ut
2450 996 2603 1062 mihi,
2636 997 2828 1068 inquit,
2857 1015 3034 1052 sermo
3059 999 3109 1053 in
3132 998 3484 1071 adapertione

1883 1091 1996 1145 Oris
2021 1090 2248 1145 deturin
2279 1089 2605 1146 confidentia
2632 1107 2645 1153 ;
2679 1090 2730 1145 id
2761 1103 2842 1146 est
2869 1091 2951 1163 (2)
2981 1094 3033 1146 itt
3064 1093 3272 1161 agendo
3297 1135 3312 1160 ,
3344 1103 3401 1148 ut
3429 1095 3485 1148 in

1886 1190 2002 1257 ipso
2017 1186 2333 1241 fiducialiter
2348 1200 2499 1257 agant
2516 1206 2531 1250 ;
2551 1185 2601 1239 in
2619 1185 2755 1255 ipso,
2776 1184 2826 1240 id
2840 1195 2942 1251 est,
2961 1187 3010 1241 in
3028 1187 3307 1258 evangelio
3327 1196 3490 1258 atque

1888 1280 2165 1351 ttzystet-io.
2201 1278 2284 1333 Ita
2313 1290 2363 1334 ιιι
2395 1289 2593 1352 oportet
2618 1296 2696 1333 me
2723 1280 2860 1349 loqai
2879 1298 2898 1347 ;
2951 1280 3001 1336 id
3033 1291 3115 1337 est
3140 1283 3281 1337 enim
3311 1283 3488 1352 ipsum

1887 1388 2051 1442 agere
2077 1371 2473 1443 evangelistam
2505 1414 2518 1439 ,
2564 1372 2745 1443 loqui,
2778 1382 2833 1427 et
2861 1373 3007 1444 loqui
3032 1383 3316 1446 utoportet
3337 1416 3353 1443 ,
3387 1377 3491 1433 hoc

1887 1472 1971 1516 est
2010 1462 2371 1531 fiducialiter;
2431 1481 2499 1520 tte
2543 1466 2717 1521 minus
2758 1467 3011 1537 impleam
3044 1510 3058 1533 ,
3090 1482 3179 1523 aut
3208 1469 3404 1541 aliqttid
3435 1469 3493 1526 in

1889 1555 2070 1609 animo
2117 1572 2237 1612 meo
2265 1557 2472 1628 egerint
2501 1566 2802 1628 calente,et
2831 1576 2936 1616 non
2970 1562 3216 1632 impleam
3250 1574 3305 1617 ut
3332 1578 3495 1635 opor-

1893 1659 1965 1705 tet
1990 1666 2273 1721 exponens
2306 1652 2647 1724 mysterium.

184 1764 307 1804 ntett
333 1747 402 1803 ad
434 1748 789 1805 intentionem
825 1749 1020 1804 mentis
1050 1748 1153 1803 hoc
1177 1748 1345 1819 accipi
1363 1749 1631 1819 vigilantes
1658 1765 1789 1804 sem-
1823 1763 1872 1823 B
1974 1743 2139 1801 Vsus.
2171 1744 2263 1801 21.
2320 1774 2392 1786 —-
2422 1745 2490 1801 Ut
2512 1757 2678 1801 autent
2697 1755 2853 1802 voset
2882 1750 3060 1803 sciatis
3080 1792 3094 1818 ,
3124 1766 3238 1822 qua!
3266 1752 3403 1807 circa
3423 1770 3504 1809 me

189 1859 277 1915 per
311 1854 362 1897 ιιι
394 1843 446 1899 ἰιι
482 1843 629 1899 timui
660 1842 907 1899 oratione
928 1858 1033 1898 non
1062 1842 1227 1898 veluti
1256 1843 1589 1899 dormientes
1608 1886 1622 1909 ,
1648 1842 1790 1914 quod

196 1935 466 2008 patiuntur
496 1938 568 1992 illi
592 1936 685 2008 qui
713 1952 777 1994 ea
807 1953 926 2009 qua:
958 1948 1083 1991 uota
1108 1947 1234 1992 sunt
1282 1938 1511 1993 reeitant
1543 1982 1557 2005 ,
1607 1938 1689 1993 vel
1714 1938 1795 1993 le-

198 2040 351 2101 gunt,
376 2029 461 2085 vel
481 2029 740 2085 memoria
762 2030 1143 2100 pt'ottttutiaut;
1166 2028 1292 2100 quid
1324 2029 1509 2085 dicant
1529 2036 1584 2085 et
1603 2042 1796 2101 quem-

189 2123 475 2178 admodum
502 2124 680 2179 dicant
713 2138 850 2194 pene
904 2140 1007 2178 non
1053 2126 1312 2177 sentiunt.
1355 2122 1560 2177 Idcirco
1584 2123 1695 2179 ait:
1727 2124 1800 2175 tti-

196 2218 407 2288 gilautrs
433 2234 631 2289 semper
660 2218 714 2271 in
734 2218 965 2272 oratione
990 2234 1087 2290 pro
1112 2217 1347 2272 omnibus
1369 2217 1580 2272 sanctis.

264 2310 668 2369 ναῦλα-ΛΞ(
686 2329 777 2384 pro
800 2328 898 2366 me.
917 2311 1162 2383 Magnum
1181 2314 1341 2368 etiam
1360 2311 1733 2368 ltoctttonitum
1749 2319 1802 2366 et

194 2405 231 2461 ft
243 2415 499 2475 cquenter
513 2418 726 2475 quoque
741 2404 1090 2476 tetigimus,et
1103 2404 1397 2460 notandum
1409 2405 1642 2460 diximus
1660 2422 1673 2458 :
1693 2418 1799 2460 non

192 2497 334 2554 enim
363 2512 460 2568 pro
486 2497 641 2553 nobis
672 2505 901 2565 tantum,
932 2496 1026 2551 sed
1045 2497 1211 2552 etiam
1234 2512 1333 2568 pro
1356 2496 1476 2552 aliis
1497 2512 1687 2567 rogare
1708 2496 1801 2550 de-

198 2592 404 2647 bemus.
426 2590 481 2645 ltt
501 2605 609 2662 quo
629 2598 684 2645 et
699 2588 885 2645 multis
911 2588 1047 2644 locis
1067 2588 1221 2644 etbie
1240 2588 1526 2652 admoneo,
1544 2590 1799 2660 quoniam

199 2684 339 2739 istud
367 2692 699 2755 praeceptum
721 2681 921 2751 duplex
952 2690 1068 2749 est,
1099 2690 1157 2736 ut
1181 2690 1235 2736 et
1265 2681 1368 2751 ipsi
1403 2681 1476 2735 illi
1506 2681 1678 2735 sancti
1703 2721 1718 2747 ,
1746 2687 1802 2735 et

204 2777 486 2849 episcopi,
537 2783 594 2832 et
621 2775 891 2846 apostoli,
946 2784 1002 2829 et
1021 2774 1255 2843 majores
1312 2788 1409 2844 pro
1446 2772 1700 2828 ﬁdelibus
1747 2780 1804 2828 et

197 2869 599 2927 Catiedlumellis
657 2877 715 2924 et
768 2882 868 2939 pro
919 2868 1171 2922 omnibus
1258 2866 1380 2923 aliis
1459 2866 1803 2924 inferioribus

197 2981 391 3038 rogare
445 2966 683 3021 debeant
757 2962 917 3018 sicuti
970 2960 1280 3033 frequenter
1332 2962 1476 3017 idem
1536 2962 1623 3017 hic
1671 2976 1802 3017 euu-

200 3071 377 3117 merat
425 3059 570 3131 quod
600 3057 828 3114 inomni
873 3058 1119 3112 oratione
1173 3071 1268 3112 sua
1300 3056 1630 3112 mentionem
1679 3055 1805 3111 facit

1902 1847 2062 1904 sunt;
2088 1836 2212 1908 quid
2232 1855 2381 1910 agam
2400 1881 2413 1906 ,
2445 1847 2621 1893 notum
2640 1839 2779 1895 vobis
2800 1841 2953 1912 faciet
2980 1841 3058 1915 (5)
3087 1842 3337 1915 'l'yclticus
3376 1846 3500 1900 cita-

1903 1931 2138 1985 rissitnus
2161 1933 2324 2003 frater
2348 1940 2393 1986 et
2423 1932 2591 2001 fidelis
2634 1934 2863 1988 minister
2908 1936 2960 1988 in
2988 1933 3233 1990 Domino.
3258 1937 3403 1993 Bene
3430 1939 3504 1995 tle

1906 2024 1989 2079 his
2011 2039 2130 2095 quae
2177 2024 2377 2095 patitur
2417 2026 2549 2081 nihil
2577 2026 2820 2098 epistolas
2860 2029 2990 2084 dare
3018 2029 3185 2085 voluit
3212 2072 3226 2096 ,
3258 2030 3352 2087 sed
3385 2042 3507 2087 tan-

1906 2119 2182 2173 tummodo
2214 2134 2310 2192 per
2337 2122 2579 2175 nuntium
2606 2164 2619 2185 ,
2645 2130 2702 2177 ut
2731 2133 3058 2194 cognoscant
3084 2123 3301 2195 Ephesii
3334 2165 3350 2192 ,
3376 2126 3507 2196 quid

1905 2211 2177 2267 mandavit
2206 2255 2221 2280 ,
2266 2213 2347 2268 vel
2373 2213 2500 2285 quid
2529 2224 2652 2286 agat
2678 2256 2695 2283 ,
2737 2216 2819 2271 vel
2850 2232 2971 2287 quae
3000 2217 3141 2273 circa
3170 2218 3343 2288 ipsum
3369 2218 3502 2276 sint.

1906 2304 2021 2360 Duo
2052 2315 2179 2359 sunt
2201 2307 2346 2361 enim
2376 2322 2390 2361 :
2442 2322 2565 2361 nam
2588 2316 2644 2363 et
2669 2309 2813 2363 circa
2845 2308 3020 2378 ipsum
3061 2322 3267 2366 catenae
3296 2320 3507 2369 suntet

1904 2409 2115 2454 czetera:
2146 2398 2353 2469 injuria:
2381 2418 2392 2453 :
2426 2400 2552 2470 quid
2575 2412 2753 2456 autem
2785 2410 2907 2472 agat
2939 2418 2953 2468 ;
2983 2401 3124 2472 quod
3151 2415 3459 2473 perseverat
3485 2446 3505 2473 ,

1905 2492 2046 2562 quod
2075 2493 2392 2561 mysterium
2416 2494 2598 2564 pandit
2629 2537 2645 2563 ,
2698 2496 2842 2566 quod
2873 2499 3204 2567 evangelizat
3224 2511 3280 2556 et
3304 2502 3503 2571 aperit.

1906 2581 2260 2641 Commendat
2288 2597 2465 2643 autem
2490 2603 2809 2658 personam:
2843 2589 3110 2661 Tychietts
3129 2592 3506 2666 charissimtts,

1909 2678 2120 2749 inquit,
2176 2678 2344 2736 frater
2375 2724 2389 2750 ,
2437 2693 2493 2737 et
2526 2683 2702 2739 fidelis
2723 2685 2969 2741 minister
2999 2688 3052 2741 in
3090 2688 3316 2745 Domino
3349 2707 3361 2743 :
3393 2708 3506 2749 nou

1906 2774 2049 2828 enim
2074 2774 2317 2830 minister
2331 2775 2484 2840 mihi,
2509 2777 2670 2832 sedin
2687 2777 3328 2838 Dominoministercirca
3341 2798 3505 2839 evan-

1904 2867 2105 2938 gelium
2125 2877 2179 2923 et
2199 2867 2342 2923 circa
2371 2870 2708 2940 mysterium.

1983 2958 2148 3015 Vens.
2192 2960 2283 3014 22.
2326 2989 2397 3002 -—
2453 2962 2616 3027 Quem
2679 2963 2797 3017 misi
2847 2963 2917 3017 ad
2954 2977 3041 3019 uos
3066 2964 3121 3019 in
3165 2964 3261 3019 ltoc
3305 2966 3500 3037 iprum.

1906 3052 2021 3108 Non
2072 3054 2215 3109 enim
2259 3054 2373 3126 ipse
2413 3068 2536 3110 cum
2581 3066 2862 3127 pergeret,
2915 3073 3014 3128 ego
3057 3057 3346 3128 mandavi;
3404 3059 3504 3118 sed

195 3157 355 3211 etiam
378 3156 618 3209 omnium
634 3168 879 3209 suorum.
901 3152 977 3207 ita
1000 3160 1055 3208 et
1082 3152 1168 3208 hic
1190 3166 1377 3208 rursus
1400 3161 1453 3206 et
1482 3152 1689 3224 ipsiqui
1715 3152 1792 3206 in-
1823 3174 1868 3239 ρ
1909 3152 2128 3217 propter
2158 3146 2263 3202 hoc
2303 3147 2445 3203 misi.
2478 3147 2553 3203 Ita
2598 3157 2654 3203 et
2700 3150 2771 3206 de
2800 3150 2953 3206 vobis
3006 3166 3192 3207 curam
3242 3167 3373 3223 gero
3398 3195 3414 3221 ,
3449 3163 3506 3210 et

196 3251 421 3309 feriores
439 3262 565 3306 sunt
586 3259 776 3321 rogent
796 3252 848 3304 in
870 3249 1017 3305 omni
1042 3251 1291 3306 oratione
1313 3264 1409 3306 sua
1441 3257 1497 3305 et
1519 3263 1615 3320 pro
1644 3262 1792 3304 sanc-

199 3349 286 3417 tis,
310 3358 364 3404 et
393 3366 491 3419 pro
520 3349 813 3419 episcopis,
842 3357 897 3402 et
919 3362 1017 3418 pro
1053 3363 1160 3411 me,
1196 3348 1368 3418 inquit
1399 3366 1417 3403 :
1440 3347 1583 3420 quod
1616 3357 1794 3403 atten-

197 3443 431 3498 dendum
459 3455 515 3497 et
544 3458 642 3513 pro
671 3442 932 3497 miraculo
958 3441 1283 3509 habendum,
1318 3444 1392 3498 ttti
1420 3442 1487 3498 ab
1519 3444 1623 3509 his,
1657 3456 1792 3514 quos

199 3537 312 3607 ipsc
341 3545 523 3591 mouet
548 3576 567 3603 ,
594 3551 730 3606 quos
752 3536 980 3591 instituit
1006 3575 1022 3600 ,
1078 3536 1272 3605 quibus
1297 3536 1632 3607 evangelium
1667 3552 1791 3606 pru-

198 3630 445 3697 nuntiat,
500 3630 649 3685 velut
686 3629 940 3684 auxilium
982 3636 1174 3702 petat,
1208 3641 1264 3683 ut
1305 3630 1553 3686 oratione
1602 3644 1794 3685 conse-

197 3735 394 3795 quatur
434 3723 655 3793 aliquid.
687 3722 824 3791 Quid
852 3734 1030 3779 autem
1082 3723 1210 3779 illud
1239 3725 1307 3778 sit
1330 3722 1470 3794 quod
1503 3724 1792 3794 petendum

198 3834 296 3887 pro
322 3834 382 3873 se
397 3817 547 3882 dicit,
564 3818 678 3887 ipse
706 3816 984 3889 subjungit
1004 3827 1057 3871 at
1079 3818 1229 3872 detur
1246 3818 1369 3871 ntilti
1389 3819 1440 3871 in
1463 3817 1795 3890 odapertione

193 3909 301 3963 oris
343 3908 443 3962 mei
495 3925 663 3963 sermo
703 3909 753 3962 in
803 3909 1115 3977 conﬁdentia
1164 3918 1337 3963 notum
1391 3911 1562 3980 facere
1606 3919 1792 3980 myste-

193 4004 330 4056 rium
354 4001 456 4075 (il).
490 4002 693 4057 Monuit
726 4002 990 4072 Ephesios
1016 4011 1073 4057 ut
1100 4010 1155 4057 et
1191 4018 1287 4073 pro
1317 4002 1517 4058 sanctis
1545 4011 1794 4073 rogarent

194 4106 249 4149 et
281 4086 517 4150 tuasittte
542 4110 638 4165 pro
656 4110 735 4151 se.
754 4096 891 4162 Quid
921 4106 1099 4150 autem
1132 4106 1385 4164 rogarent
1410 4110 1504 4164 pro
1530 4108 1610 4159 se,
1640 4093 1689 4148 id
1714 4100 1796 4149 est

194 4205 295 4261 pro
322 4192 438 4260 ipso
468 4189 634 4244 Paulo
660 4231 675 4257 ,
703 4189 932 4257 subjecit
958 4230 972 4255 ,
1000 4204 1105 4243 non
1137 4190 1363 4245 salutem
1389 4230 1403 4254 ,
1453 4203 1558 4244 non
1586 4189 1795 4260 aliquas

195 4283 526 4353 cupiditates
551 4324 566 4346 ,
622 4283 714 4337 sed
748 4291 806 4336 ut
835 4291 1015 4353 posset
1049 4280 1189 4336 idem
1223 4281 1418 4337 Paulus
1446 4281 1645 4337 habere
1674 4296 1793 4337 ser-

194 4392 417 4432 monem
443 4387 495 4432 et
525 4386 765 4448 apertam
795 4376 1118 4443 orationem,
1145 4374 1197 4429 id
1219 4385 1301 4430 est
1327 4375 1709 4430 confidentiam
1740 4375 1794 4430 in

191 4471 540 4542 expositione
559 4469 822 4541 evangelii
841 4479 1002 4539 atque
1023 4467 1285 4541 mysterii.
1307 4467 1448 4523 Vere
1465 4470 1607 4524 enim
1632 4471 1792 4524 etiam

1898 3241 2076 3295 omnia
2100 3255 2198 3296 vos
2223 3242 2364 3297 scire
2391 3242 2536 3296 volo.
2568 3242 2623 3297 ln
2655 3241 2760 3298 hoc
2782 3244 2955 3314 ipsum
2983 3258 3113 3315 ergo
3137 3287 3152 3312 ,
3188 3256 3245 3300 ut
3264 3248 3500 3317 sciretis,

1895 3333 2015 3389 misi
2050 3350 2064 3399 ;
2098 3343 2155 3389 ut
2180 3328 2518 3402 cognoscatis
2542 3352 2663 3407 qum
2688 3338 2829 3391 circa
2861 3351 2961 3390 nos
2988 3344 3239 3407 agantur.
3279 3338 3346 3394 Et
3382 3357 3504 3395 cou-

1893 3427 2084 3484 soletur
2131 3428 2289 3483 corda
2309 3441 2492 3483 vestra.
2550 3428 2648 3484 Hic.
2667 3429 2780 3500 jam
2823 3430 3054 3501 amplius
3086 3471 3102 3496 ,
3155 3434 3410 3503 quoniam
3431 3433 3503 3491 de

1894 3521 2106 3577 duobus
2135 3536 2299 3577 unum
2329 3523 2417 3577 hic
2446 3524 2727 3593 conjunxit
2750 3564 2765 3591 ,
2810 3540 2930 3595 quas
2959 3524 3101 3579 circa
3130 3540 3230 3581 nos
3249 3536 3500 3597 agantur,

1896 3612 1948 3668 id
1977 3622 2062 3669 est
2099 3628 2235 3685 quas
2259 3628 2446 3684 poenas
2471 3616 2763 3671 toleremus
2794 3656 2809 3682 ,
2842 3632 2976 3687 quas
3002 3624 3222 3672 catenas
3251 3636 3263 3667 τ
3300 3618 3503 3674 ideirco

1896 3704 2093 3774 adjecit
2126 3746 2141 3773 ,
2175 3713 2230 3761 et
2273 3707 2587 3761 consoletur
2614 3707 2778 3763 corda
2807 3721 2981 3764 vestra
3013 3730 3027 3767 :
3082 3728 3148 3765 ne
3164 3711 3233 3766 de
3257 3726 3344 3767 me
3370 3727 3501 3766 cura

1896 3807 1952 3853 et
1980 3798 2344 3856 sollicitudine
2372 3801 2631 3857 laboretis
2663 3844 2678 3869 ,
2722 3804 2874 3857 vobis
2902 3805 3257 3859 consolationi
3289 3807 3357 3859 sit
3380 3804 3501 3875 ipse

1897 3907 2020 3947 cum
2070 3894 2386 3963 exposuerit
2414 3894 2554 3963 quali
2611 3897 2791 3949 animo
2837 3896 2937 3950 sim
2991 3904 3045 3951 et
3089 3897 3231 3967 quali
3281 3896 3497 3953 ﬁducia.

1967 3985 2136 4041 "Vens.
2160 3987 2251 4052 25,
2283 3988 2460 4043 2i.-—
2496 3987 2611 4042 Pax
2638 3989 2881 4060 fratribus
2913 4000 2956 4043 et
2979 3990 3204 4047 citat-itas
3226 4008 3343 4046 cum
3369 3991 3499 4061 ﬁde.

1900 4079 2083 4137 Gratia
2102 4082 2313 4137 cum/tis
2343 4080 2422 4155 (4-)
2443 4124 2458 4151 ,
2488 4084 2578 4154 qui
2605 4084 2826 4156 diligunt
2856 4084 3136 4141 Dominum
3156 4098 3388 4141 nostrum
3405 4086 3500 4143 Je-

1898 4189 2012 4227 sum
2064 4173 2324 4229 Christum
2352 4176 2406 4229 in
2456 4177 2759 4232 lemnitate.
2806 4178 2986 4232 Amen.
3048 4178 3325 4235 Postrema
3374 4195 3499 4251 pars

1899 4269 2143 4340 epistolae
2173 4271 2410 4340 precatio
2446 4278 2528 4326 est
2562 4313 2577 4338 ,
2634 4279 2688 4326 et
2718 4280 2967 4343 precatur
3013 4281 3067 4328 et
3114 4283 3262 4343 optat
3311 4289 3502 4344 pacem

1900 4360 2201 4417 fratribus:
2263 4362 2390 4417 item
2440 4361 2795 4429 charitatem,
2841 4363 3039 4420 deinde
3085 4364 3264 4419 fidem.
3323 4365 3501 4435 Supra

1900 4456 2043 4511 enim
2088 4456 2163 4511 ita
2190 4456 2439 4524 dixerat,
2485 4457 2628 4529 quod
2668 4467 2817 4514 esset
2862 4458 3005 4514 inter
3044 4460 3167 4515 illos
3201 4459 3496 4518 discordia.

192 4580 383 4623 eoi-tun
414 4566 657 4622 oratione
677 4565 1049 4634 postulandum
1075 4578 1179 4632 est,
1203 4565 1396 4637 quibus
1414 4565 1673 4636 prodesse
1696 4565 1791 4621 hoc

1904 4547 2105 4603 Deinde
2131 4547 2374 4617 adjunxlt
2399 4549 2620 4619 gratiam
2640 4549 2719 4603 Itis
2749 4550 2838 4620 qui
2864 4560 3106 4622 prwstant
3131 4551 3288 4621 ﬁdem
3306 4595 3322 4622 ,
3349 4562 3398 4608 et
3418 4554 3499 4608 di-

196 4670 377 4732 potest
405 4677 420 4726 ;
454 4670 511 4715 ut
539 4661 791 4730 quoniam
820 4659 1135 4730 mysterium
1157 4670 1211 4715 et
1235 4658 1568 4728 erangelium
1601 4657 1796 4713 Paulus

196 4757 509 4829 pronuntiat
533 4798 546 4821 ,
581 4756 655 4811 illi
678 4756 767 4826 qui
803 4755 1107 4825 percepturi
1150 4754 1254 4809 hoc
1284 4764 1409 4810 sunt
1441 4797 1455 4821 ,
1507 4753 1609 4809 hoc
1638 4761 1797 4809 orent

194 4860 256 4909 ut
282 4863 466 4906 sermo
480 4848 733 4913 abundet,
755 4858 808 4903 et
823 4862 885 4904 os
906 4847 1141 4919 apertius
1156 4847 1529 4919 proloquatnr,
1556 4847 1793 4901 eteonli-

192 4944 380 5001 (lentia
409 4946 526 4998 sine
545 4942 723 5014 aliqua
757 4940 1114 5013 trepidatione
1139 4955 1422 5011 exponens
1449 4942 1789 5014 mysterium.

269 5036 438 5093 Vsus.
498 5037 587 5090 20.
639 5063 714 5077 —-
742 5033 848 5089 Pro
890 5050 990 5103 quo
1049 5035 1303 5105 legatione
1347 5038 1536 5106 [angor
1592 5035 1647 5089 in
1708 5049 1795 5088 ca-

193 5142 334 5187 tena.
366 5131 425 5186 Id
451 5140 529 5186 est
560 5144 661 5202 ego
689 5131 892 5201 legatus
920 5142 948 5182 a
970 5128 1206 5193 Christo,
1252 5120 1376 5185 licet
1402 5130 1454 5185 in
1488 5141 1675 5186 eatena
1702 5148 1796 5202 po-

189 5226 333 5283 situs
361 5265 378 5291 ,
430 5236 610 5281 tamen
660 5226 975 5297 mysterium
1008 5224 1182 5295 pando
1227 5233 1282 5281 et
1327 5227 1663 5298 evangelium
1694 5245 1706 5281 :
1740 5228 1795 5283 in

268 5429 354 5502 (Ι)
382 5426 537 5499 ναις.
564 5471 579 5491 ,
636 5444 742 5483 non
776 5428 931 5502 habet
966 5442 1165 5502 semper
1189 5435 1243 5483 et
1272 5442 1369 5499 pro
1391 5429 1621 5485 oratione
1645 5430 1695 5486 itt
1728 5445 1792 5487 ea

196 5499 398 5573 legitur
424 5502 668 5573 instantia
693 5512 742 5555 et
780 5499 1146 5573 obsecratione.

270 5571 351 5645 (‘2)
381 5575 532 5644 Vulg.
566 5598 582 5631 .-
616 5572 684 5628 Ut
709 5572 855 5645 detur
882 5571 1005 5625 mihi
1029 5571 1257 5645 sermoin
1285 5573 1544 5643 apertione
1567 5574 1672 5630 oris
1699 5574 1800 5629 mei

195 5643 567 5713 cuttt'ﬁdttcia,
600 5657 774 5701 notam
802 5644 970 5716 facere
991 5643 1286 5713 mysterium
1308 5644 1570 5716 evangelii.

1904 4640 2072 4712 liguut
2103 4639 2385 4696 Dominum
2412 4653 2645 4696 nostrum
2678 4640 2855 4697 Jesuut
2886 4641 3163 4698 Christum.
3212 4645 3287 4700 lta
3315 4647 3499 4705 omnia

1904 4734 2158 4788 conclusa
2185 4742 2345 4799 sunt;
2396 4750 2497 4804 pax
2526 4734 2593 4789 ad
2619 4734 2942 4790 discordiam
2970 4775 2986 4802 ,
3016 4734 3254 4792 cbaritas
3284 4739 3349 4793 ad
3376 4753 3502 4793 con-

1902 4826 2165 4892 citrdiatn,
2197 4826 2329 4882 lidcs
2355 4826 2422 4881 ad
2454 4828 2616 4882 Deum
2648 4839 2737 4883 :et
2766 4844 2830 4883 ex
2862 4829 2966 4883 lide
2987 4830 3159 4901 gratia
3189 4841 3500 4902 praestatur,

1901 4918 2071 4989 gratia
2097 4918 2306 4973 Domini
2356 4917 2441 4973 his
2468 4919 2557 4989 qui
2609 4918 2926 4976 eharitatem
2976 4924 3117 4977 inter
3145 4940 3202 4978 se
3228 4935 3280 4978 et
3309 4939 3501 4995 pacem

1898 5010 2117 5075 habent,
2134 5021 2188 5065 et
2210 5009 2365 5064 fidem
2396 5011 2447 5064 itt
2474 5010 2666 5079 ipsum.
2686 5011 2741 5066 ltt
2774 5012 3131 5070 aeternitatem
3153 5027 3333 5072 autem
3351 5017 3498 5088 quod

1898 5102 2194 5173 subiunxit,
2227 5117 2293 5157 ne
2321 5104 2605 5173 pra'setttis
2629 5104 2749 5159 vitae
2780 5115 2985 5160 tantum
3010 5117 3131 5162 vota
3156 5111 3296 5175 sint,
3322 5111 3418 5167 sed
3441 5121 3498 5168 et

1898 5195 2235 5269 futuraque:
2248 5198 2394 5253 estin
2412 5213 2506 5268 spe
2522 5209 2575 5254 et
2590 5200 3498 5269 promissioneChristianisAmen.

1901 5354 2052 5498 laxi)
2086 5356 2265 5428 Vulg.,
2298 5356 2383 5412 Ita
2404 5367 2459 5413 ut
2479 5360 2531 5414 in
2559 5360 2672 5432 ipso
2702 5362 2950 5428 audeam,
2980 5371 3135 5433 prout
3159 5374 3358 5436 Oportet
3391 5384 3493 5439 me,

1976 5499 2053 5574 (ΔΞ)
2082 5498 2252 5574 Codd.
2283 5503 2387 5574 hic,
2422 5519 2518 5574 pro
2543 5505 2599 5557 id
2636 5516 2728 5560 est.

2091 5571 2272 5649 Yulg.,
2305 5570 2494 5649 Omnia
2524 5578 2665 5631 nobis
2687 5586 2802 5633 vota
2823 5581 3040 5649 faciet...

1981 5645 2059 5715 (οἱ)
2093 5644 2243 5717 Vulg.
2282 5686 2297 5713 ,
2332 5645 2599 5703 Omnibus.
