4010 6306
184 238 327 295 ΗΜ

181 455 396 518 putant,
429 450 731 518 deponunt,
758 464 811 505 ut
840 453 940 522 ipsi
970 456 1247 510 materiam
1274 458 1535 529 mqnalem
1563 460 1673 513 Deo
1697 477 1791 530 pcr

181 536 520 594 nativitatem
545 538 801 605 allii-iant,
827 559 947 614 qua:
971 546 1074 599 vim
1100 549 1333 616 patiatur
1352 552 1419 605 ab
1444 565 1510 606 eo
1531 563 1585 607 et
1608 551 1782 608 faciat.

183 630 395 685 Patitur
424 633 592 698 enim,
624 635 840 705 quando
869 653 1122 707 generat;
1155 640 1303 709 facit,
1343 646 1560 714 quando
1592 646 1791 702 dissol-

182 722 295 785 vit;
328 730 385 777 et
408 737 636 795 uterque
684 729 735 781 in
783 729 992 785 irritum
1041 732 1332 789 ducuntur.
1375 737 1576 792 Deinde
1607 741 1674 794 ab
1708 741 1789 794 his

182 816 566 886 postulandum
594 830 698 882 eSt,
723 822 766 874 si
800 825 1094 881 nativitatis
1134 842 1248 882 sua:
1287 839 1512 899 uterque
1540 832 1787 903 proprie-

182 917 345 965 tatem
389 914 748 968 conservant?
787 915 920 970 Nam
945 916 1029 990 (Ι)
1067 918 1111 973 si
1158 922 1390 976 vincitur
1441 923 1603 991 Deus,
1635 941 1785 980 suam

178 1004 456 1074 pr0priam
513 1007 565 1061 in
622 1008 904 1065 nativitate
957 1014 1210 1068 virtutem
1270 1016 1521 1083 perdidit.
1583 1018 1789 1075 Rursus

180 1099 406 1152 materia
462 1098 507 1154 si
555 1115 585 1155 a
640 1102 751 1157 Deo
803 1105 1150 1172 reformatur,
1211 1109 1507 1165 nativitatis
1560 1112 1784 1169 f0rmam

177 1192 384 1246 amisit.
417 1192 611 1249 Postea
639 1209 763 1250 cum
793 1209 973 1268 empto
1008 1215 1174 1270 opere
1214 1201 1265 1255 id
1308 1208 1417 1273 egit
1447 1205 1586 1273 quod
1632 1222 1788 1261 nunt-

177 1301 338 1355 quam
371 1285 474 1360 (2),
524 1290 594 1343 ita
634 1296 692 1344 ut
738 1301 923 1348 coacta
973 1309 1003 1347 a
1053 1292 1378 1352 fabricatore
1421 1310 1677 1368 generet;
1717 1301 1783 1356 ad

178 1385 393 1449 tempus
420 1383 671 1438 virtutem
693 1386 927 1456 aliquam
950 1391 1240 1459 accepitab
1267 1406 1334 1446 eo
1361 1392 1411 1446 itt
1439 1392 1780 1463 proferendo.

174 1476 330 1545 Quod
373 1477 420 1532 si
457 1480 667 1549 accepit
710 1481 852 1551 qttod
895 1498 1001 1537 non
1050 1484 1255 1552 habuit,
1305 1489 1414 1556 jam
1464 1490 1784 1548 :eternitatis

176 1573 415 1640 potentia
487 1572 790 1628 excluditur
844 1590 941 1645 per
999 1576 1252 1633 virtutem
1321 1597 1480 1651 quam
1551 1583 1778 1654 accepit.

176 1660 407 1731 Propter
427 1663 569 1733 quod
597 1680 726 1734 rogo
749 1666 890 1721 unde
916 1669 1170 1737 probatur
1190 1671 1368 1726 innata
1391 1690 1511 1743 qua)
1534 1675 1586 1728 in
1613 1675 1780 1732 forma

1514 249 1600 303 DE
1641 249 1725 305 PH
1738 249 1947 308 YSlClS
1988 254 2208 311 LIBER.

182 353 464 425 proposita
514 353 820 413 fabricaret.
876 359 929 415 In
973 369 1177 416 tantum
1218 362 1532 432 dignitatem
1565 367 1702 436 ejus.
1738 377 1795 423 ut
1821 378 1873 439 Α
1902 386 1991 427 res
2021 389 2146 430 esse
2174 390 2490 448 I'lOSt'llttlttl‘,

3356 278 3499 338 1298

2523 398 2695 454 neque
2730 387 2779 440 in
2814 392 3061 446 omnibus
3090 410 3333 465 regnare.
3366 399 3500 456 Cant

1895 483 2002 523 non
2035 470 2286 526 omnibus
2312 475 2665 543 contulerint;
2698 496 2798 536 nec
2827 499 2932 538 non
2955 484 3185 544 diversis
3209 493 3499 560 generibus

1893 563 2056 619 illatis
2085 608 2099 633 ,
2147 583 2321 639 neque
2362 572 2613 628 omnibus
2642 577 2936 646 a'qualibtts
2972 582 3221 651 (alterum
3255 588 3399 642 enim
3428 588 3497 643 ab

1891 657 1999 711 alio
2021 658 2245 733 diﬂ‘ert).
2277 677 2501 720 necesse
2527 678 2608 719 ρει
2627 682 2722 722 eos
2747 670 2921 723 minth
2941 685 2990 726 et
3009 677 3240 745 amplius
3265 676 3489 749 inferre,

1891 753 2166 818 cognosci.
2223 755 2301 810 Ex
2339 774 2440 826 qua
2477 758 2720 816 illatioue
2761 764 2933 834 major
2963 767 3242 839 minorque
3271 787 3369 843 per
3398 790 3498 845 pu-

1893 854 2137 901 tcstatem
2171 865 2321 904 suam
2358 854 2627 908 invenitur
2659 875 2672 910 :
2705 874 2825 926 quae
2856 859 3109 916 distantia
3158 864 3493 924 divinitatem

1892 940 2184 995 nativitatis
2217 960 2377 998 unam
2425 949 2770 1005 constitutam
2801 954 3053 1009 omnibus
3082 972 3203 1012 esse
3233 975 3337 1013 noa
3364 976 3496 1017 eon-

1889 1031 2032 1085 ccdit
2064 1051 2077 1084 :
2111 1050 2174 1088 ett
2220 1049 2327 1105 quo
2357 1037 2421 1090 ad
2465 1054 2627 1093 unum
2666 1041 2859 1096 iterum
2894 1045 3199 1103 iunativitas
3237 1055 3492 1119 pertinet,

1889 1125 2102 1179 cmteris
2146 1127 2384 1183 exclusis
2430 1130 2497 1184 ab
2551 1132 2886 1189 iunativitate
2921 1154 2933 1190 :
2971 1138 3111 1193 unde
3165 1152 3320 1196 natos
3367 1160 3491 1201 esse

1889 1233 2113 1274 necesse
2142 1231 2243 1274 est.
2266 1220 2383 1277 Jatn
2415 1240 2629 1293 quoilue
2659 1229 2790 1295 nati,
2819 1246 2923 1283 non
2945 1247 2970 1283 a
2996 1248 3074 1297 se,
3098 1234 3146 1288 id
3179 1252 3263 1306 qui
3286 1238 3318 1291 d
3347 1249 3494 1306 sunt,

1890 1311 2178 1380 habentes;
2214 1329 2311 1369 nec
2331 1331 2360 1369 a
2383 1332 2441 1373 se
2464 1316 2714 1374 virtutem
2749 1322 2968 1392 habere,
2995 1329 3086 1381 se'l
3111 1327 3313 1395 datam,
3342 1345 3494 1386 com-

1890 1407 2163 1476 probatur.
2195 1408 2348 1475 Quod
2378 1411 2419 1464 si
2449 1429 2475 1463 a
2509 1427 2569 1467 se
2601 1430 2707 1469 non
2735 1427 2880 1483 sunt,
2906 1417 3028 1472 data
3061 1437 3276 1492 quoque
3308 1433 3492 1491 potes-

1888 1508 1998 1555 tate
2028 1510 2285 1566 utuntur;
2315 1505 2765 1571 quemadmodum
2794 1512 2972 1564 omnia
3002 1511 3193 1567 fecisse
3220 1514 3486 1580 dicentur.

1888 1591 1987 1662 ipsi
2031 1606 2294 1650 creaturze
2325 1612 2444 1652 esse
2482 1600 2808 1657 manifestati
2841 1602 2956 1676 (l)?
2997 1605 3063 1660 Et
3115 1608 3229 1663 ltﬂPC
3272 1611 3490 1679 quidem

1885 1685 2064 1739 Omnia
2117 1690 2406 1756 attingunt,
2465 1690 2511 1745 si
2562 1693 2611 1745 itt
2658 1696 2883 1763 singulis
2942 1714 3135 1755 omnes
3184 1701 3489 1759 Conferant.

176 1757 476 1812 nativitatis
507 1772 620 1813 sua:
649 1775 754 1813 non
788 1762 1120 1829 permansit?
1148 1764 1255 1819 Nec
1287 1765 1339 1820 iu
1369 1766 1566 1823 virtute
1596 1784 1695 1823 nec
1725 1771 1776 1824 iit
1808 1782 1857 1842 Β
1884 1778 2036 1846 Quod
2069 1779 2113 1834 si
2144 1795 2246 1835 o0u
2277 1798 2485 1849 omnes,
2532 1786 2626 1841 sed
2665 1788 2858 1857 singuli
2891 1792 3096 1857 singula
3130 1804 3348 1862 regant.
3392 1811 3487 1851 ne-

176 1849 366 1903 eadem
400 1864 573 1918 putest
601 1864 720 1906 esse
751 1854 1046 1908 substantia
1072 1898 1087 1923 ,
1135 1874 1255 1926 qua:
1300 1869 1533 1915 mutatur
1560 1865 1778 1930 virtute,

177 1943 382 2008 colore,
433 1943 625 2010 forma,
674 1949 952 2018 qualitate,
1001 1950 1205 2007 viribus
1250 1954 1502 2009 omnibus
1542 1972 1556 2010 :
1603 1957 1780 2014 innata

177 2052 301 2093 esse
332 2053 437 2093 non
467 2047 668 2107 potest,
697 2056 816 2111 quin
843 2050 922 2097 tot
945 2043 1089 2099 vitiis
1126 2052 1181 2099 et
1220 2047 1631 2104 necessitatibus
1661 2066 1783 2106 suc-

176 2130 404 2186 cumbit.
436 2130 566 2200 Qu-.e
596 2148 717 2188 cum
749 2145 832 2189 est
861 2148 914 2190 et
949 2136 1206 2204 probatur
1251 2155 1357 2194 non
1406 2142 1608 2207 innata,
1654 2143 1784 2199 reli-

176 2237 342 2293 quum
383 2232 468 2278 est
510 2232 589 2290 ut,
642 2223 691 2279 id
740 2225 881 2297 quod
926 2236 1031 2293 est,
1082 2240 1204 2284 nata
1257 2230 1504 2303 factaque
1555 2247 1784 2306 cognos-

176 2325 354 2371 catur.

252 2406 341 2464 IV.
382 2408 552 2477 Quam
581 2410 801 2481 quidem
835 2427 932 2469 nec
947 2414 1159 2484 plurimi
1186 2414 1280 2480 dii,
1314 2418 1411 2472 sed
1431 2434 1567 2475 unus
1591 2419 1783 2479 fecisse

179 2500 497 2558 dinoscitur.
521 2502 639 2558 Non
666 2505 810 2560 enim
841 2519 1059 2577 propter
1089 2508 1455 2567 diversitatem
1483 2528 1663 2569 rerum
1691 2525 1783 2570 aut

179 2598 435 2653 virtutum
465 2600 729 2669 plurimos
754 2615 877 2656 θεςθ
903 2604 1042 2656 ratio
1076 2604 1339 2673 permittit
1364 2606 1531 2673 deos;
1578 2622 1699 2663 cum
1726 2609 1782 2664 in

181 2704 284 2744 una
300 2700 439 2745 terra
456 2689 672 2747 diversa
692 2708 891 2763 genera
916 2693 1227 2763 herbarum,
1245 2696 1475 2768 frugum,
1505 2701 1782 2770 arborum,

180 2784 474 2855 gignuntur
498 2784 732 2841 diversis
746 2790 1065 2859 corporibus
1105 2802 1405 2860 procreata,
1430 2793 1659 2850 diversis
1686 2813 1783 2851 cu-

179 2877 386 2933 loribus
415 2888 624 2942 ornata,
658 2880 886 2936 diversis
924 2883 1211 2939 Virtutibus
1261 2886 1533 2941 roborata.
1579 2887 1783 2959 Nempe

180 2981 238 3027 et
264 2972 443 3028 anima
475 2986 654 3029 nostra
678 2991 800 3030 cum
833 2991 936 3031 una
965 2977 1053 3041 sit,
1084 2978 1327 3035 diversas
1349 2984 1546 3035 artium
1581 2984 1784 3038 machi-

181 3067 452 3134 nationes,
499 3067 907 3140 disciplinarum
957 3070 1252 3139 doctrinas,
1285 3074 1483 3129 fortnas
1515 3075 1784 3130 instituto-

1885 1886 1990 1941 que
2011 1881 2193 1926 utatur
2219 1873 2357 1929 alter
2384 1877 2607 1931 alterius
2638 1892 2906 1945 creatura,
2941 1883 3033 1937 sed
3066 1886 3380 1941 concidatur
3406 1898 3488 1955 to-

1886 1973 1994 2018 tttnt
2025 1967 2306 2030 sarculum,
2322 1969 2544 2039 singulis
2559 1972 2768 2043 singula
2791 1991 2953 2045 opera
2975 1991 3069 2031 sua
3097 1978 3164 2034 ad
3186 1994 3245 2033 se
3271 1980 3491 2036 trahen-

1885 2057 2023 2112 tibus
2054 2074 2117 2114 ac
2136 2059 2570 2127 defendentibus,
2604 2083 2704 2121 nec
2726 2084 2825 2122 nos
2856 2070 2954 2138 ipsi
2985 2073 3208 2129 alterius
3234 2083 3483 2130 creatura

1886 2152 1958 2205 uti
1988 2152 2378 2220 permittamus,
2417 2166 2471 2210 et
2503 2159 2955 2227 quemadmodum
2985 2162 3277 2221 animantia
3302 2168 3485 2223 vivere

1884 2252 2111 2312 possunt
2139 2244 2377 2301 discreta
2412 2247 2617 2319 singula
2644 2267 2672 2304 a
2711 2256 2966 2309 C(I'lel‘is?
2994 2258 3147 2322 Quod
3185 2260 3228 2311 si
3261 2259 3330 2314 ob
3361 2276 3491 2315 con-

1883 2336 2121 2392 cordiam
2148 2338 2399 2395 bonitatis
2432 2357 2544 2397 suae
2570 2347 2883 2413 permittunt
2910 2350 3008 2419 ipsi
3054 2351 3270 2422 quidem
3310 2353 3484 2411 imbe-

1883 2431 2059 2496 cillos,
2091 2433 2182 2502 qtti
2216 2434 2315 2487 nisi
2342 2449 2438 2504 per
2457 2435 2679 2491 alterius
2707 2452 3010 2496 creaturam
3043 2452 3188 2498 stare
3215 2461 3368 2499 suum
3401 2446 3481 2519 (9.)

1886 2524 2065 2580 facere
2089 2539 2197 2581 non
2226 2528 2525 2597 patuerint;
2568 2546 2667 2585 nec
2699 2532 2796 2602 ipsi
2834 2550 2988 2589 suum
3016 2537 3096 2610 (5)
3131 2549 3356 2604 regunt,
3387 2540 3480 2595 sed

1885 2631 2034 2670 usus.
2059 2617 2214 2683 Quod
2234 2619 2275 2670 si
2301 2635 2428 2675 usus
2443 2620 2670 2689 detinet,
2705 2623 2794 2678 ille
2825 2641 2929 2680 non
2961 2627 3127 2698 regit;
3159 2643 3224 2684 ex
3252 2645 3358 2701 quo
3374 2648 3479 2687 non

1885 2722 2008 2763 esse
2031 2710 2392 2778 cognoscitur.

1958 2800 2044 2855 Vl.
2063 2799 2141 2856 Ae
2163 2803 2392 2857 mundus
2410 2805 2525 2875 ipse
2542 2805 2731 2862 horum
2754 2808 3027 2865 hominum
3053 2813 3312 2870 insaniam
3336 2830 3482 2872 com-

1885 2894 2089 2966 primit,
2122 2905 2442 2964 creatorem,
2478 2911 2764 2966 rectorem,
2792 2906 3226 2975 gubernatorem,
3257 2909 3480 2980 dispen-

1886 2999 2121 3045 satorem
2162 3007 2316 3047 suum
2358 2995 2667 3051 ostendens.
2700 2998 2832 3065 Quis
2863 2999 3005 3054 enim
3053 3002 3259 3068 pluvias
3288 3004 3482 3061 alienis

1887 3083 2206 3149 immitti-ns,
2236 3099 2347 3139 suae
2370 3091 2701 3155 operationis
2730 3091 2899 3145 aliena
2931 3094 3171 3148 enutrit?
3190 3095 3323 3163 Quis
3349 3107 3484 3154 lem-

190 3178 332 3229 rum,
364 3179 646 3219 numerum
677 3181 1070 3239 mensurarum,
1101 3182 1357 3223 sonormn
1389 3170 1671 3240 elationes,
1696 3188 1781 3228 re-
1806 3168 1852 3231 C
1888 3192 2076 3246 porum
2107 3178 2324 3233 nocivas
2363 3184 2792 3251 contrarietates,
2836 3189 3095 3256 temperie
3141 3190 3477 3260 interposita,

180 3270 300 3310 rum
331 3254 580 3323 (λαὶ-ειυς,
610 3259 966 3329 cogitationes
991 3301 1006 3324 ,
1033 3260 1231 3328 judicia
1262 3263 1551 3323 rationum.
1576 3266 1780 3320 consti-

181 3350 300 3404 tttit.
323 3349 476 3416 Quod
506 3351 551 3404 si
581 3351 633 3405 in
660 3360 765 3404 tam
790 3351 1027 3406 minimis
1059 3355 1220 3407 rebus
1248 3356 1336 3408 uni
1358 3355 1673 3411 snb~taotite
1698 3357 1780 3431 (5)

181 3449 264 3497 tot
292 3458 471 3497 rerum
502 3440 729 3498 effectus
759 3443 1108 3510 conceditur;
1142 3456 1341 3515 quanto
1371 3448 1539 3517 magis
1572 3450 1656 3504 illa
1702 3450 1782 3504 di-

176 3535 372 3592 vinitas
410 3534 597 3590 barum
649 3536 883 3606 ipsarum
916 3552 1095 3592 rerum
1133 3538 1363 3607 genitrix
1410 3540 1489 3613 (4)
1523 3558 1625 3597 una
1658 3558 1782 3601 esse

182 3629 544 3701 cognoscitur,
583 3631 798 3701 quando
826 3641 989 3687 tanta:
1010 3633 1273 3706 majestati
1291 3636 1574 3695 diversitas
1602 3653 1780 3695 rerum

179 3738 356 3794 neque
402 3722 510 3778 vim
556 3724 774 3790 inferre,
802 3741 903 3781 nec
930 3727 1141 3782 auferre
1165 3739 1484 3799 potestatum
1517 3731 1782 3801 potuerit?

178 3816 382 3873 Deinde
400 3819 834 3891 interrogandum
848 3821 1039 3892 quibus
1051 3823 1336 3894 generibus
1354 3825 1614 3895 plurimos
1629 3827 1755 3883 indu
1768 3860 1781 3868 -

176 3921 305 3967 eunt
331 3912 464 3967 deos
492 3922 670 3969 utrutn
699 3931 768 3970 ne
797 3915 1036 3971 omnium
1060 3933 1247 3973 omnes
1273 3930 1564 3985 creatores,
1597 3938 1664 3977 an
1699 3922 1781 3996 (5)

175 4004 507 4075 singularum
536 4007 758 4062 rerum?
778 4008 1098 4065 Conditores
1121 4013 1359 4066 omnium
1385 4029 1509 4069 esse
1529 4030 1633 4070 nOu
1659 4032 1783 4086 pos-

150 4107 303 4158 ,sunt
349 4099 473 4170 quia
530 4100 729 4156 sufficit
773 4119 952 4168 unus,
1009 4113 1065 4158 ut
1116 4104 1318 4160 dictum
1370 4117 1475 4163 est.
1532 4109 1687 4176 Quod
1734 4112 1778 4164 si

173 4189 392 4262 pluritni
423 4193 495 4247 dii
527 4192 630 4249 hoc
654 4209 815 4266 agere
844 4196 1242 4265 existimentur,
1268 4200 1444 4255 omnis
1472 4200 1552 4275 (6)
1582 4203 1781 4258 inferre

172 4301 400 4343 necesse
427 4298 510 4343 est
537 4290 763 4362 singulis
792 4293 956 4347 rebus
980 4293 1123 4361 quod
1153 4295 1377 4351 donant.
1408 4296 1566 4353 Unde
1588 4300 1784 4369 imper-

169 4377 371 4434 fectum
401 4391 484 4436 est
515 4383 656 4451 quod
695 4384 763 4440 ab
794 4401 901 4439 uno
933 4385 1194 4453 infertur;
1236 4386 1497 4459 deestqne
1535 4392 1779 4447 materiae

167 4488 492 4531 cancrorum
523 4478 710 4546 illatio,
730 4478 854 4550 quia
881 4496 987 4534 non
1010 4480 1210 4535 sufficit
1240 4482 1289 4537 id
1319 4482 1461 4553 quod
1484 4485 1690 4553 accepit
1710 4484 1780 4539 ab

1884 3268 1950 3324 ad
1976 3271 2259 3327 utilitatem
2302 3287 2492 3329 omnes
2535 3276 2794 3331 sociavit?
2836 3288 3118 3334 ventorum
3161 3282 3334 3348 flatus,
3362 3283 3485 3339 ani-

1886 3363 2137 3417 matiouis
2175 3380 2334 3419 causa
2359 3408 2372 3430 ,
2416 3368 2748 3423 nasccntium
2791 3373 3155 3428 creationibns
3197 3376 3485 3430 subminiso

1886 3457 2030 3511 trat?
2061 3456 2203 3512 Deus
2230 3458 2309 3531 (ί)
2350 3460 2567 3529 quidem
2599 3478 2667 3517 cx
2701 3463 2847 3518 omni
2888 3476 3132 3521 creatura
3162 3468 3478 3533 dinoscitur,

1884 3550 2297 3621 sicutscriptutn
2322 3565 2403 3608 est
2438 3572 2449 3607 :
2472 3553 2599 3608 Caeli
2626 3560 3104 3629 enarrantglm-iam
3126 3560 3241 3627 Dei,
3284 3572 3329 3615 et
3356 3578 3480 3629 opes

1884 3658 1946 3695 ra
1975 3659 2221 3697 manuum
2256 3648 2366 3718 ejus
2395 3648 2668 3701 annuntiat
2709 3650 3107 3717 ﬁrmamentum.
3162 3652 3259 3708 llic
3298 3668 3479 3708 rerum

1884 3737 2123 3791 omnium
2154 3738 2422 3805 conditor,
2449 3749 2645 3805 rector,
2670 3741 3481 3818 gubernator,dispensatorqne

1884 3829 2196 3899 reperitur:
2238 3845 2345 3901 quo
2366 3831 2608 3901 cognito,
2644 3848 2802 3901 prava
2848 3835 3195 3891 contentione
3237 3838 3477 3908 quidam,

1885 3919 2196 3975 infirmitate
2217 3922 2381 3976 animi
2409 3924 2490 3977 sui
2514 3923 2756 3979 ordinem
2789 3942 2965 3980 rerum
2992 3942 3097 3982 non
3124 3931 3482 3999 comprehen-

1883 4014 2094 4080 dentes,
2127 4029 2226 4070 nec
2254 4014 2356 4069 hoc
2379 4016 2550 4086 ipsum
2582 4017 2942 4087 intelligentes
2965 4061 2979 4083 ,
3009 4021 3152 4091 quod
3190 4023 3437 4078 nesciunt
3462 4066 3477 4090 ,

1883 4108 2176 4164 calliditate
2215 4109 2378 4163 animi
2417 4125 2611 4165 causas
2661 4112 2910 4183 ingerunt
2957 4113 3097 4181 Deo;
3140 4128 3230 4169 aut
3270 4131 3374 4171 non
3408 4117 3479 4173 ita

1884 4200 1998 4257 fieri
2028 4201 2283 4257 debuisse
2311 4202 2575 4269 dicentes,
2618 4211 2675 4257 ut
2715 4204 3001 4269 caderent;
3029 4217 3117 4259 aut
3148 4222 3213 4261 ex
3244 4222 3310 4261 eo
3335 4208 3478 4275 quod

1883 4296 2103 4361 cadunt,
2138 4295 2490 4365 ignorantiam
2535 4296 2584 4350 ei
2632 4298 2717 4351 vel
2756 4298 3013 4354 malitiam
3045 4300 3475 4358 adscribendam.

1880 4387 2035 4444 Fecit
2062 4390 2287 4444 enimut
2318 4391 2423 4444 sint
2458 4406 2472 4443 :
2515 4391 2657 4461 quod
2688 4391 2733 4445 si
2778 4394 2977 4460 evenit,
3009 4404 3064 4448 ιιι
3095 4411 3199 4449 non
3221 4395 3359 4461 sint;
3383 4407 3481 4451 aut

1883 4480 2149 4552 ignoravit
2180 4480 2424 4537 faciendo
2452 4482 2596 4553 quod
2626 4483 2843 4551 evenit;
2882 4494 2973 4540 aut
3019 4485 3260 4554 sciendo,
3292 4486 3477 4543 volens

167 4582 295 4622 uno.
335 4568 400 4622 Et
434 4569 544 4639 jam
596 4574 818 4627 materia
860 4571 1074 4643 melior,
1116 4589 1237 4645 qua:
1277 4575 1518 4631 omnium
1548 4577 1773 4633 virtutes
1802 4561 1858 4623 Ῑ)
1883 4576 2114 4631 liberare
2143 4588 2250 4629 non
2283 4574 2485 4646 potuit;
2518 4585 2610 4630 aut
2635 4592 2759 4630 cmn
2789 4579 2979 4647 possit,
3011 4579 3229 4633 tradidit
3249 4595 3345 4650 per
3366 4596 3479 4635 ma-

165 4659 284 4716 sula
317 4662 368 4715 in
397 4677 456 4717 se
483 4666 803 4735 susceperit.

247 4755 307 4809 V.
349 4755 555 4812 Deinde
582 4774 687 4813 non
718 4760 944 4832 singula:
972 4776 1062 4817 res
1085 4761 1153 4817 ab
1182 4763 1440 4820 omnibus
1465 4766 1773 4822 constitutae

167 4850 468 4921 probantur
501 4872 513 4907 :
549 4868 654 4909 non
683 4870 746 4910 ex
782 4856 970 4912 iisdem
1013 4858 1259 4913 subsistit
1289 4859 1425 4930 lapis
1453 4903 1468 4928 ,
1498 4862 1694 4933 quibus
1721 4874 1776 4920 et

163 4944 361 5011 arbor;
386 4962 558 5017 neque
585 4948 768 5013 arbor,
797 4964 865 5004 ex
893 4949 1088 5019 quibus
1118 4965 1318 5021 pecus;
1351 4968 1452 5008 nec
1479 4954 1641 5024 piscis
1669 4969 1767 5026 ge-

163 5054 292 5107 nus,
318 5056 382 5095 ex
413 5043 606 5112 quibus
653 5042 816 5107 ferte;
849 5059 948 5100 nec
985 5055 1287 5115 serpentes.
1321 5058 1413 5102 aut
1445 5047 1635 5104 bellua:
1657 5090 1673 5116 ,
1707 5065 1774 5105 ex

162 5132 364 5202 quibus
387 5132 549 5189 ltouto
583 5153 596 5188 :
625 5136 720 5190 sed
753 5152 974 5193 necesse
1012 5146 1097 5194 est
1136 5138 1313 5194 minus
1343 5150 1398 5195 et
1420 5142 1651 5214 amplius
1679 5143 1776 5199 ba—

162 5224 299 5281 bere
321 5226 589 5282 confiteri.
619 5227 770 5284 Unde
797 5243 903 5284 non
942 5229 1273 5301 singulorum
1308 5247 1498 5289 omnes
1526 5233 1775 5291 condito-

265 5404 319 5476 ι)
357 5404 527 5461 Codd.
556 5404 700 5461 lam.

261 5477 319 5553 ξ)
359 5477 719 5553 Subintellige
744 5489 913 5553 egerat
942 5480 1026 5537 vel
1057 5482 1256 5553 egisset.

262 5548 319 5607 5)
358 5549 526 5604 Codd.
555 5548 990 5607 una’sub'stanlt'a.

263 5556 297 5603 5
358 5556 526 5604 Codd.
555 5567 626 5604 un

263 5621 295 5674 Ii
361 5620 436 5674 lta
463 5620 626 5677 codd.

264 5556 322 5764 5i
356 5692 626 5764 ‘Codd.au

264 5689 322 5749 5)
363 5692 533 5749 Codd.
565 5701 673 5748 aut.

265 5762 324 5833 6)
352 5762 428 5819 lia
457 5763 579 5821 cod.
616 5780 713 5836 pro
742 5780 933 5823 omnes.

238 5554 261 5834 Ξ

1874 4669 2064 4727 litiam.
2094 4667 2333 4736 Quorum
2363 4678 2611 4723 neutrum
2656 4670 2721 4724 ad
2762 4670 3092 4727 divinitatem
3135 4673 3477 4731 admittitur:

1878 4778 1980 4820 nec
2007 4765 2149 4817 enim
2178 4761 2257 4815 fas
2284 4769 2369 4818 est
2393 4763 2631 4817 nescisse
2650 4761 2824 4817 futura
2856 4763 3213 4833 divinitatem,
3245 4783 3345 4823 nec
3376 4783 3471 4821 vo-

1880 4855 2080 4911 lentem
2110 4853 2339 4909 liberare
2368 4868 2474 4908 non
2510 4856 2769 4923 potuisse,
2800 4870 2900 4910 nec
2927 4855 3184 4911 malitiam
3204 4857 3475 4916 adscribi:

1878 4950 1968 5019 qui
1991 4944 2158 5000 voluit
2186 4953 2243 5000 et
2271 4944 2416 5009 fecit,
2445 4961 2510 5001 ex
2524 4961 2592 5011 eo
2610 4947 2733 5017 quia
2759 4946 3005 5002 voluntas
3028 4949 3277 5017 faciendi,
3297 4953 3483 5009 exclu-

1879 5042 1959 5099 dit
1988 5041 2248 5097 malitiam
2277 5040 2603 5113 negligendi.
2627 5042 2833 5111 Quibus
2855 5043 3104 5112 sublatis,
3131 5045 3348 5100 tertium
3373 5047 3484 5102 eri-

1880 5153 2005 5194 meu
2046 5136 2271 5191 iniciunt
2298 5135 2751 5206 impossibilitatis
2779 5137 2888 5193 Deo
2946 5137 3076 5205 Quae
3115 5137 3297 5193 omnia
3317 5138 3487 5210 expli-

1881 5229 2053 5288 canda
2081 5237 2225 5285 sunt.
2256 5227 2365 5284 Nec
2388 5226 2532 5285 enim
2561 5228 2734 5284 malus
2763 5236 2863 5296 est,
2892 5230 2984 5300 qui
3024 5228 3196 5285 voluit
3234 5238 3292 5286 et
3329 5230 3476 5299 fecit,

1980 5414 2036 5470 ll
2078 5413 2456 5469 llellcnismtts.

1980 5415 2004 5470 1
2078 5414 2456 5469 llellcnismtts.

1954 5414 2166 5560 iiiﬁie
2196 5557 2206 5560 _
2235 5485 2471 5560 loquitur
2524 5483 2738 5560 ferreus
2782 5482 3128 5560 Victorinus,
3190 5500 3221 5540 a
3271 5484 3484 5542 caeteris

1882 5554 2104 5629 scriptis
2126 5557 2238 5613 διιίε
2266 5554 2488 5612 minime
2505 5556 2807 5611 dissonans.
2838 5554 3082 5628 lnteltige
3108 5565 3285 5614 autem
3312 5573 3481 5613 essen-

1881 5631 2004 5685 tiam
2017 5653 2037 5701 _i
2052 5629 2217 5701 [ﬁcere
2244 5645 2351 5701 non
2368 5638 2588 5697 pauent.

1980 5696 2426 5825 Ez'Subiotellige
2453 5712 2610 5766 atare,
2646 5696 2700 5755 id
2727 5709 2812 5759 est
2830 5700 3118 5757 essentiam.

1992 5777 2009 5825 t
2077 5770 2248 5825 Codd.
2272 5788 2405 5825 atus.
2430 5786 2528 5825 oro
2552 5770 2711 5825 Dem.

1980 5705 2037 5825 ὄξ
2076 5705 2426 5781 Subiutellige
2453 5712 2610 5766 atare,
2646 5705 2700 5755 id

1954 5705 2029 5843 it,
2077 5770 2248 5829 Codd.
2272 5788 2405 5842 quis,
2430 5786 2528 5843 pro
2552 5770 2711 5827 Dent.

2017 5828 2029 5844 Ι
