4010 6306
581 204 720 261 ΜΟ)

1805 204 1998 261 MAR”
2024 204 2369 263 VlCTORlNi
2413 207 2571 263 AFlll

3702 217 3806 271 i300

581 337 638 383 et
680 325 802 396 quia
854 328 1039 383 volens
1085 323 1232 381 fecit.
1270 325 1371 393 Qui
1404 332 1578 395 potest
1622 324 1825 386 orunia,
1871 334 1959 379 aut
2008 332 2186 393 potest
2211 326 2261 387 Α
2289 334 2550 381 creatura:
2580 325 2717 381 ratio
2743 324 3069 396 expetebat,
3112 326 3186 381 ita
3227 334 3281 381 ιιι
3322 327 3540 383 diversis
3576 329 3623 382 in
3657 334 3808 386 sectile

584 434 705 488 qua:
733 417 866 486 vult,
916 434 1024 474 non
1076 418 1178 473 erit
1227 416 1550 473 imbecillus.
1602 414 1678 470 Ita
1724 429 1827 471 nec
1869 415 2188 486 ignorantia:

586 510 860 580 subjectus
890 528 904 567 :
938 510 1176 583 quicum
1210 524 1427 581 semper
1469 510 1569 579 sit,
1604 508 1722 566 sine
1758 524 1824 566 eo
1860 508 2036 565 futura
2069 510 2184 567 fieri

584 622 693 663 non
725 614 967 677 possunt.

656 698 766 755 γη.
798 698 916 759 iam
946 714 1075 770 ergo
1104 713 1319 757 causam
1349 713 1529 755 rerum
1568 696 1906 768 requiramus
1928 739 1942 765 ,
1983 711 2053 753 ne
2096 695 2189 753 diu

587 792 954 864 protrahendo
984 807 1289 848 sermonem
1308 833 1325 862 ,
1358 790 1531 847 locum
1560 790 1763 847 erroris
1809 789 2189 847 seductoribus

584 888 976 958 permittamus.
1020 885 1172 941 Fecit
1200 886 1378 941 omnia
1414 895 1468 941 ut
1498 886 1636 940 sint:
1672 883 1789 940 sine
1816 883 1982 940 dubio
2024 884 2190 955 profi-

584 992 783 1038 temur.
813 982 1005 1041 Evenit
1028 991 1083 1037 ut
1110 996 1215 1039 non
1240 982 1377 1037 sint:
1402 997 1501 1037 nec
1528 980 1632 1038 hoc
1658 996 1855 1052 negare
1880 996 2184 1052 possumus.

586 1074 692 1135 Sed
724 1076 774 1130 in
807 1074 996 1131 eodem
1027 1075 1296 1131 contraria
1326 1090 1448 1130 esse
1475 1092 1580 1131 rton
1627 1084 1885 1146 possunt,
1929 1084 1985 1130 ut
2028 1076 2189 1133 simul

591 1185 713 1225 esse
736 1177 791 1225 et
820 1185 923 1223 non
948 1183 1071 1225 esse
1100 1168 1358 1225 voluntati
1379 1168 1495 1240 ejus
1515 1170 1809 1241 contingat.
1833 1169 1965 1239 Quia
1984 1172 2032 1226 si
2064 1170 2191 1231 fecit

583 1274 641 1316 ut
670 1261 809 1328 sint,
842 1276 1057 1331 semper
1085 1260 1195 1316 vult
1226 1271 1282 1315 ut
1310 1261 1449 1319 sint:
1480 1271 1536 1317 et
1563 1262 1607 1317 si
1642 1263 1758 1319 vult
1799 1272 1856 1317 ut
1896 1278 2004 1321 non
2044 1263 2185 1331 sint,

584 1354 783 1410 desinit
814 1352 867 1411 id
902 1353 1067 1420 velle,
1099 1353 1240 1425 quod
1270 1354 1515 1411 volebat:
1558 1354 1698 1424 quod
1740 1355 1957 1425 quidem
2001 1355 2189 1415 vitium

581 1444 636 1501 in
670 1446 836 1501 Deum
863 1445 1058 1502 cadere
1086 1462 1192 1501 non
1223 1456 1418 1517 potest.
1454 1446 1669 1505 Duabus
1698 1462 1828 1503 vero
1857 1448 2103 1519 personis
2134 1448 2190 1503 in

581 1552 738 1593 causa
769 1539 1075 1594 constitutis
1094 1581 1108 1606 ,
1132 1538 1414 1595 conditore
1440 1550 1493 1597 et
1524 1539 1765 1607 condito,
1789 1555 1910 1599 cum
1940 1542 2190 1600 conditor

581 1642 662 1687 est
701 1632 910 1688 alienus
957 1649 985 1687 a
1035 1632 1280 1700 crimine,
1325 1643 1575 1704 superest
1609 1642 1667 1689 ιιι
1706 1634 1780 1700 id,
1822 1635 1963 1704 quod
2004 1636 2192 1693 condio

2291 416 2527 472 conditis
2552 460 2567 483 ,
2610 427 2666 474 et
2706 433 2772 475 es
2818 419 3056 474 omnium
3098 419 3482 475 elementorum
3520 423 3808 480 conversione

2292 512 2617 567 constructis
2637 554 2652 577 ,
2686 511 2773 567 hic
2796 512 2886 582 qui
2916 511 3109 568 melior
3133 521 3217 568 est
3243 513 3490 568 omnibus
3518 514 3616 585 (1),
3637 528 3812 572 caere-

2293 618 2411 658 rum
2447 602 2643 660 habeat
2668 614 3020 675 potestatem:
3052 620 3157 659 non
3185 615 3295 661 tum
3326 606 3595 661 balneator
3614 609 3682 662 sui
3700 624 3811 662 rm-

2293 698 2461 763 toris;
2493 700 2585 752 sed
2615 698 2886 767 subjectus
2912 699 3152 753 dominio
3180 714 3278 769 per
3306 699 3627 767 mandatum,
3663 713 3808 757 cetera

2293 791 2532 861 subjecta
2563 792 2663 848 sibi
2696 800 2894 847 teneat.
2928 793 3203 863 Suhjectio
3231 803 3409 848 autem
3438 794 3615 860 istius,
3644 795 3719 865 qui
3740 812 3804 849 ra-

2295 885 2564 940 tionabilis
2600 894 2718 948 est.
2762 886 2933 955 legent
2973 884 3198 955 requirit
3220 926 3236 953 ,
3276 900 3345 940 ne
3380 888 3453 941 sit
3486 885 3595 956 ipse
3626 888 3810 942 omnium

2292 977 2426 1034 deus
2454 977 2591 1033 liber
2614 994 2645 1032 a
2672 978 2824 1049 lege:
2852 992 3011 1048 quam
3037 978 3213 1046 legem
3240 979 3540 1047 postulante
3564 980 3756 1041 ratione,
3774 982 3813 1035 ia

2294 1068 2490 1140 quibus
2525 1068 2701 1125 danda
2740 1079 2911 1135 esset,
2946 1077 3158 1139 oportet
3198 1069 3494 1140 pervidere.
3533 1069 3587 1125 ln
3622 1071 3692 1125 his
3720 1071 3817 1125 dan-

2293 1160 2418 1217 dam
2443 1175 2566 1217 esse
2593 1161 2769 1232 legem
2794 1163 2930 1218 ratio
2955 1162 3177 1229 edocet,
3198 1163 3394 1234 quibus
3418 1164 3613 1234 positas
3631 1163 3696 1235 (2)
3714 1164 3815 1219 trite-

2293 1254 2474 1313 hatur.
2506 1254 2659 1323 Quod
2698 1271 2820 1311 cum
2858 1257 3012 1312 cibus
3051 1266 3178 1311 tunc
3204 1261 3361 1312 datas
3390 1258 3613 1313 maxime
3635 1259 3816 1313 inve-ia-

2297 1358 2401 1415 tur,
2444 1348 2500 1403 in
2540 1348 2683 1404 hunc
2722 1347 2904 1404 datam
2946 1363 3070 1406 esse
3112 1349 3284 1421 legem
3324 1349 3465 1406 ratio
3505 1351 3747 1421 poposcit,
3778 1352 3815 1405 is

2295 1443 2440 1501 hunc
2470 1456 2726 1511 peccasse
2753 1441 3079 1499 declaratur.

2362 1532 2456 1591 lx.
2478 1534 2634 1593 Nunc
2662 1536 2817 1593 nobis
2842 1537 3289 1608 investigantibus
3312 1554 3550 1607 autem,
3578 1540 3673 1597 bne
3695 1555 3819 1611 usque

2294 1629 2434 1687 ratio
2480 1628 2717 1686 deduxit.
2767 1631 2977 1688 Caetera
3018 1632 3103 1703 (ὅ)
3141 1634 3293 1702 cujus
3328 1634 3471 1701 cibi,
3512 1636 3592 1691 cui
3624 1636 3754 1701 usui,
3782 1637 3817 1690 is

582 1735 693 1781 tum
734 1735 836 1795 est,
867 1740 977 1783 suac
1018 1726 1256 1781 laesionis
1296 1727 1411 1799 ipse
1449 1728 1517 1783 sit
1559 1742 1719 1783 causa
1744 1769 1761 1795 ,
1805 1743 1907 1783 ncc
1948 1728 2188 1798 potuisse
2218 1729 2267 1793 B
2293 1739 2453 1795 quem
2482 1724 2701 1781 modum
2733 1724 2816 1781 le!
2847 1724 2971 1781 data
3002 1726 3102 1793 sit.
3136 1725 3292 1783 nobis
3322 1728 3719 1799 requirendi)“.
3745 1727 3819 1782 ltit-

583 1820 701 1873 sinc
728 1818 903 1891 aliqua
938 1818 1092 1888 culpa
1123 1819 1188 1875 ad
1221 1818 1271 1873 id
1302 1818 1564 1877 cecidisse
1603 1829 1661 1875 ut
1700 1837 1806 1875 non
1846 1821 1935 1877 sit.
1983 1820 2193 1881 Rursus

585 1911 629 1965 si
671 1911 827 1982 culpa
869 1911 1075 1967 conditi
1119 1912 1449 1971 voluntatem
1497 1911 1589 1967 Dei
1634 1913 1915 1971 evacuavit
1942 1953 1956 1977 ,
2001 1911 2193 1971 fortior

583 2005 700 2077 ipsa
731 2004 887 2076 culpa
918 2019 1080 2077 quam
1121 2003 1397 2061 conditor:
1444 2003 1673 2075 ideoque
1712 2006 1922 2061 renasci
1966 2019 2191 2061 necesse

585 2106 697 2164 est,
753 2108 809 2153 ut
853 2097 918 2153 ad
964 2097 1141 2168 ipsum
1190 2097 1467 2155 venientes
1510 2097 1656 2170 quod
1702 2096 1933 2163 fuimus,
1967 2096 2017 2153 id
2046 2096 2189 2167 quod

586 2191 768 2246 evenit
796 2206 893 2263 per
922 2190 1133 2261 culpam
1153 2232 1169 2256 ,
1205 2204 1560 2257 cvacucmus;
1588 2199 1644 2246 et
1676 2190 1854 2247 vincat
1882 2189 1973 2247 Dei
2001 2190 2193 2245 volun.

585 2294 699 2353 tas,
733 2302 853 2358 qua:
884 2286 981 2343 fuit
1013 2294 1071 2340 ut
1099 2286 1289 2343 simus.
1336 2285 1463 2342 inde
1492 2285 1567 2342 ob‘
1592 2286 1802 2355 culpam
1833 2284 2071 2341 damnati
2098 2300 2189 2341 re-

586 2393 861 2444 vocamur,
894 2377 1099 2447 justitia
1133 2378 1225 2434 Dei
1259 2387 1611 2449 permanente
1639 2378 1828 2434 eadem
1855 2390 1911 2432 et
1950 2378 2186 2433 virtute:

580 2471 785 2541 justitia
807 2514 822 2538 ,
854 2471 907 2527 in
935 2486 1042 2543 quo
1066 2470 1306 2541 judicat;
1337 2472 1552 2537 virtute,
1588 2473 1640 2526 in
1671 2485 1778 2542 quo
1805 2479 2051 2527 revocat:
2082 2485 2190 2529 non

587 2564 890 2635 prohibitus
920 2565 1153 2629 salvare,
1186 2565 1274 2636 qui
1310 2574 1502 2635 puteus
1529 2573 1698 2620 estut
1727 2579 1789 2621 ex
1822 2579 1891 2620 eo
1922 2563 2062 2635 quod
2093 2577 2188 2621 cc-

586 2656 749 2724 cidit,
784 2658 953 2727 possit
985 2672 1239 2712 revocare
1271 2657 1322 2711 id
1353 2657 1494 2728 quod
1528 2657 1640 2728 ipse
1671 2656 1872 2715 fecerat
1900 2672 1964 2712 ex
1997 2656 2188 2713 nihilo:

586 2760 643 2807 et
672 2753 761 2823 qui
791 2752 919 2807 fecit
947 2768 1012 2808 ex
1045 2751 1233 2820 nihilo,
1265 2752 1437 2809 tttulto
1465 2752 1636 2823 magis
1676 2751 1946 2809 remeabit
1985 2765 2049 2809 ex
2091 2751 2191 2805 ali-

589 2861 726 2915 quo:
760 2856 813 2900 et
839 2860 960 2899 cum
988 2844 1192 2914 judicio
1215 2846 1363 2913 justo
1392 2844 1701 2903 damnatqu
1732 2846 1876 2903 dicto
1908 2844 1999 2901 Dei
2028 2844 2191 2899 cade—

588 2946 705 3004 rct,
737 2938 863 2992 item
895 2937 1282 2995 misericordia:
1313 2938 1432 3009 ejus
1456 2940 1603 2995 dicto
1633 2950 1910 3006 resurgat:
1956 2953 2056 2995 nec
2094 2953 2190 2993 cx-

586 3030 820 3087 cluditur
851 3046 1139 3097 revocare,
1172 3030 1262 3102 qui
1293 3046 1511 3102 semper
1537 3042 1655 3096 est;
1699 3042 1754 3087 et
1795 3033 2030 3102 potentia
2072 3032 2190 3101 ejus

2299 1817 2436 1873 toria
2468 1818 2774 1874 necessaria
2806 1828 2889 1874 est
2919 1836 3039 1891 qua:
3076 1819 3366 1876 conveniat
3406 1820 3490 1876 bis
3525 1821 3729 1894 physicis
3758 1837 3819 1876 ra-

2300 1909 2536 1965 tionibus
2560 1908 2671 1980 jam
2704 1926 2734 1965 a
2766 1911 2924 1968 nobis
2952 1912 3321 1983 investigatis:
3348 1929 3475 1982 quae
3500 1929 3613 1969 cunt
3637 1914 3752 1969 nulla
3771 1913 3819 1968 sit

2296 2001 2396 2057 alia
2429 2010 2624 2072 praeter
2644 2018 2803 2073 quant
2831 2002 3117 2060 didicimus
3143 2005 3194 2059 in
3222 2005 3421 2062 divinis
3441 2007 3711 2077 scripturis,
3729 2006 3819 2077 ipsis

2298 2094 2537 2168 physicis
2564 2096 2864 2153 rationibus
2893 2098 2945 2153 in
2975 2099 3223 2155 eamdem
3258 2115 3361 2156 nos
3395 2101 3560 2173 ipsam
3588 2101 3819 2161 inducenti-

2295 2185 2434 2253 bus,
2485 2189 2826 2257 requiramus
2870 2188 2916 2245 si
2962 2201 3229 2247 enimat
3275 2192 3450 2264 legem
3499 2194 3700 2263 positam
3734 2207 3820 2250 esse

2298 2279 2502 2334 homini
2542 2280 2816 2336 abstinere
2854 2296 2913 2337 se
2951 2282 3018 2336 ah
3049 2298 3150 2337 una
3176 2283 3402 2352 arbore,
3435 2286 3631 2341 caneris
3657 2284 3818 2355 largiter

2296 2374 2585 2433 fruentem.
2627 2374 2830 2431 Educet
2868 2377 3133 2448 scriptura
3164 2375 3338 2444 hunc,
3373 2389 3687 2450 transgressa
3709 2392 3817 2432 man-

2295 2468 2445 2536 dato,
2485 2478 2660 2527 morte
2698 2484 2821 2526 esse
2859 2470 3177 2526 multatum:
3218 2472 3364 2544 quod
3406 2473 3613 2545 quidem
3645 2472 3818 2542 graviter

2295 2562 2511 2634 quidam
2557 2571 2846 2628 accusant,
2894 2564 3066 2634 legem
3107 2564 3356 2621 dicentes
3401 2566 3574 2621 datam
3613 2580 3712 2637 quae
3744 2578 3815 2618 non

2294 2655 2468 2725 potuit
2494 2654 2792 2721 custodiri;
2825 2656 2998 2726 ipsum
3028 2657 3308 2727 ρι’ωδάιιιιι
3336 2656 3628 2714 futurorum
3655 2659 3735 2712 hoc
3754 2655 3818 2711 ris-

2294 2746 2441 2804 disse
2480 2747 2826 2813 tnanduttun,
2868 2747 3013 2818 quod
3052 2749 3218 2805 sciret
3255 2765 3351 2806 eos
3392 2767 3501 2805 non
3536 2758 3815 2806 conservata.

2294 2856 2420 2907 ros;
2466 2840 2624 2912 hujus
2669 2840 3050 2899 abstinentiam
3096 2842 3200 2897 cibi
3245 2844 3561 2911 mandasse,
3595 2844 3724 2913 cujus
3750 2841 3815 2896 de-

2294 2935 2552 2991 siderium
2602 2945 2882 3004 superaret
2932 2935 3261 2991 mandatum.
3316 2936 3483 2994 Inita
3527 2952 3713 3009 quoque
3743 2935 3815 2989 alia

2293 3044 2473 3086 causa:
2500 3044 2623 3085 esse
2650 3030 2956 3087 contraria:
2988 3038 3081 3086 aut
3102 3031 3247 3087 enim
3274 3031 3464 3091 delum
3498 3049 3596 3087 non
3628 3030 3814 3091 dedisse.

588 3124 971 3194 obtemperans
1002 3124 1261 3181 voluntati
1283 3167 1295 3183 .
1321 3124 1528 3195 justitia
1556 3125 1841 3195 potentisez
1864 3135 1922 3183 at
1952 3127 2185 3195 potentia
2217 3129 2263 3194 (ζ
2295 3124 2480 3191 aiunt,
2530 3124 2634 3180 hoc
2674 3124 2988 3182 mandatum
3010 3165 3026 3191 ,
3067 3126 3209 3196 quod
3254 3126 3407 3183 dedit
3446 3128 3614 3184 sciens
3646 3124 3815 3181 nonolt-

593 3218 921 3286 perficiente,
948 3216 996 3271 id
1020 3217 1128 3288 agit
1146 3217 1287 3287 quod
1314 3218 1457 3284 velit,
1474 3227 1717 3286 tempore
1737 3232 1844 3287 quo
1865 3217 1999 3281 vult,
2023 3218 2191 3275 immo

592 3317 836 3377 tempore
864 3310 1212 3379 competenti.
1246 3308 1355 3367 Nec
1384 3310 1558 3367 oberit
1598 3312 1717 3380 ejus
1755 3313 2007 3381 potentia:
2046 3328 2193 3371 utors

592 3401 988 3469 datnnatiuuis;
1024 3417 1125 3459 nec
1154 3402 1426 3461 damnatio
1455 3404 1618 3463 vincit
1644 3404 1975 3476 propositum
2005 3405 2195 3461 volun-

594 3496 759 3560 tatis;
808 3495 900 3555 sed
943 3496 1314 3557 misericordia
1360 3497 1475 3569 ejus
1519 3515 1625 3556 non
1676 3502 1883 3568 inanis;
1928 3516 2030 3559 nec
2072 3504 2194 3562 sine

594 3592 805 3650 ratione
836 3592 1008 3662 gratia
1037 3592 1363 3659 renovandi;
1391 3592 1474 3650 his
1501 3594 1647 3651 enim
1675 3594 1832 3655 datur
1858 3596 1948 3667 qui
1978 3607 2191 3668 petunt.

594 3684 734 3742 sicut
762 3684 1002 3743 damnati
1032 3694 1160 3743 sunt
1188 3699 1292 3745 non
1322 3696 1593 3756 petentes.

666 3776 801 3836 Vill.
836 3777 913 3835 Ea
944 3793 1104 3837 causa
1134 3778 1234 3839 fuit
1264 3793 1371 3835 non
1404 3779 1718 3852 indulgendi
1750 3781 1937 3852 primis
1967 3796 2195 3852 peccan-

592 3873 767 3941 tibus,
801 3887 937 3947 quos
962 3888 1085 3929 cum
1117 3873 1542 3944 interrogatione
1572 3890 1670 3930 sua
1709 3875 1778 3932 ad
1821 3876 2194 3946 preuitentiam

593 3980 914 4036 provocans,
938 3981 1091 4023 suam
1114 3965 1347 4023 salutem
1376 3967 1512 4027 vidit
1531 3968 1871 4038 repellentes,
1897 3968 2193 4027 damnavit.

593 4057 704 4115 Eos
744 4066 955 4125 autem,
988 4058 1079 4129 qui
1109 4073 1176 4113 ex
1205 4057 1292 4115 bis
1332 4058 1444 4119 nati
1479 4070 1636 4124 sunt.
1679 4062 1877 4131 quique
1914 4061 1980 4121 ad
2020 4061 2196 4131 ipsum

592 4152 970 4224 confugerent,
996 4153 1285 4213 miseratus
1305 4161 1408 4210 est.
1437 4153 1648 4213 Etenim
1678 4153 1882 4224 justum
1902 4162 1987 4212 est
2011 4155 2197 4213 volono

592 4258 675 4304 tes
698 4254 757 4305 et
787 4246 1140 4315 pmnitentes,
1172 4244 1238 4303 ad
1270 4261 1395 4303 etim
1424 4245 1513 4316 qui
1547 4253 1722 4315 potest
1752 4257 2031 4315 praestare,
2061 4261 2195 4305 cou-

593 4341 861 4411 l‘ugientes
888 4339 1217 4409 impetrare:
1248 4338 1489 4411 ingratos
1511 4380 1528 4408 ,
1570 4340 1905 4408 renitentes,
1947 4340 2074 4399 facti
2110 4342 2197 4403 sui

594 4433 804 4504 culpam
862 4434 1170 4504 ingerentes
1217 4434 1367 4502 Deo,
1414 4433 1776 4491 damnationis
1820 4451 2037 4493 cattsant
2093 4437 2197 4497 sibi

2298 3226 2641 3273 servaturos:
2685 3226 2778 3271 aut
2818 3215 2959 3273 hanc
2996 3217 3248 3274 arborem
3288 3233 3401 3275 non
3446 3218 3813 3289 interposuissot,
3912 3276 3913 3281 η

2299 3320 2569 3377 tamquam
2601 3308 2954 3366 offensionem
2985 3311 3244 3369 mandati.
3276 3311 3499 3369 Licebat
3526 3313 3656 3369 enim
3682 3311 3723 3367 in
3745 3324 3814 3364 τι·
3912 3308 3913 3315 “

2300 3406 2429 3461 teris
2454 3404 2678 3475 jubere,
2714 3404 2765 3459 in
2796 3404 2990 3474 quibus
3020 3404 3348 3460 desiderium
3383 3422 3490 3461 non
3518 3405 3727 3468 cadebat,
3748 3410 3811 3455 aut

2300 3501 2402 3556 hoc
2430 3499 2561 3555 dare
2591 3509 2948 3570 prrecepturn,
2978 3499 3116 3569 quod
3147 3509 3331 3570 posset
3356 3498 3524 3555 homo
3544 3509 3811 3555 conservare.

2298 3592 2453 3662 Quod
2495 3592 2538 3648 si
2579 3606 2686 3651 non
2732 3600 2943 3662 poterat
2969 3593 3169 3649 auxilio
3192 3608 3291 3648 suo
3320 3596 3460 3651 tueri
3498 3609 3563 3650 ne
3599 3597 3811 3663 peccaui.

2298 3685 2567 3743 invalidus
2615 3703 2629 3743 :
2681 3685 2765 3743 vel
2816 3701 2922 3743 non
2973 3686 3311 3756 permitteret
3371 3696 3653 3744 tentantem
3704 3695 3813 3739 acce-

2297 3780 2449 3845 dere,
2472 3779 2627 3850 cujus
2652 3784 2999 3848 persuasione
3026 3778 3215 3837 incidit
3243 3779 3294 3835 in
3321 3780 3550 3850 culpam.
3582 3778 3708 3835 Nunc
3727 3787 3813 3828 vero

2297 3871 2459 3933 simul
2500 3870 2679 3929 omnia
2718 3871 3023 3929 contraria:
3053 3880 3110 3930 et
3138 3872 3387 3930 faciendo
3417 3874 3598 3939 talem,
3622 3878 3813 3943 spent-5

2298 3978 2383 4023 est
2409 3981 2532 4023 eum
2560 3963 2914 4032 vincendum;
2946 3975 3002 4021 et
3028 3965 3277 4024 arborem
3312 3965 3567 4037 plantavit
3601 3963 3811 4023 nociratn;

2300 4070 2354 4117 et
2383 4060 2435 4115 in
2466 4060 2566 4115 hac
2595 4059 2743 4116 dedit
2782 4059 3091 4117 mandatum
3114 4102 3131 4129 ,
3173 4060 3315 4133 quod
3353 4078 3469 4119 non
3504 4061 3811 4117 observamus

2298 4166 2418 4209 esse
2445 4152 2682 4219 sciebat;
2715 4162 2770 4209 et
2798 4166 2895 4211 sua
2926 4152 3264 4222 praescientia
3308 4152 3590 4223 providens
3625 4158 3810 4222 pecuu-
3908 4164 3909 4223 ι

2298 4261 2419 4303 rum
2443 4286 2457 4314 ,
2499 4244 2738 4311 dimisit,
2765 4252 2824 4303 et
2849 4244 3218 4302 adversarium
3245 4246 3587 4305 accedentem
3611 4244 3668 4300 ad
3699 4255 3809 4299 evor-

2301 4338 2519 4397 tendum
2551 4338 2824 4397 hominem
2849 4354 2955 4396 non
2975 4338 3288 4412 prohibuit;
3312 4351 3368 4398 et
3396 4338 3649 4398 iracundia
3665 4344 3807 4395 motui.
3908 4338 3909 4412 l

2299 4449 2457 4505 quem
2496 4432 2565 4491 ad
2601 4433 2763 4493 vitam
2804 4435 3019 4505 posuit,
3057 4434 3175 4506 ipse
3211 4435 3486 4495 damnavit
3522 4434 3586 4493 ad
3624 4441 3806 4490 mortem

593 4527 917 4583 constitutos
935 4567 949 4590 .
979 4525 1273 4585 dimittere.
1307 4524 1382 4582 Ea
1407 4525 1613 4595 justitia
1639 4525 1753 4583 dari
1782 4529 2005 4601 gratiam
2035 4528 2192 4587 istam
2217 4529 2271 4590 D
2296 4525 2448 4587 Nunc
2471 4541 2601 4584 vero
2626 4524 2978 4585 liberaturum
3006 4527 3185 4589 dicitis
3207 4528 3423 4586 venisse
3441 4570 3458 4594 ,
3488 4539 3723 4598 passurum
3744 4532 3808 4590 pro

593 4619 940 4689 protoplastis
994 4636 1100 4679 non
1157 4620 1437 4690 permisit:
1503 4635 1609 4678 non
1668 4620 1786 4692 ipse
1834 4622 2002 4680 noluit
2051 4638 2193 4695 prte-

591 4719 739 4769 stare
768 4714 857 4782 qui
886 4714 1124 4772 damnat.
1163 4712 1281 4784 Ipse
1307 4714 1406 4771 fuit
1434 4723 1491 4770 et
1516 4724 1662 4781 ante,
1691 4715 1782 4786 qui
1817 4715 1978 4773 modo
1999 4726 2104 4783 est,
2137 4726 2195 4777 et

593 4802 733 4861 erit:
765 4804 857 4873 qui
888 4820 1029 4861 nunc
1057 4806 1266 4873 bonus,
1297 4816 1353 4867 et
1379 4818 1507 4865 ante
1534 4808 1743 4865 bonus:
1775 4809 1867 4879 qui
1906 4824 2051 4867 nunc
2088 4810 2193 4868 mi-

594 4894 852 4962 sericors,
885 4904 941 4951 et
965 4905 1090 4954 ante
1127 4898 1469 4957 misericors:
1513 4900 1565 4955 in
1608 4915 1675 4957 eo
1714 4915 1932 4972 semper
1970 4917 2186 4973 perma-

592 5003 760 5055 nens,
790 4988 887 5059 qui
915 4998 999 5049 est
1027 4988 1408 5051 immutabilis:
1437 5008 1597 5064 quem
1635 5001 1758 5053 cum
1801 4994 2077 5055 damnavit
2116 4995 2189 5053 ob

590 5083 802 5155 culpam
826 5123 841 5147 .
881 5082 1097 5152 cuipam
1137 5083 1306 5151 ipsam
1346 5085 1631 5146 dinoscere
1672 5086 1752 5161 (1)
1803 5104 2026 5148 necesse
2068 5099 2186 5158 est.

589 5188 749 5247 quam
778 5175 846 5235 de
876 5175 1111 5247 physicis
1142 5176 1442 5238 rationibus
1468 5180 1662 5239 iterum
1689 5182 2045 5253 inquiramus.
2082 5185 2189 5242 llo-

590 5279 680 5319 mo
708 5266 879 5321 factus
907 5282 1011 5322 non
1045 5274 1102 5320 ut
1126 5266 1324 5339 aliquid
1352 5270 1618 5327 conditori
1646 5288 1745 5329 suo
1771 5285 2055 5345 praestaret
2080 5276 2184 5349 (ἓ),

588 5356 685 5411 sed
717 5366 776 5412 ut
805 5359 918 5428 ipse
947 5360 1147 5415 saeculo
1177 5361 1430 5431 potiatur,
1464 5378 1528 5420 ex
1570 5366 1885 5427 melioribus
1923 5370 2187 5431 constitu-

588 5457 696 5516 tus,
748 5452 942 5507 merito
971 5453 1301 5523 rationabilis
1347 5465 1434 5512 est
1474 5455 1730 5514 effectus:
1772 5470 1825 5516 et
1865 5462 1965 5518 hoc
2003 5463 2180 5537 ipsum

656 5583 739 5727 Et;
766 5584 937 5641 Codd.
969 5590 1209 5660 miscere,
1240 5607 1337 5662 pro
1365 5595 1650 5653 dinoscere.

680 5655 716 5708 2
768 5654 825 5710 Id
856 5666 940 5712 est
974 5674 1083 5716 non
1120 5660 1294 5720 factus
1330 5675 1387 5720 ut
1418 5667 1529 5724 Deo
1557 5667 1650 5724 util

579 5654 940 5795 “ugﬁgglgest
974 5674 1083 5716 non
1120 5654 1294 5720 factus
1330 5675 1387 5720 ut
1418 5667 1529 5724 Deo
1557 5667 1703 5727 utilis
1733 5678 1908 5740 esset,
1940 5670 2031 5744 qui
2059 5671 2178 5728 nul.

2295 4634 2396 4685 eo,
2442 4619 2532 4691 qui
2578 4630 2705 4674 tunc
2746 4620 3006 4690 temporis
3043 4620 3216 4675 noluit
3241 4620 3539 4693 indulgere.
3567 4609 3807 4688 Huiusmodi

2295 4713 2455 4777 verba
2502 4712 2679 4769 inania
2716 4726 2830 4769 suae
2868 4713 3070 4771 mentis
3096 4714 3288 4775 inertia
3318 4722 3643 4786 proponunt;
3667 4707 3805 4782 quitus

2294 4807 2547 4867 omnibus
2570 4806 3005 4878 respondendum
3032 4816 3137 4865 est.

2365 4898 2433 4959 Χ.
2468 4900 2533 4959 Et
2562 4898 2735 4970 legem
2768 4898 2985 4972 quidem
3011 4899 3128 4956 dari
3155 4901 3458 4972 uportnisse
3481 4900 3584 4973 jam
3622 4888 3803 4966 probavi-

2290 5009 2411 5053 mus
2441 5002 2620 5055 recto:
2651 4993 2800 5053 illum
2828 4993 2941 5050 Deo
2965 5009 3061 5066 per
3090 4995 3264 5067 legem
3293 5010 3416 5053 esse
3441 4993 3728 5065 subjectum,
3749 4980 3804 5036 cui

2292 5088 2507 5149 fuerant
2537 5096 2682 5149 tanta
2710 5088 2973 5159 subjecta.
3016 5089 3170 5149 Hanc
3198 5089 3372 5161 legem
3402 5105 3509 5148 non
3536 5082 3804 5158 gravem.lli

2291 5186 2476 5250 aiunt,
2509 5182 2675 5241 immo
2704 5181 2876 5241 levem
2903 5190 2962 5241 et
2986 5181 3144 5245 facile
3170 5181 3570 5243 custodiendam
3592 5178 3801 5237 docemus-

2293 5274 2425 5331 Cum
2449 5275 2590 5331 enim
2613 5275 2865 5331 omnibus
2887 5275 3177 5343 frueretur,
3200 5276 3269 5331 ab
3294 5293 3398 5333 uno
3423 5274 3596 5346 jussus
3607 5260 3803 5327 cstabsti-

2293 5384 2441 5425 nere.
2467 5368 2620 5436 Quod
2641 5369 2686 5424 si
2709 5384 2818 5424 uno
2846 5378 3050 5425 tantum
3077 5371 3176 5436 ttti,
3198 5374 3409 5429 c:eteris
3428 5363 3709 5427 interdictis.
3724 5359 3801 5428 11⁸⁵·

2290 5477 2384 5519 sus
2412 5460 2636 5529 fuisset,
2671 5477 2853 5519 nonne
2875 5466 3078 5534 justum
3105 5465 3260 5523 vobis
3288 5465 3573 5533 videretur,
3597 5451 3799 5516 custodire

2387 5598 2440 5668 1)
2461 5596 2633 5653 Codd.
2665 5598 2728 5653 ab
2758 5599 3011 5656 omnibus.

2387 5598 2440 5668 t)
2461 5598 2633 5653 Codd.
2665 5598 2728 5653 ab

2353 5598 2436 5812 ia
2463 5668 2543 5796 it:

2377 5739 2435 5811 5)
2463 5739 2539 5796 Ita
2566 5740 2726 5799 codd.
2754 5757 2853 5815 pro
2874 5755 3131 5804 ceterum.

3907 4408 3909 4559 l

3907 4408 3909 4559 ψ
