4010 6306
210 201 349 261 1501
1543 202 1632 261 DE
1670 199 1979 264 PHYSICIS
2016 201 2243 263 LiBEB.
3370 198 3511 256 150:2

212 314 526 372 mandatum
572 314 727 387 ejus,
774 317 863 389 qui
908 316 1055 373 dedit
1099 317 1373 374 licentiam
1420 318 1675 378 fruendi?
1706 319 1820 379 Hoc
1845 319 1897 389 Α
1921 334 2081 391 quem
2108 318 2189 393 (Ι)
2220 319 2381 377 futuri
2413 318 2636 377 scientia
2668 316 2889 389 prtedita
2932 317 3138 373 auxilio
3170 331 3272 373 suo
3312 325 3519 372 tutatus

215 420 400 466 tamen
442 425 550 473 non
593 408 719 471 fecit
763 412 876 482 ipse
920 412 1010 482 qui
1052 410 1235 468 dedit:
1277 411 1420 483 quod
1448 414 1611 470 etiam
1640 413 1816 482 ipsum
1919 424 2037 471 erat
2079 429 2146 469 ne
2191 412 2485 471 falleretur.
2533 415 2602 468 At
2648 412 2736 468 ille
2778 410 2978 468 oblitus
3007 410 3198 466 salutis
3242 426 3390 474 suie,
3432 419 3512 464 at-

215 517 340 558 esse
385 499 649 574 possibile
689 501 1019 563 declaratur.
1066 501 1149 559 An
1194 518 1301 561 non
1334 502 1416 578 (I)
1441 504 1600 561 etiam
1631 505 1684 561 in
1717 504 1819 561 hoc
1922 520 2028 574 que
2055 504 2343 561 immemor
2368 504 2633 561 dictorum
2667 503 2798 571 Dei,
2845 502 3087 559 mulieris
3134 500 3517 571 persuasiones

214 596 426 655 mundo
447 638 463 664 ,
495 605 719 667 pr0pter
749 596 1026 657 laesiouem
1053 598 1245 657 mortis
1278 605 1370 655 aut
1400 598 1609 667 morbi,
1638 613 1669 653 a
1694 598 1813 668 plu-
1922 596 2287 667 praeponenda
2307 638 2322 661 ,
2362 596 2625 666 deceptus
2663 604 2768 652 est.
2812 595 2938 653 Haec
2978 593 3292 664 participem
3330 594 3517 663 utique

214 692 368 749 rimis
404 691 778 749 abstinemus?
820 692 896 749 Ita
927 692 1185 763 possibile
1222 693 1533 751 mandatum
1577 693 1817 755 ostendi-
1922 690 2128 759 peccati
2170 689 2345 745 virum
2388 703 2543 745 suum
2575 687 2772 745 eiieclt.
2822 687 2904 743 Ad
2949 687 3066 745 haec
3102 686 3185 743 vir
3228 700 3359 743 situs
3402 683 3519 741 sine

217 793 325 843 tur.
358 783 513 854 Quod
542 785 586 843 si
620 785 722 842 lioc
751 786 1043 857 possibile,
1071 797 1272 860 quanto
1293 788 1606 859 possibilius
1636 786 1819 847 fruen-
1920 782 2347 853 interrogatione
2374 782 2586 852 accepit
2612 789 2665 841 et
2692 780 2923 852 sumpsit
2963 778 3072 852 (2).
3114 778 3182 837 Et
3223 779 3336 850 ipsa
3376 777 3522 837 enim

215 889 325 938 tem
358 880 639 951 omnibus,
672 882 741 937 ab
769 896 875 937 uno
904 898 963 938 se
990 882 1301 941 custodire?
1332 882 1403 941 Et
1431 881 1702 957 quomodo
1732 881 1816 941 lex
1922 876 2194 942 comedit,
2239 878 2313 931 ait
2351 876 2649 948 scriptura,
2683 885 2736 931 et
2778 874 2924 930 dedit
2952 874 3070 929 viro
3110 889 3240 941 suo,
3271 881 3326 931 et
3364 888 3521 929 man-

216 974 334 1031 dari
376 975 678 1047 potuisset,
724 974 767 1029 si
811 990 918 1030 non
965 974 1048 1031 vel
1079 974 1131 1033 in
1160 990 1269 1035 uno
1296 974 1614 1031 conceditur
1644 973 1818 1043 impe-
1923 969 2278 1027 ducaverunt.
2311 969 2441 1026 lude
2465 968 2741 1027 damnatio
2763 968 2980 1039 jusdor,
3008 976 3063 1024 et
3082 967 3343 1039 judicium
3378 982 3523 1023 mor-

216 1067 374 1123 rare?
400 1066 535 1137 Quia
561 1082 690 1144 ergo
714 1066 898 1123 debuit
924 1067 1008 1124 lex
1039 1068 1196 1136 dari,
1229 1067 1415 1124 debuit
1442 1075 1621 1122 autem
1652 1067 1706 1121 in
1736 1065 1818 1122 bis
1923 1064 1993 1118 tis
2035 1064 2298 1132 accessit;
2353 1073 2413 1119 ut
2455 1063 2763 1120 admonitus
2785 1104 2802 1130 ,
2855 1077 2963 1119 non
3008 1060 3415 1126 observaverit;
3464 1071 3521 1116 et

221 1158 418 1229 quibus
459 1158 737 1214 fruebatur
777 1158 930 1226 dari,
975 1159 1027 1217 in
1074 1159 1160 1216 his
1202 1160 1333 1231 ipsis
1371 1159 1493 1217 data
1524 1173 1645 1215 esse
1671 1168 1821 1214 recte
1929 1165 2149 1213 vocatus
2199 1156 2266 1212 ad
2320 1156 2729 1227 pmnitentiam,
2778 1170 2885 1213 non
2929 1154 3103 1211 solum
3152 1153 3379 1225 repulit,
3425 1153 3522 1209 sed

216 1250 532 1307 dinoscitur.
567 1251 683 1306 Non
716 1260 893 1307 tamen
924 1251 1149 1307 olfensio
1179 1250 1279 1307 fuit
1306 1252 1487 1317 arbor,
1521 1266 1622 1307 nec
1654 1251 1708 1313 in
1734 1251 1816 1309 al-
1925 1252 2088 1312 etiam
2118 1250 2243 1309 facti
2272 1251 2356 1306 sui
2386 1252 2598 1320 culpam
2634 1250 2744 1309 Deo
2786 1248 3098 1319 imputavit,
3141 1246 3360 1304 dicens:
3407 1261 3525 1302 mu—

223 1352 393 1399 teram
426 1343 593 1419 magis
624 1358 783 1414 quam
816 1344 866 1398 in
900 1344 1053 1400 isiam
1078 1343 1263 1401 debuit
1303 1342 1611 1398 mandatum
1639 1352 1815 1400 trans-
1924 1351 2024 1406 tier
2052 1364 2211 1420 quam
2244 1346 2438 1403 dedisti
2472 1345 2639 1410 mihi,
2674 1345 2789 1401 lucc
2829 1342 2959 1399 mihi
2988 1341 3175 1407 dedit,
3205 1350 3262 1397 et
3300 1339 3526 1397 mando-

220 1436 332 1493 ire:
374 1437 628 1508 quoniam
660 1437 712 1491 in
745 1451 1081 1508 quacumque
1111 1436 1301 1495 fuisset
1331 1437 1560 1510 positum
1592 1438 1817 1493 manda-
1924 1441 2060 1508 cavi;
2086 1456 2265 1497 rerum
2295 1454 2417 1496 esse
2439 1438 2721 1495 Dominum
2754 1437 2977 1508 peccati,
2999 1434 3141 1507 quod
3161 1434 3309 1491 dedit
3338 1433 3530 1490 mulieo

220 1535 357 1592 tum,
386 1529 546 1583 etiam
576 1528 627 1582 in
654 1527 842 1584 eadem
875 1528 987 1598 ipsa
1017 1527 1345 1586 desiderium
1374 1529 1721 1602 sequebatur.
1754 1529 1821 1586 Et
1926 1551 2073 1601 rem,
2104 1531 2496 1591 adscribendo:
2530 1545 2652 1591 cum
2684 1530 2922 1587 maxime
2952 1529 3254 1599 portionem
3280 1527 3527 1597 exiguam

221 1633 330 1676 ηθη
376 1619 539 1674 arbor
578 1620 789 1674 "ccaSio
816 1619 896 1692 (2)
936 1619 1035 1675 fu“
1081 1620 1370 1691 ἀθείάθΐῖίι
1421 1621 1514 1678 Sed
1561 1622 1676 1693 ilme
1717 1622 1819 1677 Sibi
1925 1628 2170 1699 corporis
2199 1626 2282 1682 sui
2312 1626 2525 1690 sciens,
2557 1622 2643 1681 cui
2672 1632 2726 1683 et
2762 1637 2958 1678 nomen
2997 1620 3252 1688 dederat,
3284 1634 3392 1675 non
3432 1617 3528 1673 de-

222 1721 429 1779 auctor,
460 1714 549 1786 qui
581 1712 746 1769 voluit
774 1712 1104 1770 desiderare.
1131 1714 1240 1770 Nec
1270 1716 1485 1786 querela
1511 1731 1651 1771 nunc
1677 1716 1819 1770 exis-
1852 1728 1900 1791 Β
1929 1722 2135 1781 [inisset
2164 1718 2477 1790 subiacere,
2507 1717 2742 1787 undique
2769 1715 2868 1771 sibi
2900 1713 3195 1784 subjectam
3224 1712 3434 1781 sciens;
3470 1724 3532 1767 ac

224 1814 302 1861 tat
326 1819 422 1860 cur
459 1804 657 1872 voluit,
685 1820 806 1860 cum
832 1804 1077 1862 habuerit
1101 1807 1183 1861 sui
1216 1816 1537 1878 potestatem
1580 1807 1821 1863 rationa-
1929 1829 2143 1887 quoque
2194 1823 2470 1871 auctorem
2524 1810 2808 1881 corporis,
2868 1817 3049 1874 ortus,
3102 1805 3528 1877 procreationis,

222 1896 347 1955 bilis
372 1896 708 1952 constitutus.
742 1897 858 1968 Ipsa
886 1914 1097 1969 quoque
1125 1899 1205 1954 lex
1234 1900 1433 1971 expetit
1465 1899 1602 1955 banc
1634 1908 1817 1975 potes-
1929 1909 2092 1965 etiam
2138 1906 2372 1965 nominis
2418 1904 2584 1975 ipsius
2609 1946 2623 1969 ,
2670 1917 3008 1974 agnoscens:
3052 1916 3212 1972 quam
3253 1915 3376 1956 cum
3425 1899 3526 1955 sibi

225 2000 390 2047 tatem
435 1990 514 2045 sui
560 1989 799 2056 habere,
845 1991 930 2045 cui
976 1992 1228 2061 ponitur:
1276 2007 1379 2046 non
1425 1991 1642 2046 habenti
1684 1991 1807 2047 enin

2016 2004 2186 2063 nferre
2218 2017 2324 2057 non
2355 1999 2611 2062 deberet,
2655 1997 2824 2053 multo
2852 1995 3030 2055 minus
3055 1993 3136 2067 (ὅ)
3168 1994 3388 2050 domino
3423 1992 3530 2049 Duo
3592 1989 3599 1997 '

228 2082 421 2155 agendi
450 2090 766 2151 potestatem
788 2126 803 2152 ,
834 2083 919 2139 lex
950 2093 1104 2139 vacat
1130 2084 1240 2139 illi:
1272 2094 1326 2140 et
1356 2086 1399 2139 si
1428 2086 1495 2139 ab
1521 2084 1700 2159 aliquo
1730 2100 1811 2138 nar

1944 2096 2024 2167 qui
2053 2093 2345 2151 mandavit.
2375 2092 2476 2151 Tot
2502 2089 2818 2147 criminibus
2845 2103 2948 2147 una
2976 2088 3242 2145 sententia
3272 2087 3394 2145 data
3426 2096 3527 2143 est.

231 2179 475 2237 ίιπθῖίιθτ
502 2179 822 2244 οοηε¹υ⁵¹¹⁸ο
853 2179 921 2234 ab
948 2179 1138 2235 θοάθηι
1170 2181 1286 2255 ipso
1311 2179 1428 2251 ιθϐθ
1456 2180 1624 2253 P0Sila
1654 2178 1833 2234 Vide“:
1933 2190 2050 2249 Non
2080 2199 2256 2249 tamen
2287 2197 2463 2245 motus
2491 2183 2761 2245 iracundia
2788 2183 3069 2254 judicavit,
3100 2191 3157 2237 ut
3184 2181 3405 2239 dicunt:
3436 2194 3538 2236 nco

232 2283 320 2329 tur
343 2272 551 2341 arceri,
591 2285 699 2337 non
734 2270 1006 2343 prohibito
1037 2272 1204 2345 magis
1236 2272 1320 2328 lex
1353 2271 1511 2337 datur
1537 2286 1695 2353 quam
1728 2271 1809 2326 sib

1953 2284 2082 2347 anim
2114 2281 2216 2338 hoc
2245 2280 2429 2343 vitium
2461 2279 2513 2337 iit
2547 2278 2712 2339 Deum
2744 2276 2943 2339 cadere
2971 2282 3148 2345 potest
3177 2274 3288 2343 (ii).
3322 2280 3384 2327 ut
3413 2286 3536 2340 pas-

233 2369 321 2441 (Ιυῖ
354 2368 490 2439 τεείι
518 2368 855 2423 οοηοίυευιη·
889 2366 1033 2438 Ειεο
1063 2376 1439 2438 οοηψθῑθηιον
1467 2365 1589 2421 ἀθεεὶ
1630 2373 1715 2420 εει
1753 2365 1835 2419 ευί
1938 2376 2108 2437 sibilis
2147 2374 2413 2438 videatur,
2456 2381 2515 2433 ut
2553 2372 2817 2430 excitatus
2858 2367 3130 2427 iracundia
3171 2366 3534 2426 conditionem

237 2472 508 2535 potestas:
553 2477 654 2532 qua
697 2472 1068 2533 competenter
1103 2461 1224 2517 data
1270 2476 1397 2519 usus
1434 2459 1599 2525 homo
1639 2460 1691 2515 in
1730 2473 1837 2533 quo
1940 2468 2133 2527 mortis
2157 2465 2396 2526 inferret.
2431 2463 2480 2523 ls
2509 2464 2650 2523 enim
2679 2461 2950 2521 iracundia
2981 2468 3323 2531 provocatur,
3355 2459 3444 2528 qui
3471 2472 3537 2515 ex

238 2570 345 2610 non
378 2553 567 2609 habt!"
598 2563 949 2626 Ινοῐθδιίδιθηι,
982 2555 1175 2611 merito
1207 2555 1513 2623 damnatur.
1941 2569 2162 2633 peccato
2193 2568 2369 2619 motus
2396 2556 2719 2619 sententiam
2748 2554 2878 2612 dicit
2903 2571 2915 2611 :
2942 2561 2999 2609 at
3021 2551 3112 2624 qui
3138 2560 3262 2613 ante
3286 2549 3539 2607 delictum

310 2646 402 2703 Xl.
426 2646 543 2702 Jam
571 2646 822 2717 praedicta
850 2663 878 2701 a
903 2648 1129 2703 Domino
1155 2648 1419 2704 sententia
1450 2645 1839 2718 transgressio-

1960 2653 2067 2710 'acti
2107 2652 2366 2724 judicium
2415 2649 2798 2720 promulgavit,
2847 2663 2956 2702 non
3000 2654 3179 2716 potest
3222 2645 3328 2701 dici
3373 2644 3543 2702 iratus

240 2741 324 2797 nis
346 2784 362 2809 ,
395 2741 556 2796 etiam
587 2740 842 2796 auxilium
877 2740 954 2801 illi
985 2740 1160 2796 fuerat
1188 2740 1368 2795 datum
1401 2738 1481 2815 (5)
1513 2751 1571 2795 ut
1599 2741 1760 2796 sciret
1788 2747 1843 2805 et
1946 2748 2133 2814 fuisse,
2154 2746 2246 2817 qui
2274 2745 2514 2810 monuit;
2541 2758 2664 2801 cum
2691 2741 2987 2801 admonitio
3010 2754 3116 2796 non
3143 2736 3420 2797 iracundia
3447 2737 3542 2802 sit,

242 2832 369 2905 quid
396 2833 621 2890 deberet
649 2849 863 2901 cavere,
888 2843 941 2891 et
960 2834 1088 2913 quid
1122 2850 1373 2907 passurus
1398 2842 1545 2891 esset
1572 2850 1639 2889 ex
1667 2832 1841 2906 negli-
1946 2841 2041 2903 sed
2071 2838 2333 2897 defensio.

244 2927 445 2997 gentia,
477 2927 520 2982 si
554 2943 658 2982 non
691 2927 943 2984 cavisset.
975 2925 1087 2983 Nec
1114 2926 1406 2982 invalidum
1437 2927 1600 2981 fuisse
1626 2935 1839 2980 natura.
2019 2932 2160 2991 XIII,
2216 2930 2421 2989 Deinde
2469 2932 2520 2987 in
2555 2930 2673 3001 ipso
2719 2938 2914 2987 eventu
2960 2924 3174 2997 qualem
3224 2925 3547 2984 sententiam

247 3019 511 3089 Serpente
530 3019 672 3076 enim
697 3018 762 3074 ad
784 3020 1189 3095 persuasionem
1216 3020 1453 3074 mulieris
1475 3017 1841 3091 aggrediente,
1949 3027 2158 3084 dederit
2184 3025 2482 3083 videamus.
2512 3024 2646 3081 Eum
2673 3024 2763 3094 qui
2795 3019 3176 3086 manducavit,
3205 3027 3263 3074 ut
3288 3018 3359 3073 sit
3386 3028 3547 3073 mter-

248 3112 337 3170 ubi
365 3111 535 3168 voluit
560 3113 683 3167 vicit
712 3112 934 3181 mulier;
969 3122 1024 3168 et
1054 3113 1104 3167 in
1132 3111 1356 3167 exordio
1386 3111 1669 3167 verborum
1696 3126 1848 3175 inen-
1873 3118 1918 3181 ρ
1953 3137 2085 3187 ειυς,
2118 3129 2178 3176 ιιι
2219 3120 2358 3175 De“;
2398 3116 2451 3175 id
2482 3116 2652 3187 ipsum
2690 3113 2948 3185 judicavit
2977 3108 3315 3175 damnando;
3350 3124 3417 3169 ne
3460 3107 3554 3169 ﬂe,

251 3205 436 3260 dacem
467 3220 589 3260 eum
618 3204 888 3260 intellexit
917 3211 971 3258 et
1002 3203 1227 3276 repulit,
1261 3207 1400 3259 sicut
1427 3205 1500 3257 ait
1528 3201 1834 3274 Scriptura:

1967 3223 2062 3279 'et,
2087 3213 2227 3286 quod
2258 3212 2473 3283 quidem
2503 3209 2663 3269 homo
2695 3207 2931 3265 futurum
2957 3203 3318 3263 existimavit:
3348 3210 3405 3258 et
3430 3216 3550 3260 cum

258 3295 321 3351 Et
343 3298 472 3352 dixit
490 3315 694 3369 serpens
715 3296 1093 3367 mulieri:qm'd
1119 3297 1291 3366 utique
1320 3296 1450 3350 dixit
1473 3294 1613 3349 Deus
1633 3293 1846 3349 abonmi
1951 3306 2128 3367 omnis
2174 3321 2298 3367 esea
2348 3304 2415 3361 ad
2466 3301 2825 3363 roborandam
2874 3298 3229 3357 ευιιεωιιιίειω
3281 3296 3552 3367 pertinet.

255 3391 392 3463 ligno
413 3405 517 3445 non
542 3390 720 3456 edetis,
743 3388 878 3460 quod
897 3399 970 3443 est
992 3390 1046 3442 in
1073 3388 1342 3459 paradiso?
1362 3387 1641 3443 mendacio
1664 3386 1838 3442 fallere

1965 3404 2056 3459 boc
2086 3403 2266 3472 utique
2297 3400 2612 3457 alimentum
2643 3396 2709 3453 ad
2751 3394 3152 3452 dissolvendam
3190 3392 3548 3450 substantiam

255 3484 526 3551 credens;
575 3484 737 3540 etiam
768 3484 989 3539 oblitam
1031 3484 1193 3538 divini
1244 3483 1477 3538 mandati
1510 3481 1838 3538 existimans.

1971 3496 2176 3553 irofuit.
2210 3497 2282 3551 Ita
2314 3510 2412 3550 nec
2443 3504 2570 3549 tunc
2600 3491 2843 3547 infensus
2870 3489 3147 3559 pra-dixit,
3182 3489 3271 3557 qui
3314 3485 3519 3541 monuit
3540 3526 3554 3551 ,

257 3578 353 3636 Cui
378 3579 556 3635 statim
579 3579 909 3651 respondens
931 3579 1131 3649 expulit
1161 3579 1253 3634 ita.
1279 3578 1347 3633 Et
1367 3578 1502 3633 dixit
1522 3576 1713 3632 mulier
1737 3591 1849 3632 ser-
1959 3608 2059 3648 nec
2089 3599 2273 3662 postea
2303 3587 2579 3644 άεηηηηνίι
2608 3587 2798 3653 imum,
2828 3583 2971 3655 quod
3004 3583 3167 3638 homo
3196 3594 3558 3652 ρτωειιηιιηο.

260 3677 406 3749 penti
432 3696 445 3731 :
469 3675 545 3731 Ab
570 3676 708 3731 omni
738 3675 898 3747 ligno,
930 3678 1067 3743 quod
1096 3683 1166 3728 est
1195 3671 1510 3746 iidparadiso
1527 3671 1769 3735 edemus;
1794 3670 1843 3725 dt

1974 3699 2076 3752 rat,
2111 3680 2481 3740 dissolvendo.
2517 3679 2626 3735 Nec
2657 3688 2836 3733 tamen
2869 3676 3065 3731 invidia
3094 3674 3372 3746 prohibuit
3404 3686 3557 3728 nian-

262 3773 431 3844 fructu
447 3781 613 3825 autem
627 3769 773 3841 ligni,
788 3768 924 3841 quod
937 3778 1009 3823 est
1024 3768 1077 3822 in
1092 3767 1256 3821 medio
1275 3764 1522 3837 paradisi,
1537 3764 1666 3817 dixit
1688 3762 1823 3817 Deus
1840 3803 1845 3816 .

1977 3781 2195 3843 iucare,
2241 3791 2341 3832 nec
2371 3773 2573 3830 invidia
2606 3771 2825 3827 abstulit
2851 3770 3108 3825 deitatem
3130 3809 3144 3832 ,
3177 3764 3410 3822 vetando
3437 3763 3560 3833 qui.

264 3864 389 3920 Non
408 3865 565 3919 edetis
579 3878 641 3918 ea:
664 3879 722 3917 eo
744 3878 902 3933 neque
927 3860 1183 3933 attingetis
1210 3875 1323 3913 eum
1350 3874 1413 3913 ne
1433 3846 1747 3911 moriamim’.
1768 3853 1847 3910 ,ιυ-

1981 3875 2087 3930 lein
2127 3872 2340 3933 cibum,
2381 3869 2473 3941 qui
2523 3866 2786 3921 laedebat:
2830 3879 2931 3919 nec
2967 3864 3112 3921 enim
3152 3861 3387 3932 oportuit
3425 3858 3564 3912 scire

264 3958 404 4013 ἀίοῖο
429 3956 663 4012 mmihi“)
693 3954 772 4029 (4)
803 3956 1036 4010 (“Villam
1064 3953 1363 4025 ἱυεεῖοηθηι
1396 3954 1725 4022 praetereo“
1757 3963 1863 4025 (Ιυο
1968 3967 2225 4023 malitiam
2248 4006 2262 4029 ,
2309 3963 2401 4036 qui
2443 3976 2504 4018 se
2548 3961 2617 4016 ab
2645 3976 2705 4014 ea
2737 3974 2844 4015 non
2876 3968 3058 4029 posset
3084 3957 3398 4012 observare.
3434 3951 3558 4008 Mali

266 4051 565 4116 convictus,
592 4049 656 4104 ad
679 4050 837 4104 aliam
862 4047 1161 4104 machinam
1183 4062 1242 4103 se
1265 4045 1554 4111 transtulit,
1579 4060 1680 4098 non
1704 4052 1849 4097 morti

1982 4073 2148 4120 autem
2179 4059 2416 4132 cognitio
2442 4073 2507 4112 ex
2543 4053 2988 4127 prtevaricatinne
3017 4050 3284 4116 mandati;
3329 4050 3381 4105 in
3421 4045 3565 4118 quod

268 4144 591 4212 moriemini,
623 4144 795 4197 dicens
817 4158 835 4197 :
859 4142 1045 4198 sciebat
1070 4142 1205 4195 enim
1224 4138 1367 4194 Deus
1384 4181 1398 4203 ,
1423 4156 1523 4209 quo
1545 4137 1628 4191 die
1648 4136 1851 4191 mandu-

1987 4174 2078 4215 ion
2108 4157 2413 4222 ceciderat,
2445 4152 2491 4208 si
2525 4168 2629 4207 non
2661 4149 2987 4207 manducare
3014 4149 3294 4203 voluisset.
3324 4145 3570 4216 Sequen-

271 4237 506 4293 caveritt's
531 4236 595 4291 de
622 4253 701 4303 eo,
731 4236 1093 4307 adaperientur
1121 4235 1258 4289 vobis
1288 4234 1453 4301 oculi,
1486 4241 1532 4288 et
1561 4231 1702 4287 eritis
1731 4241 1865 4286 tam-
1972 4252 2043 4308 (ιο
2085 4250 2229 4306 enim
2276 4247 2558 4304 hominum
2610 4244 2728 4299 sine
2768 4241 3126 4308 discretione,
3158 4239 3359 4295 bonum
3391 4238 3566 4309 ipsum

271 4349 425 4404 quam
464 4332 573 4398 dii,
605 4332 815 4387 scientes
845 4331 1032 4386 bonum
1058 4340 1103 4386 et
1129 4330 1341 4384 malum.
1386 4328 1536 4385 Unde
1579 4326 1854 4398 culiiditatt

1982 4345 2307 4416 reperiebat:
2345 4341 2722 4414 praetereundo
2752 4338 3096 4402 mandatum,
3139 4336 3240 4391 sibi
3279 4335 3565 4400 conscius,

274 4425 492 4482 deitatis
524 4425 703 4480 habita
732 4424 855 4497 (5),
888 4423 938 4479 id
970 4423 1112 4495 quod
1141 4433 1266 4479 ante
1306 4421 1662 4493 providebat,
1698 4420 1857 4491 jacta-

1992 4440 2176 4497 nalum
2202 4434 2583 4509 cognoscebat.
2632 4433 2797 4506 lgitur
2827 4430 3133 4486 mandatum
3174 4427 3329 4499 sequi
3368 4426 3575 4496 simpli-

276 4521 355 4577 vit
388 4519 503 4594 (6);
529 4519 638 4592 jam
684 4518 829 4575 aliud
858 4518 1046 4575 videns
1091 4533 1160 4575 ex
1203 4516 1663 4588 concupiscentia,
1709 4528 1859 4586 quam

1989 4535 2136 4598 citer,
2182 4531 2381 4586 bonum
2423 4537 2546 4584 est:
2592 4526 2820 4596 amplius
2861 4521 3218 4579 desiderando
3263 4519 3572 4590 praeterire,

280 4614 425 4687 quod
450 4614 685 4671 videbat.
713 4612 865 4669 Tunc
889 4613 1032 4668 enim
1063 4613 1137 4667 ait
1161 4610 1379 4676 mulier,
1412 4609 1536 4681 quia
1567 4609 1765 4664 bonum
1792 4614 1863 4661 est

1989 4627 2182 4682 malum
2208 4623 2528 4680 ostenditur.
2565 4618 2867 4675 Difﬁdendo
2898 4616 3040 4672 enim
3072 4614 3357 4671 dominicis
3387 4613 3572 4678 dictis,

283 4710 484 4781 lignum
514 4708 566 4763 in
598 4715 838 4773 esca,et
862 4706 983 4778 quia
1015 4706 1190 4775 placet
1236 4703 1440 4767 oculis;
1491 4714 1557 4756 ex
1608 4698 1877 4793 desiderio
1986 4729 2311 4793 prmceptum
2363 4715 2692 4787 praeteribat.
2741 4713 2856 4768 Jam
2905 4724 3120 4783 quoque
3172 4709 3297 4765 boni
3349 4717 3404 4763 et
3454 4706 3580 4765 mali

285 4803 475 4857 videns
494 4843 510 4869 ,
538 4815 645 4855 non
670 4798 871 4871 judicio
895 4800 1122 4863 mentis;
1152 4797 1224 4852 ita
1254 4807 1309 4852 ut
1342 4803 1628 4866 antequam
1656 4790 1868 4847 mandul

2000 4790 2175 4870 notitia
2206 4826 2329 4867 esse
2355 4807 2549 4879 cepit,
2588 4804 2873 4877 cogitando
2910 4802 3051 4874 qttod
3094 4801 3312 4857 fecerat.
3353 4799 3462 4854 llac
3502 4797 3583 4872 (li)

288 4904 465 4962 caret,
498 4895 695 4950 bonum
729 4893 781 4948 in
810 4907 931 4948 esca
962 4905 1084 4947 esse
1122 4888 1526 4961 pronuntiaret:
1557 4893 1611 4942 et
1641 4900 1747 4940 non
1780 4896 1871 4937 na-

1998 4907 2351 4979 implicatione
2396 4917 2519 4958 eum
2576 4899 2833 4955 liberabat
2890 4896 3220 4953 mandatum.
3271 4894 3439 4965 Igitur
3491 4908 3581 4947 ra—

293 4989 481 5046 turalis
504 4997 752 5059 aspectus
774 4987 983 5042 arboris
1009 4999 1109 5041 nec
1136 4999 1261 5039 usus
1284 4983 1532 5049 attraxit,
1554 4995 1712 5052 quam
1737 4978 1885 5051 prius
1991 4978 2229 5059 mnibus
2258 4997 2644 5061 indicantibus,
2677 4992 2760 5048 sui
2805 4992 2928 5047 mali
2971 4991 3221 5047 conscius
3262 4986 3427 5058 fug“;
3470 4994 3525 5041 αι
3554 4999 3583 5037 ³

292 5081 524 5139 videndo
544 5123 560 5148 ,
591 5079 926 5143 abstinebat;
956 5076 1051 5134 sed
1080 5074 1403 5132 desiderium
1435 5074 1651 5129 deitatis
1691 5070 1882 5126 illexit.
1991 5110 2199 5153 summa
2227 5091 2488 5164 sapiemia
2511 5090 2562 5144 in
2591 5095 2793 5142 mnam
2822 5084 3099 5141 smumam
3128 5082 3376 5140 [edamus
3400 5088 3504 5146 εει,
3528 5087 3590 5137 υς

366 5176 482 5233 Xll.
508 5174 617 5231 Nec
640 5172 1021 5246 requirendum
1048 5179 1132 5228 est
1157 5185 1324 5242 quare
1371 5167 1615 5240 permisit
1661 5164 1889 5231 tentari,

2094 5238 2147 5307 1)
2176 5238 2367 5299 Sermo
2393 5235 2502 5307 jam
2524 5242 2617 5307 est
2643 5231 2711 5307 de
2740 5227 2968 5285 Adamo.

718 5238 737 5246 ’
1174 5238 1192 5242 “
1374 5238 1387 5240 ’
2094 5240 2117 5296 1
2176 5238 2367 5299 Sermo
2393 5238 2502 5307 jam
2534 5242 2617 5289 est
2643 5238 2711 5295 de

366 5333 450 5409 (1)
484 5332 652 5391 Codd.
683 5339 772 5388 aut
798 5347 923 5387 non.
2066 5238 2149 5453 32b
2179 5309 2233 5365 Id
2263 5318 2344 5364 est
2374 5304 2720 5391 manducavit.

376 5408 454 5453 (et
489 5407 543 5453 In
572 5404 814 5453 mamine
841 5400 1130 5453 eorriaitnr
1154 5415 1334 5453 causa.
2095 5385 2151 5453 ’5)
2179 5381 2380 5451 Nempe
2421 5388 2551 5434 υιοεα
2593 5377 2720 5432 Eva-

373 5364 450 5462 Ἥ
484 5364 1130 5475 bibit-igitur
1154 5415 1334 5461 causa.
2179 5364 2380 5451 Nempe
2421 5380 2551 5434 victa
2593 5377 2723 5432 Eva.
2769 5374 2867 5429 Est
2903 5379 3083 5430 autem
3126 5367 3481 5427 liellenismns
3521 5364 3591 5425 ab

373 5408 454 5532 isi
484 5478 741 5532 Nolemus
764 5475 833 5532 de
854 5476 1021 5532 gratia
1048 5473 1140 5529 Dei
1160 5470 1458 5528 auxiliante
1474 5469 1770 5527 doctrinam
1798 5481 1893 5523 θη·
1996 5456 2308 5532 exuas-..
3455 5509 3569 5532 ι---

396 5469 452 5547 3)
484 5469 741 5533 Ntitemds
764 5475 833 5535 de
854 5469 1021 5547 gratia
1048 5473 1140 5547 Dei
1160 5470 1458 5528 auxiliante
1474 5469 1770 5527 doctrinam
1798 5481 1893 5523 an-

1799 5481 1893 5523 an-
1996 5469 2241 5530 ἐχομένη.
3370 5512 3382 5522 ,

2079 5530 2151 5547 ιιι
2182 5529 2213 5547 ιο
2229 5524 2395 5547 4n--.
2441 5531 2699 5547 _.............
2731 5519 2912 5547 "zu..."
2946 5523 3025 5547 AB.
3079 5513 3382 5547 l‘mlnnnnni

373 5412 433 5532 ρ
488 5412 543 5462 ιη
572 5412 814 5475 margine
841 5412 1130 5472 corrigitur
1154 5415 1334 5461 causa.
2004 5459 2017 5474 ‘
2068 5412 2380 5473 χυθίηυιυγῦ
2424 5412 2551 5434 νουσα
2596 5412 2723 5432 ω...
2771 5412 2867 5429 ιη.
2903 5412 3083 5430 ..υ-υ...
3126 5412 3480 5427 ..-...,...-.....,
3521 5412 3588 5425 νη

380 5412 454 5607 ,ὅέ
484 5478 741 5533 Notemus
764 5475 833 5535 de
854 5476 1021 5547 gratia
1048 5473 1140 5529 Dei
1160 5470 1458 5528 auxiliante
1474 5469 1770 5527 doctrinam
1798 5481 1893 5523 an-
1996 5477 2267 5541 εχομενζιι,
2296 5524 2308 5536 ,
2767 5519 2777 5530 ι
2810 5519 2819 5529 ο
3370 5512 3383 5522 ι

303 5554 423 5638 ιιιιει,
439 5550 589 5638 simi
618 5544 1413 5638 εξιξςεεξςίεμ.ἱ’ίει,θῖί1ῡ;ω,μῷ-
2001 5509 3600 5638 περ(¹ςζῗξ⁵;ἒὶὲξιι.2ὶ¹ὶ¹;ῗὲὶξρ⁸Ἂῗὲὶτῗέξωθθξὲθέίέἔι¹ἐὲ¹ἔιιξ⁸ιῗέ

379 5590 1433 5696 (fil'fdﬁﬁidd‘gtdédﬁdentissime.
2001 5590 2369 5682 sis‘Lactantii
2402 5590 2501 5652 liae
2525 5608 2686 5665 super
2712 5606 2773 5646 re
2799 5590 3097 5645 doctrinam
3138 5590 3192 5643 in
3229 5590 3490 5655 opusculo

379 5622 459 5760 (si
486 5693 659 5750 Codd.
687 5692 872 5760 magis.
1454 5690 1501 5753 τῇ
2002 5672 2337 5760 "8,221,,
2395 5739 2497 5760 ,___

392 5693 459 5760 '5)
486 5693 659 5750 Codd.
687 5693 872 5761 magis.
1454 5693 1499 5753 τῇ

374 5697 457 5841 ἒϐ)
485 5764 690 5837 Nempe
717 5763 923 5834 abjecit.

1454 5722 1467 5733 ρ
1480 5693 1499 5747 ς
2002 5693 2080 5729 Ira
2126 5693 2242 5726 uel.

1464 5746 1467 5753 '
2080 5742 2162 5817 (5)
2188 5739 2360 5798 Codd.
2389 5739 2518 5795 nec.
