  <div class='ocr_page' id='page_1' title='image "/cluster/home/n/w/nwhite01/storage/ocr_20150623/8/hvd.32044015471253/660.png"; bbox 0 0 4010 6306; ppageno 0'>
   <div class='ocr_carea' id='block_1_1' title="bbox 273 227 411 287">
    <p class='ocr_par' dir='ltr' id='par_1_1' title="bbox 273 227 411 287">
     <span class='ocr_line' id='line_1_1' title="bbox 273 227 411 287; baseline -0.029 0"><span class='ocrx_word' id='word_1_1' title='bbox 273 227 411 287; x_wconf 71' lang='grc' dir='ltr'><strong>15οδ</strong></span> 
     </span>
    </p>
   </div>
   <div class='ocr_carea' id='block_1_2' title="bbox 1541 224 2280 285">
    <p class='ocr_par' dir='ltr' id='par_1_2' title="bbox 1541 224 2280 285">
     <span class='ocr_line' id='line_1_2' title="bbox 1541 224 2280 285; baseline 0.001 -3"><span class='ocrx_word' id='word_1_2' title='bbox 1541 227 1628 282; x_wconf 77' lang='lat' dir='ltr'><strong>DE</strong></span> <span class='ocrx_word' id='word_1_3' title='bbox 1706 224 2013 284; x_wconf 81' lang='lat' dir='ltr'><strong>PHYSICIS</strong></span> <span class='ocrx_word' id='word_1_4' title='bbox 2054 226 2280 285; x_wconf 76' lang='lat' dir='ltr'><strong>LIBER.</strong></span> 
     </span>
    </p>
   </div>
   <div class='ocr_carea' id='block_1_3' title="bbox 3430 228 3569 286">
    <p class='ocr_par' dir='ltr' id='par_1_3' title="bbox 3430 228 3569 286">
     <span class='ocr_line' id='line_1_3' title="bbox 3430 228 3569 286; baseline 0 0"><span class='ocrx_word' id='word_1_5' title='bbox 3430 228 3569 286; x_wconf 71' lang='lat'><strong>1306</strong></span> 
     </span>
    </p>
   </div>
   <div class='ocr_carea' id='block_1_4' title="bbox 269 343 3569 418">
    <p class='ocr_par' dir='ltr' id='par_1_4' title="bbox 269 343 3569 418">
     <span class='ocr_line' id='line_1_4' title="bbox 269 343 3569 418; baseline 0 -16"><span class='ocrx_word' id='word_1_6' title='bbox 269 347 396 414; x_wconf 88' lang='lat' dir='ltr'><strong>tius,</strong></span> <span class='ocrx_word' id='word_1_7' title='bbox 426 355 489 402; x_wconf 91' lang='lat' dir='ltr'><strong>ut</strong></span> <span class='ocrx_word' id='word_1_8' title='bbox 508 345 664 404; x_wconf 90' lang='lat' dir='ltr'><strong>decet</strong></span> <span class='ocrx_word' id='word_1_9' title='bbox 689 346 819 412; x_wconf 84' lang='lat' dir='ltr'><strong>Deo,</strong></span> <span class='ocrx_word' id='word_1_10' title='bbox 845 362 941 418; x_wconf 83' lang='lat' dir='ltr'><strong>per</strong></span> <span class='ocrx_word' id='word_1_11' title='bbox 972 346 1450 402; x_wconf 89' lang='lat' dir='ltr'><strong>incontaminatum</strong></span> <span class='ocrx_word' id='word_1_12' title='bbox 1480 358 1680 416; x_wconf 86' lang='lat' dir='ltr'><strong>corpus</strong></span> <span class='ocrx_word' id='word_1_13' title='bbox 1702 343 1865 416; x_wconf 85' lang='lat' dir='ltr'><strong>virgi-</strong></span> <span class='ocrx_word' id='word_1_14' title='bbox 1894 346 1948 406; x_wconf 82' lang='grc' dir='ltr'><strong>Α</strong></span> <span class='ocrx_word' id='word_1_15' title='bbox 1973 354 2080 399; x_wconf 83' lang='lat' dir='ltr'><strong>tam</strong></span> <span class='ocrx_word' id='word_1_16' title='bbox 2122 354 2330 414; x_wconf 85' lang='lat' dir='ltr'><strong>turpem</strong></span> <span class='ocrx_word' id='word_1_17' title='bbox 2374 354 2627 411; x_wconf 87' lang='lat' dir='ltr'><strong>mortem,</strong></span> <span class='ocrx_word' id='word_1_18' title='bbox 2661 353 2936 417; x_wconf 87' lang='lat' dir='ltr'><strong>pateretur</strong></span> <span class='ocrx_word' id='word_1_19' title='bbox 2962 363 2974 401; x_wconf 76' lang='grc' dir='ltr'><strong>ε</strong></span> <span class='ocrx_word' id='word_1_20' title='bbox 3002 355 3121 418; x_wconf 90' lang='lat' dir='ltr'><strong>post</strong></span> <span class='ocrx_word' id='word_1_21' title='bbox 3144 360 3305 417; x_wconf 90' lang='lat' dir='ltr'><strong>quam</strong></span> <span class='ocrx_word' id='word_1_22' title='bbox 3339 353 3569 403; x_wconf 84' lang='lat' dir='ltr'><strong>mortem</strong></span> 
     </span>
    </p>
   </div>
   <div class='ocr_carea' id='block_1_5' title="bbox 268 441 706 496">
    <p class='ocr_par' dir='ltr' id='par_1_5' title="bbox 268 441 706 496">
     <span class='ocr_line' id='line_1_5' title="bbox 268 441 706 496; baseline -0.002 0"><span class='ocrx_word' id='word_1_23' title='bbox 268 441 352 496; x_wconf 91' lang='lat' dir='ltr'><strong>nis</strong></span> <span class='ocrx_word' id='word_1_24' title='bbox 375 449 706 496; x_wconf 89' lang='lat' dir='ltr'><strong>nasceretur.</strong></span> 
     </span>
    </p>
   </div>
   <div class='ocr_carea' id='block_1_6' title="bbox 338 532 1869 604">
    <p class='ocr_par' dir='ltr' id='par_1_6' title="bbox 338 532 1869 604">
     <span class='ocr_line' id='line_1_6' title="bbox 338 532 1869 604; baseline -0.004 -13"><span class='ocrx_word' id='word_1_25' title='bbox 338 534 527 591; x_wconf 77' lang='lat' dir='ltr'><strong>XVIII.</strong></span> <span class='ocrx_word' id='word_1_26' title='bbox 580 535 688 591; x_wconf 87' lang='lat' dir='ltr'><strong>Nec</strong></span> <span class='ocrx_word' id='word_1_27' title='bbox 731 533 1049 593; x_wconf 66' lang='lat' dir='ltr'><strong>incredibile</strong></span> <span class='ocrx_word' id='word_1_28' title='bbox 1094 533 1198 589; x_wconf 85' lang='lat' dir='ltr'><strong>hoc</strong></span> <span class='ocrx_word' id='word_1_29' title='bbox 1243 532 1610 604; x_wconf 65' lang='lat' dir='ltr'><strong>cognoscitur,</strong></span> <span class='ocrx_word' id='word_1_30' title='bbox 1650 546 1773 587; x_wconf 91' lang='lat' dir='ltr'><strong>cum</strong></span> <span class='ocrx_word' id='word_1_31' title='bbox 1816 532 1869 585; x_wconf 92' lang='lat' dir='ltr'><strong>in</strong></span> 
     </span>
    </p>
   </div>
   <div class='ocr_carea' id='block_1_7' title="bbox 268 626 1870 700">
    <p class='ocr_par' dir='ltr' id='par_1_7' title="bbox 268 626 1870 700">
     <span class='ocr_line' id='line_1_7' title="bbox 268 626 1870 700; baseline -0.004 -17"><span class='ocrx_word' id='word_1_32' title='bbox 268 627 385 700; x_wconf 90' lang='lat' dir='ltr'><strong>ipso</strong></span> <span class='ocrx_word' id='word_1_33' title='bbox 403 630 601 684; x_wconf 72' lang='lat' dir='ltr'><strong>sarculo</strong></span> <span class='ocrx_word' id='word_1_34' title='bbox 626 643 705 683; x_wconf 74' lang='lat' dir='ltr'><strong>sne</strong></span> <span class='ocrx_word' id='word_1_35' title='bbox 723 627 1018 699; x_wconf 74' lang='lat' dir='ltr'><strong>constringi</strong></span> <span class='ocrx_word' id='word_1_36' title='bbox 1053 627 1276 698; x_wconf 87' lang='lat' dir='ltr'><strong>plurima</strong></span> <span class='ocrx_word' id='word_1_37' title='bbox 1299 626 1714 698; x_wconf 83' lang='lat' dir='ltr'><strong>cognoscimus;</strong></span> <span class='ocrx_word' id='word_1_38' title='bbox 1749 639 1870 678; x_wconf 91' lang='lat' dir='ltr'><strong>cum</strong></span> 
     </span>
    </p>
   </div>
   <div class='ocr_carea' id='block_1_8' title="bbox 269 716 1872 791">
    <p class='ocr_par' dir='ltr' id='par_1_8' title="bbox 269 716 1872 791">
     <span class='ocr_line' id='line_1_8' title="bbox 269 716 1872 791; baseline -0.005 -15"><span class='ocrx_word' id='word_1_39' title='bbox 269 737 417 778; x_wconf 88' lang='lat' dir='ltr'><strong>mare</strong></span> <span class='ocrx_word' id='word_1_40' title='bbox 441 721 846 779; x_wconf 89' lang='lat' dir='ltr'><strong>transeuntibus</strong></span> <span class='ocrx_word' id='word_1_41' title='bbox 866 720 1066 776; x_wconf 66' lang='lat' dir='ltr'><strong>Judaais</strong></span> <span class='ocrx_word' id='word_1_42' title='bbox 1115 720 1262 791; x_wconf 86' lang='lat' dir='ltr'><strong>virga</strong></span> <span class='ocrx_word' id='word_1_43' title='bbox 1290 733 1632 791; x_wconf 82' lang='lat' dir='ltr'><strong>percussum,</strong></span> <span class='ocrx_word' id='word_1_44' title='bbox 1665 716 1872 771; x_wconf 88' lang='lat' dir='ltr'><strong>violen-</strong></span> 
     </span>
    </p>
   </div>
   <div class='ocr_carea' id='block_1_9' title="bbox 268 808 1874 888">
    <p class='ocr_par' dir='ltr' id='par_1_9' title="bbox 268 808 1874 888">
     <span class='ocr_line' id='line_1_9' title="bbox 268 808 1874 888; baseline -0.007 -15"><span class='ocrx_word' id='word_1_45' title='bbox 268 827 351 874; x_wconf 92' lang='lat' dir='ltr'><strong>ter</strong></span> <span class='ocrx_word' id='word_1_46' title='bbox 381 817 599 888; x_wconf 83' lang='lat' dir='ltr'><strong>quidem</strong></span> <span class='ocrx_word' id='word_1_47' title='bbox 630 832 781 871; x_wconf 89' lang='lat' dir='ltr'><strong>mare</strong></span> <span class='ocrx_word' id='word_1_48' title='bbox 807 813 1090 880; x_wconf 74' lang='lat' dir='ltr'><strong>dividitur;</strong></span> <span class='ocrx_word' id='word_1_49' title='bbox 1122 813 1294 869; x_wconf 61' lang='lat' dir='ltr'><strong>undas</strong></span> <span class='ocrx_word' id='word_1_50' title='bbox 1320 828 1449 869; x_wconf 88' lang='lat' dir='ltr'><strong>vero</strong></span> <span class='ocrx_word' id='word_1_51' title='bbox 1474 823 1688 876; x_wconf 87' lang='lat' dir='ltr'><strong>ventus,</strong></span> <span class='ocrx_word' id='word_1_52' title='bbox 1713 808 1874 879; x_wconf 82' lang='lat' dir='ltr'><strong>spiri-</strong></span> 
     </span>
    </p>
   </div>
   <div class='ocr_carea' id='block_1_10' title="bbox 271 905 1868 975">
    <p class='ocr_par' dir='ltr' id='par_1_10' title="bbox 271 905 1868 975">
     <span class='ocr_line' id='line_1_10' title="bbox 271 905 1868 975; baseline -0.008 -9"><span class='ocrx_word' id='word_1_53' title='bbox 271 921 356 966; x_wconf 91' lang='lat' dir='ltr'><strong>tus</strong></span> <span class='ocrx_word' id='word_1_54' title='bbox 379 909 687 974; x_wconf 81' lang='lat' dir='ltr'><strong>mundialis,</strong></span> <span class='ocrx_word' id='word_1_55' title='bbox 726 907 1073 972; x_wconf 78' lang='lat' dir='ltr'><strong>constrinxit,</strong></span> <span class='ocrx_word' id='word_1_56' title='bbox 1114 914 1173 962; x_wconf 88' lang='lat' dir='ltr'><strong>ut</strong></span> <span class='ocrx_word' id='word_1_57' title='bbox 1202 905 1483 975; x_wconf 79' lang='lat' dir='ltr'><strong>Scriptura</strong></span> <span class='ocrx_word' id='word_1_58' title='bbox 1510 905 1868 968; x_wconf 86' lang='lat' dir='ltr'><strong>demonstrat,</strong></span> 
     </span>
    </p>
   </div>
   <div class='ocr_carea' id='block_1_11' title="bbox 267 1001 1863 1077">
    <p class='ocr_par' dir='ltr' id='par_1_11' title="bbox 267 1001 1863 1077">
     <span class='ocr_line' id='line_1_11' title="bbox 267 1001 1863 1077; baseline -0.003 -15"><span class='ocrx_word' id='word_1_59' title='bbox 267 1022 390 1077; x_wconf 66' lang='lat' dir='ltr'><strong>quae</strong></span> <span class='ocrx_word' id='word_1_60' title='bbox 416 1007 495 1061; x_wconf 88' lang='lat' dir='ltr'><strong>sic</strong></span> <span class='ocrx_word' id='word_1_61' title='bbox 516 1004 647 1061; x_wconf 87' lang='lat' dir='ltr'><strong>dicit</strong></span> <span class='ocrx_word' id='word_1_62' title='bbox 673 1022 686 1058; x_wconf 94' lang='lat'><strong>:</strong></span> <span class='ocrx_word' id='word_1_63' title='bbox 714 1001 959 1060; x_wconf 76' lang='lat' dir='ltr'><strong>Extendit</strong></span> <span class='ocrx_word' id='word_1_64' title='bbox 987 1002 1194 1075; x_wconf 75' lang='lat' dir='ltr'><strong>Moyses</strong></span> <span class='ocrx_word' id='word_1_65' title='bbox 1216 1018 1423 1057; x_wconf 86' lang='lat' dir='ltr'><strong>manum</strong></span> <span class='ocrx_word' id='word_1_66' title='bbox 1441 1018 1598 1071; x_wconf 87' lang='lat' dir='ltr'><strong>super</strong></span> <span class='ocrx_word' id='word_1_67' title='bbox 1627 1019 1766 1057; x_wconf 85' lang='lat' dir='ltr'><strong>mare</strong></span> <span class='ocrx_word' id='word_1_68' title='bbox 1785 1011 1863 1057; x_wconf 87' lang='lat' dir='ltr'><strong>:et</strong></span> 
     </span>
    </p>
   </div>
   <div class='ocr_carea' id='block_1_12' title="bbox 268 1095 1871 1156">
    <p class='ocr_par' dir='ltr' id='par_1_12' title="bbox 268 1095 1871 1156">
     <span class='ocr_line' id='line_1_12' title="bbox 268 1095 1871 1156; baseline -0.004 0"><span class='ocrx_word' id='word_1_69' title='bbox 268 1099 471 1156; x_wconf 75' lang='lat' dir='ltr'><strong>induxit</strong></span> <span class='ocrx_word' id='word_1_70' title='bbox 490 1097 743 1153; x_wconf 85' lang='lat' dir='ltr'><strong>Dominus</strong></span> <span class='ocrx_word' id='word_1_71' title='bbox 770 1113 911 1151; x_wconf 82' lang='lat' dir='ltr'><strong>mare</strong></span> <span class='ocrx_word' id='word_1_72' title='bbox 934 1097 988 1151; x_wconf 88' lang='lat' dir='ltr'><strong>in</strong></span> <span class='ocrx_word' id='word_1_73' title='bbox 1013 1108 1160 1150; x_wconf 80' lang='lat' dir='ltr'><strong>vento</strong></span> <span class='ocrx_word' id='word_1_74' title='bbox 1177 1104 1353 1150; x_wconf 87' lang='lat' dir='ltr'><strong>austro</strong></span> <span class='ocrx_word' id='word_1_75' title='bbox 1375 1095 1545 1150; x_wconf 85' lang='lat' dir='ltr'><strong>valido</strong></span> <span class='ocrx_word' id='word_1_76' title='bbox 1565 1104 1671 1149; x_wconf 89' lang='lat' dir='ltr'><strong>tota</strong></span> <span class='ocrx_word' id='word_1_77' title='bbox 1692 1102 1871 1149; x_wconf 77' lang='lat' dir='ltr'><strong>nocte:</strong></span> 
     </span>
    </p>
   </div>
   <div class='ocr_carea' id='block_1_13' title="bbox 271 1186 1867 1264">
    <p class='ocr_par' dir='ltr' id='par_1_13' title="bbox 271 1186 1867 1264">
     <span class='ocr_line' id='line_1_13' title="bbox 271 1186 1867 1264; baseline -0.003 -17"><span class='ocrx_word' id='word_1_78' title='bbox 271 1202 317 1247; x_wconf 86' lang='lat' dir='ltr'><strong>et</strong></span> <span class='ocrx_word' id='word_1_79' title='bbox 342 1193 462 1264; x_wconf 77' lang='lat' dir='ltr'><strong>fecit</strong></span> <span class='ocrx_word' id='word_1_80' title='bbox 487 1208 626 1246; x_wconf 86' lang='lat' dir='ltr'><strong>mare</strong></span> <span class='ocrx_word' id='word_1_81' title='bbox 652 1191 884 1254; x_wconf 88' lang='lat' dir='ltr'><strong>siccum;</strong></span> <span class='ocrx_word' id='word_1_82' title='bbox 918 1204 1023 1244; x_wconf 92' lang='lat' dir='ltr'><strong>non</strong></span> <span class='ocrx_word' id='word_1_83' title='bbox 1051 1189 1236 1257; x_wconf 85' lang='lat' dir='ltr'><strong>utique</strong></span> <span class='ocrx_word' id='word_1_84' title='bbox 1262 1200 1580 1244; x_wconf 89' lang='lat' dir='ltr'><strong>evacuatum</strong></span> <span class='ocrx_word' id='word_1_85' title='bbox 1608 1203 1746 1259; x_wconf 90' lang='lat' dir='ltr'><strong>aqua</strong></span> <span class='ocrx_word' id='word_1_86' title='bbox 1769 1186 1867 1243; x_wconf 90' lang='lat' dir='ltr'><strong>sed</strong></span> 
     </span>
    </p>
   </div>
   <div class='ocr_carea' id='block_1_14' title="bbox 269 1282 1873 1351">
    <p class='ocr_par' dir='ltr' id='par_1_14' title="bbox 269 1282 1873 1351">
     <span class='ocr_line' id='line_1_14' title="bbox 269 1282 1873 1351; baseline -0.002 -11"><span class='ocrx_word' id='word_1_87' title='bbox 269 1283 641 1340; x_wconf 82' lang='lat' dir='ltr'><strong>constrictum.</strong></span> <span class='ocrx_word' id='word_1_88' title='bbox 677 1283 812 1338; x_wconf 88' lang='lat' dir='ltr'><strong>Dicit</strong></span> <span class='ocrx_word' id='word_1_89' title='bbox 839 1284 983 1337; x_wconf 90' lang='lat' dir='ltr'><strong>enim</strong></span> <span class='ocrx_word' id='word_1_90' title='bbox 1012 1300 1025 1335; x_wconf 91' lang='lat'><strong>:</strong></span> <span class='ocrx_word' id='word_1_91' title='bbox 1055 1294 1104 1337; x_wconf 86' lang='lat' dir='ltr'><strong>et</strong></span> <span class='ocrx_word' id='word_1_92' title='bbox 1129 1282 1293 1337; x_wconf 81' lang='lat' dir='ltr'><strong>divisa</strong></span> <span class='ocrx_word' id='word_1_93' title='bbox 1324 1291 1397 1336; x_wconf 87' lang='lat' dir='ltr'><strong>est</strong></span> <span class='ocrx_word' id='word_1_94' title='bbox 1435 1298 1569 1351; x_wconf 89' lang='lat' dir='ltr'><strong>aqua</strong></span> <span class='ocrx_word' id='word_1_95' title='bbox 1587 1298 1606 1347; x_wconf 89' lang='lat'><strong><em>;</em></strong></span> <span class='ocrx_word' id='word_1_96' title='bbox 1635 1292 1681 1335; x_wconf 86' lang='lat' dir='ltr'><strong>et</strong></span> <span class='ocrx_word' id='word_1_97' title='bbox 1706 1282 1873 1336; x_wconf 90' lang='lat' dir='ltr'><strong>intra-</strong></span> 
     </span>
    </p>
   </div>
   <div class='ocr_carea' id='block_1_15' title="bbox 273 1376 1873 1449">
    <p class='ocr_par' dir='ltr' id='par_1_15' title="bbox 273 1376 1873 1449">
     <span class='ocr_line' id='line_1_15' title="bbox 273 1376 1873 1449; baseline -0.001 -17"><span class='ocrx_word' id='word_1_98' title='bbox 273 1390 453 1434; x_wconf 77' lang='lat' dir='ltr'><strong>uerunt</strong></span> <span class='ocrx_word' id='word_1_99' title='bbox 477 1377 574 1448; x_wconf 83' lang='lat' dir='ltr'><strong>ﬁlii</strong></span> <span class='ocrx_word' id='word_1_100' title='bbox 592 1376 761 1431; x_wconf 83' lang='lat' dir='ltr'><strong>Israel</strong></span> <span class='ocrx_word' id='word_1_101' title='bbox 781 1394 871 1449; x_wconf 87' lang='lat' dir='ltr'><strong>per</strong></span> <span class='ocrx_word' id='word_1_102' title='bbox 894 1377 1116 1431; x_wconf 89' lang='lat' dir='ltr'><strong>medium</strong></span> <span class='ocrx_word' id='word_1_103' title='bbox 1145 1390 1286 1431; x_wconf 85' lang='lat' dir='ltr'><strong>mare</strong></span> <span class='ocrx_word' id='word_1_104' title='bbox 1315 1393 1406 1447; x_wconf 84' lang='lat' dir='ltr'><strong>per</strong></span> <span class='ocrx_word' id='word_1_105' title='bbox 1424 1378 1646 1441; x_wconf 81' lang='lat' dir='ltr'><strong>siccum;</strong></span> <span class='ocrx_word' id='word_1_106' title='bbox 1672 1387 1717 1431; x_wconf 89' lang='lat' dir='ltr'><strong>et</strong></span> <span class='ocrx_word' id='word_1_107' title='bbox 1738 1393 1873 1448; x_wconf 86' lang='lat' dir='ltr'><strong>aqua</strong></span> 
     </span>
    </p>
   </div>
   <div class='ocr_carea' id='block_1_16' title="bbox 275 1471 1868 1543">
    <p class='ocr_par' dir='ltr' id='par_1_16' title="bbox 275 1471 1868 1543">
     <span class='ocr_line' id='line_1_16' title="bbox 275 1471 1868 1543; baseline 0 -17"><span class='ocrx_word' id='word_1_108' title='bbox 275 1472 354 1529; x_wconf 86' lang='lat' dir='ltr'><strong>illi</strong></span> <span class='ocrx_word' id='word_1_109' title='bbox 374 1490 550 1528; x_wconf 89' lang='lat' dir='ltr'><strong>murus</strong></span> <span class='ocrx_word' id='word_1_110' title='bbox 593 1483 701 1528; x_wconf 86' lang='lat' dir='ltr'><strong>erat</strong></span> <span class='ocrx_word' id='word_1_111' title='bbox 726 1472 909 1527; x_wconf 72' lang='lat' dir='ltr'><strong>dextra</strong></span> <span class='ocrx_word' id='word_1_112' title='bbox 939 1484 1090 1543; x_wconf 86' lang='lat' dir='ltr'><strong>atque</strong></span> <span class='ocrx_word' id='word_1_113' title='bbox 1120 1473 1347 1527; x_wconf 88' lang='lat' dir='ltr'><strong>sinistra.</strong></span> <span class='ocrx_word' id='word_1_114' title='bbox 1392 1473 1467 1527; x_wconf 87' lang='lat' dir='ltr'><strong>lla</strong></span> <span class='ocrx_word' id='word_1_115' title='bbox 1515 1471 1868 1528; x_wconf 85' lang='lat' dir='ltr'><strong>constrictum</strong></span> 
     </span>
    </p>
   </div>
   <div class='ocr_carea' id='block_1_17' title="bbox 275 1567 1872 1638">
    <p class='ocr_par' dir='ltr' id='par_1_17' title="bbox 275 1567 1872 1638">
     <span class='ocr_line' id='line_1_17' title="bbox 275 1567 1872 1638; baseline -0.001 -14"><span class='ocrx_word' id='word_1_116' title='bbox 275 1567 498 1624; x_wconf 85' lang='lat' dir='ltr'><strong>docetur</strong></span> <span class='ocrx_word' id='word_1_117' title='bbox 553 1567 694 1638; x_wconf 88' lang='lat' dir='ltr'><strong>quod</strong></span> <span class='ocrx_word' id='word_1_118' title='bbox 727 1582 824 1637; x_wconf 88' lang='lat' dir='ltr'><strong>per</strong></span> <span class='ocrx_word' id='word_1_119' title='bbox 846 1576 1088 1623; x_wconf 84' lang='lat' dir='ltr'><strong>austrum</strong></span> <span class='ocrx_word' id='word_1_120' title='bbox 1120 1567 1372 1622; x_wconf 76' lang='lat' dir='ltr'><strong>effectum</strong></span> <span class='ocrx_word' id='word_1_121' title='bbox 1397 1576 1501 1621; x_wconf 89' lang='lat' dir='ltr'><strong>est.</strong></span> <span class='ocrx_word' id='word_1_122' title='bbox 1534 1567 1642 1622; x_wconf 81' lang='lat' dir='ltr'><strong>Nec</strong></span> <span class='ocrx_word' id='word_1_123' title='bbox 1675 1582 1782 1622; x_wconf 92' lang='lat' dir='ltr'><strong>non</strong></span> <span class='ocrx_word' id='word_1_124' title='bbox 1817 1575 1872 1622; x_wconf 86' lang='lat' dir='ltr'><strong>et</strong></span> 
     </span>
    </p>
   </div>
   <div class='ocr_carea' id='block_1_18' title="bbox 273 1660 1871 1732">
    <p class='ocr_par' dir='ltr' id='par_1_18' title="bbox 273 1660 1871 1732">
     <span class='ocr_line' id='line_1_18' title="bbox 273 1660 1871 1732; baseline -0.001 -16"><span class='ocrx_word' id='word_1_125' title='bbox 273 1660 535 1732; x_wconf 80' lang='lat' dir='ltr'><strong>propheta</strong></span> <span class='ocrx_word' id='word_1_126' title='bbox 565 1660 1009 1732; x_wconf 51' lang='lat' dir='ltr'><strong>psalmographus</strong></span> <span class='ocrx_word' id='word_1_127' title='bbox 1037 1660 1200 1715; x_wconf 88' lang='lat' dir='ltr'><strong>David</strong></span> <span class='ocrx_word' id='word_1_128' title='bbox 1238 1660 1306 1715; x_wconf 90' lang='lat' dir='ltr'><strong>de</strong></span> <span class='ocrx_word' id='word_1_129' title='bbox 1336 1660 1438 1715; x_wconf 91' lang='lat' dir='ltr'><strong>hoc</strong></span> <span class='ocrx_word' id='word_1_130' title='bbox 1466 1661 1583 1730; x_wconf 90' lang='lat' dir='ltr'><strong>ipso</strong></span> <span class='ocrx_word' id='word_1_131' title='bbox 1605 1660 1758 1730; x_wconf 87' lang='lat' dir='ltr'><strong>signo</strong></span> <span class='ocrx_word' id='word_1_132' title='bbox 1786 1660 1871 1715; x_wconf 90' lang='lat' dir='ltr'><strong>in-</strong></span> 
     </span>
    </p>
   </div>
   <div class='ocr_carea' id='block_1_19' title="bbox 1975 438 3572 513">
    <p class='ocr_par' dir='ltr' id='par_1_19' title="bbox 1975 438 3572 513">
     <span class='ocr_line' id='line_1_19' title="bbox 1975 438 3572 513; baseline 0.003 -19"><span class='ocrx_word' id='word_1_133' title='bbox 1975 438 2139 511; x_wconf 89' lang='lat' dir='ltr'><strong>(quod</strong></span> <span class='ocrx_word' id='word_1_134' title='bbox 2171 439 2487 496; x_wconf 89' lang='lat' dir='ltr'><strong>incredibile</strong></span> <span class='ocrx_word' id='word_1_135' title='bbox 2514 449 2596 496; x_wconf 86' lang='lat' dir='ltr'><strong>est</strong></span> <span class='ocrx_word' id='word_1_136' title='bbox 2623 441 3069 512; x_wconf 82' lang='lat' dir='ltr'><strong>repugnantibus)</strong></span> <span class='ocrx_word' id='word_1_137' title='bbox 3099 442 3363 513; x_wconf 87' lang='lat' dir='ltr'><strong>sepultus,</strong></span> <span class='ocrx_word' id='word_1_138' title='bbox 3389 456 3572 499; x_wconf 90' lang='lat' dir='ltr'><strong>resur-</strong></span> 
     </span>
    </p>
   </div>
   <div class='ocr_carea' id='block_1_20' title="bbox 1973 532 3572 606">
    <p class='ocr_par' dir='ltr' id='par_1_20' title="bbox 1973 532 3572 606">
     <span class='ocr_line' id='line_1_20' title="bbox 1973 532 3572 606; baseline 0.003 -18"><span class='ocrx_word' id='word_1_139' title='bbox 1973 533 2183 589; x_wconf 75' lang='lat' dir='ltr'><strong>rexisse</strong></span> <span class='ocrx_word' id='word_1_140' title='bbox 2221 532 2449 589; x_wconf 85' lang='lat' dir='ltr'><strong>dicatur.</strong></span> <span class='ocrx_word' id='word_1_141' title='bbox 2503 533 2571 589; x_wconf 89' lang='lat' dir='ltr'><strong>Et</strong></span> <span class='ocrx_word' id='word_1_142' title='bbox 2620 533 2837 605; x_wconf 87' lang='lat' dir='ltr'><strong>quidem</strong></span> <span class='ocrx_word' id='word_1_143' title='bbox 2881 535 2972 606; x_wconf 90' lang='lat' dir='ltr'><strong>qui</strong></span> <span class='ocrx_word' id='word_1_144' title='bbox 3022 535 3075 590; x_wconf 92' lang='lat' dir='ltr'><strong>in</strong></span> <span class='ocrx_word' id='word_1_145' title='bbox 3102 549 3267 591; x_wconf 87' lang='lat' dir='ltr'><strong>carne</strong></span> <span class='ocrx_word' id='word_1_146' title='bbox 3318 535 3572 592; x_wconf 84' lang='lat' dir='ltr'><strong>veniebat</strong></span> 
     </span>
    </p>
   </div>
   <div class='ocr_carea' id='block_1_21' title="bbox 1974 626 3569 701">
    <p class='ocr_par' dir='ltr' id='par_1_21' title="bbox 1974 626 3569 701">
     <span class='ocr_line' id='line_1_21' title="bbox 1974 626 3569 701; baseline 0.003 -20"><span class='ocrx_word' id='word_1_147' title='bbox 1974 627 2210 681; x_wconf 84' lang='lat' dir='ltr'><strong>salvator</strong></span> <span class='ocrx_word' id='word_1_148' title='bbox 2237 626 2438 693; x_wconf 88' lang='lat' dir='ltr'><strong>carnis,</strong></span> <span class='ocrx_word' id='word_1_149' title='bbox 2467 627 2609 699; x_wconf 88' lang='lat' dir='ltr'><strong>quod</strong></span> <span class='ocrx_word' id='word_1_150' title='bbox 2643 639 2883 683; x_wconf 88' lang='lat' dir='ltr'><strong>nostram</strong></span> <span class='ocrx_word' id='word_1_151' title='bbox 2928 627 3114 684; x_wconf 85' lang='lat' dir='ltr'><strong>debuit</strong></span> <span class='ocrx_word' id='word_1_152' title='bbox 3156 627 3432 701; x_wconf 85' lang='lat' dir='ltr'><strong>suscipere</strong></span> <span class='ocrx_word' id='word_1_153' title='bbox 3458 645 3569 685; x_wconf 90' lang='lat' dir='ltr'><strong>non</strong></span> 
     </span>
    </p>
   </div>
   <div class='ocr_carea' id='block_1_22' title="bbox 1973 720 3570 793">
    <p class='ocr_par' dir='ltr' id='par_1_22' title="bbox 1973 720 3570 793">
     <span class='ocr_line' id='line_1_22' title="bbox 1973 720 3570 793; baseline 0.004 -19"><span class='ocrx_word' id='word_1_154' title='bbox 1973 720 2227 785; x_wconf 88' lang='lat' dir='ltr'><strong>alienam,</strong></span> <span class='ocrx_word' id='word_1_155' title='bbox 2254 720 2599 777; x_wconf 82' lang='lat' dir='ltr'><strong>manifestum</strong></span> <span class='ocrx_word' id='word_1_156' title='bbox 2625 728 2736 777; x_wconf 91' lang='lat' dir='ltr'><strong>est:</strong></span> <span class='ocrx_word' id='word_1_157' title='bbox 2756 721 2931 776; x_wconf 83' lang='lat' dir='ltr'><strong>aliena</strong></span> <span class='ocrx_word' id='word_1_158' title='bbox 2953 723 3099 778; x_wconf 89' lang='lat' dir='ltr'><strong>enim</strong></span> <span class='ocrx_word' id='word_1_159' title='bbox 3126 732 3398 793; x_wconf 87' lang='lat' dir='ltr'><strong>suscepta.</strong></span> <span class='ocrx_word' id='word_1_160' title='bbox 3422 723 3570 780; x_wconf 85' lang='lat' dir='ltr'><strong>salus</strong></span> 
     </span>
    </p>
   </div>
   <div class='ocr_carea' id='block_1_23' title="bbox 1972 813 3570 886">
    <p class='ocr_par' dir='ltr' id='par_1_23' title="bbox 1972 813 3570 886">
     <span class='ocr_line' id='line_1_23' title="bbox 1972 813 3570 886; baseline 0.004 -20"><span class='ocrx_word' id='word_1_161' title='bbox 1972 813 2041 868; x_wconf 90' lang='lat' dir='ltr'><strong>ad</strong></span> <span class='ocrx_word' id='word_1_162' title='bbox 2066 828 2165 869; x_wconf 90' lang='lat' dir='ltr'><strong>nos</strong></span> <span class='ocrx_word' id='word_1_163' title='bbox 2186 828 2291 869; x_wconf 89' lang='lat' dir='ltr'><strong>non</strong></span> <span class='ocrx_word' id='word_1_164' title='bbox 2322 814 2644 884; x_wconf 86' lang='lat' dir='ltr'><strong>pertinebat.</strong></span> <span class='ocrx_word' id='word_1_165' title='bbox 2671 813 2862 870; x_wconf 81' lang='lat' dir='ltr'><strong>Nostra</strong></span> <span class='ocrx_word' id='word_1_166' title='bbox 2890 829 3107 886; x_wconf 91' lang='lat' dir='ltr'><strong>quoque</strong></span> <span class='ocrx_word' id='word_1_167' title='bbox 3132 826 3377 885; x_wconf 86' lang='lat' dir='ltr'><strong>suscepta</strong></span> <span class='ocrx_word' id='word_1_168' title='bbox 3406 830 3570 872; x_wconf 90' lang='lat' dir='ltr'><strong>carne</strong></span> 
     </span>
    </p>
   </div>
   <div class='ocr_carea' id='block_1_24' title="bbox 1975 906 3567 980">
    <p class='ocr_par' dir='ltr' id='par_1_24' title="bbox 1975 906 3567 980">
     <span class='ocr_line' id='line_1_24' title="bbox 1975 906 3567 980; baseline 0.003 -20"><span class='ocrx_word' id='word_1_169' title='bbox 1975 906 2121 963; x_wconf 89' lang='lat' dir='ltr'><strong>nasci</strong></span> <span class='ocrx_word' id='word_1_170' title='bbox 2170 907 2435 977; x_wconf 84' lang='lat' dir='ltr'><strong>parvulus</strong></span> <span class='ocrx_word' id='word_1_171' title='bbox 2466 907 2655 963; x_wconf 85' lang='lat' dir='ltr'><strong>debuit</strong></span> <span class='ocrx_word' id='word_1_172' title='bbox 2698 923 2764 964; x_wconf 80' lang='lat' dir='ltr'><strong>ex</strong></span> <span class='ocrx_word' id='word_1_173' title='bbox 2794 908 3039 980; x_wconf 75' lang='lat' dir='ltr'><strong>virgine:</strong></span> <span class='ocrx_word' id='word_1_174' title='bbox 3080 924 3181 965; x_wconf 91' lang='lat' dir='ltr'><strong>nec</strong></span> <span class='ocrx_word' id='word_1_175' title='bbox 3218 910 3361 966; x_wconf 89' lang='lat' dir='ltr'><strong>enim</strong></span> <span class='ocrx_word' id='word_1_176' title='bbox 3393 909 3567 966; x_wconf 88' lang='lat' dir='ltr'><strong>virum</strong></span> 
     </span>
    </p>
   </div>
   <div class='ocr_carea' id='block_1_25' title="bbox 1973 1004 3569 1077">
    <p class='ocr_par' dir='ltr' id='par_1_25' title="bbox 1973 1004 3569 1077">
     <span class='ocr_line' id='line_1_25' title="bbox 1973 1004 3569 1077; baseline 0.003 -20"><span class='ocrx_word' id='word_1_177' title='bbox 1973 1013 2407 1058; x_wconf 86' lang='lat' dir='ltr'><strong>consummatum</strong></span> <span class='ocrx_word' id='word_1_178' title='bbox 2447 1019 2542 1074; x_wconf 90' lang='lat' dir='ltr'><strong>per</strong></span> <span class='ocrx_word' id='word_1_179' title='bbox 2576 1004 2841 1076; x_wconf 81' lang='lat' dir='ltr'><strong>virginem</strong></span> <span class='ocrx_word' id='word_1_180' title='bbox 2890 1005 3037 1060; x_wconf 89' lang='lat' dir='ltr'><strong>nasci</strong></span> <span class='ocrx_word' id='word_1_181' title='bbox 3076 1005 3382 1074; x_wconf 87' lang='lat' dir='ltr'><strong>oportebat,</strong></span> <span class='ocrx_word' id='word_1_182' title='bbox 3423 1004 3569 1077; x_wconf 90' lang='lat' dir='ltr'><strong>quod</strong></span> 
     </span>
    </p>
   </div>
   <div class='ocr_carea' id='block_1_26' title="bbox 1972 1093 3563 1167">
    <p class='ocr_par' dir='ltr' id='par_1_26' title="bbox 1972 1093 3563 1167">
     <span class='ocr_line' id='line_1_26' title="bbox 1972 1093 3563 1167; baseline 0.003 -19"><span class='ocrx_word' id='word_1_183' title='bbox 1972 1093 2051 1150; x_wconf 91' lang='lat' dir='ltr'><strong>sic</strong></span> <span class='ocrx_word' id='word_1_184' title='bbox 2100 1094 2344 1150; x_wconf 82' lang='lat' dir='ltr'><strong>docetur.</strong></span> <span class='ocrx_word' id='word_1_185' title='bbox 2396 1097 2682 1153; x_wconf 84' lang='lat' dir='ltr'><strong>Dicebatur</strong></span> <span class='ocrx_word' id='word_1_186' title='bbox 2711 1106 2890 1163; x_wconf 89' lang='lat' dir='ltr'><strong>natus,</strong></span> <span class='ocrx_word' id='word_1_187' title='bbox 2919 1106 3076 1152; x_wconf 89' lang='lat' dir='ltr'><strong>natus</strong></span> <span class='ocrx_word' id='word_1_188' title='bbox 3097 1106 3272 1152; x_wconf 88' lang='lat' dir='ltr'><strong>tamen</strong></span> <span class='ocrx_word' id='word_1_189' title='bbox 3302 1111 3409 1152; x_wconf 90' lang='lat' dir='ltr'><strong>non</strong></span> <span class='ocrx_word' id='word_1_190' title='bbox 3441 1113 3563 1167; x_wconf 80' lang='lat' dir='ltr'><strong>pro-</strong></span> 
     </span>
    </p>
   </div>
   <div class='ocr_carea' id='block_1_27' title="bbox 1973 1187 3571 1262">
    <p class='ocr_par' dir='ltr' id='par_1_27' title="bbox 1973 1187 3571 1262">
     <span class='ocr_line' id='line_1_27' title="bbox 1973 1187 3571 1262; baseline 0 -18"><span class='ocrx_word' id='word_1_191' title='bbox 1973 1187 2202 1244; x_wconf 86' lang='lat' dir='ltr'><strong>babatur</strong></span> <span class='ocrx_word' id='word_1_192' title='bbox 2226 1205 2239 1243; x_wconf 90' lang='lat'><strong>:</strong></span> <span class='ocrx_word' id='word_1_193' title='bbox 2264 1190 2538 1262; x_wconf 90' lang='lat' dir='ltr'><strong>quomodo</strong></span> <span class='ocrx_word' id='word_1_194' title='bbox 2565 1192 2708 1246; x_wconf 87' lang='lat' dir='ltr'><strong>enim</strong></span> <span class='ocrx_word' id='word_1_195' title='bbox 2740 1192 2825 1246; x_wconf 90' lang='lat' dir='ltr'><strong>vir</strong></span> <span class='ocrx_word' id='word_1_196' title='bbox 2854 1199 3259 1246; x_wconf 82' lang='lat' dir='ltr'><strong>consummatus</strong></span> <span class='ocrx_word' id='word_1_197' title='bbox 3300 1190 3445 1245; x_wconf 91' lang='lat' dir='ltr'><strong>nasci</strong></span> <span class='ocrx_word' id='word_1_198' title='bbox 3474 1206 3571 1261; x_wconf 90' lang='lat' dir='ltr'><strong>per</strong></span> 
     </span>
    </p>
   </div>
   <div class='ocr_carea' id='block_1_28' title="bbox 1973 1283 3571 1355">
    <p class='ocr_par' dir='ltr' id='par_1_28' title="bbox 1973 1283 3571 1355">
     <span class='ocr_line' id='line_1_28' title="bbox 1973 1283 3571 1355; baseline 0.001 -19"><span class='ocrx_word' id='word_1_199' title='bbox 1973 1283 2234 1353; x_wconf 80' lang='lat' dir='ltr'><strong>virginem</strong></span> <span class='ocrx_word' id='word_1_200' title='bbox 2290 1285 2535 1354; x_wconf 86' lang='lat' dir='ltr'><strong>poterat?</strong></span> <span class='ocrx_word' id='word_1_201' title='bbox 2568 1296 2627 1340; x_wconf 90' lang='lat' dir='ltr'><strong>ut</strong></span> <span class='ocrx_word' id='word_1_202' title='bbox 2673 1301 2831 1355; x_wconf 88' lang='lat' dir='ltr'><strong>quem</strong></span> <span class='ocrx_word' id='word_1_203' title='bbox 2876 1283 3156 1354; x_wconf 63' lang='lat' dir='ltr'><strong>parvulum</strong></span> <span class='ocrx_word' id='word_1_204' title='bbox 3201 1299 3306 1339; x_wconf 92' lang='lat' dir='ltr'><strong>non</strong></span> <span class='ocrx_word' id='word_1_205' title='bbox 3349 1284 3571 1340; x_wconf 87' lang='lat' dir='ltr'><strong>creditis</strong></span> 
     </span>
    </p>
   </div>
   <div class='ocr_carea' id='block_1_29' title="bbox 1972 1377 3468 1450">
    <p class='ocr_par' dir='ltr' id='par_1_29' title="bbox 1972 1377 3468 1450">
     <span class='ocr_line' id='line_1_29' title="bbox 1972 1377 3468 1450; baseline 0.002 -20"><span class='ocrx_word' id='word_1_206' title='bbox 1972 1385 2181 1443; x_wconf 91' lang='lat' dir='ltr'><strong>natum,</strong></span> <span class='ocrx_word' id='word_1_207' title='bbox 2208 1377 2380 1433; x_wconf 87' lang='lat' dir='ltr'><strong>multo</strong></span> <span class='ocrx_word' id='word_1_208' title='bbox 2406 1380 2576 1450; x_wconf 87' lang='lat' dir='ltr'><strong>magis</strong></span> <span class='ocrx_word' id='word_1_209' title='bbox 2603 1379 2774 1434; x_wconf 88' lang='lat' dir='ltr'><strong>virum</strong></span> <span class='ocrx_word' id='word_1_210' title='bbox 2797 1380 2998 1434; x_wconf 90' lang='lat' dir='ltr'><strong>editum</strong></span> <span class='ocrx_word' id='word_1_211' title='bbox 3023 1394 3130 1434; x_wconf 91' lang='lat' dir='ltr'><strong>non</strong></span> <span class='ocrx_word' id='word_1_212' title='bbox 3151 1378 3468 1435; x_wconf 86' lang='lat' dir='ltr'><strong>crederetis.</strong></span> 
     </span>
    </p>
   </div>
   <div class='ocr_carea' id='block_1_30' title="bbox 2045 1468 3573 1543">
    <p class='ocr_par' dir='ltr' id='par_1_30' title="bbox 2045 1468 3573 1543">
     <span class='ocr_line' id='line_1_30' title="bbox 2045 1468 3573 1543; baseline 0.001 -19"><span class='ocrx_word' id='word_1_213' title='bbox 2045 1468 2188 1524; x_wconf 78' lang='lat' dir='ltr'><strong>XXI.</strong></span> <span class='ocrx_word' id='word_1_214' title='bbox 2231 1469 2476 1526; x_wconf 87' lang='lat' dir='ltr'><strong>Parvitas</strong></span> <span class='ocrx_word' id='word_1_215' title='bbox 2504 1479 2684 1526; x_wconf 84' lang='lat' dir='ltr'><strong>tamen</strong></span> <span class='ocrx_word' id='word_1_216' title='bbox 2716 1470 2834 1543; x_wconf 89' lang='lat' dir='ltr'><strong>ejus</strong></span> <span class='ocrx_word' id='word_1_217' title='bbox 2862 1487 3020 1542; x_wconf 91' lang='lat' dir='ltr'><strong>quam</strong></span> <span class='ocrx_word' id='word_1_218' title='bbox 3047 1471 3227 1526; x_wconf 88' lang='lat' dir='ltr'><strong>divina</strong></span> <span class='ocrx_word' id='word_1_219' title='bbox 3256 1471 3348 1538; x_wconf 90' lang='lat' dir='ltr'><strong>sit,</strong></span> <span class='ocrx_word' id='word_1_220' title='bbox 3376 1486 3573 1542; x_wconf 87' lang='lat' dir='ltr'><strong>agnos-</strong></span> 
     </span>
    </p>
   </div>
   <div class='ocr_carea' id='block_1_31' title="bbox 1972 1560 3569 1635">
    <p class='ocr_par' dir='ltr' id='par_1_31' title="bbox 1972 1560 3569 1635">
     <span class='ocr_line' id='line_1_31' title="bbox 1972 1560 3569 1635; baseline 0.001 -19"><span class='ocrx_word' id='word_1_221' title='bbox 1972 1574 2177 1616; x_wconf 88' lang='lat' dir='ltr'><strong>camus.</strong></span> <span class='ocrx_word' id='word_1_222' title='bbox 2199 1560 2508 1634; x_wconf 76' lang='lat' dir='ltr'><strong>Conceptus</strong></span> <span class='ocrx_word' id='word_1_223' title='bbox 2529 1573 2613 1618; x_wconf 80' lang='lat' dir='ltr'><strong>uSt</strong></span> <span class='ocrx_word' id='word_1_224' title='bbox 2640 1567 2824 1629; x_wconf 89' lang='lat' dir='ltr'><strong>homo,</strong></span> <span class='ocrx_word' id='word_1_225' title='bbox 2850 1563 2946 1619; x_wconf 89' lang='lat' dir='ltr'><strong>sed</strong></span> <span class='ocrx_word' id='word_1_226' title='bbox 2977 1565 3096 1621; x_wconf 87' lang='lat' dir='ltr'><strong>sine</strong></span> <span class='ocrx_word' id='word_1_227' title='bbox 3121 1564 3329 1635; x_wconf 81' lang='lat' dir='ltr'><strong>origine</strong></span> <span class='ocrx_word' id='word_1_228' title='bbox 3354 1563 3569 1619; x_wconf 84' lang='lat' dir='ltr'><strong>humani</strong></span> 
     </span>
    </p>
   </div>
   <div class='ocr_carea' id='block_1_32' title="bbox 1973 1656 3569 1729">
    <p class='ocr_par' dir='ltr' id='par_1_32' title="bbox 1973 1656 3569 1729">
     <span class='ocr_line' id='line_1_32' title="bbox 1973 1656 3569 1729; baseline 0.003 -19"><span class='ocrx_word' id='word_1_229' title='bbox 1973 1656 2216 1711; x_wconf 84' lang='lat' dir='ltr'><strong>seminis.</strong></span> <span class='ocrx_word' id='word_1_230' title='bbox 2255 1656 2423 1711; x_wconf 84' lang='lat' dir='ltr'><strong>Natus</strong></span> <span class='ocrx_word' id='word_1_231' title='bbox 2448 1666 2533 1712; x_wconf 90' lang='lat' dir='ltr'><strong>est</strong></span> <span class='ocrx_word' id='word_1_232' title='bbox 2555 1657 2696 1713; x_wconf 90' lang='lat' dir='ltr'><strong>sicut</strong></span> <span class='ocrx_word' id='word_1_233' title='bbox 2720 1656 2902 1723; x_wconf 89' lang='lat' dir='ltr'><strong>homo,</strong></span> <span class='ocrx_word' id='word_1_234' title='bbox 2953 1657 3051 1712; x_wconf 86' lang='lat' dir='ltr'><strong>sed</strong></span> <span class='ocrx_word' id='word_1_235' title='bbox 3078 1672 3143 1713; x_wconf 83' lang='lat' dir='ltr'><strong>ex</strong></span> <span class='ocrx_word' id='word_1_236' title='bbox 3172 1658 3400 1729; x_wconf 86' lang='lat' dir='ltr'><strong>virgine.</strong></span> <span class='ocrx_word' id='word_1_237' title='bbox 3425 1657 3569 1729; x_wconf 87' lang='lat' dir='ltr'><strong>quod</strong></span> 
     </span>
    </p>
   </div>
   <div class='ocr_carea' id='block_1_33' title="bbox 270 1748 3568 1824">
    <p class='ocr_par' dir='ltr' id='par_1_33' title="bbox 270 1748 3568 1824">
     <span class='ocr_line' id='line_1_33' title="bbox 270 1748 3568 1824; baseline -0.001 -16"><span class='ocrx_word' id='word_1_238' title='bbox 270 1754 619 1824; x_wconf 84' lang='lat' dir='ltr'><strong>terpretando</strong></span> <span class='ocrx_word' id='word_1_239' title='bbox 641 1755 714 1809; x_wconf 90' lang='lat' dir='ltr'><strong>ait</strong></span> <span class='ocrx_word' id='word_1_240' title='bbox 741 1772 755 1810; x_wconf 89' lang='lat'><strong>:</strong></span> <span class='ocrx_word' id='word_1_241' title='bbox 786 1753 1009 1821; x_wconf 85' lang='lat' dir='ltr'><strong>disrupit</strong></span> <span class='ocrx_word' id='word_1_242' title='bbox 1036 1770 1197 1820; x_wconf 89' lang='lat' dir='ltr'><strong>mare,</strong></span> <span class='ocrx_word' id='word_1_243' title='bbox 1224 1762 1273 1808; x_wconf 84' lang='lat' dir='ltr'><strong>et</strong></span> <span class='ocrx_word' id='word_1_244' title='bbox 1299 1755 1501 1818; x_wconf 80' lang='lat' dir='ltr'><strong>traiecit</strong></span> <span class='ocrx_word' id='word_1_245' title='bbox 1531 1770 1652 1817; x_wconf 88' lang='lat' dir='ltr'><strong>eos;</strong></span> <span class='ocrx_word' id='word_1_246' title='bbox 1685 1755 1865 1809; x_wconf 81' lang='lat' dir='ltr'><strong>statuit</strong></span> <span class='ocrx_word' id='word_1_247' title='bbox 1900 1751 1943 1811; x_wconf 88' lang='grc' dir='ltr'><strong>Β</strong></span> <span class='ocrx_word' id='word_1_248' title='bbox 1971 1758 2051 1804; x_wconf 81' lang='lat' dir='ltr'><strong>est</strong></span> <span class='ocrx_word' id='word_1_249' title='bbox 2078 1758 2348 1805; x_wconf 79' lang='lat' dir='ltr'><strong>sanctum.</strong></span> <span class='ocrx_word' id='word_1_250' title='bbox 2384 1748 2639 1821; x_wconf 77' lang='lat' dir='ltr'><strong>ignobilis</strong></span> <span class='ocrx_word' id='word_1_251' title='bbox 2660 1759 2715 1805; x_wconf 85' lang='lat' dir='ltr'><strong>et</strong></span> <span class='ocrx_word' id='word_1_252' title='bbox 2746 1749 3028 1817; x_wconf 77' lang='lat' dir='ltr'><strong>deformis,</strong></span> <span class='ocrx_word' id='word_1_253' title='bbox 3057 1749 3153 1806; x_wconf 87' lang='lat' dir='ltr'><strong>sed</strong></span> <span class='ocrx_word' id='word_1_254' title='bbox 3181 1751 3486 1822; x_wconf 85' lang='lat' dir='ltr'><strong>gloriosus:</strong></span> <span class='ocrx_word' id='word_1_255' title='bbox 3513 1751 3568 1807; x_wconf 90' lang='lat' dir='ltr'><strong>in</strong></span> 
     </span>
    </p>
   </div>
   <div class='ocr_carea' id='block_1_34' title="bbox 271 1845 1865 1918">
    <p class='ocr_par' dir='ltr' id='par_1_34' title="bbox 271 1845 1865 1918">
     <span class='ocr_line' id='line_1_34' title="bbox 271 1845 1865 1918; baseline 0.001 -18"><span class='ocrx_word' id='word_1_256' title='bbox 271 1861 433 1918; x_wconf 85' lang='lat' dir='ltr'><strong>aquas</strong></span> <span class='ocrx_word' id='word_1_257' title='bbox 466 1845 597 1901; x_wconf 88' lang='lat' dir='ltr'><strong>sicut</strong></span> <span class='ocrx_word' id='word_1_258' title='bbox 640 1856 825 1901; x_wconf 87' lang='lat' dir='ltr'><strong>utrem.</strong></span> <span class='ocrx_word' id='word_1_259' title='bbox 868 1845 945 1901; x_wconf 83' lang='lat' dir='ltr'><strong>Ac</strong></span> <span class='ocrx_word' id='word_1_260' title='bbox 970 1846 1142 1917; x_wconf 87' lang='lat' dir='ltr'><strong>siquis</strong></span> <span class='ocrx_word' id='word_1_261' title='bbox 1173 1862 1269 1917; x_wconf 93' lang='lat' dir='ltr'><strong>per</strong></span> <span class='ocrx_word' id='word_1_262' title='bbox 1290 1846 1656 1901; x_wconf 78' lang='lat' dir='ltr'><strong>inﬁrmitatem</strong></span> <span class='ocrx_word' id='word_1_263' title='bbox 1702 1846 1865 1901; x_wconf 87' lang='lat' dir='ltr'><strong>animi</strong></span> 
     </span>
    </p>
   </div>
   <div class='ocr_carea' id='block_1_35' title="bbox 271 1937 1867 2011">
    <p class='ocr_par' dir='ltr' id='par_1_35' title="bbox 271 1937 1867 2011">
     <span class='ocr_line' id='line_1_35' title="bbox 271 1937 1867 2011; baseline 0 -18"><span class='ocrx_word' id='word_1_264' title='bbox 271 1939 376 2005; x_wconf 90' lang='lat' dir='ltr'><strong>sui,</strong></span> <span class='ocrx_word' id='word_1_265' title='bbox 406 1937 658 1994; x_wconf 87' lang='lat' dir='ltr'><strong>duritiam</strong></span> <span class='ocrx_word' id='word_1_266' title='bbox 681 1939 860 1995; x_wconf 87' lang='lat' dir='ltr'><strong>cordis</strong></span> <span class='ocrx_word' id='word_1_267' title='bbox 900 1939 1000 1994; x_wconf 85' lang='lat' dir='ltr'><strong>sibi</strong></span> <span class='ocrx_word' id='word_1_268' title='bbox 1033 1939 1290 2010; x_wconf 82' lang='lat' dir='ltr'><strong>parando,</strong></span> <span class='ocrx_word' id='word_1_269' title='bbox 1340 1938 1711 2011; x_wconf 86' lang='lat' dir='ltr'><strong>probamentis</strong></span> <span class='ocrx_word' id='word_1_270' title='bbox 1750 1940 1867 1995; x_wconf 83' lang='lat' dir='ltr'><strong>istis</strong></span> 
     </span>
    </p>
   </div>
   <div class='ocr_carea' id='block_1_36' title="bbox 272 2033 1869 2105">
    <p class='ocr_par' dir='ltr' id='par_1_36' title="bbox 272 2033 1869 2105">
     <span class='ocr_line' id='line_1_36' title="bbox 272 2033 1869 2105; baseline 0.002 -19"><span class='ocrx_word' id='word_1_271' title='bbox 272 2048 378 2087; x_wconf 92' lang='lat' dir='ltr'><strong>non</strong></span> <span class='ocrx_word' id='word_1_272' title='bbox 409 2033 618 2099; x_wconf 88' lang='lat' dir='ltr'><strong>credit,</strong></span> <span class='ocrx_word' id='word_1_273' title='bbox 645 2035 750 2089; x_wconf 87' lang='lat' dir='ltr'><strong>vim</strong></span> <span class='ocrx_word' id='word_1_274' title='bbox 778 2045 1059 2089; x_wconf 90' lang='lat' dir='ltr'><strong>ventorum</strong></span> <span class='ocrx_word' id='word_1_275' title='bbox 1095 2033 1378 2105; x_wconf 84' lang='lat' dir='ltr'><strong>inspiciat,</strong></span> <span class='ocrx_word' id='word_1_276' title='bbox 1412 2042 1465 2088; x_wconf 88' lang='lat' dir='ltr'><strong>et</strong></span> <span class='ocrx_word' id='word_1_277' title='bbox 1510 2049 1671 2089; x_wconf 87' lang='lat' dir='ltr'><strong>auras</strong></span> <span class='ocrx_word' id='word_1_278' title='bbox 1712 2049 1869 2089; x_wconf 91' lang='lat' dir='ltr'><strong>mun-</strong></span> 
     </span>
    </p>
   </div>
   <div class='ocr_carea' id='block_1_37' title="bbox 269 2125 1869 2199">
    <p class='ocr_par' dir='ltr' id='par_1_37' title="bbox 269 2125 1869 2199">
     <span class='ocr_line' id='line_1_37' title="bbox 269 2125 1869 2199; baseline 0.001 -17"><span class='ocrx_word' id='word_1_279' title='bbox 269 2126 438 2183; x_wconf 89' lang='lat' dir='ltr'><strong>diales</strong></span> <span class='ocrx_word' id='word_1_280' title='bbox 476 2125 579 2182; x_wconf 84' lang='lat' dir='ltr'><strong>hoc</strong></span> <span class='ocrx_word' id='word_1_281' title='bbox 604 2128 776 2196; x_wconf 92' lang='lat' dir='ltr'><strong>ipsum</strong></span> <span class='ocrx_word' id='word_1_282' title='bbox 825 2136 1111 2197; x_wconf 84' lang='lat' dir='ltr'><strong>operantes</strong></span> <span class='ocrx_word' id='word_1_283' title='bbox 1156 2127 1459 2199; x_wconf 88' lang='lat' dir='ltr'><strong>intelligat,</strong></span> <span class='ocrx_word' id='word_1_284' title='bbox 1502 2143 1624 2199; x_wconf 72' lang='lat' dir='ltr'><strong>qua:</strong></span> <span class='ocrx_word' id='word_1_285' title='bbox 1663 2128 1869 2197; x_wconf 88' lang='lat' dir='ltr'><strong>pluvias</strong></span> 
     </span>
    </p>
   </div>
   <div class='ocr_carea' id='block_1_38' title="bbox 269 2219 1870 2291">
    <p class='ocr_par' dir='ltr' id='par_1_38' title="bbox 269 2219 1870 2291">
     <span class='ocr_line' id='line_1_38' title="bbox 269 2219 1870 2291; baseline 0 -16"><span class='ocrx_word' id='word_1_286' title='bbox 269 2219 617 2276; x_wconf 86' lang='lat' dir='ltr'><strong>decurrentes</strong></span> <span class='ocrx_word' id='word_1_287' title='bbox 643 2220 695 2275; x_wconf 92' lang='lat' dir='ltr'><strong>in</strong></span> <span class='ocrx_word' id='word_1_288' title='bbox 723 2219 835 2275; x_wconf 88' lang='lat' dir='ltr'><strong>still</strong></span> <span class='ocrx_word' id='word_1_289' title='bbox 856 2220 1013 2276; x_wconf 83' lang='lat' dir='ltr'><strong>cidiis</strong></span> <span class='ocrx_word' id='word_1_290' title='bbox 1045 2221 1115 2276; x_wconf 92' lang='lat' dir='ltr'><strong>ita</strong></span> <span class='ocrx_word' id='word_1_291' title='bbox 1144 2221 1549 2291; x_wconf 83' lang='lat' dir='ltr'><strong>canstringunt,</strong></span> <span class='ocrx_word' id='word_1_292' title='bbox 1577 2228 1634 2275; x_wconf 91' lang='lat' dir='ltr'><strong>ut</strong></span> <span class='ocrx_word' id='word_1_293' title='bbox 1664 2221 1716 2275; x_wconf 91' lang='lat' dir='ltr'><strong>in</strong></span> <span class='ocrx_word' id='word_1_294' title='bbox 1738 2221 1870 2289; x_wconf 81' lang='lat' dir='ltr'><strong>ipsis</strong></span> 
     </span>
    </p>
   </div>
   <div class='ocr_carea' id='block_1_39' title="bbox 269 2312 1867 2385">
    <p class='ocr_par' dir='ltr' id='par_1_39' title="bbox 269 2312 1867 2385">
     <span class='ocr_line' id='line_1_39' title="bbox 269 2312 1867 2385; baseline 0.001 -16"><span class='ocrx_word' id='word_1_295' title='bbox 269 2312 506 2384; x_wconf 87' lang='lat' dir='ltr'><strong>lapsibus</strong></span> <span class='ocrx_word' id='word_1_296' title='bbox 524 2313 839 2384; x_wconf 86' lang='lat' dir='ltr'><strong>glacientur.</strong></span> <span class='ocrx_word' id='word_1_297' title='bbox 881 2314 1017 2379; x_wconf 82' lang='lat' dir='ltr'><strong>Quid</strong></span> <span class='ocrx_word' id='word_1_298' title='bbox 1045 2324 1261 2385; x_wconf 90' lang='lat' dir='ltr'><strong>oportet</strong></span> <span class='ocrx_word' id='word_1_299' title='bbox 1302 2329 1623 2371; x_wconf 74' lang='lat' dir='ltr'><strong>enumerare</strong></span> <span class='ocrx_word' id='word_1_300' title='bbox 1667 2323 1867 2370; x_wconf 69' lang='lat' dir='ltr'><strong>czetera</strong></span> 
     </span>
    </p>
   </div>
   <div class='ocr_carea' id='block_1_40' title="bbox 269 2406 1869 2479">
    <p class='ocr_par' dir='ltr' id='par_1_40' title="bbox 269 2406 1869 2479">
     <span class='ocr_line' id='line_1_40' title="bbox 269 2406 1869 2479; baseline -0.001 -17"><span class='ocrx_word' id='word_1_301' title='bbox 269 2421 388 2478; x_wconf 72' lang='lat' dir='ltr'><strong>qua:</strong></span> <span class='ocrx_word' id='word_1_302' title='bbox 413 2423 479 2463; x_wconf 86' lang='lat' dir='ltr'><strong>ex</strong></span> <span class='ocrx_word' id='word_1_303' title='bbox 504 2406 667 2463; x_wconf 87' lang='lat' dir='ltr'><strong>uvido</strong></span> <span class='ocrx_word' id='word_1_304' title='bbox 693 2408 1007 2475; x_wconf 85' lang='lat' dir='ltr'><strong>constituta,</strong></span> <span class='ocrx_word' id='word_1_305' title='bbox 1037 2408 1345 2479; x_wconf 72' lang='lat' dir='ltr'><strong>supradicta</strong></span> <span class='ocrx_word' id='word_1_306' title='bbox 1369 2410 1419 2462; x_wconf 91' lang='lat' dir='ltr'><strong>vi</strong></span> <span class='ocrx_word' id='word_1_307' title='bbox 1460 2407 1869 2464; x_wconf 81' lang='lat' dir='ltr'><strong>assolidantur?</strong></span> 
     </span>
    </p>
   </div>
   <div class='ocr_carea' id='block_1_41' title="bbox 268 2498 1869 2570">
    <p class='ocr_par' dir='ltr' id='par_1_41' title="bbox 268 2498 1869 2570">
     <span class='ocr_line' id='line_1_41' title="bbox 268 2498 1869 2570; baseline -0.001 -15"><span class='ocrx_word' id='word_1_308' title='bbox 268 2499 377 2555; x_wconf 84' lang='lat' dir='ltr'><strong>Nec</strong></span> <span class='ocrx_word' id='word_1_309' title='bbox 403 2499 493 2554; x_wconf 90' lang='lat' dir='ltr'><strong>diu</strong></span> <span class='ocrx_word' id='word_1_310' title='bbox 522 2500 719 2555; x_wconf 87' lang='lat' dir='ltr'><strong>morari</strong></span> <span class='ocrx_word' id='word_1_311' title='bbox 754 2515 977 2555; x_wconf 89' lang='lat' dir='ltr'><strong>necesse</strong></span> <span class='ocrx_word' id='word_1_312' title='bbox 1016 2508 1122 2566; x_wconf 91' lang='lat' dir='ltr'><strong>est,</strong></span> <span class='ocrx_word' id='word_1_313' title='bbox 1147 2515 1269 2555; x_wconf 91' lang='lat' dir='ltr'><strong>cum</strong></span> <span class='ocrx_word' id='word_1_314' title='bbox 1316 2500 1437 2570; x_wconf 89' lang='lat' dir='ltr'><strong>plus</strong></span> <span class='ocrx_word' id='word_1_315' title='bbox 1471 2498 1869 2554; x_wconf 88' lang='lat' dir='ltr'><strong>adsertionibus</strong></span> 
     </span>
    </p>
   </div>
   <div class='ocr_carea' id='block_1_42' title="bbox 271 2591 1871 2662">
    <p class='ocr_par' dir='ltr' id='par_1_42' title="bbox 271 2591 1871 2662">
     <span class='ocr_line' id='line_1_42' title="bbox 271 2591 1871 2662; baseline -0.002 -16"><span class='ocrx_word' id='word_1_316' title='bbox 271 2592 471 2647; x_wconf 89' lang='lat' dir='ltr'><strong>nostris</strong></span> <span class='ocrx_word' id='word_1_317' title='bbox 510 2606 691 2647; x_wconf 92' lang='lat' dir='ltr'><strong>rerum</strong></span> <span class='ocrx_word' id='word_1_318' title='bbox 736 2592 975 2648; x_wconf 79' lang='lat' dir='ltr'><strong>clament</strong></span> <span class='ocrx_word' id='word_1_319' title='bbox 1003 2591 1213 2659; x_wconf 87' lang='lat' dir='ltr'><strong>ell&#39;ecta,</strong></span> <span class='ocrx_word' id='word_1_320' title='bbox 1246 2607 1510 2662; x_wconf 80' lang='lat' dir='ltr'><strong>quaecum</strong></span> <span class='ocrx_word' id='word_1_321' title='bbox 1559 2592 1670 2647; x_wconf 88' lang='lat' dir='ltr'><strong>Deo</strong></span> <span class='ocrx_word' id='word_1_322' title='bbox 1716 2591 1871 2646; x_wconf 75' lang='lat' dir='ltr'><strong>ineti-</strong></span> 
     </span>
    </p>
   </div>
   <div class='ocr_carea' id='block_1_43' title="bbox 272 2683 1868 2755">
    <p class='ocr_par' dir='ltr' id='par_1_43' title="bbox 272 2683 1868 2755">
     <span class='ocr_line' id='line_1_43' title="bbox 272 2683 1868 2755; baseline 0.001 -19"><span class='ocrx_word' id='word_1_323' title='bbox 272 2690 456 2737; x_wconf 89' lang='lat' dir='ltr'><strong>tuente</strong></span> <span class='ocrx_word' id='word_1_324' title='bbox 497 2689 752 2738; x_wconf 88' lang='lat' dir='ltr'><strong>eveniunt</strong></span> <span class='ocrx_word' id='word_1_325' title='bbox 780 2685 833 2738; x_wconf 91' lang='lat' dir='ltr'><strong>in</strong></span> <span class='ocrx_word' id='word_1_326' title='bbox 862 2692 1075 2751; x_wconf 85' lang='lat' dir='ltr'><strong>natura,</strong></span> <span class='ocrx_word' id='word_1_327' title='bbox 1123 2695 1325 2755; x_wconf 82' lang='lat' dir='ltr'><strong>quanto</strong></span> <span class='ocrx_word' id='word_1_328' title='bbox 1353 2684 1523 2755; x_wconf 87' lang='lat' dir='ltr'><strong>magis</strong></span> <span class='ocrx_word' id='word_1_329' title='bbox 1554 2683 1606 2738; x_wconf 91' lang='lat' dir='ltr'><strong>in</strong></span> <span class='ocrx_word' id='word_1_330' title='bbox 1635 2683 1868 2738; x_wconf 84' lang='lat' dir='ltr'><strong>adventu</strong></span> 
     </span>
    </p>
   </div>
   <div class='ocr_carea' id='block_1_44' title="bbox 268 2778 1868 2840">
    <p class='ocr_par' dir='ltr' id='par_1_44' title="bbox 268 2778 1868 2840">
     <span class='ocr_line' id='line_1_44' title="bbox 268 2778 1868 2840; baseline 0.002 -9"><span class='ocrx_word' id='word_1_331' title='bbox 268 2790 366 2832; x_wconf 89' lang='lat' dir='ltr'><strong>suo</strong></span> <span class='ocrx_word' id='word_1_332' title='bbox 414 2786 520 2832; x_wconf 92' lang='lat' dir='ltr'><strong>tam</strong></span> <span class='ocrx_word' id='word_1_333' title='bbox 568 2779 894 2840; x_wconf 87' lang='lat' dir='ltr'><strong>necessario.</strong></span> <span class='ocrx_word' id='word_1_334' title='bbox 928 2779 980 2833; x_wconf 92' lang='lat' dir='ltr'><strong>in</strong></span> <span class='ocrx_word' id='word_1_335' title='bbox 1019 2778 1503 2835; x_wconf 79' lang='lat' dir='ltr'><strong>conformationem</strong></span> <span class='ocrx_word' id='word_1_336' title='bbox 1546 2778 1868 2835; x_wconf 84' lang='lat' dir='ltr'><strong>adsumendi</strong></span> 
     </span>
    </p>
   </div>
   <div class='ocr_carea' id='block_1_45' title="bbox 266 2869 1870 2941">
    <p class='ocr_par' dir='ltr' id='par_1_45' title="bbox 266 2869 1870 2941">
     <span class='ocr_line' id='line_1_45' title="bbox 266 2869 1870 2941; baseline -0.001 -16"><span class='ocrx_word' id='word_1_337' title='bbox 266 2869 509 2939; x_wconf 81' lang='lat' dir='ltr'><strong>Corporis</strong></span> <span class='ocrx_word' id='word_1_338' title='bbox 553 2885 648 2939; x_wconf 90' lang='lat' dir='ltr'><strong>per</strong></span> <span class='ocrx_word' id='word_1_339' title='bbox 690 2872 936 2941; x_wconf 85' lang='lat' dir='ltr'><strong>spiritum</strong></span> <span class='ocrx_word' id='word_1_340' title='bbox 963 2879 1207 2925; x_wconf 84' lang='lat' dir='ltr'><strong>sanctum</strong></span> <span class='ocrx_word' id='word_1_341' title='bbox 1247 2870 1437 2941; x_wconf 85' lang='lat' dir='ltr'><strong>stringi</strong></span> <span class='ocrx_word' id='word_1_342' title='bbox 1471 2879 1641 2941; x_wconf 78' lang='lat' dir='ltr'><strong>potuit</strong></span> <span class='ocrx_word' id='word_1_343' title='bbox 1672 2884 1870 2941; x_wconf 88' lang='lat' dir='ltr'><strong>corpus</strong></span> 
     </span>
    </p>
   </div>
   <div class='ocr_carea' id='block_1_46' title="bbox 266 2961 1438 3039">
    <p class='ocr_par' dir='ltr' id='par_1_46' title="bbox 266 2961 1438 3039">
     <span class='ocr_line' id='line_1_46' title="bbox 266 2961 1438 3039; baseline 0 -21"><span class='ocrx_word' id='word_1_344' title='bbox 266 2961 508 3032; x_wconf 83' lang='lat' dir='ltr'><strong>virginis.</strong></span> <span class='ocrx_word' id='word_1_345' title='bbox 532 2962 600 3018; x_wconf 91' lang='lat' dir='ltr'><strong>de</strong></span> <span class='ocrx_word' id='word_1_346' title='bbox 621 2978 728 3035; x_wconf 90' lang='lat' dir='ltr'><strong>quo</strong></span> <span class='ocrx_word' id='word_1_347' title='bbox 752 2962 918 3019; x_wconf 77' lang='lat' dir='ltr'><strong>liuere</strong></span> <span class='ocrx_word' id='word_1_348' title='bbox 940 2964 1296 3033; x_wconf 84' lang='lat' dir='ltr'><strong>sperabatur?</strong></span> <span class='ocrx_word' id='word_1_349' title='bbox 1430 3031 1438 3039; x_wconf 31' lang='lat'><em>.</em></span> 
     </span>
    </p>
   </div>
   <div class='ocr_carea' id='block_1_47' title="bbox 336 3053 1868 3129">
    <p class='ocr_par' dir='ltr' id='par_1_47' title="bbox 336 3053 1868 3129">
     <span class='ocr_line' id='line_1_47' title="bbox 336 3053 1868 3129; baseline 0.004 -20"><span class='ocrx_word' id='word_1_350' title='bbox 336 3053 479 3110; x_wconf 79' lang='lat' dir='ltr'><strong>XIX.</strong></span> <span class='ocrx_word' id='word_1_351' title='bbox 509 3056 660 3124; x_wconf 86' lang='lat' dir='ltr'><strong>Quod</strong></span> <span class='ocrx_word' id='word_1_352' title='bbox 694 3057 907 3125; x_wconf 88' lang='lat' dir='ltr'><strong>quidem</strong></span> <span class='ocrx_word' id='word_1_353' title='bbox 956 3057 1033 3129; x_wconf 81' lang='lat' dir='ltr'><strong>(l)</strong></span> <span class='ocrx_word' id='word_1_354' title='bbox 1062 3057 1332 3128; x_wconf 88' lang='lat' dir='ltr'><strong>aliquibus</strong></span> <span class='ocrx_word' id='word_1_355' title='bbox 1362 3057 1697 3113; x_wconf 89' lang='lat' dir='ltr'><strong>immundum</strong></span> <span class='ocrx_word' id='word_1_356' title='bbox 1745 3073 1868 3116; x_wconf 86' lang='lat' dir='ltr'><strong>esse</strong></span> 
     </span>
    </p>
   </div>
   <div class='ocr_carea' id='block_1_48' title="bbox 1976 1843 3573 1916">
    <p class='ocr_par' dir='ltr' id='par_1_48' title="bbox 1976 1843 3573 1916">
     <span class='ocr_line' id='line_1_48' title="bbox 1976 1843 3573 1916; baseline 0.002 -17"><span class='ocrx_word' id='word_1_357' title='bbox 1976 1855 2163 1899; x_wconf 86' lang='lat' dir='ltr'><strong>natura</strong></span> <span class='ocrx_word' id='word_1_358' title='bbox 2197 1843 2374 1899; x_wconf 80' lang='lat' dir='ltr'><strong>infans</strong></span> <span class='ocrx_word' id='word_1_359' title='bbox 2403 1844 2613 1916; x_wconf 90' lang='lat' dir='ltr'><strong>positus</strong></span> <span class='ocrx_word' id='word_1_360' title='bbox 2644 1845 2694 1899; x_wconf 88' lang='lat' dir='ltr'><strong>in</strong></span> <span class='ocrx_word' id='word_1_361' title='bbox 2722 1845 2897 1910; x_wconf 84' lang='lat' dir='ltr'><strong>cunis,</strong></span> <span class='ocrx_word' id='word_1_362' title='bbox 2925 1844 3020 1900; x_wconf 92' lang='lat' dir='ltr'><strong>sed</strong></span> <span class='ocrx_word' id='word_1_363' title='bbox 3054 1861 3146 1901; x_wconf 81' lang='lat' dir='ltr'><strong>rex</strong></span> <span class='ocrx_word' id='word_1_364' title='bbox 3171 1845 3239 1900; x_wconf 86' lang='lat' dir='ltr'><strong>ab</strong></span> <span class='ocrx_word' id='word_1_365' title='bbox 3263 1846 3495 1916; x_wconf 88' lang='lat' dir='ltr'><strong>angelis,</strong></span> <span class='ocrx_word' id='word_1_366' title='bbox 3516 1854 3573 1902; x_wconf 89' lang='lat' dir='ltr'><strong>et</strong></span> 
     </span>
    </p>
   </div>
   <div class='ocr_carea' id='block_1_49' title="bbox 1971 1937 3572 2011">
    <p class='ocr_par' dir='ltr' id='par_1_49' title="bbox 1971 1937 3572 2011">
     <span class='ocr_line' id='line_1_49' title="bbox 1971 1937 3572 2011; baseline 0.002 -19"><span class='ocrx_word' id='word_1_367' title='bbox 1971 1937 2115 1993; x_wconf 81' lang='lat' dir='ltr'><strong>ﬁlius</strong></span> <span class='ocrx_word' id='word_1_368' title='bbox 2155 1937 2249 1992; x_wconf 89' lang='lat' dir='ltr'><strong>Dei</strong></span> <span class='ocrx_word' id='word_1_369' title='bbox 2296 1937 2607 1993; x_wconf 90' lang='lat' dir='ltr'><strong>nuntiatus:</strong></span> <span class='ocrx_word' id='word_1_370' title='bbox 2640 1938 2874 1994; x_wconf 83' lang='lat' dir='ltr'><strong>salvator</strong></span> <span class='ocrx_word' id='word_1_371' title='bbox 2916 1938 3132 1994; x_wconf 89' lang='lat' dir='ltr'><strong>humani</strong></span> <span class='ocrx_word' id='word_1_372' title='bbox 3180 1939 3412 2011; x_wconf 88' lang='lat' dir='ltr'><strong>generis,</strong></span> <span class='ocrx_word' id='word_1_373' title='bbox 3445 1938 3572 1995; x_wconf 68' lang='lat' dir='ltr'><strong>coeli</strong></span> 
     </span>
    </p>
   </div>
   <div class='ocr_carea' id='block_1_50' title="bbox 1972 2031 3573 2105">
    <p class='ocr_par' dir='ltr' id='par_1_50' title="bbox 1972 2031 3573 2105">
     <span class='ocr_line' id='line_1_50' title="bbox 1972 2031 3573 2105; baseline 0.001 -17"><span class='ocrx_word' id='word_1_374' title='bbox 1972 2040 2244 2103; x_wconf 65' lang='lat' dir='ltr'><strong>terrmque</strong></span> <span class='ocrx_word' id='word_1_375' title='bbox 2264 2031 2501 2087; x_wconf 86' lang='lat' dir='ltr'><strong>sociator</strong></span> <span class='ocrx_word' id='word_1_376' title='bbox 2528 2032 2739 2103; x_wconf 61' lang='lat' dir='ltr'><strong>gloriae,</strong></span> <span class='ocrx_word' id='word_1_377' title='bbox 2764 2041 2818 2088; x_wconf 92' lang='lat' dir='ltr'><strong>ct</strong></span> <span class='ocrx_word' id='word_1_378' title='bbox 2842 2033 2985 2104; x_wconf 89' lang='lat' dir='ltr'><strong>pacis</strong></span> <span class='ocrx_word' id='word_1_379' title='bbox 3011 2032 3250 2088; x_wconf 83' lang='lat' dir='ltr'><strong>ell&#39;ector.</strong></span> <span class='ocrx_word' id='word_1_380' title='bbox 3287 2033 3573 2105; x_wconf 88' lang='lat' dir='ltr'><strong>llocaper-</strong></span> 
     </span>
    </p>
   </div>
   <div class='ocr_carea' id='block_1_51' title="bbox 1973 2125 3566 2198">
    <p class='ocr_par' dir='ltr' id='par_1_51' title="bbox 1973 2125 3566 2198">
     <span class='ocr_line' id='line_1_51' title="bbox 1973 2125 3566 2198; baseline 0 -18"><span class='ocrx_word' id='word_1_381' title='bbox 1973 2126 2179 2181; x_wconf 88' lang='lat' dir='ltr'><strong>tissime</strong></span> <span class='ocrx_word' id='word_1_382' title='bbox 2210 2134 2454 2196; x_wconf 79' lang='lat' dir='ltr'><strong>pastores</strong></span> <span class='ocrx_word' id='word_1_383' title='bbox 2502 2125 2821 2182; x_wconf 86' lang='lat' dir='ltr'><strong>educentur.</strong></span> <span class='ocrx_word' id='word_1_384' title='bbox 2864 2125 3130 2198; x_wconf 88' lang='lat' dir='ltr'><strong>Scriptum</strong></span> <span class='ocrx_word' id='word_1_385' title='bbox 3173 2136 3258 2182; x_wconf 84' lang='lat' dir='ltr'><strong>est</strong></span> <span class='ocrx_word' id='word_1_386' title='bbox 3284 2128 3429 2183; x_wconf 90' lang='lat' dir='ltr'><strong>enim</strong></span> <span class='ocrx_word' id='word_1_387' title='bbox 3460 2126 3566 2182; x_wconf 85' lang='lat' dir='ltr'><strong>ita:</strong></span> 
     </span>
    </p>
   </div>
   <div class='ocr_carea' id='block_1_52' title="bbox 1973 2218 3568 2294">
    <p class='ocr_par' dir='ltr' id='par_1_52' title="bbox 1973 2218 3568 2294">
     <span class='ocr_line' id='line_1_52' title="bbox 1973 2218 3568 2294; baseline 0.003 -20"><span class='ocrx_word' id='word_1_388' title='bbox 1973 2218 2193 2274; x_wconf 85' lang='lat' dir='ltr'><strong>Factum</strong></span> <span class='ocrx_word' id='word_1_389' title='bbox 2219 2228 2292 2274; x_wconf 88' lang='lat' dir='ltr'><strong>est</strong></span> <span class='ocrx_word' id='word_1_390' title='bbox 2320 2229 2488 2276; x_wconf 89' lang='lat' dir='ltr'><strong>autem</strong></span> <span class='ocrx_word' id='word_1_391' title='bbox 2509 2238 2626 2276; x_wconf 86' lang='lat' dir='ltr'><strong>cum</strong></span> <span class='ocrx_word' id='word_1_392' title='bbox 2653 2233 2816 2277; x_wconf 87' lang='lat' dir='ltr'><strong>essent</strong></span> <span class='ocrx_word' id='word_1_393' title='bbox 2843 2222 2953 2277; x_wconf 87' lang='lat' dir='ltr'><strong>illic</strong></span> <span class='ocrx_word' id='word_1_394' title='bbox 2981 2222 3134 2294; x_wconf 88' lang='lat' dir='ltr'><strong>(dicit</strong></span> <span class='ocrx_word' id='word_1_395' title='bbox 3164 2231 3338 2277; x_wconf 88' lang='lat' dir='ltr'><strong>autem</strong></span> <span class='ocrx_word' id='word_1_396' title='bbox 3376 2221 3430 2277; x_wconf 91' lang='lat' dir='ltr'><strong>in</strong></span> <span class='ocrx_word' id='word_1_397' title='bbox 3460 2221 3568 2278; x_wconf 85' lang='lat' dir='ltr'><strong>Be-</strong></span> 
     </span>
    </p>
   </div>
   <div class='ocr_carea' id='block_1_53' title="bbox 1971 2315 3567 2390">
    <p class='ocr_par' dir='ltr' id='par_1_53' title="bbox 1971 2315 3567 2390">
     <span class='ocr_line' id='line_1_53' title="bbox 1971 2315 3567 2390; baseline 0.001 -20"><span class='ocrx_word' id='word_1_398' title='bbox 1971 2315 2194 2388; x_wconf 90' lang='lat' dir='ltr'><strong>thleem)</strong></span> <span class='ocrx_word' id='word_1_399' title='bbox 2215 2316 2414 2387; x_wconf 83' lang='lat' dir='ltr'><strong>impleti</strong></span> <span class='ocrx_word' id='word_1_400' title='bbox 2423 2326 2541 2372; x_wconf 87' lang='lat' dir='ltr'><strong>sunt</strong></span> <span class='ocrx_word' id='word_1_401' title='bbox 2567 2316 2649 2372; x_wconf 84' lang='lat' dir='ltr'><strong>illi</strong></span> <span class='ocrx_word' id='word_1_402' title='bbox 2672 2315 2749 2390; x_wconf 90' lang='lat' dir='ltr'><strong>(id</strong></span> <span class='ocrx_word' id='word_1_403' title='bbox 2771 2325 2875 2383; x_wconf 89' lang='lat' dir='ltr'><strong>est,</strong></span> <span class='ocrx_word' id='word_1_404' title='bbox 2897 2316 3104 2389; x_wconf 62' lang='lat' dir='ltr'><strong>Mariae)</strong></span> <span class='ocrx_word' id='word_1_405' title='bbox 3128 2317 3237 2371; x_wconf 86' lang='lat' dir='ltr'><strong>dies</strong></span> <span class='ocrx_word' id='word_1_406' title='bbox 3261 2316 3567 2389; x_wconf 66' lang='lat' dir='ltr'><strong>adpareret;</strong></span> 
     </span>
    </p>
   </div>
   <div class='ocr_carea' id='block_1_54' title="bbox 1970 2411 3569 2484">
    <p class='ocr_par' dir='ltr' id='par_1_54' title="bbox 1970 2411 3569 2484">
     <span class='ocr_line' id='line_1_54' title="bbox 1970 2411 3569 2484; baseline 0 -19"><span class='ocrx_word' id='word_1_407' title='bbox 1970 2421 2017 2466; x_wconf 84' lang='lat' dir='ltr'><strong>et</strong></span> <span class='ocrx_word' id='word_1_408' title='bbox 2045 2411 2245 2484; x_wconf 84' lang='lat' dir='ltr'><strong>peperit</strong></span> <span class='ocrx_word' id='word_1_409' title='bbox 2286 2411 2454 2480; x_wconf 80' lang='lat' dir='ltr'><strong>ﬁlium</strong></span> <span class='ocrx_word' id='word_1_410' title='bbox 2487 2428 2639 2466; x_wconf 87' lang='lat' dir='ltr'><strong>suum</strong></span> <span class='ocrx_word' id='word_1_411' title='bbox 2680 2412 3100 2484; x_wconf 83' lang='lat' dir='ltr'><strong>primogenitum,</strong></span> <span class='ocrx_word' id='word_1_412' title='bbox 3147 2421 3196 2466; x_wconf 92' lang='lat' dir='ltr'><strong>et</strong></span> <span class='ocrx_word' id='word_1_413' title='bbox 3239 2411 3569 2467; x_wconf 76' lang='lat' dir='ltr'><strong>obrolverunt</strong></span> 
     </span>
    </p>
   </div>
   <div class='ocr_carea' id='block_1_55' title="bbox 1969 2504 3566 2577">
    <p class='ocr_par' dir='ltr' id='par_1_55' title="bbox 1969 2504 3566 2577">
     <span class='ocr_line' id='line_1_55' title="bbox 1969 2504 3566 2577; baseline 0 -18"><span class='ocrx_word' id='word_1_414' title='bbox 1969 2520 2084 2559; x_wconf 89' lang='lat' dir='ltr'><strong>eum</strong></span> <span class='ocrx_word' id='word_1_415' title='bbox 2106 2516 2152 2559; x_wconf 89' lang='lat' dir='ltr'><strong>et</strong></span> <span class='ocrx_word' id='word_1_416' title='bbox 2183 2504 2556 2559; x_wconf 79' lang='lat' dir='ltr'><strong>collocaverunt</strong></span> <span class='ocrx_word' id='word_1_417' title='bbox 2594 2504 2746 2561; x_wconf 86' lang='lat' dir='ltr'><strong>illum</strong></span> <span class='ocrx_word' id='word_1_418' title='bbox 2777 2506 2831 2559; x_wconf 86' lang='lat' dir='ltr'><strong>in</strong></span> <span class='ocrx_word' id='word_1_419' title='bbox 2876 2505 3147 2577; x_wconf 75' lang='lat' dir='ltr'><strong>prtesepio,</strong></span> <span class='ocrx_word' id='word_1_420' title='bbox 3193 2505 3436 2576; x_wconf 82' lang='lat' dir='ltr'><strong>quoniam</strong></span> <span class='ocrx_word' id='word_1_421' title='bbox 3462 2521 3566 2559; x_wconf 90' lang='lat' dir='ltr'><strong>non</strong></span> 
     </span>
    </p>
   </div>
   <div class='ocr_carea' id='block_1_56' title="bbox 1971 2595 3570 2667">
    <p class='ocr_par' dir='ltr' id='par_1_56' title="bbox 1971 2595 3570 2667">
     <span class='ocr_line' id='line_1_56' title="bbox 1971 2595 3570 2667; baseline 0 -16"><span class='ocrx_word' id='word_1_422' title='bbox 1971 2607 2081 2651; x_wconf 86' lang='lat' dir='ltr'><strong>erat</strong></span> <span class='ocrx_word' id='word_1_423' title='bbox 2123 2595 2267 2651; x_wconf 87' lang='lat' dir='ltr'><strong>locus</strong></span> <span class='ocrx_word' id='word_1_424' title='bbox 2293 2598 2347 2650; x_wconf 88' lang='lat' dir='ltr'><strong>in</strong></span> <span class='ocrx_word' id='word_1_425' title='bbox 2376 2597 2592 2651; x_wconf 85' lang='lat' dir='ltr'><strong>stabulo.</strong></span> <span class='ocrx_word' id='word_1_426' title='bbox 2620 2596 2864 2652; x_wconf 83' lang='lat' dir='ltr'><strong>Pastorcs</strong></span> <span class='ocrx_word' id='word_1_427' title='bbox 2895 2606 3063 2651; x_wconf 83' lang='lat' dir='ltr'><strong>autem</strong></span> <span class='ocrx_word' id='word_1_428' title='bbox 3105 2606 3251 2652; x_wconf 87' lang='lat' dir='ltr'><strong>erant</strong></span> <span class='ocrx_word' id='word_1_429' title='bbox 3278 2597 3330 2650; x_wconf 85' lang='lat' dir='ltr'><strong>in</strong></span> <span class='ocrx_word' id='word_1_430' title='bbox 3357 2597 3570 2667; x_wconf 87' lang='lat' dir='ltr'><strong>regione</strong></span> 
     </span>
    </p>
   </div>
   <div class='ocr_carea' id='block_1_57' title="bbox 1970 2689 3567 2762">
    <p class='ocr_par' dir='ltr' id='par_1_57' title="bbox 1970 2689 3567 2762">
     <span class='ocr_line' id='line_1_57' title="bbox 1970 2689 3567 2762; baseline -0.001 -18"><span class='ocrx_word' id='word_1_431' title='bbox 1970 2690 2063 2744; x_wconf 89' lang='lat' dir='ltr'><strong>illa</strong></span> <span class='ocrx_word' id='word_1_432' title='bbox 2088 2700 2442 2761; x_wconf 85' lang='lat' dir='ltr'><strong>pernoctautes</strong></span> <span class='ocrx_word' id='word_1_433' title='bbox 2462 2698 2510 2743; x_wconf 86' lang='lat' dir='ltr'><strong>et</strong></span> <span class='ocrx_word' id='word_1_434' title='bbox 2553 2690 2893 2744; x_wconf 80' lang='lat' dir='ltr'><strong>custodientes</strong></span> <span class='ocrx_word' id='word_1_435' title='bbox 2935 2698 3212 2745; x_wconf 83' lang='lat' dir='ltr'><strong>nocturnus</strong></span> <span class='ocrx_word' id='word_1_436' title='bbox 3256 2689 3457 2762; x_wconf 74' lang='lat' dir='ltr'><strong>vigilias</strong></span> <span class='ocrx_word' id='word_1_437' title='bbox 3480 2705 3567 2744; x_wconf 89' lang='lat' dir='ltr'><strong>su-</strong></span> 
     </span>
    </p>
   </div>
   <div class='ocr_carea' id='block_1_58' title="bbox 1972 2783 3567 2857">
    <p class='ocr_par' dir='ltr' id='par_1_58' title="bbox 1972 2783 3567 2857">
     <span class='ocr_line' id='line_1_58' title="bbox 1972 2783 3567 2857; baseline 0 -18"><span class='ocrx_word' id='word_1_438' title='bbox 1972 2801 2063 2857; x_wconf 85' lang='lat' dir='ltr'><strong>per</strong></span> <span class='ocrx_word' id='word_1_439' title='bbox 2080 2801 2257 2856; x_wconf 83' lang='lat' dir='ltr'><strong>greges</strong></span> <span class='ocrx_word' id='word_1_440' title='bbox 2277 2801 2415 2839; x_wconf 88' lang='lat' dir='ltr'><strong>suos.</strong></span> <span class='ocrx_word' id='word_1_441' title='bbox 2447 2785 2668 2854; x_wconf 81' lang='lat' dir='ltr'><strong>Angelus</strong></span> <span class='ocrx_word' id='word_1_442' title='bbox 2695 2794 2861 2838; x_wconf 88' lang='lat' dir='ltr'><strong>autem</strong></span> <span class='ocrx_word' id='word_1_443' title='bbox 2887 2783 3095 2839; x_wconf 87' lang='lat' dir='ltr'><strong>Domini</strong></span> <span class='ocrx_word' id='word_1_444' title='bbox 3110 2785 3266 2850; x_wconf 83' lang='lat' dir='ltr'><strong>stetit,</strong></span> <span class='ocrx_word' id='word_1_445' title='bbox 3288 2793 3334 2839; x_wconf 85' lang='lat' dir='ltr'><strong>et</strong></span> <span class='ocrx_word' id='word_1_446' title='bbox 3356 2786 3567 2840; x_wconf 80' lang='lat' dir='ltr'><strong>claritas</strong></span> 
     </span>
    </p>
   </div>
   <div class='ocr_carea' id='block_1_59' title="bbox 1970 2875 3566 2951">
    <p class='ocr_par' dir='ltr' id='par_1_59' title="bbox 1970 2875 3566 2951">
     <span class='ocr_line' id='line_1_59' title="bbox 1970 2875 3566 2951; baseline 0 -19"><span class='ocrx_word' id='word_1_447' title='bbox 1970 2878 2311 2951; x_wconf 83' lang='lat' dir='ltr'><strong>circumfulsit</strong></span> <span class='ocrx_word' id='word_1_448' title='bbox 2340 2877 2478 2945; x_wconf 85' lang='lat' dir='ltr'><strong>illos,</strong></span> <span class='ocrx_word' id='word_1_449' title='bbox 2520 2887 2569 2932; x_wconf 89' lang='lat' dir='ltr'><strong>et</strong></span> <span class='ocrx_word' id='word_1_450' title='bbox 2595 2878 2869 2931; x_wconf 85' lang='lat' dir='ltr'><strong>timuerunt</strong></span> <span class='ocrx_word' id='word_1_451' title='bbox 2897 2878 3082 2931; x_wconf 85' lang='lat' dir='ltr'><strong>timore</strong></span> <span class='ocrx_word' id='word_1_452' title='bbox 3109 2893 3294 2947; x_wconf 84' lang='lat' dir='ltr'><strong>magno</strong></span> <span class='ocrx_word' id='word_1_453' title='bbox 3317 2894 3333 2931; x_wconf 92' lang='lat'><strong>:</strong></span> <span class='ocrx_word' id='word_1_454' title='bbox 3357 2887 3405 2933; x_wconf 87' lang='lat' dir='ltr'><strong>et</strong></span> <span class='ocrx_word' id='word_1_455' title='bbox 3434 2875 3566 2932; x_wconf 74' lang='lat' dir='ltr'><strong>dixit</strong></span> 
     </span>
    </p>
   </div>
   <div class='ocr_carea' id='block_1_60' title="bbox 1968 2969 3565 3044">
    <p class='ocr_par' dir='ltr' id='par_1_60' title="bbox 1968 2969 3565 3044">
     <span class='ocr_line' id='line_1_60' title="bbox 1968 2969 3565 3044; baseline -0.002 -18"><span class='ocrx_word' id='word_1_456' title='bbox 1968 2971 2077 3027; x_wconf 89' lang='lat' dir='ltr'><strong>illis</strong></span> <span class='ocrx_word' id='word_1_457' title='bbox 2101 2969 2335 3044; x_wconf 85' lang='lat' dir='ltr'><strong>angelus,</strong></span> <span class='ocrx_word' id='word_1_458' title='bbox 2365 2987 2429 3025; x_wconf 88' lang='lat' dir='ltr'><strong>ne</strong></span> <span class='ocrx_word' id='word_1_459' title='bbox 2464 2970 2769 3033; x_wconf 85' lang='lat' dir='ltr'><strong>timueritis;</strong></span> <span class='ocrx_word' id='word_1_460' title='bbox 2805 2986 2917 3024; x_wconf 84' lang='lat' dir='ltr'><strong>ecce</strong></span> <span class='ocrx_word' id='word_1_461' title='bbox 2953 2970 3088 3024; x_wconf 83' lang='lat' dir='ltr'><strong>enim</strong></span> <span class='ocrx_word' id='word_1_462' title='bbox 3134 2969 3385 3024; x_wconf 82' lang='lat' dir='ltr'><strong>annuntio</strong></span> <span class='ocrx_word' id='word_1_463' title='bbox 3426 2970 3565 3024; x_wconf 77' lang='lat' dir='ltr'><strong>vobis</strong></span> 
     </span>
    </p>
   </div>
   <div class='ocr_carea' id='block_1_61' title="bbox 1968 3061 3566 3136">
    <p class='ocr_par' dir='ltr' id='par_1_61' title="bbox 1968 3061 3566 3136">
     <span class='ocr_line' id='line_1_61' title="bbox 1968 3061 3566 3136; baseline -0.001 -17"><span class='ocrx_word' id='word_1_464' title='bbox 1968 3065 2216 3136; x_wconf 81' lang='lat' dir='ltr'><strong>gaudium</strong></span> <span class='ocrx_word' id='word_1_465' title='bbox 2238 3081 2500 3136; x_wconf 87' lang='lat' dir='ltr'><strong>magnum,</strong></span> <span class='ocrx_word' id='word_1_466' title='bbox 2526 3062 2664 3135; x_wconf 86' lang='lat' dir='ltr'><strong>quod</strong></span> <span class='ocrx_word' id='word_1_467' title='bbox 2693 3074 2765 3118; x_wconf 88' lang='lat' dir='ltr'><strong>est</strong></span> <span class='ocrx_word' id='word_1_468' title='bbox 2787 3064 2926 3117; x_wconf 79' lang='grc' dir='ltr'><strong>οηιηί</strong></span> <span class='ocrx_word' id='word_1_469' title='bbox 2946 3061 3174 3134; x_wconf 88' lang='lat' dir='ltr'><strong>populo;</strong></span> <span class='ocrx_word' id='word_1_470' title='bbox 3205 3063 3445 3134; x_wconf 86' lang='lat' dir='ltr'><strong>quoniam</strong></span> <span class='ocrx_word' id='word_1_471' title='bbox 3471 3079 3566 3118; x_wconf 88' lang='lat' dir='ltr'><strong>na-</strong></span> 
     </span>
    </p>
   </div>
   <div class='ocr_carea' id='block_1_62' title="bbox 265 3137 3564 3226">
    <p class='ocr_par' dir='ltr' id='par_1_62' title="bbox 265 3137 3564 3226">
     <span class='ocr_line' id='line_1_62' title="bbox 265 3137 3564 3226; baseline 0.002 -23"><span class='ocrx_word' id='word_1_472' title='bbox 265 3147 499 3213; x_wconf 84' lang='lat' dir='ltr'><strong>videtur,</strong></span> <span class='ocrx_word' id='word_1_473' title='bbox 527 3157 675 3206; x_wconf 85' lang='lat' dir='ltr'><strong>recte</strong></span> <span class='ocrx_word' id='word_1_474' title='bbox 705 3161 884 3205; x_wconf 88' lang='lat' dir='ltr'><strong>autem</strong></span> <span class='ocrx_word' id='word_1_475' title='bbox 916 3148 1324 3221; x_wconf 89' lang='lat' dir='ltr'><strong>inspicientibus</strong></span> <span class='ocrx_word' id='word_1_476' title='bbox 1353 3151 1422 3204; x_wconf 85' lang='lat' dir='ltr'><strong>ita</strong></span> <span class='ocrx_word' id='word_1_477' title='bbox 1454 3150 1712 3205; x_wconf 89' lang='lat' dir='ltr'><strong>mundum</strong></span> <span class='ocrx_word' id='word_1_478' title='bbox 1741 3166 1866 3221; x_wconf 89' lang='lat' dir='ltr'><strong>pro-</strong></span> <span class='ocrx_word' id='word_1_479' title='bbox 1893 3137 1937 3200; x_wconf 61' lang='grc' dir='ltr'><strong>(ἶ</strong></span> <span class='ocrx_word' id='word_1_480' title='bbox 1972 3168 2053 3212; x_wconf 89' lang='lat' dir='ltr'><strong>tus</strong></span> <span class='ocrx_word' id='word_1_481' title='bbox 2092 3166 2164 3212; x_wconf 84' lang='lat' dir='ltr'><strong>est</strong></span> <span class='ocrx_word' id='word_1_482' title='bbox 2208 3157 2347 3212; x_wconf 80' lang='lat' dir='ltr'><strong>vobis</strong></span> <span class='ocrx_word' id='word_1_483' title='bbox 2377 3157 2531 3212; x_wconf 78' lang='lat' dir='ltr'><strong>hodie</strong></span> <span class='ocrx_word' id='word_1_484' title='bbox 2572 3157 2819 3219; x_wconf 81' lang='lat' dir='ltr'><strong>salvator,</strong></span> <span class='ocrx_word' id='word_1_485' title='bbox 2850 3157 2937 3226; x_wconf 84' lang='lat' dir='ltr'><strong>qui</strong></span> <span class='ocrx_word' id='word_1_486' title='bbox 2963 3165 3037 3210; x_wconf 83' lang='lat' dir='ltr'><strong>est</strong></span> <span class='ocrx_word' id='word_1_487' title='bbox 3064 3155 3297 3210; x_wconf 81' lang='lat' dir='ltr'><strong>Christus</strong></span> <span class='ocrx_word' id='word_1_488' title='bbox 3323 3153 3475 3209; x_wconf 85' lang='lat' dir='ltr'><strong>Jesus</strong></span> <span class='ocrx_word' id='word_1_489' title='bbox 3509 3155 3564 3209; x_wconf 89' lang='lat' dir='ltr'><strong>in</strong></span> 
     </span>
    </p>
   </div>
   <div class='ocr_carea' id='block_1_63' title="bbox 264 3240 1864 3313">
    <p class='ocr_par' dir='ltr' id='par_1_63' title="bbox 264 3240 1864 3313">
     <span class='ocr_line' id='line_1_63' title="bbox 264 3240 1864 3313; baseline 0.001 -15"><span class='ocrx_word' id='word_1_490' title='bbox 264 3242 439 3298; x_wconf 88' lang='lat' dir='ltr'><strong>batur.</strong></span> <span class='ocrx_word' id='word_1_491' title='bbox 469 3244 606 3298; x_wconf 80' lang='lat' dir='ltr'><strong>Ante</strong></span> <span class='ocrx_word' id='word_1_492' title='bbox 630 3243 874 3312; x_wconf 88' lang='lat' dir='ltr'><strong>corporis</strong></span> <span class='ocrx_word' id='word_1_493' title='bbox 897 3240 1095 3297; x_wconf 76' lang='lat' dir='ltr'><strong>ﬂuxum</strong></span> <span class='ocrx_word' id='word_1_494' title='bbox 1120 3257 1244 3312; x_wconf 89' lang='lat' dir='ltr'><strong>pars</strong></span> <span class='ocrx_word' id='word_1_495' title='bbox 1263 3242 1437 3297; x_wconf 88' lang='lat' dir='ltr'><strong>adhuc</strong></span> <span class='ocrx_word' id='word_1_496' title='bbox 1464 3242 1710 3313; x_wconf 88' lang='lat' dir='ltr'><strong>corporis</strong></span> <span class='ocrx_word' id='word_1_497' title='bbox 1731 3259 1864 3299; x_wconf 87' lang='lat' dir='ltr'><strong>con-</strong></span> 
     </span>
    </p>
   </div>
   <div class='ocr_carea' id='block_1_64' title="bbox 264 3338 1864 3408">
    <p class='ocr_par' dir='ltr' id='par_1_64' title="bbox 264 3338 1864 3408">
     <span class='ocr_line' id='line_1_64' title="bbox 264 3338 1864 3408; baseline -0.001 -14"><span class='ocrx_word' id='word_1_498' title='bbox 264 3338 466 3407; x_wconf 89' lang='lat' dir='ltr'><strong>stituta,</strong></span> <span class='ocrx_word' id='word_1_499' title='bbox 524 3347 745 3406; x_wconf 74' lang='lat' dir='ltr'><strong>totaque</strong></span> <span class='ocrx_word' id='word_1_500' title='bbox 792 3338 1090 3392; x_wconf 76' lang='lat' dir='ltr'><strong>commixta</strong></span> <span class='ocrx_word' id='word_1_501' title='bbox 1139 3348 1299 3408; x_wconf 89' lang='lat' dir='ltr'><strong>atque</strong></span> <span class='ocrx_word' id='word_1_502' title='bbox 1342 3346 1620 3404; x_wconf 90' lang='lat' dir='ltr'><strong>concreta,</strong></span> <span class='ocrx_word' id='word_1_503' title='bbox 1669 3353 1864 3393; x_wconf 87' lang='lat' dir='ltr'><strong>nomen</strong></span> 
     </span>
    </p>
   </div>
   <div class='ocr_carea' id='block_1_65' title="bbox 263 3428 1867 3504">
    <p class='ocr_par' dir='ltr' id='par_1_65' title="bbox 263 3428 1867 3504">
     <span class='ocr_line' id='line_1_65' title="bbox 263 3428 1867 3504; baseline 0 -17"><span class='ocrx_word' id='word_1_504' title='bbox 263 3431 521 3488; x_wconf 76' lang='lat' dir='ltr'><strong>immtmdi</strong></span> <span class='ocrx_word' id='word_1_505' title='bbox 553 3447 660 3486; x_wconf 83' lang='lat' dir='ltr'><strong>non</strong></span> <span class='ocrx_word' id='word_1_506' title='bbox 690 3430 879 3503; x_wconf 83' lang='lat' dir='ltr'><strong>recipit</strong></span> <span class='ocrx_word' id='word_1_507' title='bbox 910 3446 1031 3485; x_wconf 92' lang='lat' dir='ltr'><strong>cum</strong></span> <span class='ocrx_word' id='word_1_508' title='bbox 1076 3428 1229 3485; x_wconf 86' lang='lat' dir='ltr'><strong>vivit.</strong></span> <span class='ocrx_word' id='word_1_509' title='bbox 1265 3434 1334 3484; x_wconf 79' lang='lat' dir='ltr'><strong>At</strong></span> <span class='ocrx_word' id='word_1_510' title='bbox 1362 3446 1484 3485; x_wconf 92' lang='lat' dir='ltr'><strong>cum</strong></span> <span class='ocrx_word' id='word_1_511' title='bbox 1512 3428 1591 3504; x_wconf 71' lang='grc' dir='ltr'><strong>(Ξ)</strong></span> <span class='ocrx_word' id='word_1_512' title='bbox 1622 3429 1867 3487; x_wconf 78' lang='lat' dir='ltr'><strong>deﬂuxe-</strong></span> 
     </span>
    </p>
   </div>
   <div class='ocr_carea' id='block_1_66' title="bbox 262 3522 1865 3594">
    <p class='ocr_par' dir='ltr' id='par_1_66' title="bbox 262 3522 1865 3594">
     <span class='ocr_line' id='line_1_66' title="bbox 262 3522 1865 3594; baseline -0.001 -13"><span class='ocrx_word' id='word_1_513' title='bbox 262 3527 355 3594; x_wconf 90' lang='lat' dir='ltr'><strong>rit,</strong></span> <span class='ocrx_word' id='word_1_514' title='bbox 377 3536 431 3581; x_wconf 91' lang='lat' dir='ltr'><strong>et</strong></span> <span class='ocrx_word' id='word_1_515' title='bbox 453 3542 519 3581; x_wconf 75' lang='lat' dir='ltr'><strong>ex</strong></span> <span class='ocrx_word' id='word_1_516' title='bbox 552 3527 645 3580; x_wconf 92' lang='lat' dir='ltr'><strong>illo</strong></span> <span class='ocrx_word' id='word_1_517' title='bbox 676 3535 947 3581; x_wconf 91' lang='lat' dir='ltr'><strong>mortuum</strong></span> <span class='ocrx_word' id='word_1_518' title='bbox 977 3523 1228 3579; x_wconf 70' lang='lat' dir='ltr'><strong>allectum</strong></span> <span class='ocrx_word' id='word_1_519' title='bbox 1263 3522 1443 3592; x_wconf 80' lang='lat' dir='ltr'><strong>fuerit,</strong></span> <span class='ocrx_word' id='word_1_520' title='bbox 1477 3534 1605 3580; x_wconf 91' lang='lat' dir='ltr'><strong>tunc</strong></span> <span class='ocrx_word' id='word_1_521' title='bbox 1633 3524 1865 3579; x_wconf 90' lang='lat' dir='ltr'><strong>immun-</strong></span> 
     </span>
    </p>
   </div>
   <div class='ocr_carea' id='block_1_67' title="bbox 262 3614 1861 3686">
    <p class='ocr_par' dir='ltr' id='par_1_67' title="bbox 262 3614 1861 3686">
     <span class='ocr_line' id='line_1_67' title="bbox 262 3614 1861 3686; baseline -0.003 -13"><span class='ocrx_word' id='word_1_522' title='bbox 262 3617 390 3673; x_wconf 89' lang='lat' dir='ltr'><strong>dum</strong></span> <span class='ocrx_word' id='word_1_523' title='bbox 433 3629 486 3673; x_wconf 91' lang='lat' dir='ltr'><strong>et</strong></span> <span class='ocrx_word' id='word_1_524' title='bbox 537 3626 846 3681; x_wconf 89' lang='lat' dir='ltr'><strong>mortuum;</strong></span> <span class='ocrx_word' id='word_1_525' title='bbox 881 3615 1024 3684; x_wconf 88' lang='lat' dir='ltr'><strong>quod</strong></span> <span class='ocrx_word' id='word_1_526' title='bbox 1058 3614 1171 3686; x_wconf 83' lang='lat' dir='ltr'><strong>jam</strong></span> <span class='ocrx_word' id='word_1_527' title='bbox 1197 3615 1432 3672; x_wconf 78' lang='lat' dir='ltr'><strong>alienum</strong></span> <span class='ocrx_word' id='word_1_528' title='bbox 1477 3624 1562 3670; x_wconf 86' lang='lat' dir='ltr'><strong>est</strong></span> <span class='ocrx_word' id='word_1_529' title='bbox 1588 3632 1619 3670; x_wconf 90' lang='lat' dir='ltr'><strong>a</strong></span> <span class='ocrx_word' id='word_1_530' title='bbox 1648 3622 1861 3681; x_wconf 85' lang='lat' dir='ltr'><strong>natura,</strong></span> 
     </span>
    </p>
   </div>
   <div class='ocr_carea' id='block_1_68' title="bbox 265 3707 1862 3780">
    <p class='ocr_par' dir='ltr' id='par_1_68' title="bbox 265 3707 1862 3780">
     <span class='ocr_line' id='line_1_68' title="bbox 265 3707 1862 3780; baseline -0.001 -15"><span class='ocrx_word' id='word_1_531' title='bbox 265 3724 440 3780; x_wconf 84' lang='lat' dir='ltr'><strong>neque</strong></span> <span class='ocrx_word' id='word_1_532' title='bbox 486 3710 750 3765; x_wconf 77' lang='lat' dir='ltr'><strong>viviﬁcari</strong></span> <span class='ocrx_word' id='word_1_533' title='bbox 802 3717 1019 3779; x_wconf 83' lang='lat' dir='ltr'><strong>potest:</strong></span> <span class='ocrx_word' id='word_1_534' title='bbox 1054 3707 1198 3780; x_wconf 92' lang='lat' dir='ltr'><strong>quod</strong></span> <span class='ocrx_word' id='word_1_535' title='bbox 1245 3709 1372 3763; x_wconf 84' lang='lat' dir='ltr'><strong>dum</strong></span> <span class='ocrx_word' id='word_1_536' title='bbox 1418 3708 1473 3763; x_wconf 91' lang='lat' dir='ltr'><strong>in</strong></span> <span class='ocrx_word' id='word_1_537' title='bbox 1521 3718 1710 3763; x_wconf 90' lang='lat' dir='ltr'><strong>natura</strong></span> <span class='ocrx_word' id='word_1_538' title='bbox 1756 3717 1862 3774; x_wconf 87' lang='lat' dir='ltr'><strong>est,</strong></span> 
     </span>
    </p>
   </div>
   <div class='ocr_carea' id='block_1_69' title="bbox 264 3803 1860 3873">
    <p class='ocr_par' dir='ltr' id='par_1_69' title="bbox 264 3803 1860 3873">
     <span class='ocr_line' id='line_1_69' title="bbox 264 3803 1860 3873; baseline -0.002 -12"><span class='ocrx_word' id='word_1_539' title='bbox 264 3817 581 3861; x_wconf 88' lang='lat' dir='ltr'><strong>concretum</strong></span> <span class='ocrx_word' id='word_1_540' title='bbox 624 3814 681 3860; x_wconf 93' lang='lat' dir='ltr'><strong>et</strong></span> <span class='ocrx_word' id='word_1_541' title='bbox 717 3804 1058 3873; x_wconf 78' lang='lat' dir='ltr'><strong>coagulatum</strong></span> <span class='ocrx_word' id='word_1_542' title='bbox 1097 3815 1340 3873; x_wconf 84' lang='lat' dir='ltr'><strong>generat,</strong></span> <span class='ocrx_word' id='word_1_543' title='bbox 1374 3818 1480 3857; x_wconf 90' lang='lat' dir='ltr'><strong>non</strong></span> <span class='ocrx_word' id='word_1_544' title='bbox 1506 3803 1860 3858; x_wconf 88' lang='lat' dir='ltr'><strong>immundum.</strong></span> 
     </span>
    </p>
   </div>
   <div class='ocr_carea' id='block_1_70' title="bbox 264 3896 1862 3965">
    <p class='ocr_par' dir='ltr' id='par_1_70' title="bbox 264 3896 1862 3965">
     <span class='ocr_line' id='line_1_70' title="bbox 264 3896 1862 3965; baseline -0.002 -10"><span class='ocrx_word' id='word_1_545' title='bbox 264 3899 338 3955; x_wconf 88' lang='lat' dir='ltr'><strong>Ita</strong></span> <span class='ocrx_word' id='word_1_546' title='bbox 371 3913 473 3954; x_wconf 90' lang='lat' dir='ltr'><strong>nec</strong></span> <span class='ocrx_word' id='word_1_547' title='bbox 494 3896 825 3952; x_wconf 91' lang='lat' dir='ltr'><strong>immundum</strong></span> <span class='ocrx_word' id='word_1_548' title='bbox 856 3897 984 3952; x_wconf 87' lang='lat' dir='ltr'><strong>illud</strong></span> <span class='ocrx_word' id='word_1_549' title='bbox 1016 3897 1203 3959; x_wconf 78' lang='lat' dir='ltr'><strong>fuisse,</strong></span> <span class='ocrx_word' id='word_1_550' title='bbox 1234 3896 1435 3952; x_wconf 83' lang='lat' dir='ltr'><strong>veritas</strong></span> <span class='ocrx_word' id='word_1_551' title='bbox 1457 3897 1681 3952; x_wconf 84' lang='lat' dir='ltr'><strong>invenit.</strong></span> <span class='ocrx_word' id='word_1_552' title='bbox 1706 3896 1862 3965; x_wconf 84' lang='lat' dir='ltr'><strong>Quod</strong></span> 
     </span>
    </p>
   </div>
   <div class='ocr_carea' id='block_1_71' title="bbox 262 3989 1863 4061">
    <p class='ocr_par' dir='ltr' id='par_1_71' title="bbox 262 3989 1863 4061">
     <span class='ocr_line' id='line_1_71' title="bbox 262 3989 1863 4061; baseline -0.001 -14"><span class='ocrx_word' id='word_1_553' title='bbox 262 3993 307 4047; x_wconf 91' lang='lat' dir='ltr'><strong>si</strong></span> <span class='ocrx_word' id='word_1_554' title='bbox 348 3999 405 4047; x_wconf 89' lang='lat' dir='ltr'><strong>et</strong></span> <span class='ocrx_word' id='word_1_555' title='bbox 443 3990 780 4046; x_wconf 84' lang='lat' dir='ltr'><strong>innuundum</strong></span> <span class='ocrx_word' id='word_1_556' title='bbox 832 3989 1074 4046; x_wconf 77' lang='lat' dir='ltr'><strong>dicentes</strong></span> <span class='ocrx_word' id='word_1_557' title='bbox 1109 3991 1400 4061; x_wconf 85' lang='lat' dir='ltr'><strong>patiamur,</strong></span> <span class='ocrx_word' id='word_1_558' title='bbox 1444 4005 1543 4045; x_wconf 89' lang='lat' dir='ltr'><strong>nec</strong></span> <span class='ocrx_word' id='word_1_559' title='bbox 1576 3991 1653 4046; x_wconf 90' lang='lat' dir='ltr'><strong>sic</strong></span> <span class='ocrx_word' id='word_1_560' title='bbox 1683 3999 1863 4047; x_wconf 88' lang='lat' dir='ltr'><strong>tamen</strong></span> 
     </span>
    </p>
   </div>
   <div class='ocr_carea' id='block_1_72' title="bbox 224 4081 1863 4152">
    <p class='ocr_par' dir='ltr' id='par_1_72' title="bbox 224 4081 1863 4152">
     <span class='ocr_line' id='line_1_72' title="bbox 224 4081 1863 4152; baseline -0.001 -14"><span class='ocrx_word' id='word_1_561' title='bbox 224 4134 232 4138; x_wconf 41' lang='lat'><strong>.</strong></span> <span class='ocrx_word' id='word_1_562' title='bbox 261 4086 618 4141; x_wconf 86' lang='lat' dir='ltr'><strong>contaminari</strong></span> <span class='ocrx_word' id='word_1_563' title='bbox 644 4084 983 4141; x_wconf 91' lang='lat' dir='ltr'><strong>sanctitatem</strong></span> <span class='ocrx_word' id='word_1_564' title='bbox 1014 4084 1083 4138; x_wconf 89' lang='lat' dir='ltr'><strong>ab</strong></span> <span class='ocrx_word' id='word_1_565' title='bbox 1115 4081 1392 4138; x_wconf 87' lang='lat' dir='ltr'><strong>itnmundo</strong></span> <span class='ocrx_word' id='word_1_566' title='bbox 1422 4084 1659 4152; x_wconf 88' lang='lat' dir='ltr'><strong>potuisse</strong></span> <span class='ocrx_word' id='word_1_567' title='bbox 1681 4082 1863 4139; x_wconf 84' lang='lat' dir='ltr'><strong>decla-</strong></span> 
     </span>
    </p>
   </div>
   <div class='ocr_carea' id='block_1_73' title="bbox 262 4175 1860 4248">
    <p class='ocr_par' dir='ltr' id='par_1_73' title="bbox 262 4175 1860 4248">
     <span class='ocr_line' id='line_1_73' title="bbox 262 4175 1860 4248; baseline -0.002 -14"><span class='ocrx_word' id='word_1_568' title='bbox 262 4188 442 4234; x_wconf 89' lang='lat' dir='ltr'><strong>ratur:</strong></span> <span class='ocrx_word' id='word_1_569' title='bbox 473 4194 595 4233; x_wconf 89' lang='lat' dir='ltr'><strong>cum</strong></span> <span class='ocrx_word' id='word_1_570' title='bbox 619 4179 809 4243; x_wconf 88' lang='lat' dir='ltr'><strong>solem,</strong></span> <span class='ocrx_word' id='word_1_571' title='bbox 843 4193 1001 4248; x_wconf 88' lang='lat' dir='ltr'><strong>quem</strong></span> <span class='ocrx_word' id='word_1_572' title='bbox 1029 4188 1337 4232; x_wconf 78' lang='lat' dir='ltr'><strong>creaturam</strong></span> <span class='ocrx_word' id='word_1_573' title='bbox 1367 4175 1485 4246; x_wconf 84' lang='lat' dir='ltr'><strong>ejus</strong></span> <span class='ocrx_word' id='word_1_574' title='bbox 1529 4191 1725 4246; x_wconf 80' lang='lat' dir='ltr'><strong>negare</strong></span> <span class='ocrx_word' id='word_1_575' title='bbox 1754 4190 1860 4231; x_wconf 92' lang='lat' dir='ltr'><strong>non</strong></span> 
     </span>
    </p>
   </div>
   <div class='ocr_carea' id='block_1_74' title="bbox 262 4268 1856 4344">
    <p class='ocr_par' dir='ltr' id='par_1_74' title="bbox 262 4268 1856 4344">
     <span class='ocr_line' id='line_1_74' title="bbox 262 4268 1856 4344; baseline -0.003 -16"><span class='ocrx_word' id='word_1_576' title='bbox 262 4287 571 4344; x_wconf 85' lang='lat' dir='ltr'><strong>possumus,</strong></span> <span class='ocrx_word' id='word_1_577' title='bbox 604 4271 682 4327; x_wconf 81' lang='lat' dir='ltr'><strong>sic</strong></span> <span class='ocrx_word' id='word_1_578' title='bbox 711 4271 984 4325; x_wconf 90' lang='lat' dir='ltr'><strong>immunda</strong></span> <span class='ocrx_word' id='word_1_579' title='bbox 1007 4268 1269 4333; x_wconf 85' lang='lat' dir='ltr'><strong>sordium,</strong></span> <span class='ocrx_word' id='word_1_580' title='bbox 1300 4269 1544 4325; x_wconf 85' lang='lat' dir='ltr'><strong>sentinas</strong></span> <span class='ocrx_word' id='word_1_581' title='bbox 1568 4269 1856 4339; x_wconf 87' lang='lat' dir='ltr'><strong>paludium.</strong></span> 
     </span>
    </p>
   </div>
   <div class='ocr_carea' id='block_1_75' title="bbox 264 4361 1859 4439">
    <p class='ocr_par' dir='ltr' id='par_1_75' title="bbox 264 4361 1859 4439">
     <span class='ocr_line' id='line_1_75' title="bbox 264 4361 1859 4439; baseline -0.003 -17"><span class='ocrx_word' id='word_1_582' title='bbox 264 4365 580 4439; x_wconf 90' lang='lat' dir='ltr'><strong>putredines</strong></span> <span class='ocrx_word' id='word_1_583' title='bbox 619 4365 783 4430; x_wconf 73' lang='lat' dir='ltr'><strong>caeni,</strong></span> <span class='ocrx_word' id='word_1_584' title='bbox 814 4365 1115 4434; x_wconf 84' lang='lat' dir='ltr'><strong>astringere</strong></span> <span class='ocrx_word' id='word_1_585' title='bbox 1154 4361 1456 4424; x_wconf 86' lang='lat' dir='ltr'><strong>videamus.</strong></span> <span class='ocrx_word' id='word_1_586' title='bbox 1500 4372 1559 4416; x_wconf 84' lang='lat' dir='ltr'><strong>ut</strong></span> <span class='ocrx_word' id='word_1_587' title='bbox 1599 4376 1720 4416; x_wconf 88' lang='lat' dir='ltr'><strong>cum</strong></span> <span class='ocrx_word' id='word_1_588' title='bbox 1751 4364 1859 4417; x_wconf 82' lang='lat' dir='ltr'><strong>vim</strong></span> 
     </span>
    </p>
   </div>
   <div class='ocr_carea' id='block_1_76' title="bbox 263 4454 1858 4529">
    <p class='ocr_par' dir='ltr' id='par_1_76' title="bbox 263 4454 1858 4529">
     <span class='ocr_line' id='line_1_76' title="bbox 263 4454 1858 4529; baseline -0.004 -14"><span class='ocrx_word' id='word_1_589' title='bbox 263 4474 417 4515; x_wconf 80' lang='lat' dir='ltr'><strong>suam</strong></span> <span class='ocrx_word' id='word_1_590' title='bbox 450 4474 542 4529; x_wconf 89' lang='lat' dir='ltr'><strong>per</strong></span> <span class='ocrx_word' id='word_1_591' title='bbox 565 4457 744 4513; x_wconf 88' lang='lat' dir='ltr'><strong>radios</strong></span> <span class='ocrx_word' id='word_1_592' title='bbox 764 4471 927 4526; x_wconf 86' lang='lat' dir='ltr'><strong>super</strong></span> <span class='ocrx_word' id='word_1_593' title='bbox 970 4457 1086 4511; x_wconf 68' lang='lat' dir='ltr'><strong>haec</strong></span> <span class='ocrx_word' id='word_1_594' title='bbox 1112 4455 1340 4521; x_wconf 86' lang='lat' dir='ltr'><strong>emittat,</strong></span> <span class='ocrx_word' id='word_1_595' title='bbox 1374 4470 1480 4509; x_wconf 90' lang='lat' dir='ltr'><strong>non</strong></span> <span class='ocrx_word' id='word_1_596' title='bbox 1521 4465 1699 4513; x_wconf 83' lang='lat' dir='ltr'><strong>tamen</strong></span> <span class='ocrx_word' id='word_1_597' title='bbox 1740 4454 1858 4525; x_wconf 87' lang='lat' dir='ltr'><strong>pol-</strong></span> 
     </span>
    </p>
   </div>
   <div class='ocr_carea' id='block_1_77' title="bbox 1967 3247 3564 3320">
    <p class='ocr_par' dir='ltr' id='par_1_77' title="bbox 1967 3247 3564 3320">
     <span class='ocr_line' id='line_1_77' title="bbox 1967 3247 3564 3320; baseline -0.001 -15"><span class='ocrx_word' id='word_1_598' title='bbox 1967 3250 2169 3305; x_wconf 82' lang='lat' dir='ltr'><strong>civitate</strong></span> <span class='ocrx_word' id='word_1_599' title='bbox 2198 3249 2385 3305; x_wconf 75' lang='lat' dir='ltr'><strong>David.</strong></span> <span class='ocrx_word' id='word_1_600' title='bbox 2422 3247 2486 3304; x_wconf 85' lang='lat' dir='ltr'><strong>Et</strong></span> <span class='ocrx_word' id='word_1_601' title='bbox 2518 3249 2615 3304; x_wconf 83' lang='lat' dir='ltr'><strong>hoc</strong></span> <span class='ocrx_word' id='word_1_602' title='bbox 2638 3248 2778 3304; x_wconf 66' lang='lat' dir='ltr'><strong>vobis</strong></span> <span class='ocrx_word' id='word_1_603' title='bbox 2823 3250 3026 3320; x_wconf 81' lang='lat' dir='ltr'><strong>signum</strong></span> <span class='ocrx_word' id='word_1_604' title='bbox 3051 3264 3071 3303; x_wconf 90' lang='lat'><strong><em>:</em></strong></span> <span class='ocrx_word' id='word_1_605' title='bbox 3099 3249 3361 3303; x_wconf 83' lang='lat' dir='ltr'><strong>invenietis</strong></span> <span class='ocrx_word' id='word_1_606' title='bbox 3388 3248 3564 3318; x_wconf 75' lang='lat' dir='ltr'><strong>infan-</strong></span> 
     </span>
    </p>
   </div>
   <div class='ocr_carea' id='block_1_78' title="bbox 1966 3340 3564 3417">
    <p class='ocr_par' dir='ltr' id='par_1_78' title="bbox 1966 3340 3564 3417">
     <span class='ocr_line' id='line_1_78' title="bbox 1966 3340 3564 3417; baseline -0.001 -20"><span class='ocrx_word' id='word_1_607' title='bbox 1966 3353 2065 3397; x_wconf 80' lang='lat' dir='ltr'><strong>tem</strong></span> <span class='ocrx_word' id='word_1_608' title='bbox 2094 3343 2378 3399; x_wconf 83' lang='lat' dir='ltr'><strong>involutum</strong></span> <span class='ocrx_word' id='word_1_609' title='bbox 2407 3342 2590 3414; x_wconf 86' lang='lat' dir='ltr'><strong>pannis</strong></span> <span class='ocrx_word' id='word_1_610' title='bbox 2618 3352 2663 3397; x_wconf 87' lang='lat' dir='ltr'><strong>et</strong></span> <span class='ocrx_word' id='word_1_611' title='bbox 2689 3342 2915 3412; x_wconf 83' lang='lat' dir='ltr'><strong>positum</strong></span> <span class='ocrx_word' id='word_1_612' title='bbox 2929 3342 2982 3396; x_wconf 86' lang='lat' dir='ltr'><strong>in</strong></span> <span class='ocrx_word' id='word_1_613' title='bbox 3010 3342 3279 3411; x_wconf 65' lang='lat' dir='ltr'><strong>praesepio.</strong></span> <span class='ocrx_word' id='word_1_614' title='bbox 3305 3340 3371 3396; x_wconf 81' lang='lat' dir='ltr'><strong>Et</strong></span> <span class='ocrx_word' id='word_1_615' title='bbox 3399 3341 3564 3417; x_wconf 81' lang='lat' dir='ltr'><strong>subito</strong></span> 
     </span>
    </p>
   </div>
   <div class='ocr_carea' id='block_1_79' title="bbox 1964 3435 3564 3508">
    <p class='ocr_par' dir='ltr' id='par_1_79' title="bbox 1964 3435 3564 3508">
     <span class='ocr_line' id='line_1_79' title="bbox 1964 3435 3564 3508; baseline -0.001 -18"><span class='ocrx_word' id='word_1_616' title='bbox 1964 3440 2106 3508; x_wconf 79' lang='lat' dir='ltr'><strong>facta</strong></span> <span class='ocrx_word' id='word_1_617' title='bbox 2130 3447 2203 3493; x_wconf 91' lang='lat' dir='ltr'><strong>est</strong></span> <span class='ocrx_word' id='word_1_618' title='bbox 2227 3447 2399 3492; x_wconf 88' lang='lat' dir='ltr'><strong>autem</strong></span> <span class='ocrx_word' id='word_1_619' title='bbox 2425 3453 2538 3490; x_wconf 84' lang='lat' dir='ltr'><strong>cum</strong></span> <span class='ocrx_word' id='word_1_620' title='bbox 2566 3437 2748 3507; x_wconf 87' lang='lat' dir='ltr'><strong>angelo</strong></span> <span class='ocrx_word' id='word_1_621' title='bbox 2784 3436 3062 3491; x_wconf 85' lang='lat' dir='ltr'><strong>multitudo</strong></span> <span class='ocrx_word' id='word_1_622' title='bbox 3104 3435 3354 3489; x_wconf 74' lang='lat' dir='ltr'><strong>exercitus</strong></span> <span class='ocrx_word' id='word_1_623' title='bbox 3392 3435 3564 3489; x_wconf 74' lang='lat' dir='ltr'><strong>mles-</strong></span> 
     </span>
    </p>
   </div>
   <div class='ocr_carea' id='block_1_80' title="bbox 1965 3526 3565 3597">
    <p class='ocr_par' dir='ltr' id='par_1_80' title="bbox 1965 3526 3565 3597">
     <span class='ocr_line' id='line_1_80' title="bbox 1965 3526 3565 3597; baseline -0.001 -15"><span class='ocrx_word' id='word_1_624' title='bbox 1965 3529 2093 3583; x_wconf 89' lang='lat' dir='ltr'><strong>tiunt</strong></span> <span class='ocrx_word' id='word_1_625' title='bbox 2138 3529 2461 3583; x_wconf 86' lang='lat' dir='ltr'><strong>laudantium</strong></span> <span class='ocrx_word' id='word_1_626' title='bbox 2489 3526 2657 3582; x_wconf 88' lang='lat' dir='ltr'><strong>Deum</strong></span> <span class='ocrx_word' id='word_1_627' title='bbox 2686 3538 2732 3582; x_wconf 92' lang='lat' dir='ltr'><strong>et</strong></span> <span class='ocrx_word' id='word_1_628' title='bbox 2761 3529 3037 3583; x_wconf 85' lang='lat' dir='ltr'><strong>dicentium</strong></span> <span class='ocrx_word' id='word_1_629' title='bbox 3069 3527 3236 3597; x_wconf 86' lang='lat' dir='ltr'><strong>gloria</strong></span> <span class='ocrx_word' id='word_1_630' title='bbox 3272 3527 3325 3580; x_wconf 87' lang='lat' dir='ltr'><strong>in</strong></span> <span class='ocrx_word' id='word_1_631' title='bbox 3351 3526 3565 3582; x_wconf 73' lang='lat' dir='ltr'><strong>excelsis</strong></span> 
     </span>
    </p>
   </div>
   <div class='ocr_carea' id='block_1_81' title="bbox 1967 3617 3563 3689">
    <p class='ocr_par' dir='ltr' id='par_1_81' title="bbox 1967 3617 3563 3689">
     <span class='ocr_line' id='line_1_81' title="bbox 1967 3617 3563 3689; baseline -0.003 -14"><span class='ocrx_word' id='word_1_632' title='bbox 1967 3620 2099 3688; x_wconf 86' lang='lat' dir='ltr'><strong>Deo,</strong></span> <span class='ocrx_word' id='word_1_633' title='bbox 2132 3631 2176 3675; x_wconf 90' lang='lat' dir='ltr'><strong>et</strong></span> <span class='ocrx_word' id='word_1_634' title='bbox 2206 3637 2312 3689; x_wconf 82' lang='lat' dir='ltr'><strong>paa:</strong></span> <span class='ocrx_word' id='word_1_635' title='bbox 2337 3621 2391 3675; x_wconf 87' lang='lat' dir='ltr'><strong>in</strong></span> <span class='ocrx_word' id='word_1_636' title='bbox 2417 3632 2552 3675; x_wconf 84' lang='lat' dir='ltr'><strong>terra</strong></span> <span class='ocrx_word' id='word_1_637' title='bbox 2578 3621 2872 3675; x_wconf 85' lang='lat' dir='ltr'><strong>hominibus</strong></span> <span class='ocrx_word' id='word_1_638' title='bbox 2901 3618 3020 3673; x_wconf 89' lang='lat' dir='ltr'><strong>boni</strong></span> <span class='ocrx_word' id='word_1_639' title='bbox 3041 3619 3250 3673; x_wconf 84' lang='lat' dir='ltr'><strong>decreti.</strong></span> <span class='ocrx_word' id='word_1_640' title='bbox 3296 3617 3444 3674; x_wconf 87' lang='lat' dir='ltr'><strong>Unus</strong></span> <span class='ocrx_word' id='word_1_641' title='bbox 3468 3632 3563 3671; x_wconf 89' lang='lat' dir='ltr'><strong>an-</strong></span> 
     </span>
    </p>
   </div>
   <div class='ocr_carea' id='block_1_82' title="bbox 1964 3711 3562 3785">
    <p class='ocr_par' dir='ltr' id='par_1_82' title="bbox 1964 3711 3562 3785">
     <span class='ocr_line' id='line_1_82' title="bbox 1964 3711 3562 3785; baseline -0.001 -18"><span class='ocrx_word' id='word_1_642' title='bbox 1964 3715 2116 3785; x_wconf 88' lang='lat' dir='ltr'><strong>gelus</strong></span> <span class='ocrx_word' id='word_1_643' title='bbox 2142 3715 2384 3770; x_wconf 84' lang='lat' dir='ltr'><strong>enuntiat</strong></span> <span class='ocrx_word' id='word_1_644' title='bbox 2428 3714 2787 3777; x_wconf 78' lang='lat' dir='ltr'><strong>nativitatem,</strong></span> <span class='ocrx_word' id='word_1_645' title='bbox 2830 3712 2974 3782; x_wconf 89' lang='lat' dir='ltr'><strong>quod</strong></span> <span class='ocrx_word' id='word_1_646' title='bbox 3009 3711 3127 3777; x_wconf 90' lang='lat' dir='ltr'><strong>hic,</strong></span> <span class='ocrx_word' id='word_1_647' title='bbox 3177 3711 3267 3780; x_wconf 88' lang='lat' dir='ltr'><strong>qui</strong></span> <span class='ocrx_word' id='word_1_648' title='bbox 3310 3712 3562 3780; x_wconf 86' lang='lat' dir='ltr'><strong>parvulus</strong></span> 
     </span>
    </p>
   </div>
   <div class='ocr_carea' id='block_1_83' title="bbox 1966 3803 3563 3874">
    <p class='ocr_par' dir='ltr' id='par_1_83' title="bbox 1966 3803 3563 3874">
     <span class='ocr_line' id='line_1_83' title="bbox 1966 3803 3563 3874; baseline -0.005 -10"><span class='ocrx_word' id='word_1_649' title='bbox 1966 3818 2233 3864; x_wconf 85' lang='lat' dir='ltr'><strong>eratante</strong></span> <span class='ocrx_word' id='word_1_650' title='bbox 2269 3807 2529 3863; x_wconf 63' lang='lat' dir='ltr'><strong>sacculum</strong></span> <span class='ocrx_word' id='word_1_651' title='bbox 2573 3816 2733 3863; x_wconf 89' lang='lat' dir='ltr'><strong>natus</strong></span> <span class='ocrx_word' id='word_1_652' title='bbox 2771 3815 2853 3862; x_wconf 88' lang='lat' dir='ltr'><strong>est</strong></span> <span class='ocrx_word' id='word_1_653' title='bbox 2885 3804 3040 3860; x_wconf 88' lang='lat' dir='ltr'><strong>nobis</strong></span> <span class='ocrx_word' id='word_1_654' title='bbox 3081 3803 3260 3870; x_wconf 91' lang='lat' dir='ltr'><strong>hodie,</strong></span> <span class='ocrx_word' id='word_1_655' title='bbox 3309 3803 3433 3874; x_wconf 90' lang='lat' dir='ltr'><strong>quia</strong></span> <span class='ocrx_word' id='word_1_656' title='bbox 3467 3803 3563 3857; x_wconf 90' lang='lat' dir='ltr'><strong>ho-</strong></span> 
     </span>
    </p>
   </div>
   <div class='ocr_carea' id='block_1_84' title="bbox 1968 3901 3560 3972">
    <p class='ocr_par' dir='ltr' id='par_1_84' title="bbox 1968 3901 3560 3972">
     <span class='ocr_line' id='line_1_84' title="bbox 1968 3901 3560 3972; baseline -0.003 -16"><span class='ocrx_word' id='word_1_657' title='bbox 1968 3902 2199 3957; x_wconf 82' lang='lat' dir='ltr'><strong>minibus</strong></span> <span class='ocrx_word' id='word_1_658' title='bbox 2229 3916 2349 3958; x_wconf 89' lang='lat' dir='ltr'><strong>esse</strong></span> <span class='ocrx_word' id='word_1_659' title='bbox 2390 3910 2515 3957; x_wconf 89' lang='lat' dir='ltr'><strong>tunc</strong></span> <span class='ocrx_word' id='word_1_660' title='bbox 2558 3902 2743 3972; x_wconf 74' lang='lat' dir='ltr'><strong>erepit.</strong></span> <span class='ocrx_word' id='word_1_661' title='bbox 2789 3901 2867 3956; x_wconf 84' lang='lat' dir='ltr'><strong>Ac</strong></span> <span class='ocrx_word' id='word_1_662' title='bbox 2907 3915 2973 3954; x_wconf 91' lang='lat' dir='ltr'><strong>ne</strong></span> <span class='ocrx_word' id='word_1_663' title='bbox 3000 3914 3188 3955; x_wconf 90' lang='lat' dir='ltr'><strong>eorum</strong></span> <span class='ocrx_word' id='word_1_664' title='bbox 3238 3913 3332 3953; x_wconf 76' lang='lat' dir='ltr'><strong>rex</strong></span> <span class='ocrx_word' id='word_1_665' title='bbox 3355 3905 3560 3952; x_wconf 87' lang='lat' dir='ltr'><strong>tantum</strong></span> 
     </span>
    </p>
   </div>
   <div class='ocr_carea' id='block_1_85' title="bbox 1965 3993 3563 4066">
    <p class='ocr_par' dir='ltr' id='par_1_85' title="bbox 1965 3993 3563 4066">
     <span class='ocr_line' id='line_1_85' title="bbox 1965 3993 3563 4066; baseline -0.004 -14"><span class='ocrx_word' id='word_1_666' title='bbox 1965 3996 2314 4052; x_wconf 89' lang='lat' dir='ltr'><strong>annuntiatus</strong></span> <span class='ocrx_word' id='word_1_667' title='bbox 2342 3995 2608 4061; x_wconf 86' lang='lat' dir='ltr'><strong>videatur,</strong></span> <span class='ocrx_word' id='word_1_668' title='bbox 2640 3995 2833 4066; x_wconf 90' lang='lat' dir='ltr'><strong>quibus</strong></span> <span class='ocrx_word' id='word_1_669' title='bbox 2859 3993 3060 4048; x_wconf 89' lang='lat' dir='ltr'><strong>dictum</strong></span> <span class='ocrx_word' id='word_1_670' title='bbox 3087 4000 3170 4048; x_wconf 89' lang='lat' dir='ltr'><strong>est</strong></span> <span class='ocrx_word' id='word_1_671' title='bbox 3197 4002 3347 4046; x_wconf 89' lang='lat' dir='ltr'><strong>natus</strong></span> <span class='ocrx_word' id='word_1_672' title='bbox 3372 3999 3447 4045; x_wconf 91' lang='lat' dir='ltr'><strong>est</strong></span> <span class='ocrx_word' id='word_1_673' title='bbox 3474 4006 3563 4046; x_wconf 77' lang='lat' dir='ltr'><strong>vo-</strong></span> 
     </span>
    </p>
   </div>
   <div class='ocr_carea' id='block_1_86' title="bbox 1965 4085 3560 4158">
    <p class='ocr_par' dir='ltr' id='par_1_86' title="bbox 1965 4085 3560 4158">
     <span class='ocr_line' id='line_1_86' title="bbox 1965 4085 3560 4158; baseline -0.004 -14"><span class='ocrx_word' id='word_1_674' title='bbox 1965 4091 2041 4145; x_wconf 82' lang='lat' dir='ltr'><strong>bis</strong></span> <span class='ocrx_word' id='word_1_675' title='bbox 2070 4088 2223 4144; x_wconf 82' lang='lat' dir='ltr'><strong>hodie</strong></span> <span class='ocrx_word' id='word_1_676' title='bbox 2249 4088 2558 4158; x_wconf 84' lang='lat' dir='ltr'><strong>angelorum</strong></span> <span class='ocrx_word' id='word_1_677' title='bbox 2591 4086 2859 4144; x_wconf 82' lang='lat' dir='ltr'><strong>exercitus</strong></span> <span class='ocrx_word' id='word_1_678' title='bbox 2878 4085 3175 4148; x_wconf 87' lang='lat' dir='ltr'><strong>concurrit,</strong></span> <span class='ocrx_word' id='word_1_679' title='bbox 3218 4093 3275 4141; x_wconf 91' lang='lat' dir='ltr'><strong>et</strong></span> <span class='ocrx_word' id='word_1_680' title='bbox 3295 4085 3426 4139; x_wconf 91' lang='lat' dir='ltr'><strong>dicit</strong></span> <span class='ocrx_word' id='word_1_681' title='bbox 3446 4087 3560 4156; x_wconf 85' lang='lat' dir='ltr'><strong>glo-</strong></span> 
     </span>
    </p>
   </div>
   <div class='ocr_carea' id='block_1_87' title="bbox 1965 4177 3564 4252">
    <p class='ocr_par' dir='ltr' id='par_1_87' title="bbox 1965 4177 3564 4252">
     <span class='ocr_line' id='line_1_87' title="bbox 1965 4177 3564 4252; baseline -0.004 -14"><span class='ocrx_word' id='word_1_682' title='bbox 1965 4185 2042 4238; x_wconf 86' lang='lat' dir='ltr'><strong>ria</strong></span> <span class='ocrx_word' id='word_1_683' title='bbox 2066 4185 2119 4238; x_wconf 88' lang='lat' dir='ltr'><strong>in</strong></span> <span class='ocrx_word' id='word_1_684' title='bbox 2150 4182 2361 4239; x_wconf 76' lang='lat' dir='ltr'><strong>excelsis</strong></span> <span class='ocrx_word' id='word_1_685' title='bbox 2391 4181 2523 4247; x_wconf 85' lang='lat' dir='ltr'><strong>Deo,</strong></span> <span class='ocrx_word' id='word_1_686' title='bbox 2553 4191 2598 4237; x_wconf 89' lang='lat' dir='ltr'><strong>et</strong></span> <span class='ocrx_word' id='word_1_687' title='bbox 2626 4199 2730 4252; x_wconf 80' lang='lat' dir='ltr'><strong>pax</strong></span> <span class='ocrx_word' id='word_1_688' title='bbox 2755 4185 2809 4235; x_wconf 86' lang='lat' dir='ltr'><strong>in</strong></span> <span class='ocrx_word' id='word_1_689' title='bbox 2830 4192 2967 4236; x_wconf 88' lang='lat' dir='ltr'><strong>terra</strong></span> <span class='ocrx_word' id='word_1_690' title='bbox 2994 4179 3283 4234; x_wconf 82' lang='lat' dir='ltr'><strong>hominibus</strong></span> <span class='ocrx_word' id='word_1_691' title='bbox 3318 4177 3436 4233; x_wconf 82' lang='lat' dir='ltr'><strong>boni</strong></span> <span class='ocrx_word' id='word_1_692' title='bbox 3472 4177 3564 4232; x_wconf 83' lang='lat' dir='ltr'><strong>de-</strong></span> 
     </span>
    </p>
   </div>
   <div class='ocr_carea' id='block_1_88' title="bbox 1963 4270 3561 4348">
    <p class='ocr_par' dir='ltr' id='par_1_88' title="bbox 1963 4270 3561 4348">
     <span class='ocr_line' id='line_1_88' title="bbox 1963 4270 3561 4348; baseline -0.005 -13"><span class='ocrx_word' id='word_1_693' title='bbox 1963 4279 2105 4335; x_wconf 83' lang='lat' dir='ltr'><strong>creti.</strong></span> <span class='ocrx_word' id='word_1_694' title='bbox 2153 4277 2415 4348; x_wconf 83' lang='lat' dir='ltr'><strong>Apparuit</strong></span> <span class='ocrx_word' id='word_1_695' title='bbox 2459 4277 2572 4331; x_wconf 76' lang='lat' dir='ltr'><strong>luee</strong></span> <span class='ocrx_word' id='word_1_696' title='bbox 2614 4275 2729 4345; x_wconf 87' lang='lat' dir='ltr'><strong>ejus</strong></span> <span class='ocrx_word' id='word_1_697' title='bbox 2767 4275 2938 4345; x_wconf 86' lang='lat' dir='ltr'><strong>gloria</strong></span> <span class='ocrx_word' id='word_1_698' title='bbox 2986 4273 3039 4329; x_wconf 93' lang='lat' dir='ltr'><strong>in</strong></span> <span class='ocrx_word' id='word_1_699' title='bbox 3088 4273 3251 4337; x_wconf 68' lang='lat' dir='ltr'><strong>creto,</strong></span> <span class='ocrx_word' id='word_1_700' title='bbox 3285 4281 3339 4327; x_wconf 89' lang='lat' dir='ltr'><strong>et</strong></span> <span class='ocrx_word' id='word_1_701' title='bbox 3377 4286 3479 4343; x_wconf 81' lang='lat' dir='ltr'><strong>pax</strong></span> <span class='ocrx_word' id='word_1_702' title='bbox 3507 4270 3561 4327; x_wconf 91' lang='lat' dir='ltr'><strong>in</strong></span> 
     </span>
    </p>
   </div>
   <div class='ocr_carea' id='block_1_89' title="bbox 1967 4366 3558 4437">
    <p class='ocr_par' dir='ltr' id='par_1_89' title="bbox 1967 4366 3558 4437">
     <span class='ocr_line' id='line_1_89' title="bbox 1967 4366 3558 4437; baseline -0.004 -10"><span class='ocrx_word' id='word_1_703' title='bbox 1967 4379 2108 4427; x_wconf 90' lang='lat' dir='ltr'><strong>terra</strong></span> <span class='ocrx_word' id='word_1_704' title='bbox 2152 4369 2459 4424; x_wconf 89' lang='lat' dir='ltr'><strong>hominibus</strong></span> <span class='ocrx_word' id='word_1_705' title='bbox 2505 4368 2633 4423; x_wconf 90' lang='lat' dir='ltr'><strong>boni</strong></span> <span class='ocrx_word' id='word_1_706' title='bbox 2676 4367 2880 4423; x_wconf 89' lang='lat' dir='ltr'><strong>decreti</strong></span> <span class='ocrx_word' id='word_1_707' title='bbox 2906 4367 2973 4420; x_wconf 86' lang='lat' dir='ltr'><strong>ab</strong></span> <span class='ocrx_word' id='word_1_708' title='bbox 3014 4366 3222 4437; x_wconf 88' lang='lat' dir='ltr'><strong>angelis</strong></span> <span class='ocrx_word' id='word_1_709' title='bbox 3263 4366 3558 4420; x_wconf 85' lang='lat' dir='ltr'><strong>nuntiatur.</strong></span> 
     </span>
    </p>
   </div>
   <div class='ocr_carea' id='block_1_90' title="bbox 1966 4455 3563 4524">
    <p class='ocr_par' dir='ltr' id='par_1_90' title="bbox 1966 4455 3563 4524">
     <span class='ocr_line' id='line_1_90' title="bbox 1966 4455 3563 4524; baseline -0.006 -1"><span class='ocrx_word' id='word_1_710' title='bbox 1966 4464 2158 4523; x_wconf 89' lang='lat' dir='ltr'><strong>Utrum</strong></span> <span class='ocrx_word' id='word_1_711' title='bbox 2208 4471 2407 4519; x_wconf 69' lang='lat' dir='ltr'><strong>nostrae</strong></span> <span class='ocrx_word' id='word_1_712' title='bbox 2458 4460 2701 4517; x_wconf 69' lang='lat' dir='ltr'><strong>infantiae</strong></span> <span class='ocrx_word' id='word_1_713' title='bbox 2754 4460 2946 4516; x_wconf 86' lang='lat' dir='ltr'><strong>similis</strong></span> <span class='ocrx_word' id='word_1_714' title='bbox 2999 4459 3264 4524; x_wconf 87' lang='lat' dir='ltr'><strong>videatur,</strong></span> <span class='ocrx_word' id='word_1_715' title='bbox 3284 4455 3563 4513; x_wconf 86' lang='lat' dir='ltr'><strong>advertitis</strong></span> 
     </span>
    </p>
   </div>
   <div class='ocr_carea' id='block_1_91' title="bbox 264 4533 2305 4633">
    <p class='ocr_par' dir='ltr' id='par_1_91' title="bbox 264 4533 2305 4633">
     <span class='ocr_line' id='line_1_91' title="bbox 264 4533 2305 4633; baseline -0.004 -24"><span class='ocrx_word' id='word_1_716' title='bbox 264 4553 463 4609; x_wconf 89' lang='lat' dir='ltr'><strong>luatur.</strong></span> <span class='ocrx_word' id='word_1_717' title='bbox 490 4552 643 4619; x_wconf 84' lang='lat' dir='ltr'><strong>Quod</strong></span> <span class='ocrx_word' id='word_1_718' title='bbox 672 4552 716 4608; x_wconf 92' lang='lat' dir='ltr'><strong>si</strong></span> <span class='ocrx_word' id='word_1_719' title='bbox 744 4552 796 4606; x_wconf 91' lang='lat' dir='ltr'><strong>in</strong></span> <span class='ocrx_word' id='word_1_720' title='bbox 847 4551 931 4605; x_wconf 89' lang='lat' dir='ltr'><strong>his</strong></span> <span class='ocrx_word' id='word_1_721' title='bbox 959 4549 1211 4609; x_wconf 86' lang='lat' dir='ltr'><strong>sordibus</strong></span> <span class='ocrx_word' id='word_1_722' title='bbox 1251 4566 1356 4604; x_wconf 87' lang='lat' dir='ltr'><strong>non</strong></span> <span class='ocrx_word' id='word_1_723' title='bbox 1406 4549 1659 4620; x_wconf 89' lang='lat' dir='ltr'><strong>polluitur</strong></span> <span class='ocrx_word' id='word_1_724' title='bbox 1705 4565 1858 4605; x_wconf 88' lang='lat' dir='ltr'><strong>erea-</strong></span> <span class='ocrx_word' id='word_1_725' title='bbox 1886 4533 1936 4594; x_wconf 83' lang='grc' dir='ltr'>Ῑ)</span> <span class='ocrx_word' id='word_1_726' title='bbox 1963 4577 2031 4618; x_wconf 70' lang='lat' dir='ltr'><strong>an</strong></span> <span class='ocrx_word' id='word_1_727' title='bbox 2061 4559 2139 4633; x_wconf 67' lang='grc' dir='ltr'><strong>(ι)</strong></span> <span class='ocrx_word' id='word_1_728' title='bbox 2164 4558 2305 4613; x_wconf 73' lang='lat' dir='ltr'><strong>non?</strong></span> 
     </span>
    </p>
   </div>
   <div class='ocr_carea' id='block_1_92' title="bbox 261 4640 1858 4715">
    <p class='ocr_par' dir='ltr' id='par_1_92' title="bbox 261 4640 1858 4715">
     <span class='ocr_line' id='line_1_92' title="bbox 261 4640 1858 4715; baseline -0.002 -14"><span class='ocrx_word' id='word_1_729' title='bbox 261 4654 404 4707; x_wconf 90' lang='lat' dir='ltr'><strong>tura,</strong></span> <span class='ocrx_word' id='word_1_730' title='bbox 454 4645 622 4700; x_wconf 91' lang='lat' dir='ltr'><strong>multo</strong></span> <span class='ocrx_word' id='word_1_731' title='bbox 672 4643 848 4699; x_wconf 89' lang='lat' dir='ltr'><strong>minus</strong></span> <span class='ocrx_word' id='word_1_732' title='bbox 890 4642 972 4715; x_wconf 82' lang='lat'><strong>(&#39;5)</strong></span> <span class='ocrx_word' id='word_1_733' title='bbox 1010 4645 1062 4698; x_wconf 91' lang='lat' dir='ltr'><strong>in</strong></span> <span class='ocrx_word' id='word_1_734' title='bbox 1094 4642 1216 4697; x_wconf 85' lang='lat' dir='ltr'><strong>vivo</strong></span> <span class='ocrx_word' id='word_1_735' title='bbox 1262 4640 1342 4714; x_wconf 71' lang='grc'><strong>(4)</strong></span> <span class='ocrx_word' id='word_1_736' title='bbox 1382 4650 1591 4708; x_wconf 87' lang='lat' dir='ltr'><strong>sancto,</strong></span> <span class='ocrx_word' id='word_1_737' title='bbox 1622 4642 1747 4713; x_wconf 87' lang='lat' dir='ltr'><strong>quia</strong></span> <span class='ocrx_word' id='word_1_738' title='bbox 1776 4641 1858 4714; x_wconf 85' lang='lat'><strong>(5)</strong></span> 
     </span>
    </p>
   </div>
   <div class='ocr_carea' id='block_1_93' title="bbox 260 4736 1403 4808">
    <p class='ocr_par' dir='ltr' id='par_1_93' title="bbox 260 4736 1403 4808">
     <span class='ocr_line' id='line_1_93' title="bbox 260 4736 1403 4808; baseline -0.003 -13"><span class='ocrx_word' id='word_1_739' title='bbox 260 4754 489 4808; x_wconf 87' lang='lat' dir='ltr'><strong>corpore</strong></span> <span class='ocrx_word' id='word_1_740' title='bbox 518 4738 769 4794; x_wconf 89' lang='lat' dir='ltr'><strong>divinitas</strong></span> <span class='ocrx_word' id='word_1_741' title='bbox 800 4739 911 4808; x_wconf 85' lang='lat' dir='ltr'><strong>ipsa</strong></span> <span class='ocrx_word' id='word_1_742' title='bbox 944 4753 1051 4793; x_wconf 90' lang='lat' dir='ltr'><strong>non</strong></span> <span class='ocrx_word' id='word_1_743' title='bbox 1075 4736 1352 4808; x_wconf 90' lang='lat' dir='ltr'><strong>polluitur.</strong></span> <span class='ocrx_word' id='word_1_744' title='bbox 1398 4794 1403 4799; x_wconf 59' lang='grc'>,</span> 
     </span>
    </p>
   </div>
   <div class='ocr_carea' id='block_1_94' title="bbox 333 4826 1857 4902">
    <p class='ocr_par' dir='ltr' id='par_1_94' title="bbox 333 4826 1857 4902">
     <span class='ocr_line' id='line_1_94' title="bbox 333 4826 1857 4902; baseline -0.003 -14"><span class='ocrx_word' id='word_1_745' title='bbox 333 4832 453 4888; x_wconf 80' lang='lat' dir='ltr'><strong>XX.</strong></span> <span class='ocrx_word' id='word_1_746' title='bbox 486 4832 639 4888; x_wconf 84' lang='lat' dir='ltr'><strong>Nunc</strong></span> <span class='ocrx_word' id='word_1_747' title='bbox 667 4830 1010 4887; x_wconf 82' lang='lat' dir='ltr'><strong>manifestata</strong></span> <span class='ocrx_word' id='word_1_748' title='bbox 1037 4832 1344 4887; x_wconf 86' lang='lat' dir='ltr'><strong>necessario</strong></span> <span class='ocrx_word' id='word_1_749' title='bbox 1375 4826 1456 4902; x_wconf 82' lang='grc' dir='ltr'><strong>(ϐ)</strong></span> <span class='ocrx_word' id='word_1_750' title='bbox 1484 4838 1669 4886; x_wconf 87' lang='lat' dir='ltr'><strong>sancta</strong></span> <span class='ocrx_word' id='word_1_751' title='bbox 1700 4841 1752 4884; x_wconf 93' lang='lat' dir='ltr'><strong>et</strong></span> <span class='ocrx_word' id='word_1_752' title='bbox 1773 4829 1857 4885; x_wconf 91' lang='lat' dir='ltr'><strong>in-</strong></span> 
     </span>
    </p>
   </div>
   <div class='ocr_carea' id='block_1_95' title="bbox 258 4923 1858 4996">
    <p class='ocr_par' dir='ltr' id='par_1_95' title="bbox 258 4923 1858 4996">
     <span class='ocr_line' id='line_1_95' title="bbox 258 4923 1858 4996; baseline -0.003 -13"><span class='ocrx_word' id='word_1_753' title='bbox 258 4927 622 4983; x_wconf 89' lang='lat' dir='ltr'><strong>contaminata</strong></span> <span class='ocrx_word' id='word_1_754' title='bbox 655 4926 933 4981; x_wconf 88' lang='lat' dir='ltr'><strong>nativitate</strong></span> <span class='ocrx_word' id='word_1_755' title='bbox 959 4940 1054 4995; x_wconf 88' lang='lat' dir='ltr'><strong>per</strong></span> <span class='ocrx_word' id='word_1_756' title='bbox 1086 4923 1334 4996; x_wconf 89' lang='lat' dir='ltr'><strong>corporis</strong></span> <span class='ocrx_word' id='word_1_757' title='bbox 1375 4924 1626 4990; x_wconf 80' lang='lat' dir='ltr'><strong>formam,</strong></span> <span class='ocrx_word' id='word_1_758' title='bbox 1673 4924 1727 4978; x_wconf 92' lang='lat' dir='ltr'><strong>in</strong></span> <span class='ocrx_word' id='word_1_759' title='bbox 1754 4939 1858 4994; x_wconf 91' lang='lat' dir='ltr'><strong>qua</strong></span> 
     </span>
    </p>
   </div>
   <div class='ocr_carea' id='block_1_96' title="bbox 259 5018 1860 5089">
    <p class='ocr_par' dir='ltr' id='par_1_96' title="bbox 259 5018 1860 5089">
     <span class='ocr_line' id='line_1_96' title="bbox 259 5018 1860 5089; baseline -0.003 -12"><span class='ocrx_word' id='word_1_760' title='bbox 259 5019 452 5077; x_wconf 89' lang='lat' dir='ltr'><strong>adesse</strong></span> <span class='ocrx_word' id='word_1_761' title='bbox 507 5020 699 5075; x_wconf 86' lang='lat' dir='ltr'><strong>salutis</strong></span> <span class='ocrx_word' id='word_1_762' title='bbox 759 5027 959 5074; x_wconf 71' lang='lat' dir='ltr'><strong>nostrzc</strong></span> <span class='ocrx_word' id='word_1_763' title='bbox 1001 5019 1135 5073; x_wconf 86' lang='lat' dir='ltr'><strong>ratio</strong></span> <span class='ocrx_word' id='word_1_764' title='bbox 1186 5018 1459 5089; x_wconf 88' lang='lat' dir='ltr'><strong>poscebat,</strong></span> <span class='ocrx_word' id='word_1_765' title='bbox 1509 5025 1759 5087; x_wconf 89' lang='lat' dir='ltr'><strong>superest</strong></span> <span class='ocrx_word' id='word_1_766' title='bbox 1803 5026 1860 5072; x_wconf 91' lang='lat' dir='ltr'><strong>ut</strong></span> 
     </span>
    </p>
   </div>
   <div class='ocr_carea' id='block_1_97' title="bbox 258 5111 1860 5186">
    <p class='ocr_par' dir='ltr' id='par_1_97' title="bbox 258 5111 1860 5186">
     <span class='ocr_line' id='line_1_97' title="bbox 258 5111 1860 5186; baseline -0.001 -19"><span class='ocrx_word' id='word_1_767' title='bbox 258 5115 520 5186; x_wconf 87' lang='lat' dir='ltr'><strong>probetur</strong></span> <span class='ocrx_word' id='word_1_768' title='bbox 541 5129 638 5168; x_wconf 86' lang='lat' dir='ltr'><strong>cur</strong></span> <span class='ocrx_word' id='word_1_769' title='bbox 666 5113 731 5168; x_wconf 90' lang='lat' dir='ltr'><strong>ad</strong></span> <span class='ocrx_word' id='word_1_770' title='bbox 761 5111 1167 5168; x_wconf 89' lang='lat' dir='ltr'><strong>similitudinem</strong></span> <span class='ocrx_word' id='word_1_771' title='bbox 1210 5122 1449 5168; x_wconf 88' lang='lat' dir='ltr'><strong>nostram</strong></span> <span class='ocrx_word' id='word_1_772' title='bbox 1479 5112 1735 5182; x_wconf 87' lang='lat' dir='ltr'><strong>parvulus</strong></span> <span class='ocrx_word' id='word_1_773' title='bbox 1764 5126 1860 5166; x_wconf 63' lang='lat' dir='ltr'><strong>na.</strong></span> 
     </span>
    </p>
   </div>
   <div class='ocr_carea' id='block_1_98' title="bbox 260 5205 1860 5273">
    <p class='ocr_par' dir='ltr' id='par_1_98' title="bbox 260 5205 1860 5273">
     <span class='ocr_line' id='line_1_98' title="bbox 260 5205 1860 5273; baseline 0 -11"><span class='ocrx_word' id='word_1_774' title='bbox 260 5216 350 5262; x_wconf 85' lang='lat' dir='ltr'><strong>tus</strong></span> <span class='ocrx_word' id='word_1_775' title='bbox 379 5209 628 5270; x_wconf 87' lang='lat' dir='ltr'><strong>creverit,</strong></span> <span class='ocrx_word' id='word_1_776' title='bbox 662 5205 947 5271; x_wconf 85' lang='lat' dir='ltr'><strong>esurierit,</strong></span> <span class='ocrx_word' id='word_1_777' title='bbox 978 5205 1388 5262; x_wconf 86' lang='lat' dir='ltr'><strong>manducaverit</strong></span> <span class='ocrx_word' id='word_1_778' title='bbox 1407 5249 1422 5273; x_wconf 90' lang='lat'><strong>,</strong></span> <span class='ocrx_word' id='word_1_779' title='bbox 1450 5205 1666 5269; x_wconf 87' lang='lat' dir='ltr'><strong>sitierit,</strong></span> <span class='ocrx_word' id='word_1_780' title='bbox 1697 5215 1860 5262; x_wconf 72' lang='lat' dir='ltr'><strong>caete-</strong></span> 
     </span>
    </p>
   </div>
   <div class='ocr_carea' id='block_1_99' title="bbox 259 5299 1859 5372">
    <p class='ocr_par' dir='ltr' id='par_1_99' title="bbox 259 5299 1859 5372">
     <span class='ocr_line' id='line_1_99' title="bbox 259 5299 1859 5372; baseline -0.001 -13"><span class='ocrx_word' id='word_1_781' title='bbox 259 5315 429 5372; x_wconf 88' lang='lat' dir='ltr'><strong>raque</strong></span> <span class='ocrx_word' id='word_1_782' title='bbox 450 5299 626 5356; x_wconf 76' lang='lat' dir='ltr'><strong>ol‘licia</strong></span> <span class='ocrx_word' id='word_1_783' title='bbox 649 5301 895 5370; x_wconf 88' lang='lat' dir='ltr'><strong>corporis</strong></span> <span class='ocrx_word' id='word_1_784' title='bbox 922 5302 1245 5370; x_wconf 89' lang='lat' dir='ltr'><strong>susceperit,</strong></span> <span class='ocrx_word' id='word_1_785' title='bbox 1274 5300 1346 5356; x_wconf 89' lang='lat' dir='ltr'><strong>ita</strong></span> <span class='ocrx_word' id='word_1_786' title='bbox 1368 5309 1426 5356; x_wconf 94' lang='lat' dir='ltr'><strong>ut</strong></span> <span class='ocrx_word' id='word_1_787' title='bbox 1446 5311 1501 5357; x_wconf 91' lang='lat' dir='ltr'><strong>et</strong></span> <span class='ocrx_word' id='word_1_788' title='bbox 1522 5307 1772 5368; x_wconf 90' lang='lat' dir='ltr'><strong>mortem,</strong></span> <span class='ocrx_word' id='word_1_789' title='bbox 1803 5309 1859 5357; x_wconf 90' lang='lat' dir='ltr'><strong>et</strong></span> 
     </span>
    </p>
   </div>
   <div class='ocr_carea' id='block_1_100' title="bbox 335 5412 1087 5484">
    <p class='ocr_par' dir='ltr' id='par_1_100' title="bbox 335 5412 1087 5484">
     <span class='ocr_line' id='line_1_100' title="bbox 335 5412 1087 5484; baseline -0.003 -15"><span class='ocrx_word' id='word_1_790' title='bbox 335 5412 415 5484; x_wconf 86' lang='grc' dir='ltr'><strong>(ι)</strong></span> <span class='ocrx_word' id='word_1_791' title='bbox 445 5412 614 5469; x_wconf 88' lang='lat' dir='ltr'><strong>Codd.</strong></span> <span class='ocrx_word' id='word_1_792' title='bbox 644 5412 904 5482; x_wconf 86' lang='lat' dir='ltr'><strong>quoddam</strong></span> <span class='ocrx_word' id='word_1_793' title='bbox 931 5412 1087 5468; x_wconf 85' lang='lat' dir='ltr'><strong>idem.</strong></span> 
     </span>
    </p>
   </div>
   <div class='ocr_carea' id='block_1_101' title="bbox 338 5483 850 5559">
    <p class='ocr_par' dir='ltr' id='par_1_101' title="bbox 338 5483 850 5559">
     <span class='ocr_line' id='line_1_101' title="bbox 338 5483 850 5559; baseline -0.002 -19"><span class='ocrx_word' id='word_1_794' title='bbox 338 5483 419 5559; x_wconf 72' lang='grc'><strong>(2)</strong></span> <span class='ocrx_word' id='word_1_795' title='bbox 443 5484 614 5559; x_wconf 83' lang='lat' dir='ltr'><strong>Codd.</strong></span> <span class='ocrx_word' id='word_1_796' title='bbox 637 5486 850 5559; x_wconf 73' lang='lat' dir='ltr'><strong>adquia.</strong></span> 
     </span>
    </p>
   </div>
   <div class='ocr_carea' id='block_1_102' title="bbox 334 5556 830 5629">
    <p class='ocr_par' dir='ltr' id='par_1_102' title="bbox 334 5556 830 5629">
     <span class='ocr_line' id='line_1_102' title="bbox 334 5556 830 5629; baseline -0.006 -16"><span class='ocrx_word' id='word_1_797' title='bbox 334 5556 414 5628; x_wconf 51' lang='lat'><strong>(&#39;3)</strong></span> <span class='ocrx_word' id='word_1_798' title='bbox 444 5556 635 5629; x_wconf 26' lang='lat' dir='ltr'><strong>Codd.‘</strong></span> <span class='ocrx_word' id='word_1_799' title='bbox 648 5556 830 5629; x_wconf 85' lang='lat' dir='ltr'><strong>magis.</strong></span> 
     </span>
    </p>
   </div>
   <div class='ocr_carea' id='block_1_103' title="bbox 333 5627 699 5773">
    <p class='ocr_par' dir='ltr' id='par_1_103' title="bbox 333 5627 699 5773">
     <span class='ocr_line' id='line_1_103' title="bbox 358 5627 699 5693; baseline -0.018 -9"><span class='ocrx_word' id='word_1_800' title='bbox 358 5628 415 5693; x_wconf 74' lang='grc'><strong>4)</strong></span> <span class='ocrx_word' id='word_1_801' title='bbox 437 5628 511 5683; x_wconf 89' lang='lat' dir='ltr'><strong>Ita</strong></span> <span class='ocrx_word' id='word_1_802' title='bbox 539 5627 699 5684; x_wconf 90' lang='lat' dir='ltr'><strong>codd.</strong></span> 
     </span>
     <span class='ocr_line' id='line_1_104' title="bbox 333 5634 699 5773; baseline -0.003 0"><span class='ocrx_word' id='word_1_803' title='bbox 333 5634 419 5773; x_wconf 73' lang='lat' dir='ltr'><strong>i5)</strong></span> <span class='ocrx_word' id='word_1_804' title='bbox 448 5697 618 5773; x_wconf 59' lang='lat' dir='ltr'><strong>godd-</strong></span> <span class='ocrx_word' id='word_1_805' title='bbox 645 5716 699 5772; x_wconf 74' lang='grc' dir='ltr'><strong>ιιι</strong></span> 
     </span>
    </p>
   </div>
   <div class='ocr_carea' id='block_1_104' title="bbox 362 5697 897 5784">
    <p class='ocr_par' dir='ltr' id='par_1_104' title="bbox 362 5697 897 5784">
     <span class='ocr_line' id='line_1_105' title="bbox 362 5697 897 5784; baseline 0 0"><span class='ocrx_word' id='word_1_806' title='bbox 362 5700 419 5784; x_wconf 69' lang='grc' dir='ltr'><strong>εξ)</strong></span> <span class='ocrx_word' id='word_1_807' title='bbox 446 5697 618 5784; x_wconf 56' lang='lat' dir='ltr'><strong>Emit!-</strong></span> <span class='ocrx_word' id='word_1_808' title='bbox 645 5715 763 5772; x_wconf 63' lang='grc' dir='ltr'><em>ηαδ·</em></span> <span class='ocrx_word' id='word_1_809' title='bbox 884 5770 897 5784; x_wconf 95' lang='grc'>.</span> 
     </span>
    </p>
   </div>
   <div class='ocr_carea' id='block_1_105' title="bbox 338 5770 946 5844">
    <p class='ocr_par' dir='ltr' id='par_1_105' title="bbox 338 5770 946 5844">
     <span class='ocr_line' id='line_1_106' title="bbox 338 5770 946 5844; baseline 0 -19"><span class='ocrx_word' id='word_1_810' title='bbox 338 5770 420 5844; x_wconf 79' lang='lat'><strong>(6)</strong></span> <span class='ocrx_word' id='word_1_811' title='bbox 443 5770 616 5828; x_wconf 84' lang='lat' dir='ltr'><strong>Codd.</strong></span> <span class='ocrx_word' id='word_1_812' title='bbox 642 5770 946 5828; x_wconf 80' lang='lat' dir='ltr'><strong>necessaria.</strong></span> 
     </span>
    </p>
   </div>
   <div class='ocr_carea' id='block_1_106' title="bbox 2036 4643 3557 4720">
    <p class='ocr_par' dir='ltr' id='par_1_106' title="bbox 2036 4643 3557 4720">
     <span class='ocr_line' id='line_1_107' title="bbox 2036 4643 3557 4720; baseline -0.007 -10"><span class='ocrx_word' id='word_1_813' title='bbox 2036 4653 2204 4710; x_wconf 81' lang='lat' dir='ltr'><strong>XXII.</strong></span> <span class='ocrx_word' id='word_1_814' title='bbox 2255 4651 2338 4707; x_wconf 81' lang='lat' dir='ltr'><strong>An</strong></span> <span class='ocrx_word' id='word_1_815' title='bbox 2376 4650 2574 4707; x_wconf 90' lang='lat' dir='ltr'><strong>mirum</strong></span> <span class='ocrx_word' id='word_1_816' title='bbox 2619 4657 2704 4705; x_wconf 91' lang='lat' dir='ltr'><strong>est</strong></span> <span class='ocrx_word' id='word_1_817' title='bbox 2738 4647 2957 4720; x_wconf 88' lang='lat' dir='ltr'><strong>angelos</strong></span> <span class='ocrx_word' id='word_1_818' title='bbox 3001 4661 3181 4718; x_wconf 88' lang='lat' dir='ltr'><strong>regem</strong></span> <span class='ocrx_word' id='word_1_819' title='bbox 3222 4643 3557 4711; x_wconf 90' lang='lat' dir='ltr'><strong>enuntiasse,</strong></span> 
     </span>
    </p>
   </div>
   <div class='ocr_carea' id='block_1_107' title="bbox 1966 4735 3563 4820">
    <p class='ocr_par' dir='ltr' id='par_1_107' title="bbox 1966 4735 3563 4820">
     <span class='ocr_line' id='line_1_108' title="bbox 1966 4735 3563 4820; baseline -0.006 -21"><span class='ocrx_word' id='word_1_820' title='bbox 1966 4763 2126 4820; x_wconf 88' lang='lat' dir='ltr'><strong>quem</strong></span> <span class='ocrx_word' id='word_1_821' title='bbox 2156 4745 2336 4802; x_wconf 89' lang='lat' dir='ltr'><strong>sciunt</strong></span> <span class='ocrx_word' id='word_1_822' title='bbox 2361 4743 2496 4815; x_wconf 78' lang='lat' dir='ltr'><strong>Magi</strong></span> <span class='ocrx_word' id='word_1_823' title='bbox 2521 4757 2736 4814; x_wconf 76' lang='lat' dir='ltr'><strong>quoque</strong></span> <span class='ocrx_word' id='word_1_824' title='bbox 2764 4742 2815 4796; x_wconf 90' lang='lat' dir='ltr'><strong>in</strong></span> <span class='ocrx_word' id='word_1_825' title='bbox 2849 4751 2991 4796; x_wconf 91' lang='lat' dir='ltr'><strong>terra</strong></span> <span class='ocrx_word' id='word_1_826' title='bbox 3037 4738 3324 4809; x_wconf 85' lang='lat' dir='ltr'><strong>longinqua</strong></span> <span class='ocrx_word' id='word_1_827' title='bbox 3368 4735 3563 4807; x_wconf 83' lang='lat' dir='ltr'><strong>positi?</strong></span> 
     </span>
    </p>
   </div>
   <div class='ocr_carea' id='block_1_108' title="bbox 1965 4833 3565 4912">
    <p class='ocr_par' dir='ltr' id='par_1_108' title="bbox 1965 4833 3565 4912">
     <span class='ocr_line' id='line_1_109' title="bbox 1965 4833 3565 4912; baseline -0.007 -14"><span class='ocrx_word' id='word_1_828' title='bbox 1965 4843 2100 4900; x_wconf 82' lang='lat' dir='ltr'><strong>Cum</strong></span> <span class='ocrx_word' id='word_1_829' title='bbox 2130 4841 2344 4912; x_wconf 89' lang='lat' dir='ltr'><strong>signum</strong></span> <span class='ocrx_word' id='word_1_830' title='bbox 2366 4840 2471 4894; x_wconf 91' lang='lat' dir='ltr'><strong>illis</strong></span> <span class='ocrx_word' id='word_1_831' title='bbox 2498 4836 2837 4910; x_wconf 87' lang='lat' dir='ltr'><strong>apparuisset</strong></span> <span class='ocrx_word' id='word_1_832' title='bbox 2860 4853 2890 4891; x_wconf 91' lang='lat' dir='ltr'><strong>e</strong></span> <span class='ocrx_word' id='word_1_833' title='bbox 2912 4835 3077 4901; x_wconf 67' lang='lat' dir='ltr'><strong>caelo,</strong></span> <span class='ocrx_word' id='word_1_834' title='bbox 3098 4842 3154 4891; x_wconf 88' lang='lat' dir='ltr'><strong>et</strong></span> <span class='ocrx_word' id='word_1_835' title='bbox 3180 4833 3565 4889; x_wconf 75' lang='lat' dir='ltr'><strong>intellexerunt</strong></span> 
     </span>
    </p>
   </div>
   <div class='ocr_carea' id='block_1_109' title="bbox 1962 4926 3564 5005">
    <p class='ocr_par' dir='ltr' id='par_1_109' title="bbox 1962 4926 3564 5005">
     <span class='ocr_line' id='line_1_110' title="bbox 1962 4926 3564 5005; baseline -0.007 -11"><span class='ocrx_word' id='word_1_836' title='bbox 1962 4945 2169 5000; x_wconf 88' lang='lat' dir='ltr'><strong>natum,</strong></span> <span class='ocrx_word' id='word_1_837' title='bbox 2192 4943 2248 4991; x_wconf 90' lang='lat' dir='ltr'><strong>et</strong></span> <span class='ocrx_word' id='word_1_838' title='bbox 2266 4934 2359 4989; x_wconf 91' lang='lat' dir='ltr'><strong>diu</strong></span> <span class='ocrx_word' id='word_1_839' title='bbox 2375 4934 2664 5005; x_wconf 71' lang='lat' dir='ltr'><strong>quaesitum</strong></span> <span class='ocrx_word' id='word_1_840' title='bbox 2699 4929 3109 4997; x_wconf 86' lang='lat' dir='ltr'><strong>adinveneruut,</strong></span> <span class='ocrx_word' id='word_1_841' title='bbox 3139 4928 3415 4984; x_wconf 91' lang='lat' dir='ltr'><strong>inventum</strong></span> <span class='ocrx_word' id='word_1_842' title='bbox 3434 4926 3564 4983; x_wconf 91' lang='lat' dir='ltr'><strong>ado-</strong></span> 
     </span>
    </p>
   </div>
   <div class='ocr_carea' id='block_1_110' title="bbox 1963 5020 3563 5098">
    <p class='ocr_par' dir='ltr' id='par_1_110' title="bbox 1963 5020 3563 5098">
     <span class='ocr_line' id='line_1_111' title="bbox 1963 5020 3563 5098; baseline -0.009 -10"><span class='ocrx_word' id='word_1_843' title='bbox 1963 5038 2237 5088; x_wconf 86' lang='lat' dir='ltr'><strong>raverunt.</strong></span> <span class='ocrx_word' id='word_1_844' title='bbox 2263 5027 2430 5098; x_wconf 89' lang='lat' dir='ltr'><strong>Cujus</strong></span> <span class='ocrx_word' id='word_1_845' title='bbox 2457 5026 2630 5081; x_wconf 82' lang='lat' dir='ltr'><strong>stellae</strong></span> <span class='ocrx_word' id='word_1_846' title='bbox 2653 5025 2866 5094; x_wconf 81' lang='lat' dir='ltr'><strong>signum</strong></span> <span class='ocrx_word' id='word_1_847' title='bbox 2889 5030 3083 5078; x_wconf 68' lang='lat' dir='ltr'><strong>emtera</strong></span> <span class='ocrx_word' id='word_1_848' title='bbox 3098 5021 3378 5078; x_wconf 86' lang='lat' dir='ltr'><strong>stellarum</strong></span> <span class='ocrx_word' id='word_1_849' title='bbox 3412 5020 3563 5090; x_wconf 74' lang='grc' dir='ltr'><strong>ι)τωί-</strong></span> 
     </span>
    </p>
   </div>
   <div class='ocr_carea' id='block_1_111' title="bbox 1963 5111 3561 5192">
    <p class='ocr_par' dir='ltr' id='par_1_111' title="bbox 1963 5111 3561 5192">
     <span class='ocr_line' id='line_1_112' title="bbox 1963 5111 3561 5192; baseline -0.008 -13"><span class='ocrx_word' id='word_1_850' title='bbox 1963 5123 2056 5179; x_wconf 86' lang='lat' dir='ltr'><strong>bat</strong></span> <span class='ocrx_word' id='word_1_851' title='bbox 2102 5121 2369 5192; x_wconf 85' lang='lat' dir='ltr'><strong>insignia:</strong></span> <span class='ocrx_word' id='word_1_852' title='bbox 2401 5118 2553 5174; x_wconf 89' lang='lat' dir='ltr'><strong>stella</strong></span> <span class='ocrx_word' id='word_1_853' title='bbox 2599 5117 2742 5172; x_wconf 90' lang='lat' dir='ltr'><strong>enim</strong></span> <span class='ocrx_word' id='word_1_854' title='bbox 2781 5131 2901 5186; x_wconf 67' lang='lat' dir='ltr'><strong>qua:</strong></span> <span class='ocrx_word' id='word_1_855' title='bbox 2941 5113 3235 5169; x_wconf 89' lang='lat' dir='ltr'><strong>nativitatis</strong></span> <span class='ocrx_word' id='word_1_856' title='bbox 3276 5111 3561 5167; x_wconf 66' lang='lat' dir='ltr'><strong>dominicae</strong></span> 
     </span>
    </p>
   </div>
   <div class='ocr_carea' id='block_1_112' title="bbox 1962 5203 3562 5278">
    <p class='ocr_par' dir='ltr' id='par_1_112' title="bbox 1962 5203 3562 5278">
     <span class='ocr_line' id='line_1_113' title="bbox 1962 5203 3562 5278; baseline -0.01 -4"><span class='ocrx_word' id='word_1_857' title='bbox 1962 5216 2121 5274; x_wconf 82' lang='lat' dir='ltr'><strong>index</strong></span> <span class='ocrx_word' id='word_1_858' title='bbox 2148 5214 2387 5278; x_wconf 86' lang='lat' dir='ltr'><strong>luit,non</strong></span> <span class='ocrx_word' id='word_1_859' title='bbox 2416 5220 2473 5266; x_wconf 95' lang='lat' dir='ltr'><strong>ut</strong></span> <span class='ocrx_word' id='word_1_860' title='bbox 2495 5218 2706 5266; x_wconf 67' lang='lat' dir='ltr'><strong>etatem</strong></span> <span class='ocrx_word' id='word_1_861' title='bbox 2733 5208 2947 5265; x_wconf 79' lang='lat' dir='ltr'><strong>ltthbat</strong></span> <span class='ocrx_word' id='word_1_862' title='bbox 2981 5210 3032 5262; x_wconf 91' lang='lat' dir='ltr'><strong>in</strong></span> <span class='ocrx_word' id='word_1_863' title='bbox 3058 5206 3315 5271; x_wconf 87' lang='lat' dir='ltr'><strong>tenebris,</strong></span> <span class='ocrx_word' id='word_1_864' title='bbox 3346 5203 3443 5260; x_wconf 90' lang='lat' dir='ltr'><strong>sed</strong></span> <span class='ocrx_word' id='word_1_865' title='bbox 3466 5217 3562 5274; x_wconf 89' lang='lat' dir='ltr'><strong>per</strong></span> 
     </span>
    </p>
   </div>
   <div class='ocr_carea' id='block_1_113' title="bbox 1962 5297 3562 5374">
    <p class='ocr_par' dir='ltr' id='par_1_113' title="bbox 1962 5297 3562 5374">
     <span class='ocr_line' id='line_1_114' title="bbox 1962 5297 3562 5374; baseline -0.008 -8"><span class='ocrx_word' id='word_1_866' title='bbox 1962 5311 2104 5367; x_wconf 86' lang='lat' dir='ltr'><strong>diem</strong></span> <span class='ocrx_word' id='word_1_867' title='bbox 2133 5305 2433 5374; x_wconf 78' lang='lat' dir='ltr'><strong>refulgebat</strong></span> <span class='ocrx_word' id='word_1_868' title='bbox 2462 5306 2513 5359; x_wconf 92' lang='lat' dir='ltr'><strong>in</strong></span> <span class='ocrx_word' id='word_1_869' title='bbox 2546 5303 2700 5370; x_wconf 88' lang='lat' dir='ltr'><strong>sole;</strong></span> <span class='ocrx_word' id='word_1_870' title='bbox 2731 5311 2786 5359; x_wconf 90' lang='lat' dir='ltr'><strong>et</strong></span> <span class='ocrx_word' id='word_1_871' title='bbox 2811 5303 2925 5358; x_wconf 88' lang='lat' dir='ltr'><strong>sole</strong></span> <span class='ocrx_word' id='word_1_872' title='bbox 2965 5310 3020 5357; x_wconf 90' lang='lat' dir='ltr'><strong>et</strong></span> <span class='ocrx_word' id='word_1_873' title='bbox 3040 5300 3129 5357; x_wconf 92' lang='lat' dir='ltr'><strong>die</strong></span> <span class='ocrx_word' id='word_1_874' title='bbox 3170 5300 3223 5355; x_wconf 92' lang='lat' dir='ltr'><strong>in</strong></span> <span class='ocrx_word' id='word_1_875' title='bbox 3271 5297 3562 5369; x_wconf 88' lang='lat' dir='ltr'><strong>splendore</strong></span> 
     </span>
    </p>
   </div>
   <div class='ocr_carea' id='block_1_114' title="bbox 1963 5393 3562 5478">
    <p class='ocr_par' dir='ltr' id='par_1_114' title="bbox 1963 5393 3562 5478">
     <span class='ocr_line' id='line_1_115' title="bbox 1963 5393 3562 5478; baseline -0.009 -14"><span class='ocrx_word' id='word_1_876' title='bbox 1963 5414 2246 5478; x_wconf 89' lang='lat' dir='ltr'><strong>superato;</strong></span> <span class='ocrx_word' id='word_1_877' title='bbox 2280 5418 2385 5460; x_wconf 92' lang='lat' dir='ltr'><strong>non</strong></span> <span class='ocrx_word' id='word_1_878' title='bbox 2414 5402 2567 5472; x_wconf 86' lang='lat' dir='ltr'><strong>quasi</strong></span> <span class='ocrx_word' id='word_1_879' title='bbox 2593 5415 2714 5473; x_wconf 80' lang='lat' dir='ltr'><strong>quae</strong></span> <span class='ocrx_word' id='word_1_880' title='bbox 2740 5398 2845 5455; x_wconf 82' lang='lat' dir='ltr'><strong>lixa</strong></span> <span class='ocrx_word' id='word_1_881' title='bbox 2867 5398 3085 5454; x_wconf 89' lang='lat' dir='ltr'><strong>essetin</strong></span> <span class='ocrx_word' id='word_1_882' title='bbox 3113 5395 3275 5463; x_wconf 76' lang='lat' dir='ltr'><strong>cmlo,</strong></span> <span class='ocrx_word' id='word_1_883' title='bbox 3302 5393 3400 5451; x_wconf 90' lang='lat' dir='ltr'><strong>sed</strong></span> <span class='ocrx_word' id='word_1_884' title='bbox 3421 5408 3562 5465; x_wconf 73' lang='lat' dir='ltr'><strong>prte-</strong></span> 
     </span>
    </p>
   </div>
   <div class='ocr_carea' id='block_1_115' title="bbox 1962 5485 3559 5569">
    <p class='ocr_par' dir='ltr' id='par_1_115' title="bbox 1962 5485 3559 5569">
     <span class='ocr_line' id='line_1_116' title="bbox 1962 5485 3559 5569; baseline -0.009 -12"><span class='ocrx_word' id='word_1_885' title='bbox 1962 5500 2164 5557; x_wconf 89' lang='lat' dir='ltr'><strong>cedens</strong></span> <span class='ocrx_word' id='word_1_886' title='bbox 2203 5496 2388 5569; x_wconf 86' lang='lat' dir='ltr'><strong>specie</strong></span> <span class='ocrx_word' id='word_1_887' title='bbox 2415 5495 2548 5552; x_wconf 89' lang='lat' dir='ltr'><strong>mira</strong></span> <span class='ocrx_word' id='word_1_888' title='bbox 2587 5495 2759 5567; x_wconf 89' lang='lat' dir='ltr'><strong>magis</strong></span> <span class='ocrx_word' id='word_1_889' title='bbox 2797 5492 2869 5550; x_wconf 89' lang='lat' dir='ltr'><strong>ad</strong></span> <span class='ocrx_word' id='word_1_890' title='bbox 2908 5490 3311 5564; x_wconf 88' lang='lat' dir='ltr'><strong>inquisitionem</strong></span> <span class='ocrx_word' id='word_1_891' title='bbox 3347 5485 3559 5543; x_wconf 79' lang='lat' dir='ltr'><strong>Domini</strong></span> 
     </span>
    </p>
   </div>
   <div class='ocr_carea' id='block_1_116' title="bbox 1962 5581 3560 5668">
    <p class='ocr_par' dir='ltr' id='par_1_116' title="bbox 1962 5581 3560 5668">
     <span class='ocr_line' id='line_1_117' title="bbox 1962 5581 3560 5668; baseline -0.009 -17"><span class='ocrx_word' id='word_1_892' title='bbox 1962 5592 2312 5668; x_wconf 87' lang='lat' dir='ltr'><strong>pergentibus</strong></span> <span class='ocrx_word' id='word_1_893' title='bbox 2335 5591 2478 5647; x_wconf 85' lang='lat' dir='ltr'><strong>viam</strong></span> <span class='ocrx_word' id='word_1_894' title='bbox 2515 5589 2572 5646; x_wconf 92' lang='lat' dir='ltr'><strong>in</strong></span> <span class='ocrx_word' id='word_1_895' title='bbox 2613 5587 2808 5647; x_wconf 87' lang='lat' dir='ltr'><strong>itinere</strong></span> <span class='ocrx_word' id='word_1_896' title='bbox 2853 5584 3280 5645; x_wconf 88' lang='lat' dir='ltr'><strong>demonstrabat.</strong></span> <span class='ocrx_word' id='word_1_897' title='bbox 3318 5581 3560 5655; x_wconf 88' lang='lat' dir='ltr'><strong>Denique</strong></span> 
     </span>
    </p>
   </div>
   <div class='ocr_carea' id='block_1_117' title="bbox 2036 5771 2453 5845">
    <p class='ocr_par' dir='ltr' id='par_1_117' title="bbox 2036 5771 2453 5845">
     <span class='ocr_line' id='line_1_118' title="bbox 2036 5771 2453 5845; baseline -0.012 -15"><span class='ocrx_word' id='word_1_898' title='bbox 2036 5771 2118 5845; x_wconf 82' lang='lat' dir='ltr'><strong>(l)</strong></span> <span class='ocrx_word' id='word_1_899' title='bbox 2145 5771 2317 5831; x_wconf 86' lang='lat' dir='ltr'><strong>Codd.</strong></span> <span class='ocrx_word' id='word_1_900' title='bbox 2342 5780 2453 5828; x_wconf 83' lang='lat' dir='ltr'><strong>aut.</strong></span> 
     </span>
    </p>
   </div>
  </div>
