4010 6306
505 218 644 275 1507

1355 212 1547 270 MAR“
1590 212 1933 271 VlCTOlilNl
1974 211 2134 271 ΛΡΜ
2176 211 2264 271 οε
2302 211 2613 271 PHYSICIS
2639 210 2863 271 LIBER.

3637 221 3734 275 ΙἍὸ

506 337 578 393 ibi
609 348 768 406 supra
797 331 1016 389 domum
1048 331 1312 395 constitit,
1348 329 1435 385 ubi
1468 346 1589 386 esse
1622 345 1780 400 quem
1811 331 2088 384 annuntia-
2124 331 2176 393 Α
2202 325 2273 380 d0
2322 327 2462 382 hunc
2500 328 2590 398 qni
2642 343 2766 384 reus
2797 342 2903 384 non
2944 336 3094 394 erat.
3122 337 3315 385 contra
3341 332 3635 389 sententiam
3672 354 3738 394 re-

505 428 621 495 bat,
670 424 927 483 ostendit.
972 424 1125 494 Quod
1167 426 1434 496 scriptura
1465 432 1727 479 teatatur:
1756 420 1902 487 Nato
1930 432 2101 483 autem

506 520 634 579 Iesu
674 520 731 577 in
773 517 1035 575 Bethleem
1058 515 1213 574 Iudae
1236 519 1291 572 in
1317 517 1494 572 diebus
1533 514 1758 575 Herodis
1779 516 1911 588 regis
1933 558 1949 579 ,
1990 532 2103 573 ecce

507 616 655 689 llsqi
682 624 926 673 uenerunt
953 614 1014 667 ab
1040 614 1235 668 oriente
1276 610 1600 669 Hierusalem
1627 610 1870 676 dicentes,
1902 612 1988 665 ubi
2029 620 2105 665 est

507 713 595 785 qui
620 720 770 768 natus
815 718 890 767 est
928 725 1023 765 res
1066 707 1410 765 Iudaeorum?
1447 706 1682 762 Vidimus
1727 707 1862 762 enim
1901 705 2104 762 stellam

506 811 619 883 ejus
641 805 709 859 ad
732 806 995 871 orientem,
1027 813 1074 857 et
1103 803 1333 859 vertimus
1360 802 1579 858 adorare
1604 818 1743 857 eum.
1773 801 1943 871 Quem
1976 817 2101 871 par-

514 902 699 957 vulum
729 899 865 969 Magi
893 913 1015 954 cum
1046 897 1311 953 vidissent
1336 897 1701 952 adoraverunt
1733 905 1790 951 ut
1814 911 2017 967 regem,
2047 903 2107 949 ut

510 993 811 1060 hominem,
840 1003 898 1047 ut
927 991 1127 1057 Deum;
1154 1001 1209 1048 et
1236 1006 1460 1046 munera
1486 990 1818 1054 obtulerunt,
1848 1005 1880 1045 e
1907 990 2106 1060 quibus

511 1084 824 1142 muneribus
851 1084 1010 1140 etiam
1045 1098 1302 1155 passurus
1327 1082 1761 1139 denuntiabatur.
1791 1080 1941 1137 Thus
1960 1081 2104 1138 enim

508 1180 822 1235 obtulerunt
853 1187 912 1233 ιιι
940 1178 1070 1244 Deo,
1091 1194 1283 1234 aurum
1311 1186 1368 1232 ut
1389 1178 1524 1248 regi,
1551 1176 1826 1248 myrrham
1854 1190 2102 1246 passuro.

509 1273 657 1330 Talis
687 1271 906 1328 infantia
933 1271 1108 1329 divina
1136 1272 1503 1344 cognoscitur,
1537 1270 1791 1337 nutritur,
1827 1281 1883 1327 et
1905 1270 2106 1329 educa-

504 1368 624 1423 tur!
675 1366 782 1424 Sed
821 1367 940 1423 sine
984 1368 1208 1423 ductore
1243 1368 1422 1422 munia
1469 1366 1670 1424 sciens.
1702 1369 1965 1424 Mirantur
2005 1368 2108 1424 hoc

505 1458 678 1516 Judtei
707 1474 830 1515 cum
876 1459 1121 1515 viderent
1152 1461 1358 1517 litteras
1389 1460 1647 1517 scientem
1675 1462 1793 1518 sine
1817 1461 2062 1517 doctrina
2088 1475 2104 1528 ;

509 1555 751 1612 dicentes
789 1575 802 1609 :
837 1558 1104 1625 Quomodo
1130 1557 1226 1611 iste
1254 1556 1447 1613 litteras
1476 1560 1604 1626 scit,
1633 1563 1723 1629 qui
1751 1576 1853 1614 non
1878 1560 2065 1614 dedicit
2083 1560 2109 1614 ι

508 1650 661 1718 Quod
690 1652 875 1717 sciret,
906 1651 1245 1719 confitentes;
1293 1663 1350 1708 ct
1376 1654 1515 1724 quod
1547 1669 1651 1710 non
1692 1655 1961 1720 didicerit,
1997 1669 2104 1709 non

2203 422 2357 476 niens
2404 436 2562 491 quam
2620 421 2700 491 (l)
2754 421 3002 487 tenebat,
3054 426 3321 479 amitteret
3346 424 3426 497 (2)
3450 436 3737 495 potestatein.

2202 515 2277 571 Ita
2307 516 2532 572 rationis
2559 514 2660 571 fuit
2685 515 2863 575 ofﬁcia
2891 516 3139 587 corporis
3177 532 3372 588 agere,
3419 528 3473 573 ut
3518 520 3618 590 ipse
3647 525 3742 592 qui.

2204 608 2328 664 dem
2354 608 2603 665 eamdem
2628 622 2751 667 esse
2777 622 2995 663 carnem
3022 609 3334 666 ostenderet
3357 652 3374 679 ,
3399 626 3553 682 quam
3590 628 3741 672 susce~

2206 711 2396 772 perat,
2438 717 2555 759 eam
2597 717 2720 773 qua
2762 712 2889 765 ante
2918 703 3169 761 damnata
3196 714 3317 761 est:
3355 704 3445 762 ille
3469 722 3588 764 vero
3604 712 3746 766 carnis

2205 796 2379 852 officia
2431 796 2695 865 videndo,
2746 814 2856 854 non
2902 798 3229 869 intelligeret
3266 799 3514 857 deitatem
3550 844 3565 868 ,
3614 807 3749 861 scsie

2206 901 2393 946 contra
2422 892 2747 947 sententiam
2780 891 2873 956 Dei
2902 893 3146 958 veniens,
3177 893 3427 963 perderet
3452 904 3747 964 potestatem;

2206 986 2328 1057 quia
2351 994 2606 1056 appetere
2628 1000 2796 1043 ausus
2821 994 2938 1051 est.
2976 1001 3135 1063 quem
3180 987 3299 1045 sine
3344 989 3564 1046 crimine
3604 993 3749 1061 pervi-

2206 1079 2385 1137 debat.

2278 1169 2471 1228 XXIV.
2513 1169 2625 1226 Hac
2652 1185 2783 1242 ergo
2806 1186 2968 1230 causa
2994 1171 3195 1230 factum
3215 1182 3339 1242 est,
3367 1174 3540 1234 ofﬁcia
3572 1178 3751 1250 quidem

2206 1265 2387 1321 carnis
2416 1263 2705 1321 ostendere
2727 1305 2742 1329 ,
2794 1281 2900 1322 non
2932 1274 3113 1323 tamen
3149 1266 3281 1337 ipsis
3308 1267 3498 1325 ofﬁciis
3524 1285 3637 1327 esse
3652 1272 3752 1327 sult-

2204 1357 2426 1429 jectutn.
2455 1356 2520 1414 Ut
2549 1373 2769 1415 carnem
2801 1373 2984 1415 veram
3016 1361 3306 1430 probaret,
3338 1365 3559 1429 esuriit;
3604 1380 3693 1419 ιιοιι
3712 1376 3757 1422 tu

2210 1451 2382 1506 victus
2404 1451 2608 1520 jejunio
2636 1451 3004 1509 manducaret.
3060 1454 3302 1526 Denique
3346 1472 3470 1514 cum
3502 1456 3565 1513 ad
3603 1459 3759 1527 proin-

2211 1544 2413 1603 tioncm
2446 1555 2647 1601 nostra)
2669 1547 2850 1603 carnis
2879 1547 3018 1603 ultra
3053 1549 3466 1618 possibilitatem
3496 1558 3680 1605 naturae
3702 1551 3759 1609 60

2209 1638 2417 1697 dierum
2445 1649 2501 1695 et
2528 1641 2765 1696 noetium
2796 1643 2971 1711 spatio
2995 1641 3294 1712 jejunasset
3316 1686 3332 1708 .
3391 1645 3648 1701 invenitur
3668 1648 3762 1718 qui:

508 1755 768 1816 negantes
793 1763 808 1799 :
838 1745 979 1802 unde
1009 1756 1185 1803 tamen
1221 1749 1323 1802 hoc
1345 1747 1582 1814 haberet,
1616 1763 1722 1805 non
1744 1747 2103 1819 comprehen-

2215 1730 2333 1788 dom
2361 1733 2601 1788 esurisse
2621 1775 2634 1797 ,
2671 1748 2777 1789 non
2801 1734 2962 1790 etiam
2992 1735 3346 1795 manducasse
3373 1754 3389 1803 ;
3436 1740 3507 1794 ita
3534 1739 3762 1809 scriptura

511 1838 724 1894 dentes.
765 1838 1076 1895 Iudmorum
1111 1840 1426 1897 doctoribus
1469 1856 1592 1897 cum
1638 1842 1894 1913 loquitur,
1918 1842 2109 1897 doctor

510 1932 795 1989 doctorum
843 1934 1134 1989 invenitur.
1182 1934 1286 2004 Qui
1330 1950 1451 1991 cum
1492 1937 1669 1992 adhuc
1706 1937 1963 2007 parvulus
1994 1937 2110 1994 fere

510 2043 776 2083 annorum
820 2028 917 2084 XII
956 2030 1172 2085 sederet
1216 2033 1266 2086 in
1311 2032 1488 2088 medio
1532 2033 1938 2105 magistrorum,
1974 2035 2108 2089 dor-

512 2122 711 2176 trinam
757 2122 874 2193 ejus
923 2138 1045 2178 cum
1086 2132 1308 2194 stupore
1347 2125 1684 2181 mirabantur
1723 2125 1997 2183 doctores.
2032 2126 2108 2183 lta

509 2213 654 2267 enim
687 2213 962 2286 Scriptura
995 2215 1162 2271 dicit:
1193 2216 1260 2272 Et
1298 2233 1494 2281 omnes,
1535 2220 1623 2290 qui
1660 2220 1938 2274 audiebant
1974 2237 2106 2289 eum,

509 2306 897 2363 admirabantur
917 2308 1241 2379 prudentiam
1274 2313 1386 2384 ejus
1406 2320 1452 2366 et
1482 2328 1749 2381 responsa.
1784 2313 1909 2368 Hmo
1938 2318 2113 2385 scrip-

514 2398 651 2454 turis
675 2400 993 2469 probautur,
1023 2401 1261 2474 physicis
1290 2419 1418 2458 vero
1450 2405 1750 2461 rationibus
1776 2406 2007 2477 amplius
2029 2409 2112 2463 in-

509 2492 725 2547 venitur
752 2510 765 2546 :
798 2494 937 2549 Deus
967 2497 1111 2550 enim
1143 2497 1196 2550 in
1225 2496 1444 2553 homine
1474 2507 1635 2554 natus
1655 2541 1671 2565 ,
1717 2499 1844 2555 talia
1877 2500 2108 2573 insignia

509 2583 746 2641 infantiae
774 2601 888 2643 sum
914 2586 1098 2645 debuit
1119 2588 1511 2647 demonstrare.

585 2678 775 2736 XXIII.
817 2683 884 2736 At
921 2697 1051 2738 vero
1080 2698 1297 2738 causam
1324 2683 1587 2742 adventus
1613 2686 1730 2758 ejus
1755 2687 1800 2744 si
1841 2688 2110 2759 requiras,

514 2771 789 2829 hominem
818 2774 1010 2830 iterum
1035 2790 1303 2847 apparere
1332 2777 1638 2849 oportebat.
1685 2779 1881 2836 Latere
1926 2780 2112 2837 debuit

515 2874 660 2922 tanta
682 2866 940 2923 divinitas
970 2882 1077 2923 non
1106 2884 1201 2925 eos
1232 2870 1321 2939 qtti
1352 2870 1647 2927 credebant
1669 2871 1751 2945 (Ι)
1775 2914 1789 2937 ,
1821 2873 1917 2928 sed
1963 2875 2111 2945 prin-

514 2962 690 3031 cipem
720 2962 941 3032 mundi,
969 2962 1023 3017 iu
1047 2965 1204 3033 cujus
1233 2967 1642 3035 oppressionem
1680 2966 1763 3040 (ε)
1813 2968 2115 3026 descendo-

517 3066 637 3124 rat,
688 3056 786 3112 sed
835 3067 1037 3113 nostra:
1077 3074 1238 3114 causa
1267 3058 1626 3116 liberatiouis.
1653 3061 1701 3116 Is
1732 3063 1876 3119 enim
1909 3078 2013 3118 non
2045 3078 2113 3121 ea

2212 1824 2422 1880 dicente
2448 1844 2460 1878 :
2488 1825 2561 1881 Et.
2583 1829 2946 1883 consummatis
2974 1828 3043 1885 l0
3071 1829 3250 1886 diebus
3304 1840 3352 1886 et
3404 1830 3479 1886 40
3533 1834 3760 1901 noctibus,

2212 1926 2384 1987 postea
2432 1918 2658 1973 csurivit.
2706 1918 2822 1975 Non
2896 1931 3072 1977 tamen
3135 1922 3513 1989 manducavit;
3583 1926 3765 1981 eautivit

2211 2021 2411 2067 autem.
2445 2012 2600 2079 Quod
2639 2014 2709 2068 ob
2731 2012 2811 2087 (5)
2861 2013 3001 2071 banc
3041 2031 3259 2073 causam
3295 2018 3579 2075 manifesto
3603 2019 3763 2075 factum

2212 2112 2296 2162 est
2317 2146 2333 2173 ,
2363 2116 2420 2162 ttt
2448 2109 2570 2178 quia
2592 2108 2660 2167 40
2685 2108 2898 2177 diebus,
2922 2110 3117 2181 quibus
3143 2113 3415 2169 continuis
3439 2114 3490 2168 in
3513 2131 3679 2169 eremo
3694 2115 3767 2170 ad~

2212 2214 2426 2255 versum
2478 2201 2759 2259 Dominum
2819 2204 3207 2261 testationibus
3261 2207 3374 2263 suis
3421 2206 3657 2263 diabolus
3689 2225 3766 2279 pro

2211 2308 2382 2363 gnans
2411 2304 2695 2365 superatus
2725 2293 2934 2363 fuerat,
2967 2313 3073 2352 non
3099 2307 3245 2354 esset
3267 2299 3377 2371 (1i);
3413 2310 3471 2356 et
3498 2312 3555 2358 ut
3578 2317 3668 2364 ne.
3695 2304 3763 2363 in-

2216 2385 2516 2456 tellegendo
2547 2388 2712 2444 Deum
2740 2432 2754 2455 ,
2777 2388 3103 2462 dilfugeret;
3134 2407 3200 2447 ne
3225 2392 3464 2462 perirent
3489 2405 3591 2450 tam
3618 2411 3771 2452 ncces-

2213 2473 2352 2529 saria
2382 2471 2640 2530 beneﬁcia
2673 2475 2937 2546 passionis
2988 2492 3102 2535 sua:
3130 2519 3146 2545 ,
3189 2480 3439 2538 csurivit.
3484 2482 3644 2550 Quem
3670 2498 3765 2537 mox

2215 2566 2486 2625 inﬁrmum
2514 2578 2739 2639 putans,
2776 2572 2969 2629 iterum
2999 2583 3056 2629 ut
3082 2573 3356 2631 hominem
3377 2591 3658 2649 aggressus
3682 2586 3765 2644 est,

2215 2662 2446 2725 dicendo
2471 2666 2558 2733 ei,
2588 2676 2648 2723 ut
2668 2667 2751 2723 vel
2783 2677 3003 2739 propter
3026 2669 3402 2726 necessitatem
3448 2673 3530 2727 sui
3569 2673 3770 2743 corporis

2219 2757 2423 2839 lapides
2467 2758 2519 2814 in
2572 2775 2738 2829 panes
2792 2772 3133 2819 cauverteret
3167 2781 3182 2819 :
3214 2765 3418 2835 quique
3447 2765 3531 2840 (5)
3561 2766 3768 2823 ttocfecit

2216 2835 2317 2907 nec
2344 2852 2707 2910 manducavit.
2739 2853 2814 2908 Ita
2846 2857 3072 2911 csurivit
3096 2857 3168 2913 ob
3196 2835 3587 2926 cattsatusn'on
3627 2871 3770 2916 tamen

2216 2945 2488 3014 subjectus
2514 2958 2597 3002 est
2623 2963 2822 3027 cause.
2856 2949 2924 3005 Et
2953 2967 3058 3006 non
3093 2961 3299 3008 tantum
3328 2955 3385 3008 in
3417 2958 3519 3012 hoc
3539 2957 3669 3023 loco,
3693 2956 3767 3012 sed

2218 3040 2379 3099 etiam
2403 3041 2686 3111 discipula
2713 3042 3068 3100 olierentibus
3097 3047 3358 3102 esurienti
3388 3063 3587 3118 panes,
3628 3066 3684 3103 ac
3707 3050 3770 3102 tli-

517 3152 835 3207 auctoritate
858 3166 953 3207 sua
974 3195 988 3221 ,
1016 3153 1111 3208 sed
1141 3169 1206 3209 es
1239 3157 1506 3211 sententia
1533 3157 1801 3213 dominica
1855 3159 2106 3225 tenebat,

2216 3134 2481 3198 sentibus.
2510 3133 2663 3201 ltabi,
2705 3136 2995 3202 manduca;
3029 3140 3309 3209 respondit
3338 3157 3350 3193 :
3388 3140 3500 3214 Ego
3527 3144 3681 3197 cibum
3700 3143 3772 3196 Ιιιι-

517 3242 639 3314 quia
666 3245 902 3313 jnsserat
933 3255 1298 3316 peccatorem,
1330 3249 1421 3319 qui
1472 3264 1577 3304 non
1615 3251 1903 3321 ptenltult,
1950 3254 2108 3306 mori.

519 3340 592 3393 At
616 3353 745 3394 vero
773 3338 1120 3407 pmnitentetn
1153 3341 1383 3397 liberare
1411 3343 1593 3398 debuit
1620 3345 1950 3400 misericors.
2002 3345 2113 3401 Hoc

516 3431 725 3503 justitia
750 3473 765 3500 ,
801 3433 902 3488 hoc
931 3433 1257 3503 possibilitas
1287 3435 1470 3490 divina
1500 3439 1787 3508 poscebat,
1820 3446 1878 3493 ut
1921 3438 2015 3509 qui
2046 3454 2115 3494 ex

522 3525 790 3581 sententia
824 3526 1039 3582 torrebat
1060 3543 1242 3596 reum,
1276 3530 1322 3584 si
1350 3545 1456 3585 non
1489 3547 1640 3587 reum
1671 3543 1925 3602 caperet,
1980 3548 2117 3603 prae-

526 3619 791 3675 tercundo
817 3622 1136 3676 sententiam
1162 3664 1179 3690 ,
1244 3623 1521 3681 amitteret
1556 3634 1898 3695 potestatem.
1947 3626 2118 3681 Nemo

523 3721 702 3768 autem
733 3728 839 3769 non
868 3729 992 3769 reus
1013 3756 1028 3780 ,
1061 3730 1184 3770 cum
1212 3727 1262 3772 et
1296 3716 1507 3788 origine
1532 3729 1590 3775 et
1635 3719 1852 3774 natione
1891 3719 2000 3773 sint
2049 3734 2117 3775 ex

524 3805 865 3861 mortalibus.
895 3809 962 3862 Αι
995 3808 1038 3862 is
1058 3810 1148 3879 qui
1181 3818 1338 3864 natus
1365 3819 1483 3878 est,
1516 3812 1629 3881 ipse
1654 3810 1869 3867 dedisse
1898 3821 2118 3867 senten-

525 3901 651 3955 tiant
684 3901 943 3971 probatus
963 3912 1080 3970 est;
1114 3918 1219 3974 qua
1246 3906 1511 3960 sententia
1556 3906 1671 3976 ipse
1715 3920 1840 3961 reus
1879 3921 1984 3961 non
2038 3913 2121 3962 te-

527 4001 685 4048 netur
707 4035 722 4062 ,
755 3994 844 4066 qui
872 4009 994 4051 cum
1023 3999 1322 4069 susceperit
1349 4013 1601 4065 carnem,
1631 4000 1749 4057 sine
1788 4009 2009 4073 peccato
2040 4002 2121 4057 in-

527 4094 609 4142 ter
662 4087 909 4145 homines
954 4102 1305 4148 conversatus
1352 4101 1455 4149 est.
1511 4094 1663 4151 Sicut
1709 4096 1967 4166 scriptum
1995 4104 2117 4151 est:

474 4205 485 4217 η
529 4178 630 4235 Hic
661 4179 803 4236 Deus
831 4193 1004 4237 noster
1023 4225 1037 4249 ,
1064 4194 1110 4239 et
1139 4199 1240 4240 non
1282 4186 1610 4256 deputabitur
1649 4188 1788 4242 alius
1817 4188 2008 4259 absque
2038 4203 2119 4244 eo.

528 4275 732 4333 Invenit
758 4293 958 4334 omnem
987 4279 1120 4333 viam
1151 4279 1474 4350 prudentiae,
1520 4291 1568 4336 et
1623 4280 1763 4336 dedit
1806 4297 1921 4336 eam
1961 4280 2124 4337 Iacob

532 4386 690 4441 puero
719 4388 835 4430 suo.
871 4373 998 4428 Post
1027 4374 1134 4429 haec
1162 4375 1215 4429 in
1244 4376 1395 4430 terris
1425 4375 1562 4431 visus
1592 4385 1663 4431 est
1688 4419 1704 4445 ,
1738 4387 1785 4432 et
1813 4393 1928 4432 cum
1959 4378 2124 4432 homi-

531 4466 680 4521 nibus
702 4480 1025 4527 conversatus
1053 4480 1127 4527 est
1157 4469 1261 4543 (5).
1295 4470 1393 4526 llic
1421 4481 1523 4540 est,
1549 4472 1639 4543 qnl
1668 4482 2017 4529 conversatus
2042 4483 2126 4530 est

533 4566 652 4621 sine
679 4576 936 4636 peccato,
966 4576 1024 4621 ιιι
1053 4566 1245 4621 iterum
1292 4566 1552 4637 scriptum
1598 4575 1714 4621 est:
1747 4566 1847 4633 Qui
1864 4577 2127 4637 peccatum

535 4672 640 4713 non
670 4658 821 4728 fecit,
856 4675 945 4713 nec
976 4658 1123 4714 dolus
1153 4659 1388 4714 inventus
1418 4666 1492 4713 est
1516 4659 1569 4714 in
1597 4674 1685 4713 ore
1712 4660 1822 4730 ejus
1851 4659 1952 4731 (4).
1980 4658 2128 4716 Hanc

537 4766 755 4808 carnem
802 4753 917 4808 sine
966 4763 1184 4824 peccato
1236 4754 1525 4825 produxit:
1565 4768 1726 4826 quam
1759 4753 1946 4810 mundi
1968 4753 2127 4825 hujus

539 4847 788 4919 princeps
816 4848 1190 4906 adversantem
1243 4850 1345 4906 sibi
1395 4849 1727 4922 praevidens,
1789 4865 1963 4922 neque
2015 4850 2127 4908 suis

538 4941 901 4998 voluntatibus
925 4940 1230 4998 inclinatam
1248 4984 1264 5011 ,
1291 4943 1565 5000 hominem
1596 4952 1799 5000 tantum
1827 4946 2125 5014 testim-aus,

536 5036 794 5093 invadere
838 5048 1003 5092 ausus
1052 5045 1137 5092 est
1186 5041 1606 5108 permittentem.
1657 5038 1906 5096 Permisit
1947 5053 2127 5098 autem

539 5132 798 5189 Dominus
822 5175 838 5200 ,
870 5140 929 5187 ut
952 5130 1067 5203 ipse
1093 5132 1195 5188 sibi
1225 5135 1477 5206 princeps
1497 5150 1658 5191 causa
1695 5135 1765 5192 sit
1812 5136 2127 5204 amittendi;

539 5226 630 5299 qni
658 5243 779 5284 cum
807 5242 931 5284 reos
962 5241 1030 5283 ex
1053 5229 1320 5286 sententia
1351 5226 1452 5283 sibi
1486 5226 1837 5300 vindicasset,
1860 5245 2131 5303 usurpan-

631 5409 683 5482 i)
722 5409 893 5471 Codd.
917 5415 1147 5470 credant.

631 5484 689 5558 3)
728 5485 896 5541 Codd.
919 5488 1266 5558 oppressione.

613 5557 695 5629 (5)
720 5558 967 5630 _l_iarnch.
1001 5571 1082 5626 ut,
1116 5560 1207 5617 56.
1236 5574 1356 5630 seq.
1408 5557 1477 5615 Et
1525 5563 1776 5617 notemus
1818 5557 2130 5630 antiquissis

543 5626 688 5704 mani
719 5626 976 5704 Victorini
1007 5634 1174 5688 nostri
1212 5626 1590 5689 auctoritatem
1628 5644 1726 5704 pro
1753 5629 1931 5686 divina
1952 5626 2131 5686 ‘Baru-

537 5701 623 5756 clti
653 5700 955 5771 prophetia.
1630 5700 1641 5725 τ

611 5773 693 5846 (4)
732 5771 776 5827 1.
808 5771 952 5829 Petr.
984 5791 1044 5842 tt,
1075 5775 1165 5832 22.

2218 3228 2308 3283 beo
2354 3230 2668 3285 manducare
2710 3245 2859 3295 quem
2898 3246 2986 3284 eos
3036 3233 3260 3290 nescitis.
3314 3233 3467 3289 Heus
3495 3237 3774 3291 cibusestst

2218 3324 2407 3395 faciam
2434 3323 2741 3379 voluntatem
2782 3325 2893 3396 ejus
2944 3326 3032 3396 qui
3084 3344 3164 3381 me
3209 3328 3350 3382 misit
3374 3371 3391 3397 ,
3452 3338 3507 3385 ut
3551 3330 3773 3401 perﬁcient

2218 3433 2346 3489 apus
2368 3418 2500 3490 ejus.

2292 3509 2457 3567 XXV.
2503 3510 2719 3578 Sitivit,
2749 3521 2806 3567 ut
2835 3527 2933 3583 per
2958 3513 3103 3568 sitim
3138 3523 3389 3571 naturam
3416 3517 3654 3588 corporis
3697 3514 3772 3570 de-

2220 3613 2580 3669 monstraret;
2606 3619 2716 3659 non
2760 3607 2903 3675 quod
2955 3607 3160 3677 poculis
3208 3608 3509 3679 indigeret.
3538 3625 3651 3665 cum
3687 3609 3776 3680 ipso

2220 3698 2289 3757 sit
2318 3697 2438 3753 fons
2491 3713 2645 3769 aqua!
2677 3699 2831 3755 viva).
2887 3699 3125 3771 Denique
3150 3702 3546 3759 Samaritanam
3570 3747 3585 3772 ,
3615 3704 3689 3758 ubi
3721 3702 3776 3756 si.

2223 3793 2352 3849 tisse
2374 3794 2643 3848 invenitur
2666 3832 2682 3859 ,
2709 3808 2831 3848 cum
2861 3808 3054 3864 aquam
3085 3796 3412 3865 postulasset
3441 3839 3457 3864 ,
3519 3808 3668 3868 atque
3708 3795 3776 3850 illa

2216 3886 2456 3958 judmum
2536 3886 2814 3941 aestimans
2860 3905 2966 3943 non
3030 3889 3305 3958 dedisset,
3360 3891 3560 3947 obtulit
3606 3888 3777 3947 mulieri

2223 3996 2414 4052 aquam
2449 3996 2544 4050 per
2571 3996 2732 4051 quam
2754 3981 2898 4036 sitim
2928 3992 3187 4053 perpetuo
3216 3985 3446 4042 satiaret
3472 4029 3487 4053 ,
3516 3987 3646 4041 sicut
3672 3982 3777 4037 scri-

2224 4085 2371 4146 ptum
2396 4081 2516 4129 est:
2562 4072 2718 4131 Iesus
2766 4076 2971 4131 sedebat
3021 4093 3177 4147 super
3202 4087 3455 4148 puteum;
3486 4090 3532 4135 et
3562 4081 3649 4153 fuit
3675 4082 3773 4133 liora

2222 4169 2369 4240 quasi
2396 4178 2540 4224 sexta
2563 4186 2582 4236 ;
2610 4178 2657 4223 et
2681 4171 2815 4225 venit
2842 4171 3079 4241 quoidam
3109 4173 3295 4228 mulier
3330 4173 3657 4231 Samaritana
3678 4174 3778 4225 bau-

2223 4264 2327 4319 rire
2351 4281 2556 4337 aquaiu.
2592 4264 2661 4319 Et
2679 4264 2834 4320 Iesus
2854 4266 3098 4333 sedebat;
3128 4276 3175 4321 ct
3202 4266 3356 4322 Iesus
3382 4269 3519 4325 dixit
3564 4269 3627 4324 ad
3658 4280 3778 4323 ests:

2225 4355 2309 4412 Da
2337 4358 2465 4413 milii
2491 4358 2674 4413 bibere.
2713 4358 2954 4414 Abierant
2982 4360 3118 4415 enim
3145 4360 3392 4433 discipuli
3418 4364 3534 4429 eius
3560 4363 3611 4416 in
3639 4361 3780 4415 eicite-

2227 4464 2325 4507 tem
2346 4462 2405 4508 ut
2431 4461 2653 4508 merent
2682 4470 2841 4508 escas.
2879 4454 3070 4510 Mulier
3098 4465 3270 4513 tamen
3322 4459 3589 4529 respondit
3625 4457 3684 4512 ad
3711 4452 3781 4507 Ir-

2152 4546 2203 4608 D
2228 4564 2341 4603 sum
2358 4588 2373 4614 ,
2403 4549 2577 4603 dicens
2596 4564 2615 4603 :
2642 4546 2720 4603 Tu
2743 4589 2758 4614 ,
2788 4563 2905 4603 cum
2932 4548 3004 4604 sis
3038 4549 3252 4622 judatus
3275 4591 3289 4616 ,
3334 4551 3591 4620 quomodo
3634 4549 3738 4620 petit
3756 4562 3781 4598 ιι

2229 4658 2309 4699 me
2335 4641 2501 4697 bibere
2518 4683 2531 4705 ,
2565 4657 2683 4695 cum
2709 4642 2806 4695 sim
2832 4641 3014 4695 mulier
3038 4642 3357 4696 samaritana
3378 4643 3405 4696 ἓ
3453 4640 3524 4696 Et
3546 4641 3683 4696 Iesus
3715 4654 3775 4691 re-

2229 4739 2435 4813 spondit
2463 4739 2542 4794 illi
2565 4755 2584 4794 :
2613 4740 2656 4794 si
2682 4740 2837 4794 scires
2865 4739 3055 4795 donum
3097 4739 3222 4807 Dei,
3278 4748 3327 4794 et
3373 4742 3492 4812 quis
3520 4750 3591 4795 est
3617 4739 3691 4809 qui
3715 4734 3781 4790 tibi

2232 4834 2362 4890 dixit
2383 4851 2402 4888 :
2428 4835 2496 4889 da
2520 4835 2645 4889 mihi
2665 4834 2869 4899 bibere;
2897 4843 2953 4889 tu
2982 4835 3143 4908 magis
3175 4834 3403 4904 petiisses
3424 4852 3564 4902 eum,
3583 4846 3627 4890 et
3647 4829 3778 4887 dedis-

2230 4936 2303 4982 set
2334 4928 2424 4982 tibi
2452 4944 2638 4999 aquam
2665 4929 2850 4983 vivam.
2882 4926 2951 4982 Et
2982 4928 3112 4983 dixit
3158 4929 3238 4983 illi
3284 4930 3472 4984 mulier
3495 4947 3515 4985 :
3560 4928 3773 4991 Domine,

2232 5038 2394 5095 neque
2420 5039 2631 5079 urceum
2661 5023 2849 5091 habes,
2881 5032 2928 5077 et
2954 5031 3138 5094 puteus
3181 5023 3319 5079 altus
3340 5033 3449 5090 est;
3504 5025 3632 5079 unde
3666 5020 3782 5076 habet

2232 5135 2422 5191 aquam
2448 5119 2612 5174 vivam
2638 5119 2764 5174 mihi
2793 5119 2956 5174 dare?
2989 5116 3072 5173 Ne
3110 5127 3164 5172 tu
3191 5123 3360 5193 major
3383 5121 3459 5174 sis
3488 5131 3628 5193 patre
3648 5126 3781 5172 nostra

2232 5210 2395 5267 Iacob
2417 5254 2432 5280 ,
2460 5212 2701 5280 quoniam
2725 5213 2836 5282 ipse
2856 5212 2997 5268 dedit
3017 5211 3161 5269 nobis
3204 5222 3413 5283 puteum
3453 5215 3519 5268 de
3561 5229 3650 5285 quo
3676 5210 3779 5265 bibet

2236 5322 2355 5361 cum
2384 5306 2507 5373 ﬁliis
2534 5306 2641 5361 suis
2670 5314 2717 5361 et
2742 5321 2862 5361 cum
2880 5306 3145 5377 pecoribus
3172 5306 3299 5361 suis.
3341 5307 3411 5362 Et
3436 5305 3591 5363 Iesus
3610 5318 3780 5375 respon-

2432 5477 2602 5533 Codd.
2631 5494 2722 5550 per
2741 5493 2913 5548 quam.

2310 5482 2365 5550 (l
2432 5480 2602 5533 Codd.
2631 5494 2722 5550 per
2741 5493 2913 5548 quam.

2310 5480 2392 5625 (ﬂ)
2627 5550 2937 5625 admitteret.

2333 5620 2391 5697 5)
2433 5620 2605 5697 ςοάά-
2635 5622 2723 5697 44-

2333 5628 2391 5697 5)
2433 5628 2605 5678 Codd.
2635 5628 2723 5676 ad.

2309 5628 2396 5766 i4)
2433 5694 2489 5749 Id
2512 5703 2595 5751 est
2620 5693 2788 5749 cibum
2808 5711 2915 5768 non
2936 5696 3184 5768 coepisset.

2315 5769 2395 5843 (5)
2437 5768 2649 5827 Mallem
2677 5770 2765 5840 qui
2793 5767 3019 5840 quidem.
