4010 6306
308 245 450 299 1509

1029 239 1302 296 ΝΟΤΙΤΙΑ
1337 239 1699 296 lllSTUlilCA
1743 239 1830 295 DE
1869 237 2024 295 OSIO
2065 239 2396 295 EPISCOPO
2425 238 2878 295 (IORDUIlENSl.

3466 240 3605 295 ιπιθ

309 362 387 417 dit
436 358 505 413 ad
534 358 680 415 illam
708 374 724 412 :
779 357 962 411 Omnis
1003 358 1092 427 qui
1119 374 1181 411 ex
1227 373 1359 426 aqua
1400 356 1498 410 ista
1526 355 1704 410 biberit
1727 398 1742 421 ,
1775 355 1910 410 sitiet
1939 358 1993 419 Α
2019 355 2161 412 Dixit
2181 365 2229 410 et
2256 357 2390 410 stetit
2412 356 2626 427 spiritus
2644 356 2907 428 potestatis
2935 398 2948 421 ,
2971 364 3021 411 et
3048 355 3259 411 excitati
3281 365 3401 410 sunt
3422 358 3608 427 ﬂut‘tns

308 456 496 509 iterum
517 468 537 507 :
574 452 662 523 qui
713 464 883 506 autem
933 450 1112 505 biberit
1142 467 1205 506 ea:
1231 467 1366 521 aqua
1387 491 1403 515 ,
1424 452 1582 519 quem
1607 464 1699 521 ego
1722 448 1908 503 dedero

309 546 389 601 illi
414 589 429 610 ,
460 561 563 601 non
585 544 721 599 sitiet
750 544 805 598 in
834 554 1123 611 tetanum;
1150 547 1241 598 sed
1278 544 1377 597 erit
1399 545 1515 615 fons
1548 558 1696 615 equm
1717 542 1909 596 salien-

310 642 375 696 tis
404 640 458 695 in
486 640 642 694 vitam
668 648 930 695 internum.
966 637 1110 708 Ergo
1136 653 1246 692 non
1272 637 1487 692 sitierat
1508 636 1754 705 accipere
1774 676 1789 701 ,
1813 634 1911 691 sed

311 731 445 789 dare
471 775 485 797 ,
514 732 606 803 qui
630 730 866 787 divinam
898 728 977 803 (l)
1030 729 1393 801 promittendo
1423 728 1593 785 dedit.
1626 728 1703 784 lta
1727 737 1785 783 ut
1821 744 1907 783 re-

312 824 439 881 licta
471 823 661 897 hydria
687 838 781 877 sua
808 823 1039 889 mulier,
1082 823 1248 879 oblita
1298 823 1419 877 sitis
1451 821 1647 877 veteris
1670 863 1685 885 ,
1720 821 1910 878 Sama-

310 918 407 974 riae
434 918 647 974 caeteris
677 917 1034 974 Samaritanis
1058 915 1348 971 adventum
1376 914 1542 985 ipsius
1570 913 1908 987 prrdicarct.

311 1013 429 1069 Hoc
456 1014 674 1069 sitiebat
704 1012 965 1068 Dominus
1002 1011 1202 1067 docere
1238 1010 1555 1071 mulierem.
1610 1023 1771 1079 quam
1802 1008 1911 1079 jam

309 1108 515 1166 sciebat
537 1122 658 1163 esse
682 1118 957 1177 paratam:
991 1121 1098 1161 non
1126 1120 1322 1175 aquam
1356 1114 1627 1160 terrenam
1679 1109 1869 1172 petens
1893 1141 1911 1166 ,

307 1200 411 1260 sed
440 1216 505 1257 es
530 1200 792 1270 petitione
816 1199 953 1255 dans
979 1214 1173 1270 aquam
1204 1198 1383 1252 vivam
1405 1238 1419 1263 ,
1450 1211 1573 1267 qua:
1597 1194 1801 1251 fontem
1832 1194 1914 1251 le-

309 1295 385 1352 cit
408 1294 692 1350 salientem
724 1294 778 1348 in
803 1293 969 1348 vitam
993 1300 1280 1347 aeternam.

384 1386 577 1444 XXVI.
621 1386 802 1444 Sitivit
828 1387 1023 1442 iterum
1052 1386 1105 1441 in
1126 1398 1290 1440 cruce
1317 1382 1479 1439 Jcsns
1497 1422 1514 1448 ,
1564 1389 1621 1438 et
1640 1380 1911 1437 exclama.

311 1480 431 1537 vit:
460 1478 617 1536 Sitio.
651 1476 758 1534 Sed
788 1492 951 1534 causa
981 1476 1101 1533 sitis
1130 1476 1249 1547 ejus
1288 1474 1407 1531 hinc
1448 1473 1571 1533 l‘uit.
1618 1472 1915 1530 Cruciiixe-

312 1583 436 1628 rant
466 1588 587 1627 eum
613 1612 628 1639 ,
664 1586 765 1629 nec
792 1579 974 1627 tamen
1000 1571 1077 1629 sic
1107 1579 1259 1627 erant
1288 1570 1504 1626 satiati:
1537 1567 1718 1623 adhuc
1744 1566 1912 1622 liabe-

313 1664 444 1723 bant
470 1678 696 1735 peccare
721 1681 734 1718 :
758 1673 811 1720 et
836 1678 958 1719 cum
988 1663 1040 1718 in
1066 1677 1220 1732 paena
1245 1662 1433 1729 positis
1450 1662 1613 1718 etiam
1638 1660 1794 1717 malis
1814 1659 1915 1715 ito-

2012 453 2145 524 ejus.
2176 449 2329 519 Quod
2358 460 2537 504 autem
2570 451 2614 505 is
2639 449 3097 519 dispensationem
3123 467 3339 505 omnem
3368 493 3382 516 ,
3416 453 3487 506 ita
3517 468 3610 521 ge.

2014 543 2213 608 rcndo,
2242 545 2597 615 compleverit
2626 560 2722 615 per
2750 555 2974 599 mortem
2995 588 3008 610 ,
3049 559 3481 616 ascensum-quc
3521 563 3609 601 es-

2012 647 2097 693 set
2129 638 2194 692 ad
2221 639 2424 704 eteius,
2458 637 2603 695 illico
2657 637 2734 709 (i)
2789 637 3064 708 subjunxit
3111 638 3299 692 dicens
3327 655 3339 691 :
3366 638 3607 692 Ascendit

2012 747 2175 800 usque
2199 730 2269 786 ad
2288 730 2440 786 calor
2459 772 2474 798 ,
2511 739 2558 784 et
2597 730 2861 785 descendit
2886 747 3044 802 usque
3070 732 3141 784 ad
3164 730 3395 802 abyssoa.

2090 823 2300 880 XXVII.
2343 822 2411 879 Et
2442 823 2544 879 hoc
2571 831 2750 879 tamen
2781 824 2904 879 licet
2924 838 2951 875 a
2981 824 3163 878 divine
3193 823 3379 894 spiritu
3405 822 3606 880 dictum

2013 918 2343 975 credendum
2372 927 2488 985 est;
2518 927 2697 973 tamen
2725 958 2739 983 ,
2770 927 2830 972 ut
2854 925 3051 973 ctetera
3077 959 3092 983 ,
3122 919 3284 973 etiam
3316 917 3419 973 hoc
3466 918 3608 991 pity-

2015 1011 2141 1067 sicis
2170 1010 2467 1067 rationibus
2494 1010 2678 1082 paucis
2712 1010 3135 1082 comprobemus
3179 1010 3280 1084 (2).
3324 1011 3609 1067 Liberatus

2014 1123 2042 1162 ιι
2074 1116 2249 1162 morte
2277 1106 2532 1175 passione
2556 1105 2825 1161 dominica
2851 1121 2950 1161 nos
2973 1106 3166 1160 iterum
3198 1105 3264 1160 ad
3291 1104 3609 1161 immortali-

2017 1202 2142 1255 tatis
2170 1210 2370 1256 statum
2399 1199 2687 1269 perduxit;
2712 1215 2775 1255 ac
2801 1214 2899 1255 nos
2932 1201 3079 1270 prius
3108 1202 3315 1255 cmlesti
3347 1201 3605 1270 impares,

2017 1309 2158 1351 nunc
2185 1293 2499 1350 cmiestihns
2530 1294 2776 1348 sociavit.
2811 1293 3137 1361 Quibusdam
3167 1302 3345 1348 tamen
3376 1293 3476 1349 hoc
3522 1295 3603 1349 vi-

2014 1389 2171 1444 detur
2197 1387 2454 1458 injustum
2478 1402 2495 1454 ;
2521 1402 2627 1441 non
2655 1387 2779 1458 quia
2806 1400 2910 1440 non
2939 1395 3117 1456 potest
3144 1386 3317 1452 Deus,
3348 1387 3444 1441 sed
3485 1388 3607 1457 quia

2012 1481 2233 1554 justitite
2258 1496 2369 1535 suae
2401 1495 2506 1537 non
2530 1478 2825 1535 convenire
2846 1479 3094 1535 videatur
3118 1521 3133 1545 ,
3163 1495 3284 1535 cum
3317 1481 3600 1551 prompta-

2017 1584 2156 1629 stum
2184 1575 2340 1644 culpa
2372 1572 2548 1629 adhuc
2575 1588 2808 1628 vacuum
2836 1583 2892 1627 et
2922 1588 2950 1626 ιι
2979 1572 3208 1628 crimine
3237 1573 3498 1639 alienum,
3525 1589 3611 1643 pa-

2018 1667 2182 1723 radisi
2232 1676 2439 1721 tantum
2491 1666 2771 1722 dominum
2826 1665 3206 1734 praestitisset,
3264 1664 3370 1721 hoc
3407 1663 3608 1721 donum

313 1758 551 1817 minibus
576 1756 881 1815 communis
906 1765 1113 1815 natura:
1138 1756 1365 1813 aﬂectus
1394 1755 1762 1812 misericordia
1811 1755 1907 1810 dc-
1938 1764 1988 1825 B
2021 1764 2109 1817 Dei
2136 1770 2449 1830 competens
2474 1759 2796 1829 indicando;
2822 1774 2969 1814 nunc
3018 1767 3139 1829 post
3184 1767 3465 1830 peccatum
3522 1759 3609 1815 of.

314 1855 543 1921 bentur;
571 1854 727 1920 huic,
757 1854 912 1922 cujus
943 1854 996 1909 in
1017 1852 1271 1909 curandis
1314 1851 1713 1907 inﬁrmitatibus
1740 1849 1911 1906 bene-

313 1947 435 2005 ﬁcia
465 1956 779 2014 senserant,
810 1962 1082 2017 quemque
1114 1949 1232 2002 sine
1262 1947 1487 2003 crimine
1536 1945 1873 2017 oppetissent
1892 1984 1910 2011 ,

312 2049 502 2099 contra
532 2040 836 2097 naturalem
886 2040 1275 2097 misericordia:
1334 2052 1536 2097 motum
1586 2040 1749 2097 etiam
1792 2047 1915 2109 post

313 2149 529 2192 crucem
561 2134 928 2204 insultabnnt;
976 2135 1029 2191 in
1065 2146 1271 2193 tantum
1314 2137 1521 2209 impleti
1548 2137 1738 2207 spiritu
1768 2135 1916 2192 furo-

314 2228 422 2297 ris,
454 2236 516 2285 ut
538 2228 812 2285 sitientem
845 2240 1095 2299 potarent
1119 2240 1296 2286 aceto.
1321 2232 1389 2287 Et
1412 2231 1504 2301 qui
1531 2231 1916 2302 promptoani-

314 2338 404 2378 mo
431 2323 735 2393 passionem
758 2324 1030 2393 suscepit,
1059 2339 1159 2381 nec
1190 2324 1293 2381 hoc
1338 2325 1539 2381 invitus
1582 2323 1827 2394 accepit:
1855 2333 1915 2380 et

313 2429 574 2490 quantum
600 2419 678 2477 illi
707 2420 1025 2477 audaciores
1053 2423 1119 2476 ad
1144 2422 1423 2477 inferenda
1454 2423 1713 2491 supplicia
1740 2464 1754 2490 ,
1789 2432 1913 2478 tan-

317 2519 430 2567 tum
476 2511 566 2569 ille
607 2511 676 2569 ad
724 2512 1121 2582 suscipiendam
1176 2513 1424 2585 injuriam
1472 2515 1654 2570 mitis:
1683 2530 1911 2585 quorum

313 2602 535 2661 malitia!
560 2618 727 2674 opera
758 2605 1025 2673 aspiciens
1051 2605 1281 2661 necdum
1314 2620 1436 2662 esse
1478 2607 1747 2678 completa
1774 2648 1788 2672 ,
1820 2623 1916 2661 er-

313 2696 598 2753 clamavit:
627 2696 783 2753 Sitio.
816 2697 919 2766 Qui
946 2697 1013 2754 ad
1043 2700 1468 2754 cumulationem
1500 2700 1711 2770 injuria
1741 2742 1757 2767 ,
1789 2714 1915 2756 ace-

315 2798 427 2847 tum
448 2789 755 2849 dederunt:
787 2806 893 2848 non
920 2801 1101 2847 tamen
1124 2792 1240 2861 ipse
1262 2801 1320 2846 ut
1346 2805 1558 2849 acetum
1587 2795 1911 2863 ingererent,

316 2884 666 2955 provocavit;
697 2884 794 2940 sed
818 2886 963 2956 quod
989 2885 1066 2939 illi
1096 2886 1149 2940 ei
1173 2885 1474 2952 dederunt,
1508 2896 1700 2956 sponte
1730 2899 1914 2941 susco~

313 2977 415 3049 pit.
449 2978 594 3035 Talis
622 2979 833 3035 Domini
862 2980 1004 3036 sitis.
1030 2979 1269 3050 Denique
1291 2987 1517 3048 accepto
1547 2979 1911 3035 exclamavit:

316 3070 735 3127 Consummatur»
757 3081 850 3129 est.
885 3070 953 3127 Et
982 3074 1222 3127 continuo
1249 3072 1475 3128 reddidit
1496 3072 1752 3145 spiritum.
1782 3071 1915 3127 Dor-

2015 1855 2428 1924 iensionemque
2456 1860 2713 1909 revocato
2738 1895 2752 1918 ,
2781 1866 2904 1906 cum
2938 1867 3044 1906 non
3077 1860 3222 1907 esset
3246 1867 3435 1923 parum
3466 1853 3530 1906 ad
3555 1852 3607 1907 id

2015 1948 2246 2004 rediisse
2272 1947 2417 2018 quod
2441 1946 2646 2013 fuerat,
2674 1955 2730 2001 ct
2765 1946 3009 2002 cmlestia
3043 1961 3203 2017 regna
3254 1946 3605 2002 concesserit.

2015 2040 2167 2110 Quod
2201 2051 2379 2095 tamen
2408 2038 2768 2109 iustissimum
2789 2037 3187 2108 comprobatur.
3215 2037 3269 2094 Si
3290 2039 3433 2092 enim
3460 2038 3611 2109 prius

2014 2134 2185 2205 gratia
2215 2149 2308 2190 sua
2330 2174 2346 2200 ,
2379 2132 2540 2187 nullis
2565 2132 2872 2187 devotionis
2897 2131 3093 2187 ciliciis
3125 2132 3475 2202 promerenti,
3510 2147 3604 2202 pa-

2016 2227 2181 2282 radisi
2209 2225 2394 2283 sedem
2426 2225 2628 2281 homini
2660 2236 3034 2292 concesserat;
3079 2225 3262 2296 utique
3302 2241 3446 2281 nunc
3479 2240 3612 2281 con-

2020 2329 2099 2376 tra
2126 2320 2513 2390 impatientiam
2542 2320 2724 2374 carnis
2765 2334 2830 2374 ac
2858 2318 3128 2375 desideria
3172 2320 3469 2391 iniquitatis
3502 2321 3610 2390 jam

2017 2422 2161 2468 mota
2186 2454 2201 2479 ,
2229 2422 2418 2468 contra
2444 2412 2630 2467 mundi
2658 2410 2954 2482 principem
2982 2419 3038 2466 et
3063 2419 3361 2481 potestates
3383 2412 3501 2482 ejus
3527 2428 3614 2468 re-

2017 2515 2341 2577 pugnantem
2360 2546 2378 2571 ,
2412 2505 2613 2559 smculo
2640 2503 2876 2573 calcato;
2897 2504 3119 2560 calcate
3145 2506 3610 2575 prtemiunmporc

2020 2600 2121 2655 tttit
2149 2613 2473 2667 repensare;
2504 2606 2565 2653 ut
2594 2607 2644 2652 et
2672 2597 2720 2653 is
2748 2599 2836 2668 qui
2857 2639 2871 2661 ,
2920 2597 3182 2655 imitando
3216 2598 3415 2665 Deum,
3447 2600 3611 2656 vitam

2017 2692 2255 2749 divinam
2293 2692 2346 2746 in
2377 2691 2536 2746 terris
2558 2690 2748 2746 habuit
2768 2691 3096 2747 constitutus
3123 2692 3175 2746 in
3204 2706 3456 2763 corpore,
3484 2707 3610 2750 cum

2018 2785 2211 2843 eodem
2243 2798 2472 2853 corpore
2490 2784 2601 2852 jam
2630 2784 2924 2839 immortali
2952 2784 3092 2840 laeto
3121 2784 3290 2840 ctelos
3319 2784 3610 2854 habitaret,

2013 2881 2124 2952 jam
2157 2878 2392 2934 terrenis
2417 2877 2666 2933 sublatis.
2702 2878 2903 2933 Deinde
2926 2877 2993 2932 ad
3040 2877 3200 2948 hujus
3226 2880 3468 2939 muneris
3487 2894 3616 2933 cau-

2019 2989 2132 3031 Satn
2164 2973 2295 3029 illud
2323 2972 2564 3040 accedit,
2597 2973 2739 3043 quod
2774 2973 2993 3044 dignum
3023 2980 3107 3028 est
3128 2987 3348 3029 carnem
3376 2974 3614 3030 hominis

2018 3068 2172 3124 coriis
2210 3066 2442 3129 inlerre,
2494 3065 2650 3135 cujus
2680 3065 2952 3120 habitator
3012 3065 3153 3121 Deus
3194 3080 3316 3121 esse
3362 3066 3616 3137 dignatus

314 3162 468 3218 mivit
496 3165 656 3219 etiam
687 3162 848 3221 Jesus
868 3205 883 3231 ,
914 3180 1021 3220 non
1054 3180 1245 3221 somno
1279 3168 1457 3220 victus
1502 3175 1562 3219 ut
1597 3164 1873 3220 videretur
1895 3205 1910 3231 ,
1942 3157 1988 3223 C
2019 3170 2138 3217 est:
2171 3176 2274 3217 nec
2303 3167 2481 3229 potest
2507 3158 2679 3215 videri
2708 3159 2982 3215 hominem
3009 3167 3197 3213 contra
3244 3159 3494 3214 meritum
3535 3160 3615 3214 Γει-

314 3254 409 3311 sed
439 3264 497 3311 ut
520 3267 664 3315 esset
691 3256 827 3313 ordo
852 3258 1066 3312 virtutis
1091 3256 1378 3314 faciendae.
1406 3256 1667 3313 Dormivit
1688 3257 1833 3313 enim
1858 3267 1917 3312 ut

2017 3264 2162 3312 ctum
2195 3268 2319 3311 esse
2347 3254 2579 3313 incolam
2612 3253 2739 3309 cali
2765 3294 2780 3319 ,
2819 3252 2974 3323 cujus
3013 3252 3259 3323 vaginam
3310 3268 3418 3307 non
3462 3252 3613 3307 dedi-

314 3347 626 3405 ineitaretnr
662 3364 849 3413 mare,
899 3358 960 3404 ut
999 3349 1245 3419 discipuli
1280 3351 1534 3405 timentes
1576 3348 1916 3418 postularent
2015 3359 2209 3421 gnatus
2247 3348 2316 3403 sit
2360 3348 2583 3416 spiritus
2628 3348 2745 3418 ipse
2778 3347 2955 3402 Deus:
2983 3346 3297 3417 justumque
3346 3345 3447 3401 iuit
3488 3361 3613 3402 cor-

313 3441 571 3499 auxilium
596 3483 613 3509 ,
642 3453 699 3497 ut
722 3441 1040 3512 impleretur
1069 3441 1350 3512 prophetia
1374 3442 1540 3497 David
1568 3457 1688 3512 qua:
1708 3442 1762 3496 in
1785 3457 1917 3497 cen-
2018 3457 2150 3512 pus,
2182 3442 2237 3496 iu
2274 3455 2383 3511 quo
2412 3441 2554 3495 Deus
2580 3439 2872 3495 habitando
2891 3481 2906 3506 ,
2933 3448 3130 3497 terram
3177 3440 3402 3494 visitare
3425 3439 3616 3507 digna.

321 3532 518 3590 tesinto
538 3544 596 3590 et
618 3542 774 3590 sexto
800 3534 1012 3604 psalmo
1038 3535 1422 3605 pronuntiabat
1452 3536 1669 3591 dicens:
1697 3534 1914 3589 Annuu-
2019 3543 2105 3591 tus
2146 3542 2261 3598 est,
2316 3548 2415 3603 per
2451 3533 2595 3604 quod
2627 3517 2898 3604 particeps
2935 3533 3105 3587 nostri
3136 3531 3204 3586 ad
3231 3531 3614 3587 immortalita-

315 3628 504 3683 tientttr
522 3643 681 3697 opere
703 3628 897 3699 ejnsin
919 3627 1264 3684 exultatione.
1299 3629 1403 3698 Qui
1430 3631 1913 3686 descenduntmure
2020 3636 2125 3682 tem
2174 3642 2346 3697 genus
2400 3636 2644 3682 nostrum
2700 3625 2978 3695 perduxit,
3032 3626 3273 3680 etiamin
3293 3625 3620 3681 caelestibus

312 3721 371 3776 in
396 3721 609 3779 naribus
630 3764 645 3788 ,
674 3724 761 3794 qui
788 3725 984 3794 faciem
1012 3734 1247 3794 questum
1276 3725 1332 3778 in
1374 3727 1522 3795 aquis
1556 3725 1762 3792 multis,
1807 3726 1913 3795 ipsi
2015 3721 2301 3777 collocare.
2338 3718 2437 3775 Ubi
2470 3733 2699 3789 namque
2726 3718 2818 3773 Dei
2858 3717 3116 3772 habitatio
3141 3731 3264 3771 esse
3291 3717 3472 3780 debet,
3500 3717 3604 3773 nisi

315 3814 548 3872 uiderunt
577 3832 734 3889 opera
756 3816 969 3873 Domini
1009 3827 1056 3873 et
1097 3817 1357 3873 mirabilia
1376 3822 1488 3893 ejus
1526 3819 1582 3874 in
1624 3819 1903 3891 profundo.
2014 3814 2067 3871 in
2098 3828 2266 3887 regno
2294 3813 2390 3869 Dei
2415 3813 2438 3868 Ἰ
2470 3811 2572 3870 Ubi
2596 3823 2776 3869 autem
2800 3827 3025 3884 regnum
3056 3810 3171 3882 ejus
3204 3811 3304 3866 nisi
3331 3811 3384 3865 in
3415 3812 3609 3868 oculis?

384 4022 465 4095 (ί)
506 4022 864 4096 Velinteiiige
892 4039 1119 4099 aquam,
1162 4024 1251 4080 vel
1279 4024 1458 4082 scribe
1487 4024 1680 4082 divina.
2398 3952 2821 4097 minatum.

318 4171 3583 4217 Mm

1550 4287 1691 4330 ΑΧΝο
1718 4287 1902 4330 ιιοιιιιι
1923 4288 2372 4332 οσοιτιοοοοινιι.

1584 4428 2339 4601 OSIUS

785 4692 1765 4827 EPISCOPUS
1878 4701 3173 4839 CORDUBENSIS.

1459 5014 2477 5108 PROLEGOMENA.

871 5155 1209 5221 NOTITIA
1247 5155 1686 5219 HISTORICA
1728 5156 1834 5218 DE
1879 5156 2065 5221 OSIO
2105 5154 2493 5223 EPISCOPO
2526 5159 3053 5229 CORDUBENSI.

1383 5267 1404 5337 (
1430 5265 1514 5329 Ea:
1558 5262 1804 5323 Gallend.
1833 5265 2219 5339 Prolegomeu.,
2245 5279 2401 5340 caput
2436 5286 2489 5325 ι.
2524 5269 2546 5344 )

383 5386 567 5443 Osium
593 5428 609 5454 ,
652 5392 812 5457 gente
857 5385 1151 5460 Hispanum
1181 5431 1197 5457 ,
1251 5390 1538 5453 ecclesiam
1596 5389 1910 5459 Corduben-
2021 5411 2041 5445 ι
2074 5392 2165 5449 Vir
2194 5395 2313 5461 fuit,
2370 5395 2564 5468 inquit.
2598 5396 2774 5455 multo
2800 5394 3043 5453 omnium
3073 5405 3330 5450 sermone
3379 5389 3616 5447 celebra-

311 5496 426 5538 sem
454 5482 507 5537 in
531 5480 803 5553 provincia
832 5479 1031 5537 Bmtica
1060 5497 1156 5552 per
1180 5498 1353 5541 annos
1374 5482 1544 5541 ferme
1572 5485 1909 5559 septuaglnta
2012 5495 2132 5556 tus,
2166 5506 2185 5541 ι
2218 5488 2245 5545 ὁ
2271 5490 2405 5546 πάνυ
2426 5491 2698 5565 βοώμενος.
2724 5489 2910 5560 Neque
2940 5486 3099 5543 aliter
3118 5484 3481 5543 Titcodoritus
3506 5482 3609 5559 (2),

311 5577 517 5632 rexisse
555 5582 892 5646 compertum
945 5573 1226 5631 habemus.
1271 5575 1559 5633 Innumero
1588 5592 1757 5651 prope
1785 5588 1911 5643 sunt
2012 5579 2100 5636 cui
2118 5579 2316 5641 dicitur
2336 5600 2355 5635 ι
2378 5584 2618 5643 omnium
2637 5582 2798 5655 longe
2817 5581 3152 5645 clarissimus
3180 5594 3345 5643 senex
3368 5595 3388 5630 ι
3416 5579 3620 5639 πάντων

313 5669 422 5726 Osii
466 5669 663 5742 elogia,
694 5685 816 5742 quae
835 5668 977 5745 apud
998 5677 1215 5729 veteres
1233 5678 1473 5735 exstant.
1496 5669 1760 5739 Eusebius
1793 5670 1904 5749 (i):

384 5782 463 5858 (1)
493 5782 678 5841 Euseb.
713 5784 790 5844 De
812 5784 921 5843 Vit.
944 5783 1307 5857 Constant.,l.
1333 5801 1414 5858 tu,
1442 5800 1492 5843 c.
1530 5787 1583 5841 7.
2082 5787 2433 5873 (iﬂheodor.
2468 5789 2607 5849 Hi8t.
2633 5792 2859 5864 eccles.,
2891 5792 2928 5849 l.
2960 5807 3019 5875 ιι,
3044 5804 3095 5848 c.
3127 5789 3215 5847 15.
