4010 6306
431 242 560 299 1311

1581 234 1779 291 OSIUS
1821 233 2184 290 EPISCOPUS
2223 235 2717 292 (IllRllllBENSlS.

437 364 659 436 μάλιστα
679 364 957 440 περιφανὴς
987 358 1193 437 ὁγέρων
1218 375 1230 414 :
1251 355 1491 426 adeoque
1635 365 1744 410 tum
1771 355 1841 408 ob
1863 354 2036 408 artatis
2063 353 2117 412 Λ

3572 237 3680 292 1519.

2220 355 2280 410 Il.
2315 354 2496 410 Talem
2550 356 2728 421 itaque
2783 371 2843 409 ac.
2887 365 3092 410 tantum
3126 357 3319 419 virum,
3382 357 3692 412 confessionis

441 456 878 527 pratrogativam,
929 464 1037 508 tum
1088 453 1158 507 ob
1187 450 1579 506 confessionem
1632 447 1753 503 lidei
1777 489 1789 510 .
1825 458 1935 502 tum
1968 447 2038 502 ob
2139 449 2306 519 gloria
2335 450 2388 502 in
2417 449 2602 518 primis
2622 449 3074 517 conspieuttm,ad
3109 465 3259 502 suam
3282 449 3576 518 pertrahere
3591 465 3693 504 sen-

439 559 519 605 tot
543 564 605 603 ac
629 557 806 604 tantos
827 547 1130 603 exantlatos
1163 545 1372 600 labores
1398 543 1604 597 honore
1631 557 1693 595 ac
1738 541 2037 596 reverentia

441 645 657 715 dignus.
689 663 708 695 t
753 643 809 698 ln
856 642 1101 697 eamdem
1138 639 1455 695 sententiam
1487 637 1676 710 synodi
1705 633 2039 692 Sardicensis

444 747 624 810 patres
643 734 720 809 (2)
753 755 772 788 ι
803 737 1034 790 maxime
1059 733 1377 790 venerabilis
1399 728 1832 786 senectansium
1853 729 2043 796 praedi-

443 840 581 894 cant,
608 830 697 898 qui
728 836 781 882 et
809 837 1024 897 propter
1044 836 1256 881 aetatem
1288 835 1341 879 et
1369 822 1770 879 confessionem
1815 830 1869 876 et
1909 820 2039 874 tanti

445 925 706 991 temporis
739 921 1015 991 probatam
1047 921 1229 982 (idem,
1266 929 1470 974 tantum
1512 917 1754 973 laborem
1786 916 1836 970 id
1868 915 2043 970 astatis

448 1030 550 1087 pro
597 1014 854 1070 Ecclesia»
886 1014 1118 1068 utilitate
1147 1015 1424 1079 sustinuit,
1452 1021 1509 1066 ut
1545 1013 1691 1066 omni
1744 1010 2042 1064 reverentia

451 1107 795 1177 dignissimus
823 1105 1096 1161 habeatur.
1139 1126 1156 1158 ν
1193 1106 1298 1161 Sed
1331 1105 1584 1159 utontnia
1599 1104 2041 1173 complectamur,

453 1202 810 1258 Athanasium
834 1202 1111 1255 audiamus
1139 1200 1218 1271 (5)
1249 1219 1260 1253 z
1296 1219 1315 1252 ι
1348 1201 1420 1254 [te
1441 1216 1634 1269 magno
1661 1215 1722 1254 ac
1761 1198 1932 1253 felicis
1959 1213 2046 1251 se—

452 1294 685 1350 nectutis
715 1297 829 1348 viro
858 1303 912 1349 et
940 1293 1273 1355 citnl‘essore,
1307 1309 1366 1349 re
1412 1309 1534 1348 vera
1578 1293 1706 1347 Osio
1729 1333 1742 1355 ,
1777 1292 1920 1362 loqui
1951 1306 2046 1344 su-

451 1403 847 1458 pervacaneum
879 1386 1132 1443 l'tterit....
1157 1386 1305 1442 Haud
1335 1387 1478 1441 enim
1504 1387 1785 1448 obscurus,
1814 1386 1907 1441 sed
1932 1401 2049 1439 om-

451 1481 600 1534 nium
632 1480 966 1534 clarissimus
994 1481 1082 1534 ille
1125 1497 1290 1535 senex
1318 1491 1419 1535 est.
1450 1481 1581 1548 Quae
1612 1480 1850 1552 synodus
1879 1481 2044 1546 enim,

449 1575 537 1632 cui
585 1591 690 1629 non
742 1573 831 1629 ille
862 1573 1557 1644 praefuerit?Quandonam
1603 1575 1931 1644 sapientibus
1968 1574 2051 1629 di-

451 1667 554 1723 ctis
583 1668 695 1720 suis
745 1681 850 1720 non
885 1667 935 1720 iu
967 1683 1119 1720 suam
1157 1682 1347 1722 omnes
1393 1667 1646 1737 perduxit
1682 1667 2050 1722 sententiam?

2144 541 2364 595 tentiam
2395 541 2540 594 omni
2565 541 2748 594 studio
2774 541 2912 610 apud
2941 541 3317 596 Constantium
3361 542 3586 598 adlnliito
3622 559 3697 598 co-

2143 637 2410 691 nabantur
2438 636 2618 689 Ariani
2653 636 2750 707 (l).
2778 638 3018 704 Quorum
3052 635 3189 690 dolis
3218 635 3538 703 fallaciisque
3558 637 3698 690 inter-

2143 739 2330 800 ceptus
2389 731 2723 797 imperator,
2768 729 3131 784 venerandum
3185 729 3331 782 illttm
3384 745 3445 782 ac
3498 728 3697 784 nobilem

2145 840 2329 880 senem
2385 824 2694 878 centenario
2750 824 3006 893 majorem
3080 823 3290 876 accivit.
3372 822 3700 879 Accedentem

2146 934 2274 972 vero
2306 917 2456 971 illum
2481 928 2631 986 rogat
2653 915 3001 971 Constantius
3023 916 3344 984 lenibusque
3371 915 3524 969 dictis
3549 915 3706 971 horta-

2149 1021 2253 1075 tttr,
2273 1021 2329 1065 ut
2359 1028 2478 1066 eum
2509 1012 2721 1066 Arianis
2745 1013 3101 1066 communicet
3137 1009 3584 1076 Atltauasinmque
3603 1025 3710 1064 cott-

2149 1106 2386 1162 demuet.
2423 1105 2620 1160 Verum
2656 1106 2891 1176 optimus
2933 1105 3024 1160 ille
3070 1120 3232 1159 senex
3261 1105 3350 1169 qui
3389 1104 3462 1157 rei
3493 1104 3710 1172 hujusce-

2151 1200 2293 1254 modi
2324 1201 2408 1254 vel
2458 1201 2696 1254 auditum
2729 1215 2872 1268 a-gre
2914 1199 3102 1265 ferret,
3138 1200 3444 1267 indignatus
3472 1199 3602 1268 quod
3627 1199 3715 1254 tale

2150 1295 2422 1364 quippiam
2447 1295 2528 1347 vel
2573 1293 2814 1363 proferre
2837 1308 3000 1346 ausus
3024 1294 3208 1347 luisset
3241 1293 3548 1360 imperator.
3573 1292 3717 1346 virum

2150 1389 2348 1442 acriter
2385 1390 2673 1456 eompellat
2695 1431 2708 1453 ,
2743 1388 3027 1457 verbisque
3049 1389 3162 1441 suis
3195 1389 3498 1452 perculsum
3528 1389 3589 1441 de
3616 1404 3717 1441 sen-

2154 1483 2319 1537 tentia
2343 1481 2577 1537 deducit.
2605 1483 2780 1552 Atque
2829 1483 2898 1536 ita
2944 1482 3161 1536 demttm
3223 1482 3384 1536 rebus
3436 1482 3657 1553 integris,
3678 1483 3720 1537 in

2153 1577 2376 1645 patriam
2405 1585 2460 1630 et
2489 1575 2554 1629 ad
2589 1575 2881 1631 Ecclesiam
2911 1591 3061 1630 suam
3083 1575 3389 1629 revertitur.

2228 1669 2334 1723 Sed
2381 1670 2466 1724 vix
2499 1669 2626 1723 dum
2665 1669 2755 1724 ille
2792 1671 3015 1731 aberat,
3047 1685 3212 1738 quum
3253 1683 3380 1723 ecce
3432 1667 3524 1722 tibi
3569 1668 3724 1723 Ariani

453 1759 711 1828 Quantam
752 1759 992 1815 Ecclesia
1024 1760 1166 1814 illius
1222 1759 1504 1829 patrocinii
1537 1758 1896 1827 pulcherrima
1942 1775 2047 1814 non
2083 1755 2126 1814 Β
2155 1764 2538 1833 (ιιιπξτίῐηοηίτιδ
2566 1773 2840 1832 repetunt,
2867 1763 3100 1817 lamenta
3134 1765 3457 1824 instaurant,
3489 1761 3725 1832 nullisque

452 1867 626 1912 servat
649 1856 1021 1910 monumenta?
1039 1854 1169 1923 Quis
1189 1855 1339 1908 illum
1357 1863 1584 1908 tlttBSlllS
1597 1853 1878 1923 adiit,quin
1897 1854 2051 1909 laetus

453 1949 606 2004 abeo
624 1947 930 2002 recesserit?
951 1946 1084 2016 Quis
1100 1947 1284 2016 aliquo
1300 1961 1464 2015 egens
1479 1947 1543 1999 ab
1555 1960 1623 2000 eo
1638 1946 1946 2016 postulavit,
1962 1961 2052 2016 op-

455 2049 728 2109 tatumque
756 2056 860 2093 non
891 2039 1021 2093 abiit
1049 2039 1403 2094 consecutus?
1430 2058 1448 2090 ι
1475 2038 1590 2093 lluc
1617 2053 1784 2108 usque
1813 2038 2052 2092 Athana-

453 2134 588 2195 sius.
610 2133 766 2204 cujus
787 2135 1040 2206 praeclara
1067 2133 1229 2188 verba
1252 2132 1612 2188 Tlteodoritus
1637 2134 1915 2202 exscripsit
1945 2133 2048 2204 (4).

530 2229 699 2284 Porro
750 2231 801 2284 in
834 2230 897 2284 iis
940 2229 1320 2286 Athanasianis
1361 2231 1486 2286 illud
1535 2231 1766 2286 maxime
1812 2230 2050 2286 omnium

456 2323 749 2378 observare
781 2324 953 2393 placet
985 2340 1080 2395 per
1119 2325 1407 2380 Baroninm
1438 2324 1540 2394 (5),
1567 2341 1818 2397 magnum
1845 2326 2053 2382 scilicet

455 2419 602 2476 illum
649 2420 833 2474 Osittm
888 2421 960 2475 ob
1007 2420 1334 2492 singularem
1390 2420 1652 2475 doctrinm
1681 2436 1743 2475 ac
1791 2421 2050 2475 virtutum

453 2516 840 2585 prmstantiam.
875 2515 1357 2587 admirabilemque
1383 2517 1435 2571 in
1478 2516 1642 2572 rebus
1670 2516 1892 2587 agendis
1915 2516 2052 2572 dex-

455 2613 728 2666 teritatem
761 2621 924 2680 atque
952 2610 1316 2681 prudentiam,
1357 2609 1497 2665 ittter
1518 2611 1795 2679 complura
1827 2610 2051 2665 concilia

453 2704 649 2774 quibus
678 2703 956 2773 [metuisse
985 2703 1318 2774 perhibetur,
1365 2704 1416 2758 in
1469 2703 1686 2758 Nicmno
1718 2705 2051 2773 potissimum

457 2797 698 2854 Omnium
746 2797 1100 2853 celeberrimo
1137 2798 1362 2867 primam
1395 2797 1579 2852 sedem
1616 2796 1859 2851 Silvestri
1903 2813 2054 2868 papa:

455 2891 672 2946 nomine
706 2905 1023 2961 occupasse,
1055 2899 1108 2944 et
1133 2891 1462 2960 collegarum
1495 2889 1712 2960 quidem
1756 2890 2051 2959 legatorum

455 2985 793 3056 primarium,
817 2995 870 3038 ιιι
892 3000 956 3040 ex
980 2984 1490 3041 Gelasiuerndimur
1515 2985 1624 3056 (6):
1652 3004 1670 3036 t
1710 2985 1824 3051 Ille,
1859 2986 2050 3054 inquit,

454 3076 614 3134 Osius
662 3094 728 3134 ex
769 3078 1066 3147 Hispaniis,
1097 3079 1332 3133 nominis
1353 3087 1406 3131 et
1447 3077 1600 3132 fama:
1625 3078 1938 3134 celebritate
1971 3080 2051 3134 in-

2156 1873 2262 1911 non
2296 1855 2558 1910 machinis
2604 1856 2934 1910 levissimum
2989 1855 3288 1910 Constantii
3338 1855 3571 1908 animum
3601 1853 3728 1908 inde-

2154 1951 2395 2006 sinenter
2421 1951 2670 2019 pulsant:
2703 1953 2792 2021 qui
2825 1961 3105 2020 propterea
3135 1967 3321 2006 eorum
3356 1951 3632 2020 postulatis
3655 1963 3727 2003 ac-

2154 2046 2458 2116 quiescens,
2515 2045 2719 2100 litteras
2773 2045 3038 2100 minarum
3089 2045 3276 2115 plenas
3326 2045 3390 2099 ad
3422 2045 3602 2099 Osinm
3627 2045 3730 2098 mit-

2157 2139 2255 2198 tit.
2302 2138 2583 2207 ipsumque
2649 2139 2989 2194 contumeliis
3048 2140 3328 2204 exagitans
3375 2139 3729 2194 intermittatur

2157 2230 2416 2301 pericula,
2446 2229 2870 2298 deportationes,
2929 2231 3188 2302 supplicia
3217 2249 3230 2285 :
3264 2247 3387 2286 mox
3439 2247 3565 2287 vero
3592 2231 3727 2285 itera-

2159 2323 2227 2376 tis
2260 2322 2450 2377 litteris
2480 2325 2628 2377 senis
2653 2326 2888 2377 animum
2919 2323 3114 2379 blande
3151 2325 3428 2380 sollicitat.
3461 2328 3525 2379 At
3548 2325 3630 2380 ille
3650 2340 3727 2380 ne-

2156 2430 2262 2485 que
2309 2415 2698 2484 impudentittm
2749 2417 3016 2472 malorum
3056 2416 3362 2478 formidine,
3396 2433 3572 2488 neque
3602 2417 3732 2473 blan-

2157 2509 2518 2564 dimentorum
2565 2509 2830 2564 illecebris
2869 2509 2952 2563 vel
3007 2509 3274 2563 tantillum
3326 2510 3583 2574 dimotus.
3625 2525 3731 2580 per-

2158 2611 2262 2657 stat
2313 2603 2365 2656 in
2416 2617 2510 2656 sua
2565 2601 2752 2656 litemus
2818 2606 3108 2657 sententia.
3160 2602 3299 2671 Quin
3347 2613 3402 2658 et
3454 2603 3734 2673 imperatori

2159 2695 2442 2766 epistolam
2496 2695 2742 2751 rescribit
2792 2697 3111 2751 constantim
3159 2698 3558 2766 plenissimam,
3589 2707 3738 2751 tanto-

2159 2806 2262 2860 que
2289 2791 2546 2858 episcopo
2597 2805 2723 2843 vere
2772 2789 2986 2856 dignam
3023 2807 3036 2843 ε
3071 2790 3383 2858 signiﬁcans
3409 2807 3525 2859 prte.
3556 2791 3739 2845 cteteris

2159 2895 2218 2937 se
2260 2882 2369 2950 jam
2405 2882 2611 2951 pridem
2658 2881 2759 2934 sub
2799 2881 3122 2936 Maximiano
3177 2898 3272 2949 pro
3313 2883 3519 2938 Christi
3551 2883 3740 2938 nomine

2162 2990 2397 3044 passum,
2415 2984 2656 3042 paratum
2682 2990 2802 3028 esse
2820 2975 2884 3028 ad
2918 2991 3186 3030 :crumnas
3209 2977 3503 3044 quaslibet.
3525 2976 3609 3030 ubi
3627 2991 3742 3040 opus

2162 3068 2343 3133 fuerit,
2393 3084 2491 3138 pro
2545 3068 2766 3122 veritate
2808 3069 3176 3138 perferendas.
3238 3071 3304 3124 Et
3358 3071 3500 3125 hanc
3551 3069 3741 3140 quidem

454 3173 644 3242 signis.
676 3172 924 3229 Silvestri
965 3173 1202 3242 episcopi
1255 3173 1506 3227 maximat.
1534 3173 1721 3226 Roma!
1747 3174 1923 3228 locum
1957 3175 2054 3227 ob-

2165 3163 2444 3232 epistolam
2469 3179 2590 3232 qua:
2613 3180 2714 3216 ttna
2734 3175 2974 3232 superat,
3004 3179 3070 3220 ex
3101 3180 3296 3234 magno
3325 3166 3626 3220 Athanasio
3647 3180 3744 3232 pro-

458 3267 659 3330 tinens,
694 3267 898 3337 ἐπέχων
923 3268 1120 3321 καὶτὸν
1148 3267 1304 3321 τόπον
1340 3272 1433 3321 τοῦ
1475 3275 1566 3326 τῆς
1610 3269 1858 3339 μεγίστης
1883 3270 2059 3341 Ῥώμης

459 3360 744 3416 ἐπισκόπου
789 3359 1116 3434 aestumo,
1150 3374 1252 3412 ttna
1283 3374 1401 3412 cum
1438 3358 1691 3412 Romanis
1730 3359 2060 3430 presbyteris

461 3453 586 3508 Vito
607 3463 664 3508 et
693 3453 938 3506 Viceutio
977 3452 1206 3523 aliisque
1257 3451 1534 3520 permultis
1587 3453 1732 3506 ineo
1766 3461 1908 3507 cwtu
1931 3468 2062 3506 con-

465 3547 621 3603 sedit.
667 3565 686 3598 ο
733 3547 949 3601 Gelasio
993 3547 1286 3601 concinunt
1327 3547 1618 3616 scriptores
1639 3547 1725 3601 alii
1749 3563 1867 3601 cum
1888 3545 2060 3602 Gra'ci

465 3651 577 3698 tum
627 3640 822 3697 Latini.
863 3640 1002 3709 Quid
1051 3640 1190 3710 quod
1235 3641 1367 3696 satis
1408 3649 1594 3709 aperte
1632 3641 1682 3695 id
1713 3656 1926 3711 quoque
1970 3641 2064 3694 ad-

464 3733 624 3790 struit
667 3733 884 3788 Gelasio
916 3733 1084 3787 multo
1111 3733 1384 3803 antiquior
1416 3732 1681 3788 Eusebius
1715 3734 1840 3805 (7)?
1883 3733 2065 3803 Neque

464 3826 608 3882 enim
675 3828 832 3883 aliter
896 3825 1013 3895 ejus
1061 3826 1346 3881 verborum
1407 3827 1730 3881 sententiam
1805 3841 2066 3895 accepere

464 3919 828 3976 'l‘heodoritus
859 3920 963 3993 (8),
1014 3919 1266 3976 Socrates
1313 3919 1389 3990 (9)
1433 3936 1494 3974 ac
1545 3921 1880 3976 Sozontenns
1928 3920 2064 3993 (10).

468 4012 547 4068 Ex
576 4013 770 4083 quibus
819 4014 1082 4084 intelligas
1128 4011 1253 4080 quid
1283 4012 1622 4067 sentiendum
1653 4013 1721 4068 de
1747 4011 2068 4082 Caveijudi-

466 4104 552 4160 ciu
600 4103 753 4175 (ll),
796 4106 885 4175 qui
937 4121 1003 4160 eo
1051 4103 1360 4173 insignitum
1419 4105 1624 4160 honore
1677 4105 1840 4160 fuisse
1883 4103 2066 4159 Osiqu

469 4206 740 4267 tamquam
769 4196 995 4252 Romani
1049 4195 1317 4265 pontiﬁcis
1373 4197 1626 4267 legatum,
1663 4199 1821 4252 inane
1855 4197 2067 4253 Baronii

469 4290 808 4361 aliorumque
861 4291 1128 4344 somnium
1159 4289 1438 4344 verniliter
1488 4291 1620 4346 satis
1659 4290 1911 4359 appellat.
1940 4289 2072 4345 Viro

469 4385 674 4439 scilicet
707 4387 1057 4462 κριτικωτάτῳ
1091 4382 1478 4454 pseudodestri
1517 4383 1814 4437 chronicon
1848 4383 2072 4451 ejusque

474 4487 845 4533 ettarr-ttorem
897 4477 1166 4531 Bivariunt
1199 4486 1437 4529 veterum
1477 4475 1782 4531 auctoritati
1818 4474 2073 4545 przeferrc

2163 3255 2404 3320 ferimus,
2436 3255 2708 3323 egregium
2741 3254 2897 3323 plane
2941 3255 3050 3310 Osii
3100 3255 3222 3310 lidei
3252 3258 3639 3311 monimentum
3661 3255 3742 3323 (2).

2234 3347 2322 3402 lll.
2379 3347 2449 3401 At
2503 3363 2632 3401 vero
2681 3346 2745 3400 ad
2796 3346 2969 3417 ipsum
3023 3364 3052 3402 a
3105 3350 3263 3402 ﬁrmo
3316 3350 3435 3417 ejus
3499 3348 3748 3419 proposito

2165 3439 2561 3494 deturbandum
2602 3455 2817 3506 semper
2871 3441 3108 3495 intentus
3150 3439 3536 3504 ConSIantius,
3585 3457 3744 3495 senem

2165 3548 2310 3588 anno
2358 3533 2566 3604 integro
2616 3533 2787 3600 patria
2835 3542 3106 3587 extorrem
3160 3533 3342 3587 Sirmii
3392 3534 3624 3587 detinuit
3661 3532 3746 3603 (5).

2166 3625 2282 3680 Non
2334 3626 2507 3680 solum
2548 3635 2727 3678 autem
2771 3625 2971 3688 exilio,
3015 3624 3110 3679 sed
3160 3625 3508 3680 contumeliis
3566 3627 3747 3686 etiam.

2170 3717 2510 3782 verberibus,
2541 3718 2717 3789 plagis
2747 3733 2870 3772 eum
2901 3717 3136 3772 adficere
3156 3726 3239 3773 est
3262 3734 3426 3772 ausus
3464 3717 3576 3790 (4),
3604 3733 3754 3787 neque

2172 3811 2337 3867 Deum
2371 3812 2587 3876 timens,
2623 3825 2795 3880 neque
2827 3809 2927 3864 viri
2968 3810 3080 3864 sive
3106 3811 3360 3865 canitiem
3395 3811 3517 3867 sive
3545 3811 3752 3881 dignita-

2173 3915 2278 3960 tem
2313 3906 2578 3960 reveritus
2607 3905 2800 3974 impitts
2840 3903 3021 3959 homo.
3053 3904 3262 3973 Quibus
3295 3905 3517 3960 tandem
3556 3905 3755 3960 calami-

2174 4001 2371 4054 tatibus
2391 4014 2706 4070 oppressus,
2727 4009 2914 4070 utpote
2931 4015 3097 4054 senex
3120 4010 3173 4053 et
3194 4016 3426 4070 corpore
3449 4001 3754 4058 imbecillus.

2172 4095 2241 4148 ad
2269 4097 2446 4147 horam
2477 4095 2640 4147 cessit
2684 4093 2918 4158 Arianis,
2951 4090 3074 4159 εἶξεν
3119 4096 3290 4157 αὐτοῖς
3333 4097 3465 4171 πρὸς
3499 4097 3634 4172 ὥραν
3661 4092 3755 4164 (5);

2173 4201 2346 4255 eoque
2377 4185 2638 4240 adductus
2669 4185 2785 4249 luit,
2819 4195 2876 4239 ttt
2903 4202 3023 4239 cum
3059 4185 3283 4240 Ursacio
3307 4197 3362 4242 et
3390 4188 3613 4242 Valente
3637 4201 3758 4241 como

2175 4278 2447 4334 munionis
2489 4279 2805 4334 societatem
2851 4279 3031 4343 iniret,
3065 4292 3166 4331 nec
3211 4289 3388 4335 tamen
3432 4296 3683 4350 umquam
3713 4277 3756 4330 in

2177 4373 2530 4428 Athanasium
2579 4373 2840 4428 calculum
2874 4372 3057 4428 terret.
3089 4373 3193 4431 Sed
3239 4389 3393 4428 suum
3424 4374 3637 4441 lapsum
3676 4370 3759 4425 mi-

2179 4469 2326 4524 nime
2351 4468 2586 4539 neglexit
2618 4484 2782 4523 senex
2813 4487 2824 4522 :
2857 4490 2874 4522 ι
2905 4470 3140 4525 instante
3163 4469 3363 4540 quippe
3394 4479 3592 4530 morte.
3617 4465 3761 4525 Atha-

476 4570 653 4625 libuit.
683 4571 798 4636 Quo
825 4571 1040 4640 quidem
1065 4567 1532 4641 pseudocltronico
1555 4566 1695 4621 hattd
1729 4567 1914 4636 impari
1943 4569 2075 4621 dex-
2104 4558 2155 4618 D
2182 4563 2333 4616 nasio
2375 4569 2511 4616 teste
2547 4558 2624 4631 (6)
2656 4602 2671 4624 .
2721 4560 2828 4614 vim
2861 4561 2962 4615 sibi
3011 4561 3211 4614 illatam
3253 4559 3406 4630 quasi
3453 4567 3756 4614 testamento

472 4663 692 4718 teritate
707 4663 869 4717 utitur
883 4680 1094 4735 quoque
1111 4663 1274 4719 semel
1293 4663 1593 4733 iterumque
1620 4661 1914 4732 Basnagius
1931 4660 2072 4734 (12).

479 4757 586 4813 Sed
620 4766 951 4812 revertamur
980 4759 1045 4813 ad
1075 4758 1286 4815 Osium.

555 4912 636 4986 (l)
663 4912 919 4986 Theudor.
944 4914 1077 4968 llist.
1111 4916 1330 4979 eccles..
1354 4917 1389 4970 l.
1422 4932 1482 4981 ιι,
1505 4930 1555 4971 c.
1588 4915 1642 4972 8.

560 4985 641 5057 (2)
673 4987 822 5058 Apud
875 4985 1044 5039 Hilar.
1079 4986 1290 5058 Fragm.
1321 5005 1380 5052 tt,
1415 4987 1522 5058 §2.

555 5056 634 5132 (5)
669 5057 867 5132 iit/mn.
902 5059 1057 5132 Apol.
1087 5057 1154 5110 de
1181 5057 1299 5132 fuga
1329 5056 1446 5132 sua,
1477 5059 1504 5129 §
1531 5057 1726 5132 5,o_pp.
1761 5068 1800 5112 t.
1832 5074 1865 5122 t,
1888 5056 2072 5128 p.322.

581 5127 638 5200 4⁷)
665 5129 918 5200 Ίξηροάον.
946 5127 1080 5183 Hist.
1111 5129 1328 5200 eccles,
1361 5131 1396 5182 Ι.
1424 5127 1557 5187 ιιξο.
1591 5129 1677 5186 15.

581 5133 638 5200 4)
665 5133 918 5184 Theodor.
946 5133 1080 5183 Hist.
1111 5133 1328 5193 eccles.,
1361 5133 1396 5182 l.
1424 5146 1481 5187 It.
1508 5145 1557 5184 c.
1591 5133 1612 5186 l

551 5133 635 5276 (ὅ)
675 5199 866 5276 βίη-οη.
897 5202 961 5276 ad
995 5199 1274 5276 ann.‘505.
1304 5199 1332 5271 §
1369 5200 1621 5276 l9_e_t20._

554 5270 635 5338 (ϐ’)
669 5273 841 5328 Gelas.
885 5270 1060 5343 Cyzic.
1084 5272 1218 5326 llist.
1253 5270 1406 5325 conc.
1441 5271 1584 5331 Nic..
1613 5273 1648 5326 l.
1671 5289 1730 5336 ιι,
1760 5290 1810 5330 c.
1838 5274 1892 5330 5.

554 5345 632 5418 (7)
669 5344 853 5418 Euseb.
891 5344 1094 5418 De_\’it.
1125 5343 1429 5418 Consta_nt.,
1455 5344 1491 5398 ι.
1518 5358 1597 5418 u_t,
1624 5360 1674 5400 c.
1699 5345 1752 5400 7.

580 5414 636 5487 8⁷)
667 5414 1088 5488 ΤΙιεοάοτ.Ηίει.
1121 5416 1280 5488 eccl.,
1315 5415 1352 5469 l.
1375 5431 1425 5488 lt,
1459 5429 1511 5470 c.
1539 5415 1592 5468 7.

581 5486 638 5548 9)
671 5486 900 5552 Socrat.,
933 5487 969 5542 1.
1003 5503 1040 5552 l,
1081 5503 1130 5542 c.
1162 5487 1216 5542 8.

585 5559 674 5632 10)
709 5558 944 5632 Sozam,
974 5559 1076 5632 lat.
1107 5560 1282 5615 c.17.

586 5628 677 5702 Η)
707 5628 828 5702 Qav.
861 5631 996 5686 Hist.
1027 5631 1131 5686 litt.
1155 5631 1222 5686 ad
1245 5647 1371 5688 ann.
1396 5629 1524 5698 516,
1559 5639 1691 5686 tom.
1719 5644 1758 5694 ι,
1791 5645 1847 5701 p.
1880 5628 2004 5702 185.

591 5700 679 5776 12)
725 5701 950 5776 Baang.
1002 5702 1069 5758 ad
1105 5703 1296 5776 Prosp.
1339 5707 1530 5761 chron.
1556 5745 1571 5771 ,
1622 5712 1751 5760 tom.
1792 5700 1857 5769 i;
1910 5700 2074 5757 Thes.

482 5773 691 5841 GauisL,
718 5791 770 5843 p.
799 5773 909 5829 292
939 5788 1054 5843 seq.

2178 4653 2503 4719 declaravit,
2552 4652 2916 4723 Arianamque
2947 4653 3193 4709 haeresim
3220 4653 3570 4708 anathemate
3597 4651 3750 4714 feriit,

2180 4747 2456 4814 vetuitque
2485 4762 2552 4801 ue
2583 4748 2703 4816 quis
2730 4747 2876 4800 illam
2909 4749 3196 4818 reciperet.
3238 4768 3256 4800 ι
3299 4748 3497 4802 minus
3523 4751 3624 4824 γάρ
3649 4749 3760 4800 vim-

2178 4843 2421 4905 θνήσκειν,
2453 4843 2631 4919 ὥσπερ
2672 4839 3007 4915 διατιθέμενος
3037 4843 3369 4918 ἐμαρτύρατο
3394 4845 3485 4900 τὴν
3514 4841 3630 4916 βίαν
3648 4881 3660 4901 ,
3689 4838 3761 4891 καί

2180 4941 2270 4995 τὴν
2290 4934 2542 5012 ’Λρειανὴν
2565 4936 2764 5010 αἵρεσιν
2781 4936 3122 5006 ἀνεθεμάτιζε,
3153 4937 3239 4988 καὶ
3259 4934 3577 5011 παρήγγελλε
3600 4929 3760 5004 μηδένα

2181 5031 2372 5088 ταύτην
2417 5026 2787 5098 ἀποδέχεσθαι.
2837 5025 3022 5096 Neque
3070 5025 3226 5080 aliter
3284 5025 3644 5093 Augustinus;
3686 5019 3760 5090 qtti

2181 5123 2367 5179 Osiqu
2424 5123 2477 5177 itt
2538 5121 2786 5177 ecclesiae
2849 5118 3134 5174 catholica:
3201 5117 3582 5172 communione
3639 5115 3761 5169 diem

2255 5279 2570 5369 (nnAtIi‘q‘n.
2624 5277 2761 5334 Hist.
2823 5275 3096 5349 Arian.,§
3145 5277 3216 5332 42
3248 5291 3364 5349 seq.
3396 5291 3522 5348 opp.
3579 5285 3758 5336 tom.t,

2185 5367 2240 5424 p.
2273 5353 2399 5416 ses.
2427 5350 2550 5406 569.

2260 5423 2340 5496 (9)
2373 5421 2446 5496 ld-
2478 5421 2608 5496 ibid:
2641 5421 2786 5496 ἑζῶ
2819 5434 2940 5489 ras-
2964 5419 3100 5496 ἕνέοι
3135 5433 3250 5491 sett-

2263 5491 2342 5562 (5)
2376 5495 2454 5549 Id.
2487 5494 2614 5548 ibid.
2643 5491 2670 5564 ᾗ
2697 5494 2788 5564 75.
2819 5506 2937 5562 pag.
2968 5493 3096 5564 572‘.

2770 5563 2890 5634 fuga
2913 5579 3030 5629 sua,
3064 5562 3092 5635 ᾗ
3118 5561 3174 5630 5,
3204 5578 3326 5635 pag.
3355 5563 3476 5620 522.

2489 5647 2626 5764 illa:
2659 5706 2845 5764 Arian.
2877 5705 2907 5778 ς
2937 5704 3028 5774 ts.
3055 5721 3177 5779 pag.
3211 5705 3337 5761 379.

3901 1346 3903 1380 l
