4010 6306
494 218 631 283 1313

1632 216 1832 283 OSlUS
1871 220 2245 282 EPISCOI'US
2271 221 2762 285 CORDUBENSS.

3628 225 3734 291 ιιιι

489 359 535 394 ε.
565 343 599 397 9
626 350 674 397 et
694 337 795 414 10)
815 340 1063 398 formulis
1085 338 1344 398 adversus
1364 338 1637 397 Nie'enatn
1658 342 1942 413 evntgatis,
1965 356 2087 395 om-
2121 344 2165 404 Α
2194 341 2499 397 dit.llarum
2513 342 2901 416 rere-impia.
2919 342 3106 399 moll.
3124 341 3737 417 Sardicm.,apudAtltatt.,

488 438 577 490 uia
600 451 802 506 susque
824 436 999 507 deque
1044 436 1354 502 miscerem,
1384 436 1580 501 Julius,
1604 446 1662 491 ut
1688 436 1903 491 afﬂictis
1933 436 2094 491 rebus

486 532 820 598 consuleret,
867 533 1145 603 negotium
1172 530 1240 586 ad
1266 532 1613 586 Const-intem
1641 531 1902 601 (Sason,
1932 529 1973 584 l.
2012 545 2092 597 ιιι,

487 642 537 679 c.
586 624 657 691 9;
688 624 962 693 Tlteod.,l.
993 641 1053 689 ιι,
1075 643 1122 680 c.
1153 624 1219 696 5)
1269 625 1484 680 detulit.
1499 623 1604 692 Qui
1624 639 1747 679 cum
1773 622 2096 680 Constantio

490 716 664 784 fratri,
698 719 786 788 qui
819 719 1085 773 orientem
1112 716 1498 773 moderabatur
1526 718 1785 789 (δοται,
1809 718 1855 779 ,1.
1888 733 1949 779 ιι,
1973 732 2091 787 cap.

492 808 617 879 16),
644 825 737 879 per
762 808 1296 881 litterastttsynodus
1317 820 1604 880 cogeretur
1627 811 1885 866 suasisset
1910 826 1925 865 :
1956 818 2095 879 pou-

493 904 652 960 tiﬁcis
670 906 992 960 auctoritate
1018 901 1181 976 (nam
1204 903 1271 958 de
1298 903 1553 975 (Alliam,
1580 904 1720 975 apol.
1751 902 1810 967 9,
1832 910 1880 956 et
1906 918 1990 972 ep.
2026 901 2096 954 ad

489 997 629 1052 solii.
659 998 749 1051 vit.
779 996 958 1069 open.)
985 997 1268 1067 praestituti
1292 995 1359 1052 ad
1387 996 1681 1052 concilium
1709 996 1973 1065 temporis
1993 1010 2093 1049 ano

487 1093 661 1161 gustia
680 1092 928 1147 nonnulli
944 1092 1237 1147 orientales
1252 1091 1491 1162 episcOpi
1509 1104 1631 1146 eunt
1645 1087 2093 1159 criminabantur)

486 1185 988 1256 imperatorumque
1015 1185 1278 1253 (Socrat.,
1323 1184 1417 1239 lib.
1449 1200 1509 1251 ιι,
1559 1200 1675 1253 cap.
1728 1180 2093 1249 46;Seaont.,

486 1279 579 1333 lib.
624 1294 705 1345 ιιι,
733 1296 783 1335 c.
816 1280 877 1334 11
898 1281 919 1349 )
940 1294 1209 1335 consensu
1259 1279 1402 1349 apud
1446 1279 1723 1335 Sardicam
1770 1276 1970 1350 Illyrici
2001 1293 2093 1332 ora

487 1371 610 1427 bent
634 1377 875 1444 synodus
892 1373 1167 1444 generalis
1186 1371 1463 1437 indicitur,
1475 1370 1673 1427 Ruﬁno
1688 1368 1933 1442 (ΑιΙιοιι,
1950 1368 2091 1440 apol.

485 1464 520 1520 2
540 1484 555 1529 ;
574 1464 799 1531 ΤΙιεοάη
818 1466 857 1520 ι.
876 1480 999 1529 n,c.
1015 1466 1070 1530 7;
1090 1464 1322 1534 Sonat,
1339 1464 1583 1539 ubipup.)
1599 1474 1654 1519 et
1666 1463 1901 1519 Eusebio
1913 1461 2092 1528 Coss.,

486 1575 630 1616 anno
661 1568 783 1631 post
822 1561 1026 1615 obitum
1074 1560 1417 1616 Constantini
1442 1559 1748 1615 undecimo.
1791 1557 1871 1613 Eo
1897 1572 2097 1613 conve-

488 1669 619 1709 nere
643 1652 884 1723 (Alliam,
927 1654 1135 1725 upolog.
1160 1652 1216 1725 2)
1240 1652 1482 1725 episcopi
1510 1652 1726 1708 circiter
1755 1650 1974 1706 ducenti
2004 1664 2097 1705 oc-

2197 438 2398 509 προίξ,
2415 450 2460 492 et
2482 438 2821 494 idemAtlum.
2838 436 2891 494 in
2906 454 2987 514 ep.
3006 440 3077 495 ad
3100 443 3243 497 solli.
3264 442 3355 497 ait.
3378 458 3541 515 agerc;
3558 444 3739 512 δυοῖσι,

2198 531 2289 586 lib.
2321 548 2378 597 ιι,
2406 532 2633 606 σορ.1ϐ;
2667 534 2899 601 δοται,
2924 534 3015 590 tib.
3062 548 3143 604 m,
3176 552 3223 591 ι’.
3258 537 3351 610 ιι)
3379 538 3679 607 indignitate,
3703 550 3745 597 cl.

2198 624 2455 695 singulari
2489 626 2766 682 hominum
2813 628 3145 698 impudentia
3176 629 3429 684 commeti
3453 629 3746 689 Sardicenses

2202 726 2404 785 patres,
2436 718 2490 773 in
2518 733 2616 774 eos
2640 729 2696 774 ut
2715 732 2892 775 causa
2912 723 3245 786 desertores,
3275 724 3633 780 criminatores
3654 723 3745 794 pio-

2198 823 2319 863 rum
2336 811 2599 875 omnium,
2629 821 2683 866 et
2708 812 3027 868 orthodoxe
3060 813 3181 868 ﬁdei
3209 815 3568 882 adversarios,
3602 817 3753 886 justis~

2197 903 2394 956 simum
2420 905 2706 959 anathema
2729 906 3101 969 conclamant;
3126 905 3462 978 Stephanum
3500 907 3751 964 Απιίοειιθ-

2198 1012 2350 1064 num,
2385 997 2795 1068 Menopltantem
2818 999 3174 1070 Ephesinum,
3205 1001 3511 1057 Narcissum
3537 1000 3753 1057 Neronia-

2198 1087 2305 1154 dis,
2338 1088 2682 1145 Theodorum
2732 1091 3168 1156 Heracleensem,
3204 1095 3458 1149 Acacium
3501 1093 3755 1151 Caesarien-

2198 1194 2349 1247 sem,
2377 1180 2658 1238 Ursaciurn
2688 1193 2743 1239 et
2783 1182 3060 1239 Valentem
3089 1200 3157 1240 ex
3186 1186 3481 1257 episcopali
3518 1186 3671 1258 gradu
3692 1185 3757 1242 di-

2199 1283 2444 1340 movent,
2478 1275 2796 1347 Gregorium
2835 1278 3123 1347 imprimis,
3159 1279 3251 1349 qui
3298 1279 3349 1333 in
3384 1279 3756 1335 Alexandrinam

2199 1369 2384 1424 sedem
2430 1370 2653 1425 armatis
2701 1370 2961 1427 militibus
2988 1382 3176 1442 suptus
3218 1372 3486 1443 irruperat
3515 1389 3527 1425 :
3559 1373 3757 1428 Athana-

2199 1463 2339 1519 sium
2369 1473 2425 1519 et
2453 1464 2635 1519 socios
2663 1463 2979 1521 honoriﬁcis
2997 1465 3241 1536 judicnm
3273 1468 3555 1523 sententiis
3599 1480 3655 1523 ac
3686 1468 3760 1524 de-

2197 1558 2362 1613 cretis
2380 1568 2619 1639 ornatos,
2651 1573 2871 1614 suarum
2895 1560 3088 1616 iterum
3112 1559 3302 1630 jttbent
3322 1560 3659 1617 ecclesiarum
3682 1576 3758 1632 gu-

2198 1651 2487 1708 bernacula
2515 1667 2822 1724 capessere.
2857 1654 3211 1722 Homousion,
3253 1655 3624 1727 Nicmnamque
3661 1657 3763 1712 doe-

486 1753 688 1819 tog'tnta
715 1764 787 1805 ex
814 1748 1118 1813 occidente,
1148 1758 1206 1805 et
1224 1764 1295 1804 ex
1342 1750 1553 1804 oriente
1595 1749 1933 1819 septuaginta
1965 1760 2087 1802 sex.
2118 1748 2168 1813 Β
2195 1747 2417 1814 trinam,
2458 1757 2516 1802 ut
2562 1748 2730 1803 nullis
2769 1760 3019 1820 egentem
3046 1747 3288 1821 (Alliam,
3320 1764 3403 1821 ep.
3447 1750 3517 1803 tul
3540 1749 3763 1818 Antioch.)

485 1845 644 1897 Unius
671 1844 889 1917 (Athan.
916 1843 1034 1899 ead.
1055 1845 1195 1914 apol.
1215 1844 1271 1906 ἢ.
1292 1853 1339 1899 et
1361 1846 1509 1917 epist.
1538 1844 1608 1897 ad
1627 1844 1767 1898 solii.
1787 1844 1876 1899 sit.
1900 1856 2085 1911 agen.;

487 1936 697 1991 Socrat.
727 1948 775 1992 et
800 1936 1028 2003 Theod.,
1058 1937 1144 1991 ubi
1173 1936 1343 2009 sup.),
1373 1937 1731 1992 Archidamus
1754 1946 1810 1993 et
1841 1936 2091 1992 Philoxe-

486 2047 590 2087 nus
616 2031 744 2087 Julii
775 2033 999 2087 nomine
1026 2040 1313 2101 praeerant.
1341 2031 1523 2087 Adfuit
1548 2032 1801 2103 (Alliam,
1832 2030 1945 2085 loco
1962 2029 2088 2102 cit.)

483 2134 541 2179 et
573 2124 899 2180 Athanasius
924 2139 1045 2179 cum
1070 2123 1253 2193 sociis,
1285 2123 1351 2179 ad
1379 2123 1607 2179 crimina
1651 2139 1877 2194 quorum
1908 2108 2090 2194 postu-

487 2217 581 2273 lati
632 2217 862 2279 fuerant,
889 2217 1165 2273 diluenda.
1211 2217 1406 2274 Verum
1433 2218 1725 2273 orientales
1756 2218 1885 2271 Aria
1924 2218 2088 2287 pleni,

482 2324 607 2364 cum
630 2310 996 2380 intelligerent
1015 2325 1129 2367 rem
1149 2311 1413 2381 agendam
1434 2325 1556 2366 esse
1574 2311 1692 2365 sine
1718 2310 1973 2383 (δουναι,
1997 2309 2086 2364 lib.

485 2419 547 2470 ιι,
575 2421 621 2458 c.
657 2406 756 2471 t6;
786 2405 1067 2470 Athletae,
1098 2405 1241 2475 apol.
1268 2403 1337 2477 2)
1360 2404 1700 2471 Musoniano,
1725 2404 2012 2477 ﬂesycbio,
2037 2412 2095 2460 et

484 2500 759 2568 Castritio,
785 2516 1012 2572 quorum
1044 2500 1237 2556 muniti
1266 2499 1562 2565 lictoribus,
1594 2501 1969 2571 episcoporum
1997 2511 2091 2555 suo

484 2593 668 2648 lehant
694 2594 945 2650 obterere
974 2594 1276 2649 libertatem
1298 2611 1313 2648 :
1332 2593 1496 2649 diffisi
1522 2606 1723 2659 causa,
1742 2603 1795 2649 ot
1821 2592 2092 2648 scelerum

483 2686 817 2742 conscientia
846 2687 1199 2752 consternati,
1234 2697 1493 2743 venturos
1530 2684 1785 2760 (Alliam,
1822 2685 1974 2755 epist.
2021 2684 2093 2738 ad

482 2781 623 2836 solit.
650 2780 738 2835 uit.
762 2796 937 2853 agerc,
969 2790 1018 2835 et
1046 2782 1188 2853 apol.
1214 2780 1273 2852 ε)
1300 2796 1360 2837 se
1386 2782 1439 2837 in
1486 2780 1679 2853 synodi
1715 2789 2087 2851 conspectum,

483 2871 588 2928 nisi
618 2873 767 2944 prius
802 2874 1093 2930 Athanasio
1121 2887 1177 2930 et
1203 2874 1367 2930 sociis
1390 2872 1460 2930 de
1485 2874 1665 2931 medio
1696 2874 1884 2944 pulsis,
1912 2874 2090 2945 palam

483 2975 767 3038 negarunt.
807 2969 961 3038 Quod
981 2984 1105 3025 eum
1135 2969 1488 3026 Sardicenses
1514 2978 1694 3040 patres
1733 2969 1803 3026 de
1832 2971 2092 3025 innoceno

484 3062 626 3118 tibus
646 3078 710 3119 ac
735 3065 1092 3120 unctissimis
1116 3064 1267 3128 viris,
1293 3064 1513 3134 jamque
1540 3063 1593 3118 in
1621 3063 1919 3120 Romanam
1945 3077 2091 3119 com-

2195 1840 2541 1908 assumentis,
2564 1841 2659 1898 sed
2702 1843 2939 1897 numeris
2966 1842 3217 1899 omnibus
3239 1844 3564 1909 absolutam,
3585 1843 3765 1915 religio-

2196 1936 2429 1993 sissimis
2456 1935 2939 1994 acclamationibus
2967 1937 3326 2008 comprobant
3347 1956 3358 1991 :
3378 1938 3622 1993 tabellam
3646 1953 3765 2004 vero,

2196 2044 2261 2085 ac
2287 2045 2479 2085 novam
2524 2031 2829 2099 formulam,
2861 2046 3019 2101 quam
3076 2030 3373 2087 adversarii
3415 2031 3683 2096 ﬁnxerunt,
3725 2038 3768 2086 et

2197 2125 2415 2180 nomine
2448 2126 2642 2197 synodi
2669 2126 3011 2182 Sardicensis
3030 2124 3332 2193 ediderant,
3365 2136 3424 2181 ut
3444 2127 3766 2182 adulterinum

2196 2233 2259 2273 ac
2288 2219 2683 2290 supposititiam
2710 2220 2993 2290 abrogant,
3035 2229 3195 2292 atque
3223 2218 3539 2276 rescindunt
3569 2238 3582 2273 :
3614 2219 3767 2291 viginti

2196 2310 2429 2382 denique
2473 2328 2709 2369 canones
2736 2314 2755 2388 (
2781 2311 2957 2369 Nicol.
2984 2312 3026 2381 1,
3069 2332 3151 2388 ep.
3202 2332 3279 2382 ιι,
3322 2316 3393 2370 ad
3434 2313 3692 2383 Photium,
3734 2323 3771 2368 et

2199 2402 2418 2477 Dionys.
2448 2406 2626 2479 Exig.,
2656 2410 2708 2470 in
2734 2408 2938 2480 prwfal.
2969 2412 3247 2482 canonum)
3276 2426 3454 2478 grwce
3480 2419 3534 2467 et
3553 2411 3699 2466 latine
3722 2410 3765 2464 in
3855 2434 3861 2444 ο

2197 2515 2541 2556 communem
2584 2501 2841 2557 Ecclesia:
2872 2501 3159 2558 utilitatem
3189 2505 3441 2560 sanciunt
3472 2523 3487 2559 :
3519 2505 3770 2574 omniaque

2204 2609 2312 2663 quo
2340 2593 2530 2649 ordine
2546 2605 2696 2666 gesta
2719 2605 2863 2661 sunt,
2881 2594 3166 2666 diligenter
3187 2597 3551 2665 perscribunt,
3576 2598 3768 2668 primunt

2197 2683 2370 2757 (apud
2421 2682 2692 2757 Crescon.)
2736 2685 2875 2742 Julio
2904 2686 3151 2743 Romano
3176 2688 3439 2760 pontiﬁci,
3487 2691 3771 2760 ceterisque

2198 2776 2361 2850 (apud
2383 2777 2658 2846 ΑιΙιαηαε..
2683 2779 2821 2851 apol.
2853 2778 2911 2852 2)
2937 2780 3233 2852 episcopis;
3269 2791 3329 2837 ut
3371 2782 3439 2839 iis
3468 2799 3600 2855 quos
3618 2781 3770 2839 Ariani

2197 2868 2549 2941 injustissime
2593 2881 2941 2940 vexaverant,
2986 2874 3176 2929 solatio
3203 2890 3265 2931 ac
3302 2876 3553 2947 perfugio
3579 2884 3769 2932 essent:

2196 2962 2390 3019 deinde
2420 2962 2799 3021 Alexandrina:
2823 2966 3090 3035 ecclesiae,
3137 2968 3289 3039 cujus
3317 2978 3602 3042 tantopere
3635 2971 3772 3026 inter-

2194 3065 2343 3121 erat,
2397 3070 2747 3128 qutecumque
2791 3056 2857 3113 ad
2896 3058 3173 3115 Athanasii
3221 3076 3442 3118 causam
3493 3062 3774 3135 spectabant

483 3158 797 3212 munionem
826 3158 1081 3228 receptis,
1112 3157 1412 3212 abnuerent
1434 3157 1787 3221 constituere,
1834 3158 2088 3213 Arianoso
2116 3156 2164 3223 ο
2196 3166 2302 3206 non
2333 3151 2582 3222 ignorare
2610 3170 2621 3206 :
2652 3162 2761 3207 tum
2794 3152 3072 3209 Constanti
3124 3156 3384 3227 Augusto,
3416 3159 3508 3230 qui
3540 3158 3770 3229 (Somn,

481 3264 589 3321 que
608 3250 800 3305 iterum
826 3261 987 3322 atque
1014 3253 1205 3306 iterum
1232 3251 1717 3317 commonuissent,
1748 3261 1804 3304 ut
1832 3264 1865 3305 e
1890 3250 2090 3321 palatio

482 3357 593 3415 quo
620 3357 740 3397 sese
769 3341 1014 3415 (Albam,
1045 3342 1132 3397 ubi
1161 3341 1307 3415 sup.)
1337 3342 1673 3409 abdiderant,
1711 3343 1989 3412 prodirent
2036 3343 2089 3398 in

481 3433 743 3500 medium,
776 3434 973 3505 ﬂagitia
995 3449 1119 3506 qua:
1151 3433 1447 3490 Athanasio
1488 3435 1853 3501 intenderant,
1888 3434 2088 3505 proba-

484 3530 623 3595 turi;
654 3528 888 3601 alioquin
918 3530 1067 3599 ipsos
1097 3543 1310 3584 reorum
1358 3529 1480 3584 loco
1506 3528 1783 3586 habendos
1810 3542 1933 3583 esse
1964 3543 1977 3581 :
2012 3527 2095 3584 illi

483 3632 593 3677 tam
626 3623 954 3693 incorruptis
993 3623 1233 3694 judicum
1283 3621 1552 3678 subselliis
1576 3636 1664 3677 res
1694 3636 1820 3677 suas
1864 3622 2089 3677 credere

482 3734 595 3772 non
618 3718 759 3783 ausi,
781 3718 917 3773 clam
945 3716 1200 3791 (Socrat.,
1221 3716 1310 3772 lib.
1355 3731 1415 3783 ιι,
1439 3732 1556 3787 cap.
1585 3716 1681 3781 l6;
1715 3716 1952 3783 Sozam,
1993 3715 2083 3769 lib.

484 3826 564 3877 In,
582 3828 629 3864 ε.
650 3809 742 3883 10)
766 3810 1176 3882 Philippopolim
1194 3808 1433 3882 (Attium,
1454 3826 1537 3880 ep.
1556 3810 1625 3865 ad
1642 3809 1906 3880 Antioch.)
1924 3808 2089 3865 Thra-

481 3909 580 3961 cia:
610 3905 882 3975 defugere.
912 3903 1012 3960 Ubi
1036 3903 1297 3975 (Sasona,
1328 3903 1419 3957 lib.
1448 3917 1529 3970 tn,
1550 3918 1595 3957 ε.
1646 3902 1749 3973 10)
1777 3916 1913 3957 nova
1960 3901 2087 3957 ﬁdei

482 3999 736 4065 formula,
779 4000 924 4053 velut
951 3997 1020 4052 ad
1065 3996 1393 4067 explendum
1423 3996 1565 4067 quod
1597 3996 1830 4051 Nictcna:
1877 3995 2083 4061 deerat,

478 4096 647 4163 edita,
672 4094 997 4151 damnarunt
1027 4090 1394 4157 ﬂomousion;
1431 4091 1694 4145 adversus
1727 4088 2084 4144 Athanasium

480 4199 537 4245 et
562 4192 745 4243 socios
770 4203 870 4242 sua
890 4186 1111 4242 decreta
1135 4183 1560 4247 conﬁrmarunt;
1590 4182 1754 4247 Julia,
1786 4182 1937 4249 Osiri,
1979 4197 2086 4238 eteo

481 4285 721 4355 terisque
743 4281 1025 4339 Athanasii
1052 4279 1350 4337 fautoribus
1373 4278 1664 4334 edixerunt
1688 4277 2003 4343 anathema,
2031 4284 2089 4333 et

478 4376 785 4448 episcopale
844 4388 1038 4431 nomen
1069 4373 1165 4445 (S.
1207 4372 1369 4443 Aag.,
1416 4370 1507 4425 lib.
1549 4386 1611 4425 ιιι
1637 4380 1774 4424 cont.
1816 4369 2083 4435 Crucem,

2197 3242 2286 3298 lib.
2321 3260 2381 3312 ιι,
2415 3262 2461 3299 c.
2494 3244 2594 3317 18)
2623 3262 2748 3302 mox
2776 3262 2872 3317 per
2909 3247 3116 3305 litteras
3144 3253 3252 3322 egit
3294 3268 3419 3307 cum
3469 3252 3631 3310 fratre
3659 3251 3773 3309 Con-

2193 3336 2415 3405 stantio,
2444 3347 2502 3393 ut
2524 3337 2686 3411 (quod
2716 3350 2768 3395 et
2800 3350 2984 3397 sancta
3013 3342 3251 3415 synodus
3279 3345 3527 3417 (At/iam,
3549 3349 3687 3419 epist.
3712 3344 3767 3401 ad

2193 3431 2334 3485 salit.
2362 3432 2453 3486 vit.
2482 3430 2659 3505 agen.)
2687 3433 2867 3489 missis
2896 3434 2962 3489 ad
2991 3450 3115 3492 eum
3161 3437 3437 3509 Euphrala
3471 3440 3771 3512 Agrippinae.

2192 3532 2248 3579 et
2303 3524 2583 3580 Vincentio
2625 3522 2823 3597 Capua:
2853 3528 3141 3599 episcopis,
3192 3530 3452 3605 rogabat)
3512 3531 3773 3588 Athanasio

2190 3631 2243 3676 et
2287 3618 2449 3675 sociis
2481 3629 2668 3674 contra
2711 3618 2788 3675 fas
2829 3632 2881 3676 et
2905 3620 2994 3693 jus
3021 3638 3181 3678 omne
3223 3624 3468 3695 depulsis
3506 3627 3616 3683 suis
3649 3619 3774 3681 reddi

2192 3712 2448 3769 ecclesias
2480 3714 2790 3782 imperaret.
2825 3714 3002 3786 Atque
3031 3714 3117 3771 hic
3148 3718 3245 3773 fuit
3272 3720 3470 3791 synodi
3510 3720 3769 3777 Sardicen-

2191 3806 2267 3863 sis
2295 3807 2493 3863 exitus.
2526 3807 2793 3876 Quoniam
2822 3818 3003 3865 autem
3036 3809 3168 3865 nihil
3195 3827 3418 3883 novum,
3447 3812 3597 3887 quod
3632 3813 3692 3867 ad
3720 3813 3770 3865 ﬁ-

2191 3901 2310 3957 dem
2344 3902 2660 3972 pertineret,
2690 3902 2740 3956 in
2768 3903 2867 3958 hac
2887 3903 3096 3976 synodo
3125 3907 3388 3962 sancitum
3420 3907 3548 3977 fuit,
3579 3903 3774 3980 θωμ-

2190 3993 2357 4061 than.,
2381 3995 2529 4063 epist.
2558 3995 2626 4049 ad
2646 3993 2911 4069 Antioch.)
2941 4012 3115 4053 novus
3156 3997 3280 4054 ﬁdei
3316 4000 3581 4058 articulus
3618 3999 3769 4071 espli-

2189 4098 2362 4154 catus,
2390 4086 2484 4143 scd
2517 4104 2577 4143 ea
2606 4096 2809 4144 tantum
2840 4090 2993 4145 novis
3014 4089 3283 4164 suﬁ‘ragiis
3313 4093 3553 4149 stabilita
3583 4109 3642 4149 ac
3665 4108 3774 4148 con-

2191 4184 2424 4249 ﬁrmata,
2464 4198 2584 4254 qum
2614 4195 2793 4254 patres
2834 4184 2885 4238 in
2917 4182 3132 4240 Nicmna
3180 4187 3388 4260 synodo
3425 4189 3773 4245 tradiderant:

2191 4284 2473 4345 propterea
2502 4274 2738 4347 synodus
2758 4274 3115 4346 Sardicensis,
3150 4280 3271 4335 licet
3295 4294 3363 4335 ex
3393 4290 3513 4336 toto
3537 4281 3646 4337 fere
3666 4278 3773 4334 orbe

2189 4367 2438 4430 collecta.
2485 4382 2700 4439 semper
2731 4378 3000 4441 tamquam
3037 4388 3159 4442 pars
3185 4373 3574 4447 appendixque
3598 4369 3773 4430 Niczni

475 4489 524 4526 ιτ.
558 4468 650 4540 54,
680 4480 727 4525 et
751 4470 899 4542 epist.
934 4468 1075 4539 265)
1099 4466 1448 4537 ahrogarunt.
1477 4465 1607 4532 Quae
1648 4464 1949 4535 omniaque
1965 4463 2084 4533 plus
2189 4462 2402 4518 concilii
2439 4459 2537 4518 fuit
2564 4461 2777 4531 habita;
2810 4480 2932 4519 cum
2962 4468 3141 4522 omnia
3186 4483 3305 4538 qua:
3336 4468 3404 4523 de
3437 4469 3549 4526 ﬁde
3587 4468 3772 4524 luerunt

478 4562 741 4619 haberent
761 4562 1099 4619 auctoritatis
1114 4574 1179 4615 ac
1198 4557 1477 4629 ponderis,
1500 4556 1566 4612 ad
1589 4556 1967 4612 hereticorum
1988 4554 2085 4610 do-
2109 4562 2164 4625 ι)
2191 4553 2430 4623 deﬁnita,
2458 4557 2523 4612 ad
2554 4557 2695 4611 illius
2722 4558 2938 4615 decreta
2963 4561 3224 4617 servanda
3255 4562 3583 4619 referantur.
3614 4560 3773 4630 Itaque

479 4658 567 4711 los
603 4655 873 4722 conversi,
906 4662 1178 4726 tamquam
1218 4663 1337 4707 acta
1376 4659 1639 4722 gestaque
1674 4650 1728 4703 in
1777 4646 2085 4704 Sardicensi
2191 4649 2318 4706 licet
2350 4651 2463 4705 haec
2488 4652 2726 4723 synodus
2754 4650 2927 4707 altera
2954 4651 3163 4708 fuerita
3198 4651 3439 4718 Nicaeus,
3473 4663 3648 4709 tamen
3670 4653 3772 4719 quia

475 4752 707 4827 synodo,
734 4751 890 4823 cujus
913 4752 1211 4808 abutuntur
1228 4749 1469 4815 nomine,
1492 4745 1561 4801 ad
1592 4746 1863 4800 Donatum
1884 4742 2080 4815 (Epist.
2189 4760 2294 4801 non
2327 4759 2492 4801 novas
2520 4747 2758 4817 suscepit
2784 4746 2912 4802 ﬁdei
2944 4746 3027 4803 vel
3060 4746 3317 4804 Ecclesia:
3340 4764 3562 4815 causas,
3593 4745 3681 4804 sed
3695 4744 3771 4802 Ni-

474 4846 661 4902 concil.
715 4844 1011 4912 Ser-dicem,
1059 4845 1198 4917 apud
1250 4843 1466 4907 Alliam,
1512 4840 1723 4911 apolog.
1761 4839 1829 4904 ες
1873 4847 1920 4892 et
1948 4837 2084 4892 idem
2186 4854 2337 4895 cena:
2368 4848 2571 4894 tantum
2607 4836 2730 4895 ﬁdei
2760 4839 2981 4895 tutelam
3012 4855 3077 4897 ac
3113 4842 3498 4911 patrocinium,
3530 4852 3606 4909 et,
3634 4844 3773 4895 utest

474 4941 666 4997 Atium.
689 4939 749 4995 in
765 4939 912 5012 epist.
936 4939 1004 4992 ad
1030 4939 1168 4993 colit.
1188 4939 1277 4994 vit.
1301 4951 1487 5010 agem;
1510 4937 1714 4993 Somn.
1740 4933 1830 4989 lib.
1858 4948 1917 5000 ιι,
1932 4931 2078 5000 alii;

470 5039 709 5104 Soram,
738 5035 826 5091 lib.
856 5048 940 5102 ιιι,
972 5052 1019 5088 c.
1038 5033 1130 5107 11)
1157 5044 1279 5090 tunc
1298 5034 1587 5090 catholicae
1610 5032 1868 5089 Ecclesia:
1898 5030 2077 5087 infert-

470 5134 745 5188 sissimum
786 5128 843 5185 in
879 5127 1081 5193 Africa,
1110 5137 1171 5182 ut
1200 5128 1377 5197 ipsum
1402 5128 1516 5183 suis
1542 5126 1900 5197 adjungerent
1950 5139 2072 5197 par-

473 5226 634 5291 tibus,
692 5225 1088 5299 perscripsere;
1117 5224 1328 5279 tametsi
1373 5237 1437 5278 es
1465 5222 1617 5277 haus
1656 5222 2075 5293 haudquaquam

470 5320 721 5376 fefellerit
749 5319 1034 5376 Africanos
1062 5325 1263 5390 patres.
1315 5310 1447 5370 Nam
1479 5316 1639 5384 longe
1664 5325 1789 5385 post
1828 5326 2077 5384 tempore

469 5428 592 5469 cum
624 5414 912 5470 Donatista:
941 5428 1008 5471 eo
1037 5410 1291 5474 concilio,
1328 5406 1475 5481 quod
1508 5416 1755 5463 eoactum
1805 5408 1976 5466 fuerat
1999 5408 2073 5464 ab

469 5506 707 5574 Arimis,
728 5508 781 5561 in
810 5520 923 5563 sua:
946 5520 1125 5562 causa:
1148 5501 1503 5577 patrocinium
1524 5501 1728 5556 vellent
1749 5501 1918 5567 abuti,
1937 5515 2071 5556 con-

470 5602 622 5657 tinuo
651 5601 713 5656 Β.
736 5600 1068 5672 Augustinus
1093 5613 1160 5656 ex
1194 5596 1529 5670 iniquissima
1557 5593 1685 5651 Julii
1707 5603 1761 5650 et
1788 5593 2075 5649 Atmsii

468 5695 942 5764 condemnatione,
964 5709 1085 5765 quae
1105 5703 1375 5765 tamquam
1401 5690 1457 5747 in
1481 5688 1811 5746 eoeoneilio
1822 5687 1965 5744 facta
1982 5702 2079 5744 re-

468 5789 756 5855 citalta‘tur,
779 5797 916 5859 opus
939 5803 1006 5843 es
1030 5788 1225 5843 Ariona
1244 5785 1459 5842 ofﬁcina
1481 5783 1749 5857 proditore
1768 5781 2075 5855 deprehen-

2185 4933 2238 4989 in
2269 4934 2500 4990 concilio
2544 4933 2975 4991 Cltalccdonensi
3008 4933 3163 5005 (Act.
3186 4936 3320 5007 xvr),
3352 4934 3675 4991 Arianorum
3700 4947 3774 4988 re-

2184 5024 2379 5097 liquias
2398 5029 2726 5099 oppugnavit
2754 5046 2766 5082 :
2801 5039 2853 5084 et
2888 5031 3009 5099 quia
3041 5029 3277 5099 ipsorum
3309 5027 3705 5088 Sardicensium
3726 5033 3771 5082 et

2175 5119 2515 5176 Nicmnorum
2568 5130 2775 5194 patrum
2825 5137 2928 5177 una
2981 5121 3078 5177 fuit
3122 5124 3413 5190 sententia,
3456 5140 3567 5180 una
3612 5136 3766 5185 meas,

2177 5233 2314 5274 unus
2355 5221 2606 5291 spiritus;
2655 5221 2856 5275 idcirco
2898 5219 3222 5277 Sardicense
3252 5221 3547 5278 concilium
3591 5213 3769 5277 Nicrni

2174 5317 2395 5373 nomine
2418 5333 2445 5372 a
2462 5316 3159 5388 multiscomprehenditur,
3190 5314 3770 5388 quemadmodnmurbs

2172 5425 2239 5467 ac
2265 5410 2413 5466 urbis
2441 5410 2920 5481 propugnaculum,
2951 5425 3055 5465 una
3084 5424 3175 5465 res
3202 5411 3415 5466 censeri
3436 5408 3585 5467 solet
3610 5422 3672 5464 ac
3689 5419 3768 5462 ao-

2176 5503 2392 5558 minari.
2436 5502 2799 5571 Quamobrem
2832 5502 3016 5575 (epist.
3063 5502 3132 5555 ad
3175 5501 3362 5568 Victr.,
3409 5519 3454 5559 c.
3511 5502 3586 5576 5)
3632 5501 3771 5557 Ιηιιο*

2174 5598 2383 5655 centius
2410 5604 2466 5653 et
2494 5594 2800 5670 (Carthag.,
2829 5610 2905 5663 vr,
2935 5613 2983 5651 c.
3015 5594 3051 5653 5
3076 5602 3124 5651 et
3149 5595 3281 5670 seq.)
3315 5594 3573 5654 Zosimus
3599 5593 3766 5653 Sardi-

2176 5705 2367 5747 censes
2411 5704 2655 5747 canones
2696 5690 2975 5762 appellant
3021 5689 3296 5756 Nisaeos,
3340 5697 3399 5747 ut
3436 5707 3513 5747 ex
3556 5688 3767 5748 concilio

2176 5790 2332 5839 sexto
2357 5781 2766 5855 Carthaginensi
2804 5790 3049 5855 apparet.
3104 5782 3363 5841 Eamdem
3400 5782 3766 5841 iteradum
