4010 6306
536 250 676 307 1519

1603 246 1802 306 OSIUS
1843 249 2216 308 EPISCOPUS
2252 251 2747 312 CURDUBENSIS.

3680 257 3787 314 ιδιο

530 367 698 422 τοίνυν
725 368 933 443 ἀρέσκει
956 367 987 425 ri
1011 368 1187 439 γνώμη
1209 365 1362 430 αὕτη,
1387 366 1744 442 ἀποκρίνασθε.
1774 368 2127 440 ἀπεκρίναντο·

2240 367 2444 437 placeat
2495 369 2784 434 sententia,
2831 367 3174 438 respondete.
3222 365 3627 438 Responderunt
3659 387 3670 423 :
3699 369 3792 424 Pla-

534 461 610 514 Τά
624 460 873 532 λεχθέντα
897 461 1099 537 ἤρεσεν.

599 551 663 624 γ’.
686 549 862 614 Ὀσιος
878 555 1157 614 ἐπίσκοπος
1181 548 1309 609 εἶπεν
1334 556 1600 608 καὶτοῦτο
1613 554 1954 629 προστεθῆναι
1973 555 2132 625 ἀναγ-

530 652 698 709 καῖον,
722 647 807 700 ἵνα
832 645 1009 719 μηδείς
1049 648 1345 703 ἐπισκόπων
1386 648 1488 703 ἀπὸ
1521 655 1612 708 τῆς
1649 647 1834 702 ἑαυτοῦ
1865 648 2134 721 ἐπαρχίας

529 741 599 800 εἰς
625 739 800 816 ἑτέραν
829 742 1113 817 ἐπαρχίαν,
1141 742 1194 795 έν
1281 741 1635 814 τυγχάνουσιν
1667 737 1808 802 ὄντες
1836 742 2129 806 ἐπίσκοποι,

529 830 767 909 διαϐαίνῃ
787 875 800 899 ,
834 836 878 889 εἰ
915 840 984 908 μή
1019 855 1099 889 τοι
1123 835 1271 911 παρά
1298 841 1399 890 τῶν
1425 831 1647 907 ἀδελφῶν
1676 842 1774 889 τῶν
1804 834 1990 888 ἑαυτοῦ
2015 834 2130 892 κλη-

528 926 654 994 θείη,
687 925 770 983 διά
799 928 858 983 τὸ
886 933 954 999 μη
985 926 1149 982 δοκεῖν
1183 929 1318 998 ἡμᾶς
1356 929 1451 989 τάς
1488 935 1582 988 τῆς
1613 930 1817 1001 ἀγάπης
1853 927 2133 982 ἀποκλείειν

528 1019 716 1082 πύλας.
748 1023 841 1076 Καί
877 1026 1031 1077 τοῦτο
1053 1018 1108 1076 δέ
1138 1022 1392 1084 ὡσαύτως
1425 1023 1731 1100 προνοητέον
1752 1061 1766 1081 ,
1807 1022 1939 1076 ὥστε
1971 1021 2056 1074 ἐάν
2080 1017 2132 1074 ἕν

526 1135 623 1171 τινι
648 1115 882 1191 ἐπαρχίᾳ
903 1114 1193 1172 ἐπισκόπων
1218 1136 1297 1176 τις
1318 1109 1558 1186 ἄντικρυς
1585 1112 1803 1187 ἀδελφοῦ
1829 1113 2017 1169 ἑαυτοῦ
2045 1115 2133 1168 καί

527 1207 910 1263 συνεπισκόπου
948 1212 1168 1284 πρᾶγμα
1197 1211 1390 1278 σχοίη,
1425 1204 1702 1280 μηδέτερον
1726 1207 1782 1261 έκ
1809 1207 2002 1262 τούτων
2031 1205 2132 1260 ἀπὸ

526 1303 703 1380 ἐτέρας
732 1305 999 1377 ἐπαρχίας
1030 1303 1344 1364 ἐπισκόπους
1373 1303 1719 1376 ἐπιγνώμονας
1756 1302 2126 1358 έπικαλεῖσθαι.

525 1397 570 1452 εἰ
603 1395 657 1452 δέ
690 1394 792 1474 ἄρα
821 1418 899 1457 τις
926 1397 1217 1452 ἐπισκόπων
1237 1395 1289 1450 ἕν
1318 1418 1414 1452 τινι
1443 1397 1711 1472 πράγματι
1740 1393 1859 1471 δόξῃ
1884 1395 2133 1470 κατακρί-

523 1491 697 1546 νεσθαι
719 1530 733 1554 ,
771 1492 858 1544 καί
893 1489 1245 1562 ὑπολαμϐάνει
1274 1489 1459 1545 ἑαυτὸν
1488 1495 1558 1561 μή
1584 1490 1794 1565 σαθρόν,
1828 1489 1954 1543 ἀλλά
1983 1489 2129 1544 καλὸν

524 1580 670 1654 ἔχειν
696 1585 756 1638 τὸ
798 1588 1018 1658 πρᾶγμα
1037 1623 1050 1646 ,
1076 1584 1160 1637 ’ίνα
1203 1586 1289 1637 καί
1323 1577 1465 1642 αὖθις
1508 1584 1540 1640 ἡ
1579 1585 1745 1658 κρίσις
1772 1583 2057 1657 ἀνανεωθῃ⁶
2084 1585 2130 1637 εἰ

525 1673 667 1732 δοκεῖ
688 1677 830 1751 ὑμῶν
855 1685 917 1750 τῇ
945 1678 1142 1751 ἀγάπῃ,
1172 1678 1361 1754 Πέτρου
1383 1682 1474 1732 τοῦ
1497 1676 1785 1732 ἀποστόλου
1813 1681 1907 1735 τήν
1931 1680 2127 1750 μνήμην

523 1775 854 1844 τιμήσωμεν,
886 1775 974 1826 καί
1007 1779 1257 1847 γραφῆναι
1300 1772 1448 1848 παρά
1485 1772 1680 1825 τούτων
1707 1777 1806 1826 τῶν
1851 1772 2126 1849 κρινάντων

522 1863 708 1939 Ἰουλίῳ
731 1875 805 1940 τῷ
843 1867 1108 1938 έπισκόπῳ
1127 1864 1320 1937 Ῥώμης
1339 1907 1353 1927 ,
1387 1868 1521 1922 ὥστε
1550 1864 1636 1922 διά
1673 1875 1774 1922 τών
1797 1869 2125 1940 γειτνιώντων

523 1967 586 2034 τῇ
610 1960 850 2035 ἐπαρχίᾳ
878 1959 1193 2024 ἐπισκόπων,
1225 1961 1268 2013 εί
1294 1957 1417 2023 δέοι,
1449 1961 1781 2018 ἀνανεωθῆναι
1800 1961 1860 2014 τὸ
1885 1956 2124 2017 δικαστή-

523 2071 653 2127 ριον,
680 2055 766 2106 καί
791 2054 1138 2126 ἐπιγνώμονας
1173 2054 1326 2115 αὐτός
1353 2055 1651 2127 παράσχοι.
1680 2056 1722 2108 εί
1743 2052 1797 2108 δέ
1827 2059 1896 2125 μὴ
1924 2062 2124 2113 συστῆ-

523 2165 608 2199 ναι
631 2145 848 2202 δύναται
880 2152 1106 2200 τοιοῦτον
1129 2147 1286 2202 αὑτοῦ
1320 2142 1448 2200 εἶναι
1474 2147 1534 2200 τό
1569 2151 1818 2221 πρᾶγμα,
1848 2148 1916 2223 ώς
1950 2145 2124 2200 παλιν-

525 2235 690 2300 δικίας
721 2244 956 2316 χρῄζειν,
984 2243 1051 2296 τά
1077 2239 1216 2307 ἅπαξ
1240 2245 1505 2318 κεκριμένα
1531 2246 1599 2314 μή
1627 2242 1950 2309 ἀναλύεσθαι,
1983 2244 2048 2298 τά
2071 2241 2126 2298 δέ

525 2327 666 2396 ὄντα,
693 2331 884 2402 βέϐαιοι
907 2334 1214 2404 τυγχάνειν.

594 2423 656 2480 δ’.
696 2421 874 2488 Ὀσιος
897 2427 1180 2488 ίπίσκοπος
1209 2423 1364 2482 εἶπεν’
1399 2425 1631 2501 Ἠρεσε-ν,
1657 2426 1721 2481 ἶν’
1747 2425 1891 2488 εἴτις
1917 2430 2126 2484 έπίσκο-

522 2538 618 2579 πος
646 2520 1009 2593 καταγγελθείη
1026 2561 1040 2587 ,
1070 2524 1159 2575 καὶ
1199 2523 1648 2597 συναθροισθέντες
1678 2523 1722 2576 οἱ
1743 2524 2016 2578 ἐπίσκοποι
2034 2532 2126 2584 τῆς

522 2611 717 2687 ἐνορίας
742 2620 834 2673 τῆς
860 2615 1047 2676 αὐτῆς,
1087 2619 1181 2667 τοῦ
1215 2613 1416 2686 βαθμοῦ
1454 2615 1602 2668 αὐτὸν
1641 2617 2009 2679 ἀποκινήσωσι,
2042 2618 2126 2670 καί

523 2705 700 2781 ὥσπερ
761 2707 1163 2778 ἐπικαλεσάμενος
1199 2709 1459 2782 καταφύγῃ
1500 2710 1585 2762 έπί
1618 2708 1706 2762 τὸν
1732 2711 2126 2786 μακαριώτατον

520 2807 613 2860 ri:
639 2797 893 2872 Ῥωμαίων
914 2800 1186 2861 ἐκκλησίας
1218 2801 1499 2856 ἐπίσκοπον
1517 2843 1530 2865 ,
1552 2805 1640 2856 καί
1669 2801 1934 2874 βουληθείη
1965 2803 2124 2856 αὐτοῦ

520 2887 824 2958 διακοῦσαι,
867 2891 1056 2949 δίκαιόν
1085 2913 1139 2948 τε
1179 2888 1305 2948 εἶναι
1330 2897 1514 2968 νομίσῃ
1557 2895 1943 2950 ἀνανεώσασθαι
1970 2897 2126 2950 αὐτοῦ

519 2988 610 3041 τήν
637 2985 867 3049 ἐξέτασιν
893 2992 984 3042 τοῦ
1013 2989 1340 3063 πράγματος,
1371 2989 1576 3064 γράφειν
1605 2990 1808 3050 τούτοις
1837 2997 1950 3050 τοῖς
1975 3009 2127 3044 συνε-

518 3079 795 3140 πισκόποις
821 3081 1146 3154 καταξιώσῃ,
1179 3089 1286 3141 τοῖς
1317 3083 1701 3152 ἀγχιστεύουσι
1744 3090 1807 3157 τῇ
1857 3083 2088 3158 ἐπαρχίᾳ
2107 3121 2122 3145 ,

2236 473 2354 517 cem
2389 478 2509 533 qua:
2534 462 2673 518 dicta
2702 472 2849 518 sunt.

2311 553 2397 609 Ill.
2419 555 2578 610 Osius
2593 556 2879 626 episcopus
2896 553 3026 609 dixit
3048 570 3062 606 :
3088 552 3189 608 hoc
3203 568 3418 623 quoque
3439 553 3719 608 necessario
3731 564 3793 609 est

2235 644 2614 716 adjiciendum,
2659 656 2715 702 ιιι
2750 647 2928 702 nullus
2955 646 3332 717 episcoporum
3355 659 3420 701 ex
3447 660 3540 699 sua
3568 645 3797 714 provincia

2237 739 2289 794 in
2339 741 2498 795 aliam
2533 741 2886 810 provinciam,
2920 741 2970 796 in
3001 756 3102 810 qua
3134 750 3260 794 sunt
3280 739 3542 810 episwpi,
3573 750 3792 805 transeat;

2237 831 2336 886 "iri
2363 834 2544 903 utique
2568 848 2597 886 a
2620 835 2732 888 suis
2751 833 3005 888 fratribus
3026 840 3278 895 vocetur;
3306 846 3371 885 ne
3392 829 3660 885 videamur
3672 829 3797 884 dilec-

2238 928 2398 981 tionis
2430 928 2570 982 fores
2601 926 2874 982 claudere.
2912 926 3026 980 lloc
3050 935 3227 980 autem
3252 926 3412 979 etiam
3437 921 3673 977 similiter
3699 938 3774 992 pro

2237 1019 2523 1076 videndum
2554 1029 2660 1087 est,
2687 1029 2748 1075 ut
2777 1021 2819 1075 si
2859 1021 2911 1074 in
2955 1019 3132 1090 aliqua
3161 1019 3434 1090 provincia
3464 1018 3796 1085 episcoponun

2235 1115 2498 1184 quispiam
2521 1113 2779 1170 adversus
2823 1113 3039 1168 fratrem
3067 1128 3222 1168 suum
3254 1121 3309 1166 et
3328 1110 3690 1180 coepiscopum
3723 1124 3798 1164 nc-

2233 1221 2435 1278 gottum
2453 1207 2669 1270 habeat,
2701 1219 2891 1262 neuter
2919 1206 3037 1276 (aL,
3071 1220 3140 1260 ne
3167 1220 3309 1259 unus
3338 1220 3367 1257 e
3392 1200 3617 1272 duobus)
3643 1216 3794 1255 eorum

2234 1318 2299 1357 ex
2324 1301 2428 1356 alia
2460 1300 2733 1372 provincia
2761 1303 3045 1371 ονὶετομυς.
3070 1300 3375 1368 cognitores
3404 1308 3610 1352 evocet.
3641 1295 3798 1364 Siquis

2232 1408 2411 1452 autem
2450 1399 2825 1468 episcoporum
2853 1397 2904 1450 in
2945 1397 3124 1465 aliquo
3153 1393 3370 1464 negotio
3398 1389 3799 1446 condemnandus

2236 1491 2378 1546 visus
2409 1489 2592 1556 fuerit,
2623 1502 2674 1545 et
2704 1491 2982 1546 esiSIimet
3021 1505 3079 1544 se
3111 1505 3215 1542 non
3266 1487 3486 1548 malam,
3519 1485 3610 1540 sed
3640 1485 3796 1539 bonam

2231 1596 2447 1636 causam
2481 1582 2700 1648 habere,
2733 1592 2790 1637 ut
2817 1583 2975 1636 etiam
3006 1596 3191 1636 rursus
3223 1578 3486 1651 judicium
3517 1584 3795 1632 renovetur.

2231 1673 2276 1728 si
2299 1684 2492 1729 vestra:
2516 1676 2788 1730 dilectioni
2821 1673 3052 1741 videtur,
3077 1673 3222 1728 Petri
3261 1672 3491 1745 apostoli
3524 1668 3794 1725 memoriam

2158 1761 2202 1822 Β
2230 1767 2577 1831 honoremus,
2614 1777 2671 1823 ut
2698 1768 2765 1822 ab
2798 1768 2862 1822 iis
2888 1770 2974 1837 qni
3001 1768 3403 1838 judicaverunt,
3451 1765 3700 1818 scribatur
3719 1760 3795 1816 Ju-

2229 1861 2302 1916 lio
2325 1861 2692 1917 Romanorum
2721 1863 3011 1932 cpisciipo;
3056 1871 3110 1917 ct
3139 1877 3232 1929 per
3260 1860 3588 1930 prepinquos
3614 1856 3792 1925 provin-

2228 1954 2326 2009 ciae
2347 1954 2650 2026 episCttpOS,
2675 1955 2719 2010 si
2741 1971 2875 2024 Opus
2896 1957 2985 2019 sit,
3009 1954 3267 2024 judicium
3296 1961 3614 2016 renovetur;
3635 1960 3682 2004 et
3698 1964 3796 2016 cog-

2231 2047 2436 2101 nitores
2477 2049 2591 2119 ipse
2617 2049 2876 2118 pra-beat.
2925 2050 2978 2103 Si
3019 2057 3196 2103 autem
3241 2047 3455 2117 probari
3503 2059 3604 2098 non
3633 2050 3792 2114 potest,

2229 2157 2444 2196 causam
2468 2143 2583 2211 ejus
2605 2158 2724 2198 esse
2757 2142 2941 2212 talem,
2975 2153 3032 2196 ut
3058 2158 3176 2196 eam
3209 2159 3398 2196 rursus
3433 2140 3652 2210 judicari
3687 2153 3794 2206 opus

2230 2236 2326 2302 sit;
2369 2252 2486 2306 qua:
2519 2235 2685 2290 semel
2717 2237 3128 2305 suntjudicata,
3180 2250 3284 2290 non
3327 2235 3680 2300 inﬁt-metitur,
3720 2229 3793 2286 sed

2231 2339 2342 2382 rata
2374 2330 2444 2382 sit
2473 2329 2574 2382 lata
2619 2329 2905 2384 sententia.

2301 2420 2393 2476 IV.
2425 2421 2586 2476 Osius
2617 2423 2904 2492 episeopus
2934 2422 3070 2477 dixit
3099 2441 3110 2475 :
3150 2421 3376 2487 Placuit,
3414 2430 3474 2475 ut
3501 2422 3545 2474 si
3576 2419 3683 2489 quis
3709 2415 3796 2487 cpi-

2229 2532 2427 2588 scopus
2457 2517 2666 2572 delatus
2696 2517 2877 2581 fuerit,
2909 2528 2962 2572 et
2989 2517 3296 2587 congregati
3327 2515 3570 2584 ejusdem
3601 2511 3795 2583 regionis

2229 2609 2470 2680 episcopi
2513 2626 2633 2666 eum
2677 2611 2844 2681 gradu
2902 2611 3202 2674 moverint;
3247 2617 3303 2664 ct
3344 2609 3509 2663 veluti
3555 2605 3794 2677 appellans

2229 2704 2534 2775 confugerit
2561 2705 2628 2758 ad
2661 2704 3030 2760 beatissimum
3062 2703 3321 2758 Romana:
3349 2703 3596 2758 ecclesia:
3618 2699 3788 2770 cpisco~

2233 2815 2356 2869 pum
2377 2840 2392 2864 ,
2425 2808 2480 2854 et
2509 2800 2637 2853 velit
2667 2798 2838 2868 ipsum
2870 2797 3075 2860 audire,
3106 2805 3161 2852 et
3181 2797 3384 2867 justum
3416 2811 3540 2854 esse
3564 2796 3796 2850 existnua-

2232 2895 2368 2949 verit
2397 2895 2511 2965 ejus
2555 2895 2629 2952 rei
2673 2895 3124 2950 ex:tlllill:ilt0ltcllt
3182 2894 3461 2952 renovari;
3503 2892 3794 2963 c0episc0pis

2230 2991 2469 3046 scribere
2509 2990 2780 3061 dignetur,
2829 2989 2920 3059 qui
2949 2997 3074 3043 sunt
3105 2988 3386 3058 proliinqui
3420 2987 3724 3058 provinciw,
3753 2990 3796 3035 ut

2230 3082 2331 3154 ipsi
2359 3083 2641 3154 diligenter
2669 3090 2724 3137 et
2751 3094 2998 3136 accurate
3023 3081 3230 3151 singula
3254 3095 3428 3150 pt‘CSCt
3446 3086 3671 3142 utentur,
3687 3084 3794 3132 etet

515 3171 597 3226 ἶνα
625 3173 774 3226 αὐτοί
802 3172 1052 3244 ἐπιμελῶς
1080 3176 1166 3228 καί
1193 3175 1328 3246 μετά
1353 3175 1620 3249 ἀκριϐείας
1654 3175 1855 3230 ἕκαστα
1874 3171 2125 3250 διερευνή-

2235 3179 2474 3233 veritatis
2497 3178 2599 3232 lidc
2613 3178 2678 3232 de
2699 3194 2753 3232 re
2775 3175 3094 3232 sententiam
3112 3175 3274 3229 ferant
3288 3215 3300 3227 .
3316 3175 3508 3245 Siquis
3524 3186 3686 3228 autem
3701 3184 3795 3240 pos-

517 3285 672 3327 σωσι,
696 3267 784 3319 καί
807 3268 941 3320 κατά
965 3272 1055 3326 τήν
1081 3274 1172 3328 τῆς
1199 3267 1433 3328 ἀληθείας
1454 3272 1632 3324 πίστιν
1649 3311 1661 3331 ,
1694 3267 1857 3341 ψῆφον
1883 3270 2004 3345 περί
2030 3272 2122 3322 τοῦ

517 3359 824 3433 πράγματος
854 3359 1188 3433 ἐξενέγκωσιν.
1223 3364 1279 3415 Εἰ
1308 3359 1359 3416 δέ
1380 3383 1458 3424 τις
1485 3363 1635 3426 ἀξιῶν
1665 3364 1750 3416 καί
1784 3361 1934 3416 πάλιν
1962 3363 2122 3417 αὐτοῦ

517 3449 577 3504 τό
599 3455 817 3524 πρᾶγμα
843 3453 1173 3516 ἀκουσθῆναι,
1199 3456 1285 3507 καί
1305 3461 1367 3529 τῇ
1398 3451 1589 3515 δεήσει,
1613 3463 1676 3529 τῇ
1704 3453 1888 3509 ἑαυτοῦ
1907 3455 1992 3508 τόν
2015 3451 2122 3508 Ῥω·

516 3544 680 3614 μαίων
720 3544 995 3600 ἐπίσκοπον
1029 3543 1236 3612 δόξειεν,
1271 3549 1371 3602 ἀπὸ
1415 3544 1508 3618 (:ll.
1550 3554 1696 3602 κινεῖν
1724 3545 1844 3621 δόξῃ
1865 3588 1878 3607 .
1907 3545 1972 3600 ἶν’
1997 3545 2126 3618 ἀπὸ)

514 3645 606 3695 τοῦ
632 3636 761 3694 ἰδίου
781 3640 1004 3717 πλευροῦ
1027 3642 1418 3720 πρεσϐυτέρους
1457 3642 1759 3698 ἀποστέλλοι
1786 3637 1913 3696 εἶναι
1955 3643 2005 3696 ἐν
2029 3641 2123 3702 (al.

513 3731 597 3788 ἵνα
617 3735 714 3803 έν),
831 3735 1041 3808 ἐξουσίᾳ
1073 3737 1234 3791 αὐτοῦ
1262 3741 1356 3790 τοῦ
1378 3736 1662 3791 ἐπισκόπου
1683 3778 1694 3794 ,
1723 3732 1848 3810 ὅπερ
1876 3728 1935 3788 ἂν
1963 3734 2129 3794 καλῶς

515 3825 660 3900 ἔχειν
685 3826 942 3905 δοκιμάσῃ
971 3833 1057 3885 καί
1086 3829 1259 3906 ὁρίσῃ,
1294 3829 1387 3898 (al.
1417 3826 1578 3895 ἴσως,
1611 3824 1724 3902 κᾷν)
1751 3826 1860 3884 δεῖν
1889 3831 2129 3884 ἀποστα-

513 3922 659 3982 λῆναι
681 3923 804 3983 τοὺς
832 3925 964 3994 μετά
1003 3930 1106 3978 τῶν
1141 3923 1434 3978 ἐπισκόπων
1462 3927 1784 3997 κρινοῦντας,
1815 3919 2040 3991 ἔχοντάς
2070 3941 2125 3974 τε

512 4024 606 4077 τῆς
636 4017 900 4071 αὑθεντίαν
928 4019 1114 4072 τούτου
1157 4014 1284 4092 παρ’
1325 4013 1386 4071 οὗ
1428 4015 1827 4075 ἀπεστάλησαν
1862 4019 1947 4070 καὶ
1978 4016 2130 4071 τοῦτο

512 4111 694 4167 θετέον.
734 4113 790 4165 Εἰ
828 4109 881 4166 δὲ
923 4113 1142 4186 ἐξαρκεῖν
1165 4114 1351 4188 νομίσῃ
1391 4113 1522 4189 πρὸς
1557 4117 1648 4171 τήν
1691 4119 1784 4168 τοῦ
1823 4116 2131 4190 πράγματος

513 4203 807 4278 ἐπίγνωσιν,
839 4207 926 4260 καί
947 4206 1204 4279 ἀπόφασιν
1231 4213 1322 4261 τοῦ
1346 4205 1654 4270 ἐπισκόπου,
1689 4209 1898 4266 ποιήσει
1922 4204 2048 4276 ὅπερ
2071 4199 2131 4260 ἂν

513 4305 578 4370 τῇ
608 4298 982 4375 ἔμφρονεστάτῃ
1001 4299 1158 4354 αὐτοῦ
1186 4299 1343 4374 βουλῇ
1368 4298 1530 4359 καλῶς
1558 4297 1700 4371 ἔχειν
1725 4297 1863 4374 δόξῃ.
1897 4298 2132 4376 Α’πεκρί·

513 4411 667 4446 ναντο
687 4391 732 4445 οί
758 4392 1027 4447 ἐπίσκοποι
1045 4408 1058 4421 '
1089 4394 1163 4446 Τά
1183 4391 1436 4464 λεχθέντα
1463 4392 1664 4468 ἤρεσεν.

590 4482 646 4537 ε’.
662 4480 839 4545 Ὀσιος
864 4485 1140 4545 ἐπίσκοπος
1161 4479 1319 4540 εἶπεν·
1342 4483 1452 4540 Ἐάν
1474 4485 1648 4560 συμϐῇ
1677 4487 1726 4540 ἐν
1754 4489 1846 4558 μιᾷ
1871 4487 2131 4562 ἐπαρχίᾳ,

2230 3273 2359 3326 tulet
2390 3287 2544 3325 suum
2567 3270 2836 3342 negatium
2869 3283 3054 3324 rursus
3077 3269 3270 3331 auditi,
3291 3279 3343 3322 et
3366 3272 3436 3321 ad
3463 3283 3608 3321 suam
3631 3263 3785 3334 suppli-

2228 3367 2493 3421 Cationem
2511 3365 2871 3418 Romanorum
2884 3364 3191 3433 episcopum
3207 3361 3453 3432 judicare
3478 3360 3572 3432 (at.
3595 3347 3792 3422 movere)

2229 3459 2402 3513 visum
2431 3459 2587 3512 fuerit
2608 3499 2621 3519 ,
2655 3467 2712 3511 ut
2741 3473 2767 3510 ιι
2799 3455 3016 3526 proprio
3052 3454 3218 3509 latere
3249 3451 3591 3524 presbyteros
3617 3449 3792 3507 mittat;

2231 3563 2285 3607 et
2322 3552 2392 3606 sit
2441 3552 2492 3606 in
2533 3560 2793 3622 potestate
2843 3549 3010 3620 ipsius
3049 3549 3425 3620 quodcumque
3454 3557 3599 3600 recte
3634 3543 3794 3597 habere

2232 3645 2556 3716 probaverit,
2578 3652 2633 3698 et
2656 3643 2697 3697 si
2713 3642 3011 3698 decreverit
3031 3655 3283 3711 oportere
3310 3655 3407 3695 eos
3431 3640 3588 3703 mitti,
3607 3637 3793 3704 quicum

2231 3739 2498 3809 ειιίςρορίς
2528 3740 2633 3792 sint
2660 3739 2972 3810 judicaturi,
3003 3736 3261 3792 habentes
3291 3738 3658 3791 auctoritatem
3683 3729 3792 3797 ejus,

2232 3849 2260 3887 a
2289 3848 2396 3904 quo
2427 3833 2573 3887 missi
2623 3843 2786 3897 sunt;
2835 3841 2889 3887 et
2935 3830 3035 3885 lioc
3081 3830 3386 3900 ponendum
3431 3836 3532 3882 est.
3563 3827 3614 3880 Si
3650 3832 3792 3876 autem

2233 3927 2483 3983 sullicere
2517 3927 2785 3997 putaverit
2827 3927 2893 3980 ad
2934 3925 3010 3981 rei
3057 3926 3416 3995 cognitionem
3449 3965 3464 3990 ,
3513 3929 3565 3976 et
3598 3912 3793 3989 episcopi

2235 4023 2555 4078 sententiam
2584 4063 2599 4090 ,
2633 4021 2794 4077 faciet
2838 4020 2979 4092 quod
3012 4019 3434 4091 prudentissimo
3467 4019 3580 4089 ejus
3607 4011 3794 4070 Consilio

2234 4130 2381 4174 recte
2409 4118 2613 4174 habere
2635 4117 2926 4172 videbitur.
2959 4115 3376 4188 Responderunt
3403 4114 3635 4188 episcopi
3657 4129 3668 4164 :
3690 4109 3793 4177 Qua

2236 4213 2376 4268 dicta
2407 4223 2530 4269 sunt
2563 4212 2902 4284 placuerunt.

2309 4475 2374 4532 ν.
2400 4475 2556 4532 Osius
2589 4479 2875 4548 episcopus
2899 4477 3033 4533 dixit
3057 4497 3069 4533 :
3101 4479 3156 4536 Si
3186 4479 3475 4551 contigerit
3503 4483 3552 4532 in
3581 4490 3670 4530 una
3697 4483 3795 4542 pro-

517 4573 568 4628 έν
644 4575 879 4632 πλεῖστοι
899 4579 1165 4632 ἐπίσκοποι
1189 4575 1567 4649 τυγχάνουσιν.
1592 4577 1682 4632 ἕνα
1702 4579 1980 4633 ἐπίσκοπον
2003 4579 2127 4633 ἀπο-

2233 4572 2428 4637 vincia,
2457 4571 2509 4625 in
2533 4587 2634 4642 qua
2662 4582 2785 4626 sunt
2814 4573 3025 4643 plurimi
3048 4573 3309 4642 episcoiii,
3334 4589 3498 4627 unum
3526 4568 3791 4639 cpiscoiium

519 4674 706 4740 μεῖναι,
736 4671 965 4743 κάκεῖνος
989 4673 1122 4727 κατά
1144 4691 1258 4726 τινα
1278 4670 1515 4742 ἀμέλειαν
1536 4675 1606 4742 μὴ
1629 4670 1848 4746 βουληθῇ
1870 4671 2125 4725 συνελθεῖν

521 4763 608 4815 καί
650 4762 945 4817 συναινέσαι
972 4771 1036 4838 τῇ
1080 4763 1402 4818 καταστάσει
1437 4769 1539 4818 τῶν
1582 4762 1908 4823 ἐπισκόπων,
1954 4765 2021 4818 τά
2066 4760 2122 4817 δέ

518 4852 680 4911 πλήθη
711 4855 1135 4929 συναθροισθέντα
1176 4854 1516 4930 παρακαλοῖεν
1565 4857 1820 4929 γίγνεσθαι
1847 4859 1938 4913 τήν
1967 4855 2126 4910 κατά-

523 4969 709 5004 στασιν
747 4955 840 5003 τοῦ
883 4948 1011 5024 παρ’
1033 4949 1199 5004 αὐτῶν
1225 4950 1622 5022 ἐπιζητουμένου
1665 4949 1968 5005 ἐπισκόπουο
2015 4953 2128 5021 χρὴ

520 5040 766 5117 πρότερον
815 5041 999 5094 ἐκεῖνον
1035 5041 1118 5094 τόν
1161 5038 1560 5113 έναπομείναντα
1603 5038 1882 5096 ἐπίσκοπον
1936 5041 2128 5112 ὑπομι-

523 5135 838 5206 μνησκεσθαι
863 5131 948 5188 διά
971 5135 1289 5209 γραμμάτων
1315 5141 1406 5191 τοῦ
1435 5132 1664 5212 ἐξάρχου
1693 5143 1785 5196 τῆς
1822 5133 2090 5211 ἐπαρχίας
2111 5177 2126 5200 ,

522 5225 650 5298 λέγω
691 5224 752 5286 δὴ
791 5233 882 5282 τοῦ
926 5223 1209 5283 ἐπισκόπου
1247 5237 1339 5291 τῆς
1379 5228 1769 5305 μητροπόλεως,
1798 5226 1877 5285 ὅτι
1901 5230 2034 5294 ἀξιοῖ
2063 5230 2130 5285 τά

522 5317 688 5378 πλήθη
713 5321 932 5392 ποιμένα
962 5322 1138 5383 αὐτοῖς
1162 5319 1360 5380 δοθῆναι
1377 5338 1389 5350 ·
1423 5323 1648 5394 ἡγοῦμαι
1686 5322 1852 5382 καλῶς
1878 5319 2021 5394 ἔχειν
2047 5325 2133 5377 καὶ

522 5419 705 5470 τοῦτον
733 5412 1066 5487 ἐκδέχεσθαι,
1097 5417 1181 5471 ἵνα
1201 5416 1566 5490 παραγένηται.
1598 5419 1642 5470 εὶ
1668 5413 1722 5470 δέ
1754 5421 1824 5488 μη
1853 5414 1940 5472 διὰ
1963 5439 2133 5494 γραμ·

526 5507 700 5576 μάτων
722 5508 951 5572 ἀξιωθείς
984 5509 1332 5583 παραγένηται
1350 5548 1364 5572 ,
1391 5511 1462 5579 μή
1495 5527 1550 5561 τε
1579 5512 1676 5577 μὴν
1716 5507 2044 5584 ἀντιγράφοι,
2071 5511 2131 5564 τό

523 5597 698 5655 ἱκανόν
732 5607 796 5675 τῇ
838 5599 1080 5676 βουλήσει
1117 5609 1207 5659 τοῦ
1245 5601 1467 5661 πλήθους
1502 5604 1612 5677 χρὴ
1638 5602 1892 5674 γενέσθαι.
1937 5607 2048 5679 χρη
2077 5601 2131 5658 δέ

527 5695 612 5748 καί
639 5693 1034 5764 μετακαλεῖσθαι
1056 5698 1137 5750 καί
1163 5697 1286 5757 τοὺς
1314 5695 1418 5750 ἀπὸ
1445 5701 1538 5756 τῆς
1568 5692 1935 5771 πλησιοχώρου
1969 5693 2131 5772 έπαρ-

532 5787 660 5856 χίας
688 5783 997 5849 ἐπισκόπους
1026 5789 1154 5864 πρὸς
1194 5794 1284 5848 τήν
1327 5788 1653 5847 κατάστασιν
1682 5794 1776 5845 τοῦ
1813 5797 1905 5851 τῆς
1943 5810 2130 5864 μητρο-

2227 4669 2513 4723 conventui
2545 4682 2651 4722 non
2683 4668 2966 4733 interesse,
3014 4680 3067 4722 et
3100 4669 3187 4721 ille
3219 4683 3314 4737 per
3340 4665 3616 4736 quamdam
3658 4656 3793 4727 negli-

2228 4765 2467 4835 gentiam
2501 4764 2635 4817 nolit
2663 4762 2952 4818 convenire
2977 4803 2990 4825 ,
3025 4772 3078 4816 et
3106 4761 3486 4830 episcoporum
3519 4746 3791 4813 institutioni

2228 4869 2283 4911 et
2313 4856 2560 4911 electioni
2588 4855 2858 4920 assentiri,
2890 4865 3215 4925 congregata
3245 4864 3422 4909 aulem
3453 4851 3623 4922 populi
3649 4841 3792 4901 multi-

2233 4949 2360 5002 tudo
2392 4950 2572 5013 instet,
2608 4957 2664 5001 ut
2693 4949 2784 5001 fiat
2805 4948 3069 5001 institutio
3100 4947 3358 5016 cpisciipi,
3392 4947 3481 5016 qui
3507 4945 3571 4999 ab
3597 4944 3667 4996 eis
3693 4949 3789 5006 p05-

2233 5043 2449 5097 tulatur.
2481 5043 2704 5112 Oportet
2726 5043 2892 5107 illum,
2915 5042 3084 5110 prius,
3113 5043 3200 5111 qui
3236 5057 3340 5095 non
3373 5039 3596 5095 adfuerit
3624 5032 3791 5103 episco-

2232 5150 2357 5205 pum
2381 5135 2657 5190 admoneri
2683 5151 2778 5203 per
2803 5135 3008 5190 litteras
3030 5135 3281 5189 Primatis
3311 5133 3612 5204 provincizr,
3635 5136 3789 5192 nempe

2234 5229 2470 5300 episcopi
2501 5227 2920 5298 metropolitani,
2943 5227 3084 5297 quod
3113 5235 3264 5295 rogat
3287 5227 3511 5296 populus
3528 5223 3618 5278 sibi
3649 5225 3790 5289 pasto-

2235 5337 2353 5378 rem
2405 5321 2521 5376 dari
2571 5339 2583 5375 :
2637 5329 2691 5375 et
2735 5321 2985 5376 existimo
3017 5329 3163 5376 recte
3210 5319 3408 5374 habere
3447 5319 3580 5372 lnmc
3617 5319 3789 5383 quoque

2237 5416 2529 5485 expectari,
2563 5422 2620 5468 ut
2648 5413 2806 5469 adsit.
2843 5414 2898 5470 Si
2929 5425 3108 5468 autent
3141 5413 3336 5469 litteris
3361 5423 3575 5482 rogatus
3603 5420 3693 5461 non
3716 5397 3790 5454 ad-

2237 5508 2418 5574 fuerit,
2443 5525 2504 5563 ac
2535 5524 2601 5563 ne
2623 5509 2960 5579 rescripserit
2988 5508 3228 5578 quidem.
3256 5506 3436 5577 populi
3464 5495 3702 5560 voluntati
3722 5505 3788 5546 sa-

2240 5601 2422 5657 tisfiat.
2468 5603 2695 5672 Oportet
2747 5611 2928 5656 autem
2978 5616 3042 5656 ex
3090 5601 3260 5655 vicina
3308 5613 3517 5671 quoque
3561 5584 3787 5664 prm'inciil

2238 5696 2442 5752 accersi
2473 5694 2756 5766 episcopos
2800 5693 2868 5749 ad
2914 5691 3311 5763 metropolitani
3361 5687 3587 5762 episcopi
3617 5679 3787 5737 institu-

2237 5791 2461 5846 tionem.
2497 5788 2612 5845 Non
2641 5787 2803 5845 licere
2830 5796 3006 5844 autem
3034 5785 3351 5857 simpliciter
3376 5784 3662 5856 episcopum
3687 5785 3787 5827 con-
