4010 6306
230 240 362 302 i321

600 240 920 304 CANONES
958 239 1090 302 OSll
1126 239 1216 299 ΕΤ
1257 236 1356 298 SS.
1400 235 1688 296 PATRUM
1728 231 1844 303 QUI
1881 225 2201 290 SARDICIE
2241 224 2510 286 SYNODO
2548 224 3092 290 CONVENERUNT.

3390 230 3533 294 ἔτιἒῆ

216 360 442 417 stituere
494 361 547 416 in
615 364 796 435 aliquo
858 379 995 434 pago
1041 363 1127 419 vel
1179 377 1345 432 parva
1398 360 1562 425 urbe,
1612 361 1699 414 cui
1740 358 1820 412 vel

1948 351 2123 410 πόλεως
2150 346 2437 405 ἐπισκόπου
2455 363 2468 377 ⁸
2497 353 2568 421 μή
2589 346 2771 413 ἐξεῖναι
2789 346 2845 403 δὲ
2868 348 3041 409 ἁπλῶς
3061 348 3307 420 καθωτᾷν
3330 344 3536 405 ἔπίσκο⁶
3556 360 3561 365 ’

217 467 357 507 unus
388 453 667 527 presbyter
699 454 934 521 sufficit;
989 472 1093 510 non
1144 469 1367 510 necesse
1405 461 1490 509 est
1533 454 1675 508 enim
1715 450 1822 506 illic

215 547 528 617 episcopum
557 550 831 618 constitui,
865 565 934 607 ne
962 549 1199 621 episcopi
1222 563 1416 606 nomen
1447 556 1500 603 et
1530 547 1824 601 auctoritas

217 639 601 711 vilipendatur.
644 641 750 699 Sed
779 643 1068 714 provincia:
1100 641 1193 717 (ut
1220 643 1368 714 prius
1402 640 1556 708 dixi)
1586 636 1823 708 episcopi

216 730 420 789 debent
439 733 491 788 in
514 733 579 789 iis
609 734 832 792 urbibus
859 734 1143 806 episcopos
1173 733 1520 800 constituere,
1550 730 1638 786 uhi
1661 730 1823 787 etiam

216 826 370 899 prius
406 827 644 899 episcopi
674 828 909 883 fuerunt.
940 827 997 884 Si
1022 837 1200 883 autem
1243 826 1545 882 inveniatur
1570 824 1703 880 urbs
1727 822 1828 878 ali-

216 933 355 989 qua,
382 933 501 991 quae
538 917 675 975 adeo
715 920 976 991 populosa
1020 918 1243 984 evadat,
1278 926 1337 974 ut
1372 918 1485 988 ipsa
1513 917 1826 987 episcopatu

216 1010 378 1083 digna
425 1010 721 1083 judicetur,
768 1012 1017 1083 accipiat.
1062 1014 1144 1067 An
1187 1011 1289 1067 hoc
1326 1008 1577 1067 omnibus
1618 1006 1826 1079 placet?

218 1104 638 1177 Responderunt
660 1120 852 1162 omnes
876 1123 889 1159 :
917 1104 1124 1162 Placet.

293 1364 384 1423 Vl.
428 1364 586 1422 Osius
622 1366 910 1439 episcopus
954 1366 1093 1423 dixit
1132 1384 1147 1420 :
1190 1365 1577 1435 Importunitas
1604 1374 1785 1422 nostra
1809 1406 1825 1432 ,

220 1472 279 1521 et
307 1463 471 1519 multa
503 1463 811 1532 assiduitas,
854 1472 910 1521 et
957 1464 1171 1533 injustte
1215 1477 1400 1535 preces
1426 1462 1741 1529 effecerunt,
1770 1469 1828 1517 ut

221 1572 323 1613 nos
353 1572 459 1613 non
490 1556 783 1614 habeamus
812 1567 1015 1613 tantam
1043 1557 1269 1630 gratiam
1307 1565 1363 1613 et
1403 1556 1705 1612 libertatem
1746 1555 1829 1612 di-

221 1650 402 1714 cendi,
436 1660 688 1722 quantam
724 1649 1056 1706 debebamus
1086 1650 1305 1707 habere.
1336 1649 1484 1705 Multi
1513 1649 1657 1706 enim
1684 1649 1826 1720 epis-

1926 466 2023 499 πον
2053 441 2103 499 ἔν
2143 446 2285 518 κώμῃ
2314 445 2410 498 τινί
2439 441 2468 502 ἢ
2500 443 2733 518 βραχείᾳ
2782 442 2953 508 πόλει,
2985 440 3116 518 ᾗτινι
3154 446 3241 498 καί
3280 439 3352 503 εἷς
3382 443 3536 515 μόνος

1928 534 2283 613 πρεσϐύτερος
2332 532 2566 611 ἐπαρκεῖ.
2618 536 2710 589 οὐκ
2756 536 3035 608 ἀναγκαῖον
3073 536 3174 613 γάρ
3220 532 3539 597 ἐπισκόπους

1928 627 2091 684 ἐκεῖσε
2127 629 2490 692 καθίστασθαι,
2518 629 2601 682 ἶνα
2624 632 2694 699 μή
2720 629 3131 693 κατευτελίζηται
3174 630 3234 684 τό
3262 635 3354 683 τοῦ
3385 626 3539 685 Ema—

1928 724 2089 779 κόπου
2120 719 2280 795 ὄνομα
2305 726 2391 777 καί
2417 724 2448 780 ἡ
2488 723 2743 778 αύθεντία.
2775 721 2879 776 ἀλλ’
2922 723 2969 776 οἱ
2995 729 3088 783 τῆς
3131 720 3395 799 ἐπαρχίας
3414 762 3428 785 ,
3471 724 3544 783 ὡς

1930 825 2209 896 προεῖπον,
2254 816 2523 874 ἐπίσκοποι
2564 815 2614 872 ἓν
2659 814 2878 879 ταύταις
2913 823 3033 879 ταῖς
3077 816 3258 873 πόλεσι
3296 818 3544 889 καθιστᾷν

1931 907 2243 973 ἐπισκόπους
2270 910 2550 983 ὀφείλουσιν
2567 949 2581 971 ,
2610 907 2720 965 ἔνθα
2743 913 2829 965 καί
2856 909 3105 987 πρότερον
3134 907 3423 984 ἐτύγχανον
3456 929 3543 985 γε·

1930 1006 2132 1078 γονότες
2153 1003 2443 1060 ἐπίσκοποι.
2468 1008 2514 1060 εἰ
2535 1002 2589 1060 δέ
2612 1005 2899 1082 εὑρίσκοιτο
2938 1003 3102 1065 οὕτως
3122 1004 3446 1063 πληθύνουσά
3464 1026 3545 1067 τις

1932 1094 1985 1152 ἐν
2009 1097 2179 1171 πολλῷ
2208 1098 2407 1176 ἀριθμῷ
2431 1097 2556 1152 λαοῦ
2584 1098 2752 1164 πόλις,
2782 1100 2853 1160 ὡς
2875 1099 3021 1163 ἀξίαν
3046 1097 3204 1157 αὐτήν
3228 1100 3309 1152 καί
3334 1096 3543 1154 ἐπισκο-

1931 1200 2032 1255 πῆς
2068 1195 2392 1267 νομίζεσθαι,
2443 1191 2769 1266 λαμϐανέτω.
2814 1195 2861 1248 εἰ
2902 1198 3061 1248 πᾶσιν
3091 1193 3297 1269 ἀρέσκει
3344 1199 3544 1261 τοῦτο;

1929 1287 2263 1363 ἀπεκρίναντο
2282 1288 2489 1351 πάντες,
2522 1283 2770 1360 ’Λρέσκει.

2005 1380 2074 1447 ς-’.
2112 1378 2290 1445 Ὀσιος
2334 1380 2615 1446 ἐπίσκοπος
2658 1377 2825 1439 εἶπεν·
2856 1381 2911 1439 Ἠ
2942 1386 3150 1461 ἀκαιρία
3193 1387 3357 1457 ήμῶν,
3386 1389 3469 1442 καί
3511 1387 3542 1444 ἧ

1930 1476 2088 1536 πολλή
2109 1478 2378 1549 συνέχεια,
2408 1481 2492 1532 καί
2520 1478 2575 1532 αί
2600 1474 2763 1534 ἄδικοι
2787 1480 3024 1545 ἀξιώσεις
3048 1484 3384 1540 πεποιήκασιν
3408 1482 3546 1551 ἡμᾶς

1930 1574 2000 1642 μή
2025 1573 2285 1630 τοσαύτην
2307 1570 2452 1643 ἔχειν
2500 1572 2661 1648 χάριν
2693 1575 2777 1628 καί
2801 1574 3119 1648 παρρησίαν.
3144 1571 3268 1633 ὅσην
3290 1574 3547 1648 ὀφείλομεν

1929 1664 2220 1724 κεκτῆσθαι.
2250 1662 2426 1720 πολλοί
2449 1666 2553 1741 γὰρ
2578 1671 2679 1720 τῶν
2705 1663 2999 1722 ἐπισκόπων
3019 1668 3076 1720 οὐ
3097 1664 3446 1723 διαλείπουσιν
3471 1670 3545 1730 είς

222 1744 346 1814 copi
375 1759 479 1800 non
512 1742 873 1799 intermittunt
905 1742 971 1799 ad
999 1750 1176 1799 castra
1201 1742 1483 1803 accedere,
1512 1753 1566 1797 et
1591 1742 1824 1798 maxime

1948 1757 1990 1811 ro
2018 1753 2374 1830 στρατόπεδον
2407 1756 2814 1831 παραγενόμενοι
2831 1798 2845 1822 ,
2883 1761 2970 1813 καί
2993 1756 3224 1830 μάλιστα
3249 1759 3295 1814 οἱ
3322 1755 3502 1835 Ἀφροι
3519 1774 3534 1788 ·

224 1838 379 1902 Afri;
409 1838 521 1909 qtti,
541 1838 992 1911 quemadmodum
1020 1837 1372 1907 cognovimus
1398 1835 1642 1892 adilecto
1665 1834 1829 1892 fratre

225 1941 413 1987 nostro
440 1940 497 1986 et
519 1933 841 2003 coepiscopo
863 1929 1050 1999 Grato,
1076 1930 1325 1985 salutaria
1351 1928 1574 1985 consilia
1600 1944 1705 1985 non
1736 1928 1831 1984 ad-

227 2025 486 2092 mittunt,
537 2024 632 2080 sed
678 2025 747 2079 ita
799 2031 1186 2091 contemnunt,
1245 2031 1303 2078 ut
1351 2036 1490 2077 unus
1552 2023 1714 2077 homo
1777 2021 1830 2076 in

229 2126 404 2175 castra
478 2118 736 2190 plurimas
794 2126 850 2173 et
888 2117 1162 2179 diversas,
1199 2124 1254 2171 et
1288 2132 1407 2185 qua:
1455 2130 1562 2171 non
1608 2122 1833 2185 possunt

224 2213 414 2283 juvare
453 2213 714 2269 ecclesias
739 2253 753 2275 ,
796 2227 983 2283 preces
1027 2209 1256 2278 afferat,
1288 2217 1345 2265 et
1388 2224 1492 2265 non
1546 2209 1623 2280 (ut
1673 2208 1835 2264 debet

232 2304 344 2361 ﬁeri
394 2313 450 2361 et
496 2304 767 2373 convenit)
820 2303 1146 2374 pauperibus
1193 2314 1248 2357 et
1292 2301 1477 2369 laicis,
1525 2300 1613 2355 vel
1660 2299 1835 2355 viduis

232 2416 390 2472 opem
429 2408 485 2455 et
520 2399 775 2454 auxilium
807 2398 973 2461 ferat,
1005 2397 1099 2453 sed
1139 2396 1430 2453 surculares
1459 2395 1752 2467 dignitates
1780 2402 1837 2450 et

235 2494 540 2550 functiones
575 2493 844 2564 aliquibus
882 2492 1143 2562 acquirat.
1190 2491 1315 2547 llzec
1350 2506 1481 2563 ergo
1510 2489 1837 2560 perversitas

234 2585 614 2643 detrimentum
658 2601 764 2642 non
808 2585 926 2641 sine
954 2573 1282 2640 offendicula
1308 2594 1364 2639 et
1386 2582 1839 2638 condemnatione

236 2680 393 2736 nobis
418 2680 687 2736 conciliat.
710 2677 1131 2735 Convenientins
1149 2686 1326 2734 autem
1354 2691 1477 2733 esse
1505 2676 1833 2743 existimavi,

236 2782 298 2828 ut
324 2773 609 2844 episcopus
636 2773 708 2829 illi
741 2787 897 2827 suum
924 2771 1184 2827 auxilium
1214 2771 1483 2840 pra-beat,
1525 2770 1612 2825 cui
1641 2770 1710 2823 ab
1739 2768 1841 2824 ali-

237 2883 345 2940 quo
375 2868 459 2924 vis
486 2867 749 2934 affertur;
778 2866 864 2922 vel
903 2867 950 2922 si
976 2882 1095 2933 qu.c
1124 2865 1284 2920 vidua
1329 2863 1519 2934 injuria
1549 2862 1837 2929 afficiatur,

238 2963 322 3017 vel
354 2962 397 3017 si
425 2964 543 3033 quis
570 2960 806 3033 pupillus
848 2958 1087 3031 privetur
1112 2959 1199 3025 iis,
1240 2973 1362 3027 quae
1400 2957 1469 3012 ad
1512 2958 1687 3025 ipsum
1722 2971 1843 3026 per-

241 3057 451 3123 tinent;
497 3055 543 3112 si
590 3054 806 3126 quidem
838 3053 953 3109 htec
983 3053 1200 3108 nomina
1223 3051 1423 3123 justam
1453 3050 1690 3108 habeant
1717 3066 1843 3105 cau-

1933 1848 1980 1902 οἷ
2000 1870 2153 1915 τινες,
2175 1851 2338 1910 καθὼς
2358 1847 2579 1924 ἔγνωμεν
2600 1854 2742 1925 παρὰ
2756 1858 2849 1907 τοῦ
2872 1855 3140 1925 ἀγαπητοῦ
3164 1852 3378 1927 ἀδελφοῦ
3401 1856 3542 1926 ἡμῶν

1935 1943 2019 1995 καί
2043 1942 2425 1998 συνεπισκόπου
2448 1944 2682 2020 Γράτου,
2725 1946 2821 2006 τάς
2860 1945 3208 2022 σωηριώδεις
3245 1947 3548 2020 συμϐουλὰς

1935 2036 1992 2088 ού
2042 2035 2468 2111 παραδέχονται,
2521 2038 2646 2091 ἀλλά
2683 2045 3085 2115 καταφρονοῦσιν
3122 2039 3286 2102 οὕτως
3306 2081 3321 2104 ,
3355 2044 3424 2101 ὡς
3459 2040 3548 2095 ἕνα

1939 2125 2202 2205 ἄνθρωπον
2229 2132 2299 2191 είς
2325 2131 2383 2185 τὸ
2410 2129 2764 2207 στρατόπεδον
2780 2130 3027 2192 πλείστας
3040 2134 3129 2187 καὶ
3151 2130 3423 2209 διαφόρους
3452 2133 3538 2188 καί

1936 2226 2007 2294 μή
2037 2218 2323 2294 δυναμένας
2363 2222 2617 2295 ὠφελῆσαι
2644 2225 2739 2285 τάς
2785 2221 3085 2289 ἐκκλησίας,
3130 2222 3328 2286 δεήσεις
3372 2223 3547 2281 διακο-

1938 2315 2129 2389 μίζειν,
2161 2318 2245 2368 καί
2284 2319 2353 2387 μή
2397 2316 2465 2376 ὡς
2507 2316 2687 2389 ὀφείλει
2726 2318 2988 2389 γίνεσθαι,
3036 2320 3119 2371 καί
3168 2319 3237 2378 ὡς
3287 2318 3548 2391 προσῆκόν

1940 2408 2073 2468 ἐστι,
2107 2416 2217 2470 τοῖς
2245 2409 2431 2468 πένησι
2454 2412 2536 2463 καί
2564 2417 2671 2471 τοῖς
2700 2410 2909 2471 λαίκοῖς,
2932 2410 2963 2471 ἦ
2992 2418 3112 2472 ταῖς
3143 2415 3341 2489 χήραις
3367 2414 3551 2467 συναί-

1940 2501 2124 2580 ρεσθαι
2178 2503 2267 2555 καί
2317 2502 2640 2579 ἐπικουρεῖν,
2699 2501 2822 2556 ἀλλὰ
2869 2505 3089 2575 κοσμικά
3144 2505 3413 2575 ἀξιώματα
3467 2507 3557 2561 καί

1942 2594 2156 2672 πράξεις
2205 2604 2450 2672 περινοεῖν
2497 2618 2651 2653 τισιν.
2700 2595 2830 2656 αὕτη
2882 2599 3051 2653 τοίνυν
3101 2600 3132 2657 ri
3179 2602 3423 2660 σκαιότης
3462 2600 3552 2655 τόν

1941 2691 2202 2767 θραυσμὼ
2233 2691 2319 2743 ούκ
2360 2687 2481 2744 ἄνευ
2529 2687 2816 2745 σκανδάλου
2847 2692 2983 2752 τινὸς
3013 2692 3131 2763 ἡμῖν
3168 2695 3254 2746 καί
3296 2695 3559 2767 καταγνώ-

1943 2804 2077 2845 σεως
2104 2785 2359 2861 προξενεῖ.
2391 2782 2818 2860 πρεπωδέστερον
2857 2783 2912 2840 δὲ
2938 2780 3066 2840 εἶναι
3103 2783 3319 2858 ἐνόμισα
3348 2786 3557 2843 ἐπίσκο-

1944 2898 2040 2933 πον
2076 2886 2169 2939 τῆς
2205 2877 2391 2932 ἑαυτοῦ
2418 2877 2647 2953 βοήθειαν
2672 2879 2925 2954 παρέχειν
2954 2877 3119 2952 ἐκείνῳ
3138 2920 3153 2943 ,
3187 2875 3335 2943 ὅστις
3366 2875 3425 2935 ἂν
3453 2881 3557 2936 ύπό

1943 2989 2079 3029 τινος
2105 2968 2366 3041 βιάζηται.
2398 2967 2429 3028 ἦ
2455 2966 2599 3029 εἴτις
2624 2976 2724 3023 τῶν
2750 2977 2930 3046 χηρῶν
2961 2968 3204 3036 ἀδικοῖτο,
3237 2971 3268 3032 ἣ
3304 2967 3373 3030 αὖ
3406 2974 3554 3028 πάλιν

1946 3058 2164 3137 ὀρφανός
2189 3082 2268 3123 τις
2303 3063 2644 3136 ἀποστεροῖτο
2688 3067 2790 3117 τῶν
2824 3064 2964 3134 αὐτῷ
2989 3064 3374 3139 προσηκόντων,
3409 3063 3554 3144 εἴπερ

240 3165 354 3207 sam
382 3162 432 3206 et
454 3148 922 3220 supplicationem.
954 3146 1008 3204 Si
1036 3147 1236 3215 itaque,
1266 3146 1449 3202 dilecti
1480 3145 1698 3213 fratres,
1731 3144 1836 3201 hoc

1948 3149 2045 3230 ἆρα
2084 3156 2166 3209 καί
2188 3160 2357 3210 ταῦτα
2386 3155 2454 3210 τά
2483 3154 2713 3226 ὀνόματα
2748 3152 2945 3211 δικαίαν
2984 3154 3101 3228 ἔχει
3125 3163 3218 3217 τήν
3246 3159 3478 3224 ἀξίωσιν.
3508 3162 3555 3215 εί

239 3244 488 3301 omnibus
514 3243 744 3308 videtur,
767 3242 986 3298 statuite
1013 3241 1216 3298 nullum
1247 3253 1498 3310 oportere
1526 3243 1837 3313 episcopum

239 3339 308 3396 ad
344 3347 520 3395 castra
548 3340 827 3400 accedere.
878 3347 1072 3407 praeter
1103 3352 1198 3394 eos
1223 3352 1359 3407 quos
1389 3338 1509 3408 pius
1548 3336 1841 3407 imperator

240 3443 424 3492 noster
450 3433 562 3489 suis
591 3432 784 3489 litteris
810 3434 1059 3488 accersit.
1090 3432 1195 3490 Sed
1240 3434 1363 3504 quia
1414 3447 1557 3502 saepe
1583 3432 1844 3502 contingit

241 3528 450 3598 aliquos
479 3525 569 3598 qui
604 3534 765 3596 egent
795 3523 1183 3593 misericordia,
1215 3525 1281 3580 ad
1329 3526 1627 3582 Ecclesiam
1656 3525 1843 3581 confu-

241 3637 389 3695 gere,
421 3621 512 3691 qui
550 3630 768 3692 propter
796 3635 891 3676 sua
921 3629 1138 3691 peccata
1164 3619 1246 3676 vel
1279 3618 1606 3690 relegatione
1625 3660 1641 3684 .
1675 3620 1762 3675 vel
1789 3618 1842 3674 in

242 3716 474 3773 insulam
505 3714 880 3785 deportatione
908 3714 1167 3777 damnati,
1208 3713 1291 3768 vel
1342 3714 1530 3785 quavis
1581 3714 1684 3768 alia
1721 3728 1845 3768 sen-

245 3812 409 3870 tentia
439 3809 636 3867 addicti
662 3817 826 3876 sunt;
854 3808 919 3865 iis
946 3823 1051 3864 non
1080 3823 1202 3865 esse
1231 3807 1532 3877 negandum
1563 3808 1840 3874 auxilium,

241 3904 338 3962 sed
377 3903 494 3961 sine
529 3903 870 3959 cunctatione
898 3913 955 3957 et
981 3902 1316 3958 dubitatione
1356 3901 1424 3956 iis
1466 3902 1677 3958 veniam
1721 3916 1845 3959 esse

246 3997 553 4072 petendam.
592 3995 647 4054 Si
684 3998 863 4068 itaque
908 3997 1011 4053 hoc
1049 4013 1263 4068 quoque
1292 3996 1490 4068 placet,
1522 4012 1711 4053 omnes
1741 4010 1842 4052 una

245 4100 486 4149 vestrum
516 4088 829 4163 suffragium
853 4088 1006 4146 ferte.
1038 4088 1455 4162 Responderunt
1481 4105 1670 4146 omnes
1698 4107 1712 4143 :
1745 4088 1846 4146 De-

246 4194 500 4242 cernatur
526 4192 584 4241 et
609 4184 732 4240 hoc.

318 4366 431 4424 νη.
475 4366 635 4424 Osius
676 4365 964 4436 episcopus
1000 4363 1134 4421 dixit
1191 4381 1207 4420 :
1252 4363 1367 4421 Hoc
1412 4377 1626 4435 quoque
1667 4371 1845 4419 vestra

247 4466 466 4525 solertia
499 4463 725 4536 judicet,
760 4473 816 4517 ut
845 4463 966 4534 quia
995 4461 1169 4517 visum
1209 4468 1330 4525 est,
1364 4474 1433 4516 ne
1475 4457 1669 4529 aliquis
1696 4458 1844 4528 epis-

1942 3249 2140 3313 τοίνυν,
2168 3248 2427 3321 ἀγαπητοί
2464 3244 2690 3320 ἀδελφοί.
2726 3252 2863 3303 πᾶσι
2886 3254 3039 3305 τοῦτο
3066 3248 3235 3312 δοκεῖ,
3270 3250 3554 3329 ἔπικρίνατε

1941 3337 2135 3413 μηδένα
2173 3341 2453 3395 ἐπίσκοπον
2491 3347 2682 3416 χρῆναι
2722 3344 2793 3401 εἰς
2832 3344 2892 3397 τό
2936 3342 3289 3421 στρατόπεδον
3328 3348 3555 3424 παραγί-

1941 3436 2135 3495 νεσθαι.
2162 3437 2413 3512 παρεκτὸς
2442 3436 2639 3491 τούτων
2662 3476 2675 3499 ,
2731 3433 2819 3496 οὒς
2848 3430 2909 3491 ἀν
2935 3436 2960 3492 ὁ
2991 3438 3370 3503 εύλαϐέστατος
3394 3441 3554 3512 βασι-

1941 3528 2057 3588 λεύς
2077 3529 2218 3600 ήμῶν
2238 3533 2350 3588 τοῖς
2371 3527 2562 3582 ἑαυτοῦ
2582 3529 2856 3601 γράμμασι
2870 3531 3220 3601 μετακαλοῖτο.
3251 3532 3356 3586 ἀλλ’
3376 3530 3551 3594 ἐπειδή

1944 3621 2181 3681 πολλάκις
2222 3620 2496 3694 συμϐαίνει
2538 3621 2679 3681 τινάς
2725 3619 2893 3678 οἴκτου
2941 3620 3209 3696 δεομένους
3249 3633 3554 3699 καταφυγεῖν

1944 3711 2031 3770 ἐπί
2053 3718 2142 3774 τήν
2170 3711 2455 3775 ἕκκλησίαν,
2482 3712 2566 3770 διά
2585 3716 2649 3770 τά
2682 3715 2877 3772 ἑαυτῶν
2905 3716 3254 3795 ἁμαρτήματα
3276 3722 3347 3782 είς
3375 3741 3554 3794 περιο-

1944 3807 2130 3886 ρισμὸν
2148 3807 2179 3868 ἦ
2205 3815 2357 3867 νῆσον
2383 3806 2864 3876 καταδικασθέντας,
2891 3810 2923 3871 ἦ
2946 3806 3014 3866 αὖ
3037 3813 3187 3868 πάλιν
3215 3812 3554 3890 οίᾳδηποτοῦν

1944 3903 2200 3975 ἀποφάσει
2262 3899 2650 3975 ἱκόεδομένους’
2702 3911 2811 3965 τοῖς
2888 3907 3141 3968 τοιούτοις
3187 3912 3258 3979 μή
3306 3910 3550 3985 ἀρνητέαν

1945 3990 2074 4052 εἶναι
2096 4001 2187 4056 τήν
2212 3995 2467 4069 βοήθειαν,
2495 3997 2620 4052 ἀλλὰ
2654 4000 2824 4075 χωρίς
2848 3998 3138 4071 μελλησμοῦ
3174 4002 3259 4055 καί
3293 3997 3415 4056 ἄνευ
3456 4007 3549 4057 τοῦ

1947 4087 2191 4146 διστάσαι
2215 4098 2324 4151 τοῖς
2349 4092 2604 4153 τοιούτοις
2631 4092 2878 4147 αἰτεῖσθαι
2904 4095 3251 4169 συγχώρησιν
3271 4133 3286 4159 ,
3316 4097 3361 4148 εἰ
3384 4092 3552 4150 τοίνυν

1947 4185 2199 4239 καὶτοῦτο
2227 4184 2434 4258 ἀρέσκει
2454 4223 2469 4249 ,
2513 4182 2781 4258 σύμψηφοι
2816 4183 3015 4257 γίνεσθε
3059 4183 3302 4247 ἅπαντες.
3332 4186 3553 4261 ἀπεκρί-
3625 4205 3627 4207 ‘

1949 4298 2099 4333 ναντο
2120 4275 2346 4338 ἅπαντες
2365 4293 2378 4305 ·
2413 4275 2658 4351 όριζὲσθω
2678 4280 2763 4331 καί
2779 4283 2951 4332 τοῦτο.

2020 4369 2058 4435 ζ
2069 4409 2082 4423 .
2110 4381 2263 4432 Οσιος
2292 4370 2568 4431 ἐπίσκοπος
2597 4364 2707 4424 εἶπε
2729 4386 2740 4401 ·
2764 4372 2860 4424 Καὶ
2899 4376 3055 4426 τοῦτο
3082 4373 3112 4430 ή
3142 4373 3388 4446 ἀγχίνοια
3409 4373 3552 4443 ὑμῶν

1949 4467 2187 4542 κρινάτω.
2215 4464 2279 4519 ἶν’
2306 4462 2480 4523 ἐπειδή
2522 4460 2687 4529 ἔδοξε.
2723 4462 2807 4520 διὰ
2851 4466 2909 4522 τό
2934 4471 3004 4540 μὴ
3033 4468 3239 4523 πίπτειν
3266 4469 3369 4524 ύπό
3396 4469 3553 4525 κατά-

246 4575 416 4631 copus
443 4559 496 4613 itt
527 4558 1029 4614 condemnationem
1059 4554 1261 4611 incidat
1287 4552 1354 4609 ad
1384 4563 1558 4610 castra
1588 4552 1841 4619 veniens,

1951 4562 2142 4634 γνωσίν
2170 4582 2285 4616 τινα
2305 4566 2406 4615 τῶν
2432 4559 2726 4615 ἐπισκόπων
2752 4561 3104 4635 ἀφικνούμενον
3129 4566 3200 4624 είς
3238 4565 3297 4621 τό
3334 4563 3556 4643 στρατό-

248 4651 414 4722 siqui
455 4665 641 4706 eorum
689 4648 993 4719 ejusmodi,
1035 4663 1260 4718 qttarum
1310 4647 1558 4717 superius
1599 4646 1849 4701 memini-

250 4759 392 4810 mus,
437 4742 667 4799 habeant
711 4756 921 4813 preces,
963 4757 1061 4813 per
1103 4741 1375 4811 proprium
1408 4740 1692 4795 diaconum
1724 4738 1848 4793 mit-

252 4848 391 4893 tant.
417 4836 641 4892 Ministri
663 4838 808 4892 enim
841 4850 1069 4904 persona
1100 4851 1206 4890 non
1228 4845 1310 4891 est
1341 4834 1624 4899 invidiosa,
1658 4844 1852 4905 etqua‘.

253 4948 509 4990 concessa
532 4931 748 4993 fuerint.
789 4932 947 4987 citius
977 4930 1200 5000 perferri
1231 4938 1502 5001 poterunt.
1536 4929 1851 5001 Responde-

256 5037 384 5083 runt
415 5042 603 5082 omues
632 5044 645 5078 :
675 5024 960 5082 Szmciatur
986 5035 1040 5082 et
1069 5024 1190 5082 hoc.

329 5118 468 5176 Vill.
484 5119 643 5175 Osius
655 5120 939 5190 episcenos
959 5120 1124 5176 dixit:
1154 5119 1265 5176 Iloc
1287 5134 1854 5191 quoqueconseqnens

257 5229 380 5271 esse
405 5214 676 5279 cxiStimo,
705 5229 763 5269 ιιι
787 5214 832 5270 si
859 5215 914 5270 in
943 5230 1279 5286 quacumque
1310 5216 1581 5285 provincia
1614 5214 1854 5286 episcopi

259 5306 326 5363 ad
368 5306 587 5363 fratrem
617 5315 673 5363 et
698 5307 1079 5378 coepiscopum
1109 5321 1262 5363 suum
1294 5310 1508 5363 mittunt
1550 5321 1771 5378 preces,
1808 5304 1855 5361 is

260 5401 351 5471 qui
378 5410 462 5457 est
491 5401 545 5457 in
573 5400 762 5471 majori
787 5401 1025 5470 civitate,
1055 5401 1160 5458 hoc
1188 5410 1273 5458 est
1299 5402 1352 5458 in
1390 5402 1707 5472 metropoli,
1747 5402 1862 5470 ipse

263 5496 569 5552 ministrum
609 5510 763 5551 suum
805 5505 860 5552 et
899 5510 1088 5566 preces
1115 5496 1328 5561 mittat,
1365 5496 1611 5566 praebens
1638 5495 1687 5551 ei
1718 5508 1868 5550 com-

268 5588 611 5646 mendatitias
657 5605 871 5661 quoque
917 5590 1143 5657 litteras,
1193 5591 1437 5647 scribens
1484 5588 1733 5645 videlicet
1777 5602 1873 5658 per

272 5683 719 5754 consequentiam
749 5683 910 5740 etiam
956 5682 1024 5738 ad
1066 5682 1263 5740 fratres
1290 5693 1344 5738 et
1368 5681 1722 5754 coepiscopos
1748 5696 1877 5738 nos-

269 5785 404 5845 tros,
444 5775 537 5849 qui
564 5776 771 5836 scilicet
801 5779 894 5836 illo
920 5787 1166 5849 tempore
1202 5776 1256 5831 in
1286 5776 1422 5834 locis
1448 5775 1537 5835 vel
1567 5774 1880 5834 civitatibus

810 5873 1088 5934 Ρλτιιοι..
1124 5868 1298 5937 νιιι.

1952 4651 2129 4717 πεδον,
2180 4650 2232 4708 εἴ
2265 4672 2398 4713 τινες
2450 4653 2615 4709 αὐτῶν
2662 4655 2909 4716 τοιαύτας
2952 4652 3124 4727 ἔχοιεν
3157 4654 3371 4719 δεήσεις.
3439 4658 3557 4711 οἴων

1954 4746 2123 4802 ἐπάνω
2154 4746 2553 4819 ἐπεμνήσθημεν.
2597 4743 2682 4800 διά
2732 4745 2862 4802 ἰδίου
2902 4746 3135 4803 διακόνου
3179 4749 3554 4805 ἀποστέλλοιεν.

1954 4846 2045 4896 τοῦ
2069 4861 2124 4895 τι
2145 4842 2244 4917 γὰρ
2271 4841 2533 4917 ὑπηρέτου
2562 4840 2620 4895 τό
2653 4841 2932 4917 πρόσωπον
2958 4844 3045 4897 οὐκ
3069 4844 3322 4917 ἐπίφθονον
3347 4842 3562 4917 τυγχά-

1954 4955 2049 4999 νει,
2074 4937 2163 4988 καί
2188 4935 2256 4990 τά
2275 4934 2784 5009 παρασχεθησόμενα
2802 4935 2984 4991 θᾶττον
3008 4934 3385 5008 διακομισθῆναι
3406 4934 3561 4994 δυνή-

1956 5047 2121 5083 σεται.
2155 5027 2486 5102 ἀπεκρίναντο
2508 5027 2715 5086 πάντες·
2750 5029 2839 5080 Καί
2857 5033 3011 5083 τοῦτο
3035 5026 3297 5098 όριζέσθω.

2030 5120 2090 5179 η’.
2118 5116 2299 5179 Ὀσιος
2337 5118 2610 5179 ἐπίσκοπος
2638 5112 2769 5173 εἷπε·
2802 5123 2895 5174 Καὶ
2914 5126 3064 5175 τοῦτο
3091 5119 3355 5174 ἀκόλουθον
3377 5123 3565 5192 νομίζω

1960 5209 2107 5272 εἶναι.
2136 5214 2223 5268 ἵνα
2252 5213 2339 5266 ἑάν
2365 5213 2417 5266 ἐν
2455 5209 2796 5288 οίᾳδηποτοῦν
2840 5215 3076 5291 ἐπαρχίᾳ
3122 5215 3390 5271 ἕπίσκοποι
3433 5214 3564 5292 πρὸς

1967 5308 2175 5383 ἀδελφὸν
2204 5310 2294 5362 καί
2320 5308 2697 5365 συνεπίσκοπον
2727 5307 2923 5364 ἑαυτῶν
2950 5308 3301 5365 ἀποστέλλοιεν
3327 5306 3526 5371 δεήσεις
3546 5350 3564 5377 ,

1970 5400 1996 5456 ὁ
2023 5403 2074 5456 ἐν
2190 5403 2383 5475 μείζονι
2406 5401 2681 5474 τυγχάνων
2709 5401 2870 5458 πόλει.
2894 5400 3036 5457 τοῦτ’
3060 5398 3172 5456 ἔστι
3205 5408 3267 5477 τῇ
3308 5400 3573 5480 μητροπό-

1974 5493 2068 5559 λει,
2093 5494 2247 5555 αὐτὸς
2271 5494 2461 5549 καὶτὸν
2487 5491 2708 5549 διάκονον
2731 5495 2884 5549 αὐτοῦ
2913 5496 3000 5547 καί
3026 5494 3121 5554 τὰς
3160 5490 3361 5557 δεήσεις
3407 5497 3473 5550 ἀπ
3484 5515 3577 5550 οσ-

1979 5587 2164 5652 τίλλοι,
2196 5588 2450 5664 παρέχων
2479 5587 2619 5660 αὐτῷ
2657 5589 2737 5640 καί
2781 5588 3099 5647 συστατικὰς
3127 5586 3417 5647 ἐπιστολάς.
3450 5588 3580 5663 γρά-

1981 5702 2084 5757 φων
2115 5678 2345 5738 δηλονότι
2376 5680 2511 5737 κατά
2548 5678 2843 5735 ἀκολουθίαν
2892 5680 2982 5735 καί
3022 5679 3153 5755 πρὸς
3192 5679 3315 5738 τούς
3342 5675 3586 5751 ἀδελφούς

1987 5778 2074 5834 καί
2100 5773 2519 5835 συνεπισκόπους
2542 5774 2705 5844 ἡμῶν,
2736 5770 2787 5828 εἴ
2802 5791 2936 5833 τινες
2961 5772 3014 5829 ἐν
3035 5771 3202 5843 ἐκείνῳ
3234 5776 3310 5845 τῷ
3351 5776 3513 5846 καιρῷ
3540 5770 3590 5828 ἐν

3112 5863 3193 5924 1ιῖ
