4010 6306
432 182 572 241 i327

1517 180 1715 241 OSIUS
1755 178 2127 242 EPISCOI’US
2164 179 2661 244 CORDUBENSIS.

3594 196 3726 260 539.8

430 303 516 354 καί
545 305 635 360 τήν
655 299 876 356 διάθεσιν
902 303 1179 377 παρέχειν,
1204 303 1292 356 τὸν
1316 302 1469 356 αὐτὸν
1487 303 1676 379 τρόπον
1706 305 1788 357 καί
1818 303 1865 357 oi
1893 303 2022 357 ύπο-

2146 299 2253 355 lem
2288 301 2449 357 modo
2489 312 2543 358 et
2567 302 2796 373 subjecti
2822 303 3023 361 debent
3046 305 3314 376 episcopis
3359 323 3467 365 non
3512 310 3729 367 fraudu-

433 397 733 468 τεταγμένοι
763 392 920 451 ἅδολα
950 396 1044 460 (al.
1078 394 1314 471 ἀρίδηλα)
1343 406 1449 459 τοῖς
1490 400 1790 460 ἒπισκόποις
1826 402 1893 455 τοὶ
1938 408 2029 461 τῆς

433 488 720 565 ὑπηρεσίας
751 489 965 544 ἓκτελίιν
990 489 1285 563 ὀφείλουσιν.

504 579 767 644 ιδ’.”οσιος
791 578 1069 643 ἐπίσκοπος
1095 578 1223 639 εἶπε·
1251 587 1339 638 Καὶ
1356 589 1510 640 τοῦτο
1537 583 1592 639 δὲ
1621 586 1814 647 πάντες
1846 584 2029 661 ὁρίσω-

431 698 542 749 μεν.
573 679 659 733 ἵνα
688 676 738 733 εἴ
764 700 843 739 τις
890 680 1172 741 ἐπίσκοπος
1213 680 1267 747 ἐξ
1307 680 1486 758 ἑτέρας
1515 685 1787 757 παροικίας
1814 683 2030 757 βουληθῇ

428 769 692 842 ἀλλότριον
718 771 993 847 ὑπηρέτην.
1010 776 1180 849 χωρίς
1204 780 1296 833 τῆς
1324 776 1747 848 συγκαταθέσεως
1777 782 1868 832 τοῦ
1899 773 2029 831 ἰδίου

426 859 739 921 ἐπισκόπου.
756 860 826 925 εἴς
839 885 948 919 τινα
974 864 1169 938 βαθμὸν
1198 875 1548 933 καταστῆσαι,
1576 864 1765 945 ἄκυρος
1795 872 1879 923 καί
1907 868 2032 923 ἀϐέ-

432 954 579 1017 ϐαιος
607 959 638 1015 ἡ
664 958 983 1020 κατάστασις
1012 960 1044 1017 ἡ
1088 962 1303 1019 τοιαύτη
1342 963 1619 1034 νομίζοιτο.
1654 959 1706 1017 εἷ
1724 983 1857 1024 τινες
1893 961 1936 1018 δ’
1970 956 2029 1017 ἂν

424 1054 582 1104 τοῦτο
610 1048 812 1111 ἑαυτοῖς
841 1050 1190 1128 ἐπιτρέψειαν,
1218 1056 1365 1128 παρά
1412 1062 1513 1109 τῶν
1540 1052 1763 1130 ἀδελφῶν
1789 1058 1877 1110 καί
1905 1076 2025 1111 συνο

427 1140 725 1201 επισκόπων
770 1147 912 1219 ἡμῶν
967 1150 1048 1201 καί
1085 1147 1565 1221 ὑπομιμνήσκεσθαι
1592 1152 1677 1204 καί
1705 1148 2029 1227 διορθοῦσθαι

424 1239 732 1315 ὀφείλουσιν.
763 1241 985 1306 ἅπαντες
1014 1246 1261 1321 εἰρήκασι⁶
1300 1248 1392 1301 Καί
1416 1241 1570 1308 οὗτος
1622 1245 1649 1301 ὸ
1696 1244 1815 1324 ὄρος
1854 1252 2027 1307 στήτω

427 1331 522 1407 (al.
556 1335 810 1407 mxérm)
849 1339 1151 1401 ἀσάλευτος.

497 1428 573 1483 ιε’.
615 1425 794 1492 Ὀσιος
836 1431 1115 1494 ἑπίσκοπος
1151 1427 1283 1489 εἶπε’
1332 1441 1434 1496 Τῆς
1462 1435 1592 1509 ίμῆς
1632 1431 1967 1510 μετριότητος
1995 1439 2027 1497 ἡ

421 1518 686 1597 ἀπόφασίς
739 1526 856 1581 ὶστι
901 1523 1053 1585 αὕτη·
1086 1525 1254 1583 ἒπειδί
1279 1528 1486 1601 ἥσυχοι
1531 1531 1617 1584 καί
1660 1530 2027 1602 ύπομονητικοί

418 1614 679 1689 ὀφείλομεν
693 1611 837 1681 εἶναι,
854 1620 943 1673 καί
970 1616 1147 1696 διαρκῆ
1170 1621 1258 1677 τὸν
1287 1622 1418 1698 πρὸς
1442 1621 1638 1683 πάντας
1667 1620 1810 1695 ἔχειν
1838 1618 2021 1689 οἶκτον,

417 1704 561 1773 ἅπαξ
585 1710 709 1769 τοὺς
737 1710 810 1771 εἰς
836 1709 1016 1786 κλῆρον
1063 1712 1469 1772 ἐκκλησιαστικὸν
1516 1716 1873 1793 προαχθέντας
1923 1716 2026 1773 ύπό

418 1822 569 1859 τινων
597 1801 819 1878 ἀδελφῶν
846 1805 1008 1875 ἡμῶν.
1038 1806 1124 1863 ἐὰν
1150 1811 1219 1878 μὴ
1248 1807 1511 1881 βούλοιντο
1537 1808 1917 1885 ἐπανέρχεσθαι
1953 1813 2026 1872 εἰς

416 1889 481 1956 ἃς
506 1898 967 1971 κατωνομάσθησαν
1020 1899 1305 1962 ἐκκλησίας.
1356 1906 1447 1957 τοῦ
1488 1900 1667 1957 λοιποῦ
1724 1907 1794 1971 μή
1834 1900 2024 1958 ύποδὲ-

419 1990 632 2061 χεσθαι.
663 1992 987 2064 Εὖτυχιανόν
1015 1990 1071 2048 δὲ
1096 1996 1222 2068 μήτε
1248 1994 1531 2050 ἐπισκόπου
1562 1994 1730 2066 ἑαυτῷ
1761 1993 2025 2054 διεκδικεῖν

418 2073 597 2151 ὄνομα.
631 2081 735 2137 ἀλλ’
766 2081 883 2139 ούδέ
911 2093 1177 2141 Μουσαῖον
1217 2087 1286 2146 ὡς
1323 2086 1602 2143 ἐπίσκοπον
1636 2089 1949 2159 νομίζεσθαι.
1982 2092 2027 2144 εἰ

417 2168 474 2228 δέ
497 2173 670 2235 λαίκὴν
696 2178 953 2233 κοινωνίαν
981 2180 1270 2248 ἀπαιτοῖεν,
1299 2186 1368 2253 μὴ
1400 2189 1591 2258 χρῆναι
1622 2182 1794 2243 αὐτοῖς
1817 2183 2026 2258 ἀρνεῖσ-

418 2268 525 2326 θαι.
550 2270 745 2335 πάντες
770 2266 930 2329 εἷπον·
963 2270 1210 2350 ’Δρέσκει.

2134 393 2339 451 lentum
2371 396 2724 452 ministerium
2750 408 2806 451 et
2832 398 3149 470 obsequium
3180 401 3461 459 exhibere.

2207 569 2346 624 XIV.
2367 570 2525 627 Osins
2542 574 2829 647 cpiscopus
2850 576 3015 632 dixit:
3042 577 3156 635 Hoc
3186 597 3399 653 quoque
3426 598 3617 640 omnes
3640 584 3736 642 dc-

2133 659 2385 719 tiniamus
2406 706 2422 732 ,
2459 674 2517 721 ut
2556 667 2599 721 si
2631 669 2749 738 quis
2789 670 3074 742 episcopus
3100 689 3162 729 ex
3191 675 3297 730 alia
3328 678 3578 746 parochia
3607 679 3737 735 velit

2134 758 2365 815 alienum
2395 762 2698 819 ministrum
2728 766 2844 822 sine
2884 783 3151 824 consensu
3180 772 3380 840 proprii
3408 775 3651 847 episcopi
3683 776 3737 830 in

2133 848 2313 921 aliquo
2339 855 2507 923 gradu
2536 856 2866 913 constituere
2890 900 2906 925 ,
2938 860 3088 915 irrita
3144 871 3199 916 et
3226 862 3441 919 inﬁrma
3467 865 3736 936 ejusmodi

2132 944 2448 1002 constitutio
2469 948 2895 1008 existimetur.Si
2915 955 3005 1024 qui
3019 965 3197 1011 autem
3224 954 3328 1012 hoc
3347 958 3450 1013 sibi
3472 959 3604 1029 ipsis
3618 975 3739 1030 pcr—

2132 1035 2417 1105 miserint,
2463 1054 2493 1092 a
2527 1040 2781 1097 fratribus
2808 1052 2863 1099 et
2890 1047 3229 1117 coepiscopis
3257 1058 3312 1105 et
3352 1050 3634 1107 admoneri
3682 1062 3740 1109 ct

2130 1131 2324 1204 corrigi
2358 1133 2577 1191 debent.
2607 1137 2810 1195 Omnes
2837 1139 3124 1197 dixerunt:
3158 1142 3275 1201 Hoc
3297 1160 3516 1218 quoque
3544 1146 3739 1204 decre-

2132 1235 2242 1282 tum
2263 1236 2371 1284 stet
2396 1228 2610 1285 ﬁrmum
2635 1240 2691 1287 et
2716 1232 3015 1291 immobile.

2203 1360 2319 1419 XV.
2343 1362 2504 1420 Osius
2525 1365 2812 1438 episcopus
2834 1366 3004 1424 dixit:
3040 1368 3174 1426 Mea:
3199 1370 3591 1430 mediocritatis
3619 1374 3743 1432 haec

2130 1465 2215 1512 est
2235 1458 2500 1514 sententia
2528 1476 2540 1512 :
2572 1459 2698 1531 quia
2716 1460 2883 1533 quieti
2910 1472 2960 1518 el
2991 1466 3259 1534 patientes
3283 1480 3406 1523 esse
3434 1467 3700 1526 debemus
3724 1508 3741 1537 ,

2130 1560 2186 1606 et
2229 1566 2521 1622 perennem
2566 1554 2620 1609 in
2661 1570 2851 1612 omnes
2893 1555 3094 1614 habere
3140 1560 3571 1618 misericordiam
3597 1605 3614 1631 ,
3644 1578 3745 1620 eos

2129 1644 2221 1715 qui
2252 1645 2417 1701 semel
2446 1646 2499 1700 in
2528 1646 2732 1704 clerum
2763 1651 3190 1709 ecclesiasticum
3219 1655 3289 1710 ab
3329 1656 3603 1726 aliquibus
3629 1658 3746 1714 fra-

2136 1737 2304 1792 tribus
2335 1739 2534 1795 nostris
2561 1743 2792 1810 promoti
2820 1755 2980 1812 sunt,
3012 1745 3057 1800 si
3097 1746 3269 1802 nolint
3295 1747 3474 1805 redire
3502 1748 3570 1805 ad
3596 1765 3695 1806 eas
3721 1793 3738 1819 ,

2133 1828 2199 1886 ad
2229 1845 2361 1902 quas
2402 1834 2662 1889 nominati
2708 1845 2874 1904 sunt,
2899 1838 3184 1907 ecclesias,
3212 1838 3470 1912 deinceps
3514 1858 3624 1899 non
3650 1845 3749 1898 ad-

2131 1925 2306 1979 mitti:
2356 1924 2753 1999 Eutychianum
2783 1940 2963 1987 autem
3005 1947 3071 1988 ne
3101 1932 3343 2005 episcopi
3383 1934 3608 2005 quidem
3637 1936 3749 1993 sibi

2132 2031 2329 2072 nomen
2362 2033 2661 2090 usurpare;
2703 2022 2799 2078 sed
2845 2038 3018 2095 neque
3046 2023 3303 2081 Musaium
3335 2035 3397 2082 ut
3422 2030 3750 2101 episcopum

2130 2111 2469 2179 existimari;
2519 2113 2563 2168 si
2607 2122 2785 2171 autem
2830 2115 3020 2172 Iaicam
3053 2121 3490 2177 communionem
3540 2123 3752 2193 petive-

2129 2204 2278 2271 rint,
2319 2221 2429 2260 non
2466 2217 2722 2278 Oportere
2763 2208 2846 2266 eis
2886 2210 3163 2284 denegari.
3206 2213 3409 2273 Omnes
3449 2216 3748 2274 dixerunt:

2131 2296 2333 2353 Placet.

1576 2434 1710 2493 OSII
1740 2432 2113 2494 CONCILIUM
2152 2435 2630 2496 CORDUBENSE.

1818 2530 1988 2593 (Cone.
2014 2533 2052 2579 t.
2078 2543 2132 2592 ιι,
2157 2526 2253 2581 σοι.
2276 2529 2384 2594 91.)

496 2644 677 2718 Διόπερ
732 2640 1060 2720 ιουρδούϐης
1111 2638 1390 2701 ἐπίσκοπος
1442 2636 1469 2694 ὁ
1523 2638 1769 2701 πανόσιος
1822 2633 2035 2693 σύνοδον

430 2740 566 2794 θείαν
591 2739 680 2793 καί
704 2737 843 2812 ἱεράν
881 2734 1177 2791 ἐπισκόπων
1201 2735 1252 2788 ἓν
1287 2741 1350 2810 τῇ
1390 2733 1551 2808 οἰκείᾳ
1576 2731 1717 2788 πόλει
1742 2729 2036 2807 προσκαλε-

986 2827 1001 2837 .
1076 2826 1089 2837 .
1170 2826 1180 2837 .
1397 2826 1441 2837 .-
1818 2824 1828 2837 .
1980 2819 1999 2837 Α

432 2831 675 2903 σάμενος,
702 2830 761 2883 τὸ
796 2827 1035 2903 θεουργὸν
1068 2826 1317 2903 ἐτράνωσε
1345 2826 1579 2898 μάθημα·
1609 2824 1923 2900 κατακρίνας
1949 2824 2038 2883 οὓς

433 2926 465 2983 ἡ
486 2921 708 3001 Σαρδιαὴ
736 2922 1023 2997 ἀπεκήρυξε
1065 2917 1278 2980 σύνοδος
1298 2935 1311 2948 ·
1345 2921 1431 2973 καί
1457 2916 1546 2979 οὓς
1582 2916 1732 2972 πάλιν
1777 2914 2039 2971 ἐδικαίωσε

431 3014 864 3088 προσδεξάμενος.

2215 2632 2556 2706 Quapropter
2644 2637 2913 2699 Corduba:
2995 2644 3284 2718 episcopus
3362 2651 3753 2713 sanctissimus

2146 2724 2308 2782 Osius
2331 2729 2597 2800 synodum
2630 2731 2870 2790 divinam
2898 2744 2954 2793 et
2981 2747 3222 2796 sanctam
3247 2742 3633 2816 episcoporum
3653 2763 3754 2804 sua

2149 2817 2201 2873 in
2232 2820 2451 2877 civitate
2478 2838 2811 2897 convocans,
2835 2828 3099 2888 divinitus
3126 2836 3427 2904 expositam
3456 2837 3758 2898 illustravit

2148 2912 2487 2983 doctrinam,
2528 2921 2898 2980 condemnans
2953 2927 3176 2985 eosdem
3222 2947 3360 3002 quos
3408 2933 3759 2994 Sardiceusis

2150 3007 2501 3067 abdicaverat
2515 3015 2775 3086 synodus,
2800 3025 2857 3074 et
2873 3034 3009 3090 quos
3029 3037 3093 3078 ea
3122 3022 3432 3082 absolverat
3454 3030 3752 3101 recipiens.

923 3172 1406 3232 CORDUBENSIS
1447 3171 1757 3230 EPISCOPI
1797 3169 2141 3229 EPISTULA
2178 3170 2271 3227 AD
2300 3174 2795 3240 CONSTANTIUM
2832 3184 3241 3247 AUGUSTUM.

483 3291 639 3357 Apud
666 3289 1004 3347 Athanasium
1030 3289 1085 3344 in
1117 3290 1237 3344 hist.
1271 3287 1451 3343 Arian.
1482 3287 1552 3342 ad
1575 3286 1819 3343 Monach.
1847 3285 1881 3417 Ξ
1915 3284 2101 3429 ἴων,
2123 3284 2275 3431 Οριέὶ
2293 3297 2418 3444 t)om.
2452 3308 2492 3359 ι,
2522 3304 2656 3363 part.
2687 3312 2728 3366 ι,
2756 3315 2878 3372 pag.
2910 3302 3038 3370 570,
3060 3306 3186 3362 edit.
3214 3306 3322 3364 BB.
3345 3308 3524 3370 Paris.
3556 3314 3760 3392 i698.)

1853 3385 1936 3443 ,6ο
1981 3384 2119 3439 .t.v,
2139 3391 2191 3443 p.
2285 3418 2296 3430 .

1853 3384 1992 3443 [σου.
2018 3384 2052 3429 ι.
2072 3392 2119 3439 v,
2139 3391 2191 3443 p.
2217 3384 2296 3431 81.

574 3472 753 3535 ὀσιος
781 3473 1114 3544 Κωνσταντίῳ
1140 3468 1351 3544 βασιλεῖ
1373 3469 1422 3523 ἐν
1451 3470 1615 3545 Κυρίῳ
1642 3467 1867 3543 χαίρειν.

502 3590 632 3664 Ἐγὼ
662 3591 751 3661 μὲν
780 3586 1080 3659 ὡμολόγησα
1112 3587 1200 3640 καί
1224 3585 1281 3639 τὸ
1306 3590 1541 3659 πρῶτον,
1581 3578 1665 3637 ὅτε
1695 3578 1918 3655 διωγμὸς
1943 3580 2034 3654 γέ-

432 3707 569 3761 γονεν
608 3686 694 3740 ἕπί
728 3691 802 3758 τῷ
842 3683 1043 3754 πάππῳ
1081 3701 1173 3735 σου
1210 3679 1523 3752 Μαξιμιανῷ·
1557 3679 1599 3732 εί
1642 3673 1696 3733 δὲ
1743 3678 1828 3731 καί
1873 3675 1942 3785 σύ
1973 3694 2036 3745 με

436 3778 657 3841 διώκεις.
688 3778 887 3849 ἕτοιμος
931 3777 1019 3830 καί
1063 3778 1150 3827 νῦν
1186 3776 1290 3828 πᾶν
1324 3769 1492 3827 ὁτιοῦν
1532 3769 1828 3842 ύμομίνειν,
1879 3768 1910 3826 ἦ
1956 3768 2038 3821 ἐκ·

437 3877 606 3927 κενοῦν
646 3871 806 3943 ἀθῷον
836 3863 993 3939 αἷμα,
1025 3866 1111 3920 καί
1141 3861 1437 3937 προδιδόναι
1476 3866 1568 3929 τήν
1611 3861 1863 3920 ἀλήθειαν·
1895 3860 1953 3914 σέ
1983 3856 2038 3913 δὲ

437 3966 530 4020 οὐκ
554 3961 884 4036 ἀποδέχομαι
906 3963 1119 4016 τοιαῦτα
1148 3958 1401 4034 γράφοντα
1425 3958 1512 4011 καί
1536 3954 1865 4017 ἀπειλοῦντα,
1904 3957 2039 4007 παῦ-

438 4080 532 4115 σαι
558 4062 648 4113 τοῦ
670 4061 886 4111 τοιαῦτα
909 4053 1137 4129 γράφειν,
1168 4052 1255 4106 καί
1282 4054 1353 4122 μὴ
1378 4049 1547 4127 φρόνει
1572 4049 1642 4104 τά
1670 4045 1884 4123 Ἀρείου.
1911 4041 2041 4117 μηδέ

438 4151 592 4209 ἄκουε
618 4158 717 4208 τῶν
736 4147 1063 4205 ἀνατολικῶν.
1094 4144 1219 4219 μηδέ
1242 4146 1451 4201 πίστευε
1480 4152 1594 4206 τοῖς
1618 4144 1741 4219 περί
1761 4142 2044 4218 Οὐρσάκιον

440 4249 526 4303 καί
543 4244 814 4301 Οὐάλεντα.
860 4240 894 4297 ἃ
928 4242 1029 4315 γὰρ
1059 4240 1234 4294 ἐκεῖνοι
1275 4238 1534 4313 λέγουσιν,
1567 4240 1625 4292 ού
1655 4234 1721 4293 δι’
1749 4235 2043 4292 Ἀθανάσιον

438 4341 770 4413 φθέγγονται,
817 4334 945 4391 ἀλλά
991 4331 1077 4391 διά
1118 4336 1209 4392 τὴν
1257 4329 1391 4386 ἰδίαν
1443 4331 1645 4406 αἵρεσιν
1689 4330 1901 4386 πίστευέ
1929 4350 2042 4402 μοι,

440 4432 794 4497 Κωνστάντιε,
839 4428 1055 4488 πάππος
1098 4427 1202 4498 εἰμί
1248 4446 1345 4481 σου
1385 4424 1497 4479 καθ’
1538 4424 1760 4486 ἡλικίαν,
1804 4422 2046 4496 ἐγενόμην

443 4527 598 4587 αὐτὸς
625 4527 674 4580 ἐν
700 4533 763 4599 τῇ
794 4524 930 4579 κατά
962 4523 978 4578 (
989 4520 1041 4593 1)
1069 4518 1315 4597 Σαρδικήν
1344 4516 1572 4591 συνόδῳ,
1607 4516 1689 4574 ὅτε
1723 4520 1790 4574 σύ
1821 4539 1873 4573 τε
1904 4522 1990 4573 καί
2018 4516 2045 4573 ὁ

444 4620 735 4691 μακαρίτης
777 4615 988 4690 ἀδελφός
1026 4635 1121 4671 σου
1151 4616 1423 4680 Κώνστας,
1470 4614 1670 4674 πάντας
1708 4614 1847 4684 ἡμᾶς
1889 4614 2048 4671 συνή-

444 4729 593 4784 γαγε.
627 4711 713 4763 καί
730 4705 795 4763 δι’
815 4709 1035 4782 ἐμαυτοῦ
1065 4707 1185 4767 τούς
1216 4706 1433 4782 ἐχθρούς
1455 4702 1757 4761 ’Δθανασίου
1785 4724 2047 4781 προσεκα-

443 4804 671 4875 λεσάμην
708 4801 943 4862 ἐλθόντας
974 4802 1158 4861 αὐτοὺς
1198 4801 1270 4862 είς
1296 4804 1387 4860 τήν
1417 4799 1682 4858 ἐκκλησίαν
1701 4839 1714 4860 ,
1755 4800 1805 4853 ἐν
1893 4797 2049 4872 ᾤκουν

2062 3464 2109 3527 C
2209 3463 2391 3534 Osiris,
2420 3467 2715 3529 Constantio
2744 3475 3040 3548 imperatori
3067 3482 3121 3537 in
3151 3481 3404 3554 Domino,
3442 3492 3692 3548 salutem.

2219 3580 2332 3653 Ego
2358 3584 2470 3655 jam
2495 3589 2703 3659 pridem
2731 3594 3013 3654 confessus
3039 3613 3159 3655 sum
3182 3643 3197 3668 ,
3230 3616 3351 3659 cum
3394 3606 3498 3661 sub
3525 3622 3634 3664 avo
3660 3617 3755 3666 tuo

2141 3674 2463 3736 Maximiano
2478 3687 2778 3751 persecutio
2790 3704 3125 3760 grassaretur
3149 3736 3163 3759 ,
3190 3696 3331 3766 quod
3356 3696 3402 3753 si
3435 3708 3491 3755 tu
3535 3717 3757 3774 quoque

2144 3784 2232 3825 me
2273 3786 2622 3847 persequare,
2647 3780 2942 3837 etiamnum
2965 3785 3031 3840 ad
3059 3787 3270 3857 quidvis
3299 3793 3480 3860 potius
3509 3793 3755 3851 toleran-

2144 3859 2273 3918 dum
2302 3875 2521 3935 paratus
2552 3887 2694 3940 sum,
2725 3890 2888 3944 quam
2914 3886 2971 3931 ut
3003 3878 3278 3937 innoxium
3302 3859 3585 3942 effundam
3624 3903 3755 3947 san-

2144 3955 2361 4025 guinein
2396 3960 2789 4036 veritatemque
2818 3968 3043 4038 prodam
3075 3990 3087 4025 :
3124 3982 3285 4045 teque
3325 3991 3394 4033 eo
3421 3980 3587 4036 modo
3608 3983 3753 4039 scri-

2146 4046 2366 4106 bentem
2407 4069 2471 4110 ac
2499 4055 2937 4117 interminantem
2974 4065 3197 4123 minime
3237 4072 3503 4141 approbo.
3552 4075 3755 4133 Desine

2149 4142 2329 4215 itaque
2376 4148 2498 4203 talia
2549 4152 2807 4222 scribere,
2856 4170 2921 4211 ac
2957 4173 3079 4213 cum
3124 4160 3251 4216 Ario
3292 4179 3361 4220 ne
3384 4165 3620 4237 sentias,
3648 4185 3753 4227 nec

2149 4237 2450 4296 Orientales
2477 4243 2663 4300 audias
2680 4290 2696 4314 ,
2728 4263 2833 4304 neu
2857 4248 3084 4308 Ursacio
3109 4263 3165 4310 et
3190 4255 3401 4314 Valenti
3442 4258 3649 4318 habeas
3679 4265 3746 4319 ﬁ-

2149 4329 2294 4387 dem.
2320 4331 2453 4389 Nam
2481 4353 2601 4408 qua:
2623 4338 2874 4397 effutiunt
2898 4343 3011 4410 illi,
3065 4361 3171 4403 non
3212 4349 3489 4409 Athanasii
3539 4370 3741 4426 causa,

2149 4425 2246 4481 sed
2274 4427 2497 4486 haeresis
2527 4446 2640 4488 sum
2666 4435 2836 4505 gratia
2868 4436 3189 4508 loquuntur.
3221 4440 3399 4502 Crede
3421 4447 3576 4514 mihi,
3600 4425 3753 4508 Con-

2152 4522 2341 4590 stanti,
2370 4526 2461 4596 qui
2495 4542 2590 4595 per
2617 4540 2833 4586 aetatem
2866 4548 2998 4591 avus
3029 4543 3156 4592 tuus
3195 4553 3319 4595 esse
3351 4542 3557 4612 possim
3583 4562 3598 4599 :
3623 4544 3754 4602 Sar-

2153 4613 2360 4672 dicensi
2392 4618 2610 4676 interfui
2637 4623 2866 4695 synodo,
2899 4642 3008 4697 quo
3037 4638 3281 4702 tempore
3305 4642 3471 4706 tuque
3484 4651 3550 4693 ac
3572 4636 3751 4696 beata:

2151 4709 2235 4765 vir
2260 4715 2536 4769 memoria:
2566 4714 2734 4773 frater
2779 4726 2901 4775 tuus
2929 4719 3232 4794 Constans,
3265 4742 3365 4783 nos
3403 4744 3596 4787 omnes
3620 4748 3754 4790 con-

2154 4806 2408 4861 vocastis.
2441 4806 2670 4879 Ipseque
2701 4811 2947 4870 inimiCos
2968 4813 3250 4872 Athanasii
3281 4823 3594 4890 provocavi,
3628 4841 3751 4883 cum

445 4900 545 4972 ἐγὼ
563 4938 576 4957 ,
602 4895 665 4950 ἶν’
693 4892 743 4949 εἴ
757 4915 809 4949 τι
832 4891 1004 4965 ἔχοιεν
1030 4893 1140 4948 κατ’
1161 4895 1336 4953 αὐτοῦ,
1361 4891 1593 4966 λίγωσιν’
1622 4891 2036 4966 ἐπαγγειλάμενος

2156 4896 2207 4951 ἰιι
2238 4898 2535 4954 Ecclesium
2558 4901 2647 4957 ubi
2673 4907 3054 4963 commorabar
3072 4924 3193 4979 ego,
3222 4911 3601 4979 advenissent;
3631 4919 3752 4974 utsi

445 4991 620 5050 αὐτοῖς
644 4985 871 5061 θαρῥεῖν.
900 4987 988 5039 καί
1011 4990 1080 5055 μὴ
1107 4982 1226 5040 ἄλλο
1263 5007 1315 5040 τι
1357 4982 1655 5063 προσδοκᾷν
1675 5026 1688 5044 ,
1733 4982 1764 5043 ἣ
1805 4984 1950 5059 ὀρθὸν
1989 4984 2049 5039 τὸ

444 5104 505 5161 κρ
528 5088 698 5157 τήριον
739 5082 825 5137 ἐπί
848 5083 1010 5136 πᾶσιν
1036 5076 1256 5133 ἔσεσθαι.
1296 5085 1448 5137 τοῦτο
1491 5078 1546 5136 δέ
1573 5082 1675 5153 οὐχ
1717 5077 1862 5144 ἅπαξ
1881 5121 1895 5142 ,
1924 5079 2050 5136 ἀλλά

446 5180 531 5234 καί
551 5174 790 5251 δεύτερον
814 5174 1064 5235 ίποίησα,
1093 5174 1428 5247 προτρέπων,
1460 5176 1504 5229 εἰ
1530 5183 1601 5245 μή
1628 5174 1805 5230 θέλοιεν
1831 5175 1919 5230 ἐπί
1943 5175 2049 5231 πά·

446 5292 543 5332 σης
578 5279 670 5331 τῆς
714 5265 927 5325 συνόδου
947 5305 963 5331 ,
996 5259 1086 5338 κᾷν
1120 5264 1199 5319 ἐπ’
1229 5265 1349 5336 ἐμοῦ
1394 5264 1574 5337 μόνου·
1625 5267 2046 5343 ἐπαγγειλάμενος

443 5363 616 5422 πάλιν.
651 5358 730 5417 ὅτι
759 5355 820 5416 ἂν
844 5362 936 5433 μίν
964 5356 1243 5420 ὑπεύθυνος
1268 5355 1452 5433 δειχθῇ
1469 5397 1482 5418 ,
1515 5360 1717 5421 πάντως-
1756 5360 2039 5421 ἀποϐληθή.

449 5477 599 5514 σεται
634 5458 720 5511 καὶ
747 5455 872 5528 παρ’
897 5456 1058 5526 ἡμῶνο
1086 5447 1146 5508 ἀν
1174 5450 1229 5508 δὲ
1258 5453 1481 5512 ἀναίτιος
1512 5452 1687 5529 εὑρεθῇ
1705 5494 1717 5513 ,
1764 5457 1848 5509 καί
1876 5455 2045 5530 ἐλέγξῃ

447 5551 767 5625 συκοφάντας
786 5548 946 5621 ὑμᾶς,
972 5550 1019 5603 εἰ
1039 5548 1370 5624 παραιτεῖσθε
1394 5546 1479 5602 τὸν
1497 5541 1784 5622 ἄνθρωπον,
1813 5549 1912 5622 ἐγὼ
1932 5549 2045 5620 μετ’

444 5648 671 5716 ἐμαυτοῦ
690 5641 846 5700 πείθω
874 5642 961 5697 τὸν
978 5638 1276 5699 ’Δθανάσιον
1305 5640 1465 5699 nam
1484 5644 1554 5703 εἰς
1582 5639 1674 5703 τὰς
1692 5643 1929 5703 Σπανίας.
1958 5647 2042 5701 καί

444 5790 450 5801 -
522 5759 600 5829 (ει)
621 5756 821 5828 Regius
842 5752 1012 5813 codex
1031 5754 1279 5834 Σαρδικήν.

2154 4990 2277 5060 quid
2311 4996 2361 5046 in
2399 4993 2696 5050 Athanasio
2720 4998 3045 5068 culpandum
3075 5001 3358 5071 haberent,
3388 5007 3442 5063 id
3471 5011 3758 5070 renuntia-

2153 5094 2292 5140 rent.
2328 5086 2510 5145 Fidem
2545 5089 2669 5145 dedi
2709 5095 3168 5170 securitatemque
3206 5102 3471 5172 promisi,
3520 5117 3577 5160 ut
3618 5107 3757 5165 nihil

2152 5179 2251 5233 nisi
2274 5190 2478 5236 rectum
2503 5182 2556 5238 in
2583 5184 2833 5243 omnibus
2849 5188 3111 5257 judicium
3132 5207 3535 5266 exspectarent.
3558 5199 3618 5255 IJ
3644 5217 3756 5261 nell

2151 5274 2317 5329 semel
2345 5285 2571 5344 tantum,
2597 5279 2691 5333 sed
2711 5290 2766 5335 et
2791 5281 2875 5337 bis
2892 5286 3147 5355 praestiti,
3172 5287 3440 5355 hortatus,
3467 5293 3514 5346 si
3545 5295 3757 5353 nollent

2151 5380 2335 5420 coram
2367 5375 2475 5422 tota
2503 5371 2744 5442 synodo,
2782 5374 2914 5431 mihi
2943 5378 3132 5434 saltem
3177 5381 3276 5437 soli
3303 5398 3419 5438 rem
3449 5383 3755 5446 deferrent.

2153 5457 2207 5512 ld
2254 5476 2471 5531 quoque
2500 5464 2778 5535 pollicitus
2821 5483 2939 5524 sum
2986 5489 3000 5525 :
3036 5473 3091 5530 Si
3136 5490 3262 5531 reus
3306 5476 3760 5547 deprehendatur

2150 5549 2333 5616 homo.
2359 5568 2388 5609 a
2418 5557 2572 5611 nobis
2595 5561 2754 5627 plane
2780 5561 3099 5632 abjicietur;
3125 5566 3207 5623 sin
3239 5570 3513 5640 innoxius,
3549 5590 3759 5649 vosque

2144 5647 2508 5717 sycophantas
2550 5652 2810 5724 probarit,
2862 5656 2909 5713 si
2951 5659 3307 5721 nihilominus
3333 5665 3489 5724 illum
3530 5647 3760 5728 recusa-

2144 5738 2348 5810 verilis,
2392 5743 2685 5803 Athanasio
2716 5750 3084 5823 persuadebo,
3133 5764 3191 5812 ut
3217 5771 3427 5814 mecum
3462 5759 3518 5817 in
3549 5760 3753 5835 Πίερος
