4010 6306
257 254 399 316 1329

1402 255 1737 316 EPISTOLA
1776 257 1867 314 AD
1906 254 2415 316 CONSTANTIUM.

3415 262 3557 324 1550

256 371 374 428 nias
402 372 793 444 proﬁciscatur.
829 373 1030 445 llisque
1065 372 1470 428 conditionibus
1511 353 1665 427 citra.
1689 385 1849 442 repn-

1961 369 1986 427 ὁ
2012 373 2103 445 μέν
2129 370 2418 435 ’Δθανάσιος
2447 371 2533 430 ἐπί
2556 372 2764 438 τούτοις
2790 377 3037 443 ἐπείθετο,
3055 380 3138 434 καί
3165 380 3252 434 οὐκ
3277 379 3553 454 ἀντέλεγεν.

254 465 531 538 gnantiam
568 467 978 537 obtemperabat
1021 466 1369 523 Athanasius.
1401 466 1481 521 Illi
1525 481 1655 521 vero
1685 466 1849 520 rebus

255 561 477 616 omnino
522 564 636 616 suis
660 562 823 619 diflisi
848 604 862 625 ,
897 579 1051 635 mque
1095 562 1146 618 id
1188 563 1511 618 abnuerunt.
1547 562 1853 633 lterumque

258 652 348 709 ubi
379 654 707 710 Athanasius
743 656 811 710 ad
842 664 988 710 tuum
1019 657 1317 711 exercitum
1349 670 1408 710 se
1436 655 1699 721 contulit;
1728 670 1853 710 cum

256 757 311 804 ιιι
344 748 492 804 illum
522 750 712 806 litteris
751 750 858 806 tuis
894 750 1133 806 accivisti
1155 793 1170 817 ,
1202 750 1450 806 inimicos
1490 749 1580 805 ille
1609 762 1737 803 suos
1762 748 1852 819 qui

256 850 367 897 tum
394 842 489 909 ibi,
519 842 819 900 Antiochia:
849 843 1116 908 videlicet,
1146 844 1518 908 versabantur,
1549 842 1631 898 vel
1663 856 1853 897 omnes

257 951 363 991 una
389 937 468 992 vel
493 937 734 1007 singulos
756 937 1008 994 advocari
1035 940 1264 1010 rogavit,
1291 949 1348 992 nt
1371 948 1463 992 ant
1488 952 1549 992 se
1569 936 1854 992 convince-

256 1041 397 1096 rent,
420 1042 515 1087 aut
537 1033 991 1090 convincerentur
1012 1035 1110 1105 ipsi
1132 1050 1148 1101 ;
1176 1043 1230 1090 et
1251 1050 1309 1089 se
1334 1033 1414 1089 vel
1430 1048 1611 1088 coram
1634 1033 1850 1102 qualem

254 1138 381 1180 esse
407 1123 661 1180 dicebant
689 1127 1139 1197 comprobarent,
1175 1128 1259 1182 vel
1291 1125 1567 1203 absentem
1611 1141 1717 1181 non
1762 1140 1855 1180 ea-

253 1214 670 1274 lttmniarentur.
699 1218 898 1275 Verum
927 1234 1028 1275 nec
1052 1228 1105 1274 tu
1137 1218 1250 1274 hare
1279 1219 1480 1276 dicenti
1504 1234 1708 1275 morem
1732 1234 1854 1290 ges-

253 1308 393 1375 sisti,
431 1310 595 1365 immo
622 1310 699 1366 illi
731 1311 1057 1368 abnuerunt.
1088 1312 1198 1368 Cur
1224 1312 1404 1384 itaque
1430 1313 1724 1368 etiamnum
1753 1312 1853 1368 ob-

257 1411 575 1460 trectatores
616 1404 739 1475 ejus
774 1405 968 1461 audis?
1013 1407 1122 1461 Cur
1152 1404 1432 1462 Ursacium
1459 1404 1850 1477 Valentemqne

257 1498 492 1563 toleras,
543 1499 754 1554 tametsi
795 1499 872 1555 illi
919 1501 1287 1571 paenitentiam
1331 1509 1593 1570 egerunt,
1644 1499 1854 1555 calum—

255 1592 509 1664 niamque
539 1607 690 1648 suam
723 1594 930 1663 scripto
959 1594 1192 1650 Confessi
1220 1604 1344 1648 sunt
1366 1593 1389 1648 ?
1415 1590 1661 1649 Confessi
1703 1600 1848 1662 sunt,

253 1684 471 1756 inquam
495 1728 510 1752 ,
537 1700 644 1741 non
675 1686 723 1741 vi
771 1688 982 1754 coacti,
1029 1697 1087 1743 ut
1114 1687 1419 1743 obtendunt
1464 1687 1580 1742 illi:
1617 1701 1723 1742 non
1756 1702 1851 1742 ur-

1956 465 2129 521 ἐκεῖνοι
2170 464 2225 521 δέ
2252 468 2386 543 πρὸς
2428 469 2600 525 πάντα
2643 475 2714 542 μή
2757 471 3095 547 θαῤῥοῦντες.
3139 471 3265 536 ἴσως
3309 476 3555 532 ἀνένευον.

1956 554 2153 631 ἐγένετο
2189 556 2242 613 δέ
2285 559 2434 614 πάλιν
2465 560 2492 615 ό
2524 559 2820 626 Ἀθανάσιος
2856 566 2927 625 εἰς
2964 565 3023 620 τό
3050 567 3137 620 σόν
3164 567 3518 644 στρατόπεδον
3538 609 3557 635 ,

1957 650 2099 707 ἡνίκα
2126 650 2450 724 μεταπέμψω
2478 653 2685 729 γράψας
2712 656 2881 730 αὐτῷ,
2916 660 3000 711 καί
3042 658 3303 733 παρόντας
3344 662 3394 716 έν
3423 662 3557 738 αὐτῇ

1956 748 2019 817 τῇ
2045 740 2334 820 Ἀντιοχείᾳ
2360 748 2481 807 τοὺς
2512 747 2735 825 ἐχθροὺς
2760 749 2993 808 κληθῆναι
3034 752 3231 814 πάντας
3267 750 3299 812 ἦ
3341 753 3559 810 ἕκαστον

1958 836 2126 890 αὐτῶν
2151 838 2386 903 ἠξίωσεν,
2414 838 2479 893 ἶν’
2507 838 2537 900 ἦ
2567 841 2855 915 ἐλέγξωσιν,
2887 840 2918 902 ἢ
2952 843 3275 917 ἐλεγχθῶσι,
3307 849 3395 900 καί
3414 846 3497 901 ἶνα
3521 846 3553 906 ἣ

1956 935 2187 1009 παρόντα
2233 934 2464 1001 δείξωσιν
2493 933 2591 992 οἷον
2636 938 2904 1011 λέγουσιν,
2945 940 2977 998 ἦ
3005 940 3205 996 ἀπόντα
3246 945 3317 1013 μὴ
3345 938 3526 996 διαϐάλ
3546 971 3559 981 ν

1956 1029 2104 1086 λωσι.
2140 1033 2226 1087 καί
2264 1028 2386 1087 οὔτε
2417 1053 2484 1087 συ
2514 1032 2741 1106 λέγοντος
2781 1032 2861 1105 (1)
2889 1036 3144 1107 ἠνέσχου,
3186 1034 3311 1090 ἀλλά
3338 1038 3558 1112 κάκεῖνοι

1955 1127 2346 1198 παρῃτήσαντο.
2390 1128 2442 1180 τί
2478 1126 2647 1181 τοίνυν
2676 1127 2876 1187 ἀκούεις
2916 1124 2992 1184 ἔτι
3020 1133 3119 1181 τῶν
3146 1126 3555 1200 κακολογούντων

1956 1216 2138 1281 αὐτόνς
2167 1225 2278 1277 πῶς
2305 1220 2472 1293 ἀνέχῃ
2505 1219 2784 1281 Οὐάλεντος
2810 1223 2896 1276 καί
2923 1221 3240 1295 Οὐρσακίου,
3274 1222 3438 1277 καίτοι
3462 1242 3557 1293 με·-

1955 1312 2313 1369 τανοησάντων
2333 1354 2348 1374 ,
2390 1318 2475 1368 καὶ
2513 1315 2777 1391 ἐγγράφως
2803 1316 2972 1370 αὐτῶν
3016 1315 3430 1389 ὁμολογησάντων
3465 1320 3558 1376 τήν

1957 1415 2321 1479 συκοφαντίανς
2350 1406 2683 1483 ὡμολόγησαν
2699 1410 2801 1484 γάρ
2827 1411 2883 1463 οὐ
2901 1409 3019 1481 βίαν
3036 1409 3302 1472 παθόντες,
3327 1411 3396 1471 ὡς
3416 1412 3562 1466 αὐτοὶ

1956 1502 2360 1575 προφασίζονται
2378 1543 2392 1566 ,
2433 1504 2490 1556 οὐ
2517 1511 2850 1574 στρατιωτῶν
2876 1505 3222 1578 ἑπικειμένων,
3252 1506 3343 1559 οὐκ
3368 1502 3561 1568 εἰδότος

1957 1599 2046 1648 τοῦ
2073 1591 2289 1668 ἀδελφοῦ
2321 1617 2418 1651 σου
2435 1613 2447 1625 '
2482 1597 2570 1650 οὐκ
2597 1596 2819 1671 ίγίγνετο
2846 1597 2945 1674 γάρ
2984 1597 3109 1670 παρ’
3138 1599 3274 1668 αὐτῷ
3314 1603 3523 1656 τοιαῦτα
3543 1639 3557 1666 ,

1956 1680 2036 1739 οἷα
2064 1691 2152 1739 νῦν
2171 1688 2420 1760 γίγνεται,
2447 1692 2517 1759 μή
2545 1689 2736 1762 γένοιτο
2756 1703 2768 1716 ’
2800 1688 2904 1742 ἀλλ’
2930 1690 3079 1744 αὐτοὶ
3102 1689 3324 1751 θέλοντες
3350 1689 3560 1752 ἑαυτοῖς

250 1779 505 1851 gentibus
530 1780 813 1844 militibus.
846 1798 952 1835 non
979 1782 1198 1837 conscio
1222 1780 1389 1837 fratre
1419 1790 1547 1835 tuo:
1586 1796 1691 1835 non
1723 1782 1849 1836 talia

1957 1777 2159 1832 ἀνῆλθον
2188 1782 2260 1839 εἰς
2284 1783 2375 1838 τήν
2398 1782 2593 1852 Ρώμην.
2625 1783 2706 1834 καί
2729 1785 2822 1835 τοῦ
2848 1779 3127 1836 ἱπισκόπου
3155 1783 3239 1835 καί
3266 1787 3367 1836 τῶν
3394 1801 3561 1858 πρεσ-

249 1874 450 1943 qttippe
480 1874 581 1927 sub
609 1874 735 1942 illo,
768 1875 943 1944 qualia
994 1875 1077 1929 bis
1124 1875 1492 1946 temporibus,
1528 1875 1846 1945 agebantur,

248 1966 389 2022 absit
417 1986 431 2023 :
462 1967 559 2023 sed
589 1968 730 2022 ultro
758 1967 860 2038 ipsi
889 1969 1115 2024 Romam
1143 1968 1394 2039 profecti,
1421 1985 1602 2025 coram
1633 1970 1848 2040 episco-

251 2076 320 2131 po
347 2071 402 2117 et
428 2061 758 2135 presbyteris
793 2063 906 2118 ltzec
936 2063 1225 2133 scripsere,
1258 2079 1379 2119 cum
1425 2073 1581 2119 antea
1618 2064 1848 2119 amicam

249 2164 307 2211 et
353 2153 629 2224 paciﬁcam
677 2156 962 2226 epistolam
1028 2156 1094 2212 ad
1144 2156 1498 2213 Athanasium
1550 2156 1846 2212 misissent.

248 2246 403 2316 Quod
435 2246 480 2302 si
510 2249 614 2301 vim
650 2248 748 2303 sibi
801 2248 1001 2305 illatam
1047 2249 1383 2317 obtendunt,
1415 2264 1575 2320 quam
1608 2249 1849 2306 illicitam

249 2352 584 2412 agnoscant:
613 2343 766 2413 sique
792 2344 900 2398 vim
948 2355 1000 2398 tu
1048 2361 1154 2401 non
1194 2346 1459 2416 approbes
1479 2387 1494 2414 ,
1525 2346 1714 2402 desine
1739 2346 1846 2402 vim

250 2435 476 2499 inferre.
511 2451 611 2493 nec
640 2438 867 2505 litteras,
899 2455 997 2495 nec
1024 2441 1252 2496 comites
1278 2440 1523 2508 miseris;
1567 2441 1660 2497 sed
1688 2457 1851 2498 exsu-

250 2526 332 2583 les
359 2530 602 2597 remitte,
636 2545 704 2585 ne
729 2545 853 2586 cum
897 2540 950 2586 ιιι
985 2533 1091 2586 vim
1122 2531 1447 2604 redarguas,
1480 2534 1740 2603 majorem
1771 2534 1848 2590 illi

248 2620 358 2676 vim
380 2631 689 2678 exerceant.
715 2623 983 2691 Quidnam
1009 2625 1273 2695 ejusmodi
1296 2641 1325 2680 a
1350 2625 1645 2683 Censtante
1667 2635 1846 2684 actum

253 2715 367 2771 cs1?
399 2717 518 2785 quis
537 2717 823 2789 episcopus
849 2719 1158 2775 exsulavit?
1185 2720 1526 2791 qttaudonam
1555 2721 1646 2776 ille
1674 2722 1846 2778 eccle-

253 2810 492 2866 siasticis
535 2811 751 2878 judiciis
783 2814 994 2870 medius
1035 2815 1309 2870 interfuit?
1332 2815 1453 2885 quis
1493 2817 1595 2872 sub
1621 2816 1715 2871 illo
1745 2816 1849 2872 Pa-

258 2903 458 2960 latinus
500 2913 689 2960 contra
737 2922 897 2977 quem
931 2906 1274 2964 subscribere
1300 2909 1514 2979 coegit,
1545 2918 1604 2963 ut
1649 2909 1850 2965 Valens

252 3013 377 3053 cum
405 2999 553 3054 socio
597 2999 723 3055 talia
768 2998 1012 3056 eﬂ‘utiat?
1045 3002 1262 3067 Desine,
1312 3019 1496 3074 quaeso
1539 3012 1591 3058 te
1617 3046 1632 3070 ,
1661 3014 1715 3060 et
1738 2986 1881 3059 tne-~

250 3102 438 3148 manto
465 3101 515 3149 te
537 3093 814 3149 mortalem
848 3094 1117 3150 hominem
1148 3109 1302 3152 esse:
1328 3095 1657 3165 timejudicii
1681 3095 1848 3164 diem,

249 3193 412 3257 teque
461 3187 574 3258 ipse
601 3186 876 3244 innoxium
919 3188 986 3243 ad
1034 3204 1152 3244 eam
1186 3189 1326 3245 diem
1355 3190 1646 3247 cusmdias.
1679 3190 1757 3247 Ne
1794 3200 1847 3248 te

251 3278 413 3335 rebus
442 3280 668 3335 misceas
698 3280 1073 3336 ccclesiaSIiris
1101 3300 1114 3337 :
1149 3298 1250 3338 neu
1284 3283 1437 3337 nobis
1464 3283 1546 3338 his
1574 3283 1641 3340 de
1684 3284 1848 3340 rebus

254 3382 525 3443 pracepta
578 3374 836 3437 mandes;
868 3375 962 3430 sed
1008 3391 1035 3427 a
1060 3377 1217 3431 nobis
1249 3376 1425 3447 potius
1470 3378 1585 3433 hmc
1614 3377 1844 3435 ediscas.

250 3462 370 3521 Tibi
403 3465 542 3521 Deus
566 3465 851 3538 imperium
886 3466 1125 3537 tradidit,
1150 3469 1304 3525 nobis
1332 3471 1697 3527 ecclesiastica
1721 3487 1848 3527 con-

250 3557 499 3613 credidit.
527 3560 604 3615 Ac
634 3560 1086 3631 quemadmodum
1119 3566 1207 3633 qui
1239 3562 1330 3617 tibi
1362 3563 1643 3633 imperium
1674 3564 1849 3619 subri-

249 3650 367 3722 pit,
405 3651 513 3706 Deo
555 3652 821 3707 ordinanti
872 3663 1165 3723 repugnat;
1203 3655 1271 3708 ita
1315 3665 1493 3710 metue
1524 3670 1593 3710 ne
1622 3657 1665 3709 si
1701 3658 1766 3710 ad
1799 3668 1849 3712 le

249 3745 613 3804 ecclesiastica
668 3748 979 3819 pertraltas,
1038 3748 1211 3820 magni
1270 3748 1508 3805 criminis
1556 3764 1680 3804 reus
1728 3750 1845 3803 tias.

258 3838 491 3907 Reddite,
519 3842 778 3912 scriptum
809 3851 893 3898 est
924 3842 1029 3913 (l),
1061 3859 1175 3914 qua?
1200 3856 1315 3897 sunt
1338 3842 1577 3909 Cwsaris,
1607 3842 1803 3899 (Σανδανὶ
1829 3861 1847 3900 :

249 3944 298 3989 et
327 3950 440 4004 qum
468 3946 588 3990 sunt
616 3933 746 4001 Dei,
797 3934 923 3990 Deo.
958 3935 1139 4005 Reque
1170 3936 1324 3991 nobis
1351 3937 1512 4006 igitur
1552 3946 1714 3992 terra:
1745 3938 1846 3992 im-

248 4045 442 4102 perare
469 4030 615 4098 licet,
647 4047 820 4103 neque
848 4041 903 4087 lu
945 4032 1235 4103 imperator
1281 4031 1530 4087 adolendi
1557 4032 1725 4088 habes
1755 4048 1850 4104 po-

253 4137 523 4182 tcSIatt-m.
570 4126 693 4181 ll:ec
720 4126 863 4199 quod
909 4140 1051 4182 tuam
1100 4143 1283 4182 curem
1312 4128 1577 4191 salutem,
1622 4126 1846 4183 scribo:

250 4219 395 4291 quod
423 4235 553 4276 vero
576 4237 661 4276 res
682 4230 890 4292 spectat
913 4222 979 4277 de
1001 4222 1194 4293 quibus
1214 4222 1497 4293 scripsisti,
1514 4236 1643 4278 ecce
1673 4236 1849 4276 meam

251 4317 576 4372 sententiam
606 4334 620 4370 :
653 4317 866 4371 Arianis
917 4316 1139 4372 minime
1167 4315 1429 4387 adjungor
1451 4356 1467 4382 ,
1521 4318 1684 4370 immo
1732 4330 1849 4370 eam

252 4408 508 4465 h:eresim
548 4409 683 4465 l'erio
724 4409 1109 4465 anathemate:
1143 4424 1244 4465 nec
1271 4419 1458 4465 contra
1498 4408 1850 4465 Athanasium

250 4505 455 4571 scribo,
492 4521 650 4577 quam
698 4522 796 4561 nos
845 4515 900 4563 et
951 4521 1169 4562 romana
1214 4507 1476 4572 ecclesia,
1523 4507 1688 4561 immo
1738 4515 1847 4562 tota

1959 1870 2186 1948 ϐυτέρων
2203 1872 2469 1948 παρόντων
2492 1870 2723 1949 ἔγραψαν
2738 1913 2755 1939 ,
2778 1872 3075 1950 γράψαντες
3204 1875 3453 1952 πρότερον
3474 1878 3562 1931 καὶ

1954 1963 2233 2038 ’Δθανασίῳ
2263 1964 2452 2037 φιλικὴν
2499 1968 2587 2019 καὶ
2624 1968 2867 2043 εἰρηνικὴν
2908 1966 3198 2027 ἓπιστολήν.
3246 1971 3291 2023 εί
3335 1966 3391 2023 δέ
3436 1969 3557 2042 βίαν

1954 2063 2377 2135 προφασίζονται,
2400 2063 2487 2115 καί
2511 2065 2663 2117 τοῦτο
2682 2063 2987 2133 γινώσκωσι
3013 2062 3183 2124 κακόν,
3211 2062 3300 2117 οὐκ
3315 2060 3556 2137 ἀποδέχῃ

1956 2153 2010 2209 δὲ
2053 2153 2168 2211 οὐδὲ
2212 2154 2309 2211 σύο
2358 2161 2564 2211 παῦσαι
2608 2162 2697 2211 τοῦ
2737 2155 3040 2229 βιάζεσθαι,
3072 2158 3159 2211 καὶ
3199 2160 3327 2229 μήτε
3369 2158 3555 2232 γράφε,

1954 2250 2084 2320 μήτε
2124 2250 2295 2322 πέμπε
2452 2250 2708 2322 κόμητας⁶
2755 2249 2880 2307 ἀλλά
2908 2252 2993 2304 καί
3035 2251 3157 2310 τοὺς
3202 2250 3557 2327 ἑξορισθέντας

1956 2340 2213 2396 ἀπόλυσον
2234 2382 2248 2405 ,
2276 2341 2359 2395 ἶνα
2396 2346 2467 2412 μὴ
2497 2340 2612 2417 βίαν
2654 2342 2954 2414 αἰτιωμένου
3000 2361 3095 2395 σου
3113 2380 3129 2406 ,
3158 2345 3394 2412 μείζονας
3434 2340 3558 2413 βίας

1955 2429 2138 2488 ἓκεῖνοι
2160 2439 2377 2488 ποιῶσι·
2410 2435 2462 2486 τί
2501 2434 2604 2507 γάρ
2645 2437 2873 2487 τοιοῦτον
2897 2433 3070 2506 γέγονε
3108 2434 3252 2509 παρά
3294 2434 3558 2488 Κώνσταν-

1955 2542 2083 2591 τος;
2109 2528 2185 2586 τίς
2216 2526 2495 2585 ὶπίσκοπος
2520 2525 2802 2601 ἐξωρίσθηζ
2830 2524 2957 2581 πότε
2995 2528 3213 2601 κρίσεως
3250 2525 3555 2584 έκκλησιασ-

1910 2694 1913 2695 ν
1954 2628 2095 2680 τικῆς
2133 2620 2290 2691 μέσος
2330 2619 2536 2693 γέγονας
2583 2624 2726 2679 ποῖος
2770 2619 2927 2673 αὐτοῦ
2973 2617 3254 2679 Παλατῖνος
3300 2619 3555 2692 ἠνάγκασε

1956 2711 2092 2768 κατά
2116 2732 2247 2773 τινος
2274 2708 2602 2787 ὑπογράψαι.
2630 2711 2716 2765 ’ἱνα
2738 2711 2926 2788 οἱπερὶ
2949 2710 3208 2766 Οὐάλεντα
3233 2716 3446 2767 τοιαῦτα
3474 2710 3557 2765 λέ-

1955 2822 2125 2881 γωσις
2174 2812 2415 2866 παῦσαι,
2465 2805 2777 2878 παρακαλῷ,
2811 2807 2896 2860 καὶ
2936 2806 3217 2878 μνήσθητι,
3263 2801 3343 2860 ὅτι
3381 2806 3561 2867 θνητός

1957 2897 2222 2976 ἄνθρωπος
2246 2899 2550 2973 τυγχάνεις.
2580 2898 2821 2972 φοϐήθητε
2844 2903 2934 2958 τήν
2963 2900 3155 2975 ἡμέραν
3179 2907 3271 2960 τῆς
3300 2901 3518 2975 κρίσεως
3538 2940 3555 2964 ,

1958 2992 2171 3066 φύλαξον
2201 2995 2418 3048 σεαυτόν
2444 2994 2514 3054 εἰς
2544 2994 2729 3051 εκείνην
2771 2992 3022 3068 καθαρόν,
3072 2997 3140 3064 μὴ
3169 2992 3296 3047 τίθει
3338 2993 3557 3048 σεαυτόν

1959 3082 2033 3147 εἷς
2058 3086 2123 3142 τά
2149 3086 2535 3144 έκκλησιαστικά
2555 3126 2569 3149 ,
2600 3082 2729 3157 μηδέ
2759 3087 2826 3139 σὺ
2868 3088 2990 3161 περὶ
3016 3086 3213 3141 τούτων
3239 3087 3355 3157 ἡμῖν
3385 3106 3562 3160 παρα·-

1876 3174 1921 3237 C
1952 3180 2158 3235 κελεύου
2183 3198 2196 3210 ·
2231 3181 2360 3235 ἀλλά
2385 3180 2570 3253 μᾶλλον
2595 3179 2719 3253 παρ’
2751 3180 2893 3251 ἡμῶν
2913 3181 2979 3234 σὺ
3007 3178 3229 3252 μάνθανε
3255 3184 3441 3240 ταῦτα,
3473 3182 3559 3235 σοί

1954 3275 2218 3346 βασιλείαν
2265 3274 2291 3331 ό
2336 3276 2459 3337 Θεὸς
2506 3277 2852 3351 ένεχείρισεν,
2886 3275 3004 3347 ἡμῖν
3048 3276 3116 3329 τά
3155 3283 3249 3337 τῆς
3289 3274 3559 3337 ὶκκλησίας

1950 3367 2253 3431 έπίστευσε,
2281 3371 2366 3423 καί
2390 3370 2567 3444 ὥσπερ
2595 3367 2621 3422 ό
2647 3371 2740 3426 τήν
2782 3370 2877 3425 σὴν
2909 3368 3087 3441 ἀρχὴν
3110 3367 3443 3423 ὐποκλέπτων
3466 3369 3556 3421 ἀν-

1950 3461 2136 3532 τιλέγει
2171 3468 2245 3533 τῷ
2272 3459 2628 3532 διαταξαμένῳ
2648 3479 2661 3492 ·
2694 3459 2829 3515 οὕτω
2866 3460 3112 3533 φοϐήθητι
3152 3466 3223 3533 μή
3271 3464 3353 3516 καί
3381 3464 3448 3517 σὺ
3492 3462 3558 3518 τά

1950 3561 2043 3614 τῆς
2072 3552 2347 3614 ἐκκλησίας
2388 3557 2459 3614 εἰς
2498 3553 2679 3609 ἔαυτόν
2721 3554 2906 3619 ἕλκων,
2948 3554 3235 3615 ὑπεύθυνος
3278 3555 3555 3629 έγκλήματι

1951 3646 2152 3718 μεγάλῳ
2176 3646 2320 3719 γένῃ⁶
2353 3642 2620 3707 Ἀπόδοτε,
2644 3645 2966 3720 γέγραπται,
3010 3647 3078 3701 τά
3120 3649 3406 3722 Καίσαρος,
3436 3649 3558 3702 Καί-

1953 3761 2097 3814 σαρι,
2129 3744 2216 3793 καὶ
2244 3743 2310 3797 τὰ
2329 3745 2424 3795 τοῦ
2448 3744 2599 3799 Θεοῦ,
2621 3747 2696 3812 τῷ
2721 3746 2850 3813 Θεῷ,
2883 3736 3001 3795 οὔτε
3028 3743 3199 3796 τοίνυν
3220 3742 3343 3814 ἡμῖν
3366 3738 3555 3818 ἄρχειν

1952 3835 2038 3889 ἐπὶ
2057 3841 2148 3895 τῆς
2176 3840 2270 3904 γῆς
2299 3830 2516 3897 ἔξεστιν.
2548 3831 2662 3889 οὔτε
2690 3835 2755 3888 σὺ
2784 3840 2875 3889 τοῦ
2905 3833 3088 3906 θυμιᾷν
3118 3836 3354 3901 ἐξουσίαν
3382 3828 3553 3908 ἔχεις,

1950 3926 2184 3999 βασιλεῦ.
2214 3931 2380 3982 ταῦτα
2404 3928 2494 3999 μὲν
2521 3921 2607 3980 οὖν
2637 3924 2716 3997 (4)
2743 3923 3017 3998 κηδόμενος
3042 3936 3133 3990 τῆς
3168 3937 3263 3991 σῆς
3294 3934 3559 4007 σωτηρίας

1949 4021 2149 4094 γράφω⁶
2181 4022 2302 4095 περί
2330 4016 2386 4074 δέ
2414 4015 2480 4073 ὧν
2503 4019 2822 4079 ἐπέστειλας.
2855 4016 3051 4081 ταύτης
3079 4023 3184 4093 εἰμί
3210 4030 3303 4083 τῆς
3324 4025 3553 4094 γνώμης*

1952 4116 2051 4189 έγώ
2072 4108 2187 4169 οὔτε
2215 4114 2485 4190 ’Δρειανοῖς
2506 4113 2962 4187 συγκατατίθεμαι,
2978 4113 3104 4168 ἀλλά
3131 4116 3219 4169 καί
3246 4118 3336 4174 τήν
3359 4116 3556 4193 αἳρεσιν

1952 4208 2121 4263 αὐτῶν
2168 4206 2545 4278 ἀναθεματίζω⁶
2571 4202 2690 4261 οὔτε
2734 4204 2869 4260 κατά
2910 4204 3208 4261 ’Δθανασίου
3256 4208 3467 4283 γράφω,
3502 4203 3557 4262 ὃν

1953 4299 2105 4369 ἡμεῖς
2132 4318 2189 4353 τε
2219 4300 2303 4352 καί
2330 4300 2361 4357 ἡ
2396 4295 2656 4370 Ῥωμαίων
2682 4296 2953 4357 ἐκκλησία.
2993 4299 3081 4355 καί
3109 4302 3260 4354 πᾶσα
3285 4300 3317 4358 ἦ
3344 4297 3560 4363 σύνοδος

1954 4391 2259 4467 έκαθάρισε,
2294 4393 2379 4445 καί
2406 4391 2505 4467 γάρ
2544 4396 2714 4446 ταῦτα
2753 4392 2841 4445 καί
2867 4391 2934 4445 σύ
2976 4397 3206 4467 συνορῶν
3243 4390 3560 4465 μετεπέμψω

1955 4486 2041 4543 τὸν
2080 4482 2376 4561 ἄνθρωπον,
2417 4489 2503 4541 καὶ
2523 4478 2921 4562 ’συνεχώρησας
2960 4485 3104 4559 αὐτῷ
3146 4487 3279 4557 μετά
3305 4493 3457 4558 τιμῆς
3487 4488 3563 4548 εἰς

252 4599 494 4672 synodus
512 4566 789 4657 insontem
812 4600 1271 4657 declaravit.Nam
1326 4611 1382 4657 tu
1426 4600 1545 4656 haec
1572 4616 1693 4656 cum
1723 4615 1848 4672 per-

1961 4584 2054 4640 τήν
2073 4576 2301 4656 πατρίδα
2320 4582 2409 4633 καὶ
2434 4584 2526 4638 τήν
2549 4578 2810 4636 έκκλησίαν
2841 4574 2922 4648 (5)
2952 4577 3253 4633 έπανελθεῖν.
3286 4580 3364 4639 τίς
3391 4581 3560 4635 τοίνυν

251 4703 438 4763 specta
468 4695 715 4760 haberes,
750 4694 1022 4751 hominem
1050 4694 1292 4750 accivisti
1317 4708 1381 4751 ac
1431 4695 1769 4762 conceSsisti,
1794 4702 1854 4750 ut

251 4800 377 4841 eum
401 4785 606 4842 honore
633 4788 684 4841 in
712 4787 938 4857 patriam
971 4787 1059 4843 ille
1080 4798 1135 4843 et
1179 4788 1233 4843 in
1258 4788 1544 4843 ecclesiam
1575 4802 1730 4843 suam
1760 4804 1849 4846 re-

253 4882 532 4951 tnigraret.
565 4883 822 4950 Quantam
854 4883 1062 4938 exstitit
1098 4890 1259 4937 tanta:
1291 4882 1603 4938 mutationis
1648 4883 1853 4939 causa?

252 4974 421 5030 Iidem
449 4974 593 5029 enim
627 4974 726 5046 ipsi
748 4983 873 5029 sunt
896 4974 1010 5046 ejus
1034 4973 1235 5029 inimici
1264 4977 1353 5047 qui
1373 4975 1483 5045 jam
1515 4986 1640 5031 ante
1668 4974 1850 5032 fuere:

253 5076 311 5122 et
337 5082 457 5138 qua:
477 5066 589 5136 jam
619 5076 902 5123 susurrant
936 5068 1066 5139 (non
1088 5067 1231 5121 enim
1254 5081 1319 5122 ea
1346 5082 1529 5122 coram
1568 5067 1660 5123 illo
1682 5067 1857 5138 prole.

256 5159 411 5234 runt)
460 5161 573 5216 haec
614 5162 763 5232 prius
789 5163 952 5216 etiam
994 5176 1155 5233 quam
1205 5158 1558 5217 Athanasium
1604 5162 1809 5218 accires
1834 5204 1850 5230 ,

255 5256 687 5328 obloquebantnr
712 5254 856 5309 :hmc
867 5270 989 5311 cum
1020 5254 1086 5311 ad
1106 5254 1369 5327 synodum
1388 5253 1733 5311 advenissent
1756 5256 1854 5311 ob.

256 5351 666 5408 murmurabant
691 5369 703 5405 :
733 5364 956 5419 meque,
1010 5350 1085 5405 uti
1132 5365 1295 5420 supra
1333 5349 1476 5417 dixi,
1510 5349 1853 5419 probationes

254 5444 580 5517 postulante,
614 5441 856 5513 proferre
896 5441 998 5511 ipsi
1042 5442 1370 5513 nequivere;
1406 5455 1530 5497 nam
1561 5442 1608 5497 si
1637 5441 1854 5499 habuis-

329 5613 413 5685 (l)
435 5612 548 5668 Hae
570 5608 795 5681 epistola
822 5609 1071 5685 recitata,
1094 5606 1277 5685 subdit
1297 5606 1625 5685 Athanasius
1645 5628 1659 5665 :
1680 5616 1862 5667 Ταῦτα

256 5678 351 5767 μιέή
380 5678 761 5767 imputes?“
786 5684 951 5767 ιέεωϊ
968 5680 1041 5767 ~13
1071 5681 1276 5767 ἐληίζῶς
1302 5678 1482 5763 ἶοετιος
1503 5683 1781 5767 ,ἐφρόνησὲ
1801 5703 1860 5767 ει

257 5705 351 5764 μεν
380 5705 406 5743 ο
442 5705 514 5741 A5
554 5705 761 5757 αμιαιος
786 5705 950 5764 γερων
968 5705 1041 5764 ,⁸ο
1082 5705 1276 5741 αληυως
1317 5705 1482 5763 ὐσιος
1503 5705 1781 5764 ,εφρονησεν
1801 5705 1860 5764 τε

258 5763 350 5816 καὶ
369 5705 613 5884 ivngit».
646 5754 781 5837 .ﬂwc
807 5756 898 5810 illa
923 5756 1021 5838 [aut
1052 5752 1376 5836 Abte/inmte}
1406 5768 1563 5820 senis,
1585 5769 1698 5810 vere
1726 5752 1860 5821 Oui,

257 5832 315 5886 id
342 5842 438 5897 est,
520 5838 656 5884 mtrtt
681 5867 694 5887 ,
726 5836 973 5881 sententia
1004 5842 1020 5878 :
1052 5824 1131 5877 Ιιω
1158 5824 1302 5878 illius
1330 5824 1531 5878 litteris.

1953 4674 2125 4748 γέγονε
2154 4674 2412 4750 πρόφασις
2436 4681 2529 4733 τῆς
2565 4674 2828 4732 τοσαύτης
2862 4671 3178 4744 μεταϐολῆς;
3212 4673 3259 4727 οῖ
3285 4674 3435 4729 αὐτοὶ
3456 4675 3560 4750 γάρ

1956 4768 2134 4842 ἐχθροί
2168 4767 2214 4821 οί
2248 4769 2335 4822 καί
2358 4766 2605 4842 πρότερον
2643 4761 2785 4827 ὄντες
2813 4769 2901 4822 καί
2927 4772 3014 4820 νῦν
3044 4768 3170 4822 εἰσιν
3194 4768 3383 4834 αὐτοῦ,
3412 4770 3500 4823 καί
3526 4766 3563 4824 ἃ

1955 4866 2044 4915 νῦν
2069 4859 2424 4936 ψιθυρίζουσιν
2447 4874 2461 4889 ⁸
2493 4860 2551 4914 οὐ
2594 4860 2696 4936 γάρ
2735 4858 2986 4935 παρόντος
3025 4860 3185 4914 αὐτοῦ
3227 4861 3557 4934 φθέγγονται·

1955 4960 2152 5016 ταῦτα,
2184 4955 2272 5008 καί
2292 4955 2413 5028 πρὶν
2442 4949 2523 5023 (it)
2553 4950 2872 5027 μεταπέμψῃ
2897 4949 3317 5013 τόνἈθανάσιον.
3347 4951 3562 5007 κατελά-

1955 5047 2107 5109 λουν,
2136 5051 2304 5103 ταῦτα
2340 5047 2429 5100 καὶ
2470 5044 2687 5106 ἐλθόντες
2724 5046 2795 5106 εἰς
2822 5048 2914 5104 τήν
2963 5041 3177 5100 σύνοδον
3219 5040 3561 5119 διεθρῦλῡουν.

1959 5144 2040 5198 καί
2073 5141 2435 5214 ἀπαιτούμενοι
2461 5137 2589 5213 παρ’
2619 5140 2769 5211 ἐμοῦ,
2812 5138 2943 5194 καθά
2983 5145 3264 5214 προεῖπον,
3306 5139 3403 5199 τὰς
3431 5139 3564 5192 ἀπο-

1960 5234 2140 5301 δείξεις
2183 5234 2277 5288 οὐκ
2317 5230 2563 5305 ἴσχυσαν
2587 5237 2893 5307 παρασχεῖν
2914 5247 2929 5261 ·
2959 5234 3007 5285 εί
3042 5232 3144 5309 γὰρ
3190 5224 3358 5302 εἶχον,
3383 5229 3473 5285 οὐκ
3502 5223 3564 5286 ἂν

2062 5368 2116 5442 1)
2139 5368 2216 5442 lla
2238 5367 2373 5442 R_eg.
2401 5377 2463 5442 et
2476 5366 2562 5442 sic
2580 5364 2888 5442 legendum.
2912 5364 3053 5421 Edili
3074 5365 3322 5438 ἠνέσχου.

2062 5370 2116 5442 1)
2139 5370 2216 5424 Ita
2238 5370 2373 5439 Reg.
2401 5377 2458 5423 et
2476 5370 2556 5422 sic
2580 5370 2888 5435 legendum.
2913 5370 2941 5420 li

2036 5370 2122 5515 ξε)
2153 5439 2243 5515 §ic
2266 5438 2400 5515 Reg.
2429 5437 2884 5515 Edili,_1rpéﬂpov.
2934 5478 2941 5484 .

2072 5515 2129 5581 5)
2153 5511 2288 5585 Reg.
2312 5512 2549 5585 κόμιςας.
2578 5510 2845 5565 (Ιόιιιθέθ.

2049 5513 2129 5581 75)
2153 5513 2288 5578 Reg.
2312 5513 2549 5585 κόμιτας.
2578 5513 2675 5564 dei

2066 5587 2099 5639 4
2156 5582 2213 5637 In
2238 5583 2365 5651 Reg.
2395 5577 2483 5637 οὖν
2502 5582 2675 5635 deest.

2029 5513 2125 5729 '(Si
2152 5654 2281 5729 Reg.
2315 5655 2566 5729 ἀπελθεῖν,
2595 5652 2675 5706 mit

2068 5652 2125 5722 5)
2152 5654 2281 5722 Reg.
2315 5655 2566 5719 ἀπελθεῖν,
2595 5652 2769 5706 minus
2798 5660 2967 5709 recte.

2066 5587 2099 5639 4
2156 5586 2213 5637 ltt
2238 5586 2365 5651 Reg.
2395 5586 2483 5637 οὖν
2502 5586 2675 5635 deest.

2042 5586 2125 5799 (5;
2152 5654 2281 5722 Reg.
2315 5655 2566 5719 ἀπελθεῖν,
2595 5652 2769 5706 minus
2798 5660 2967 5709 recte.

2042 5729 2098 5800 (6
2152 5726 2228 5782 Ita
2251 5726 2385 5797 Reg.
2412 5724 2921 5808 Ediliveromimpy.
2945 5723 3067 5780 Mox
3087 5721 3221 5798 Reg.
3256 5722 3570 5803 διεθρῦλουν,

1973 5796 2221 5859 διεήιοτο
2246 5796 2368 5854 cum
2393 5796 2554 5851 unico
2577 5796 2624 5849 λ.
2788 5796 2795 5798 ‘
2852 5830 2861 5839 .
