4010 6306
459 208 599 267 1555

1843 204 2138 264 LIBERUS
2175 205 2376 267 PAPA.

3635 206 3771 264 1536

457 333 723 382 naverunt
748 325 802 380 in
829 325 1009 380 locum
1046 324 1163 396 ejus
1185 323 1498 395 episcopum
1527 321 1761 378 Felicem
1786 321 2066 394 presbyte-
2093 322 2144 382 A
2169 322 2292 394 quia
2322 331 2567 379 senserat
2593 323 2898 379 consilium.
2926 322 3129 378 Eodem
3161 333 3404 393 tempore
3425 320 3776 378 Constantius

457 433 578 473 rum
608 416 974 474 venerabilem
1003 418 1195 471 virum.
1229 416 1293 470 Et
1324 415 1450 471 fecit
1493 415 1778 470 concilium
1809 415 1982 481 Felix,
2016 425 2070 470 et

458 511 666 565 invenit
710 511 846 566 duos
875 512 1160 581 episcopos
1196 510 1397 580 (potius
1444 508 1811 580 presbyteros)
1843 523 2070 564 consen-

480 605 654 659 icntes
707 603 1024 660 Constantio
1069 608 1307 673 Angusto
1355 603 1578 668 Ariano,
1651 602 1866 656 nomine
1904 601 2068 657 Ursa-

466 697 610 753 cium
641 706 697 752 et
726 697 1029 763 Valentem,
1065 705 1119 750 et
1160 695 1436 750 damnavit
1461 710 1554 749 eos
1597 695 1648 748 in
1681 695 1914 755 concilio
1938 709 2073 764 qua-

469 790 715 862 draginta
747 800 869 844 octo
896 789 1296 858 episcoporum.
1322 787 1452 843 Post
1489 802 1689 856 paucos
1727 795 1906 840 autem
1931 786 2068 852 dies,

465 885 584 939 zelo
607 884 749 939 dueti
776 882 1030 939 Ursacius
1050 894 1105 938 et
1133 882 1328 939 Valens
1353 892 1676 953 rogaverunt
1697 882 2070 937 Constantium

467 981 790 1050 Angnsmm,
837 987 892 1033 ut
930 987 1210 1034 revocaret
1253 979 1523 1034 Liberium
1566 978 1632 1034 de
1669 979 1850 1041 exilio,
1882 990 1938 1032 ut
1969 995 2072 1035 una

473 1081 680 1128 tantum
741 1075 1122 1128 communione
1168 1075 1532 1145 participaret,
1578 1083 1727 1128 extra
1778 1074 2072 1129 secundum

462 1167 790 1232 baptismum
824 1168 946 1234 (al.,
978 1182 1139 1222 unam
1182 1177 1386 1221 tantmn
1431 1169 1866 1222 communionem
1912 1168 2075 1236 parti-

461 1259 668 1329 ciparet
697 1273 924 1330 excepto
953 1258 1336 1331 rebaptizare).
1368 1259 1519 1314 Tunc
1551 1261 1712 1314 missa
1753 1259 2073 1314 auctoritate

460 1370 556 1423 per
578 1353 886 1408 Catulinum
916 1368 1161 1424 agentem
1187 1355 1239 1410 in
1269 1355 1451 1421 rebus,
1477 1354 1635 1408 simul
1661 1363 1715 1410 et
1743 1354 1996 1410 Ursacius
2018 1362 2075 1410 et

460 1447 665 1502 Valens
691 1448 1040 1503 veneruutad
1073 1446 1366 1503 Liberium.
1391 1447 1491 1515 Qui
1517 1447 1764 1502 Liberius
1797 1447 2074 1502 consensit

461 1541 751 1611 praeceptis
781 1541 1029 1610 Augusti.
1063 1539 1216 1594 Tunc
1260 1549 1654 1595 revocaverunt
1699 1538 1974 1593 Liberium
2005 1537 2072 1593 de

459 1633 643 1689 exilio.
677 1633 913 1690 Rediens
942 1643 1120 1688 autem
1147 1634 1394 1689 Liberius
1425 1635 1493 1688 de
1524 1635 1689 1689 exilio
1715 1633 1981 1689 habitavit
2017 1633 2070 1688 in

2175 416 2487 487 imperator,
2520 433 2622 472 una
2651 433 2770 473 cum
2805 416 3028 474 Ursacio
3062 427 3115 472 et
3157 415 3405 479 Valente,
3439 430 3777 471 convocave-

2174 523 2299 566 runt
2329 512 2539 581 aliquos
2563 513 2653 582 qui
2682 528 2749 567 ex
2773 512 2902 567 faece
2934 512 3129 566 Ariana
3159 519 3336 577 erant,
3369 519 3424 565 et
3450 511 3602 580 quasi
3642 509 3780 563 facto

2176 605 2428 670 concilio,
2465 606 2610 659 misit
2650 616 2704 660 et
2749 607 3019 662 revocavit
3052 605 3324 660 Liberium
3368 605 3436 659 de
3465 606 3784 660 cremeterio

2177 699 2347 755 beatas
2377 699 2618 770 Agnetis,
2652 700 2740 754 ubi
2767 699 3002 755 sederat.
3037 699 3105 755 Et
3135 700 3412 770 ingressus
3443 699 3700 761 Romam,
3732 701 3784 754 in

2177 792 2291 862 ipsa
2324 791 2452 846 hora
2492 789 2838 846 Constantius
2865 792 3136 863 Angustus
3179 791 3305 847 fecit
3334 793 3623 847 concilium
3664 807 3786 847 cum

2179 884 2468 950 haereticis,
2511 885 2669 940 simul
2714 885 2874 941 etiam
2924 902 3044 940 cum
3079 885 3302 942 Ursacio
3343 897 3397 940 et
3432 886 3690 953 Valente,
3737 897 3789 941 et

2178 975 2338 1048 ejecit.
2367 976 2600 1032 Felicem
2630 979 2698 1033 de
2724 980 3072 1050 episcopatu,
3105 981 3192 1050 qui
3226 988 3343 1034 crat
3377 979 3709 1044 catholicus,
3737 991 3791 1034 et

2178 1067 2448 1124 revocavit
2498 1069 2793 1125 Liberium.
2838 1071 2921 1126 Ab
2959 1071 3147 1125 eodem
3194 1071 3283 1127 die
3335 1070 3434 1126 fuit
3480 1073 3794 1141 persecutio

2180 1163 2412 1215 maxima
2447 1163 2498 1215 in
2530 1163 2700 1227 clero,
2733 1163 2800 1216 ita
2835 1172 2891 1216 ut
2924 1164 3057 1216 intra
3086 1163 3370 1218 ecclesiam
3401 1164 3710 1236 presbyteri
3743 1176 3797 1220 ct

2180 1256 2359 1311 clerici
2395 1255 2576 1323 plures
2608 1268 2952 1319 necarentur,
2987 1264 3040 1309 et
3076 1257 3334 1328 martyrio
3373 1269 3792 1311 coronarentur.

2179 1349 2278 1418 Qui
2316 1347 2487 1414 Felix,
2519 1348 2807 1420 depositus
2830 1349 2897 1403 de
2927 1350 3242 1420 episcopatu
3273 1350 3532 1405 ltabitavit
3563 1352 3616 1406 in
3652 1369 3796 1422 pra:-

2179 1442 2324 1497 diolo
2351 1459 2470 1510 suo,
2522 1442 2605 1496 via
2651 1442 2956 1510 Portuensi,
3005 1442 3096 1497 ubi
3144 1451 3200 1497 et
3243 1445 3507 1512 requievit
3553 1445 3604 1499 in
3667 1460 3800 1512 pace

2178 1545 2369 1606 quarto
2399 1534 2654 1591 kalendas
2675 1536 2923 1606 Augusti.
2948 1535 3226 1605 Ingressus
3249 1536 3496 1592 Liberius
3517 1538 3572 1592 in
3602 1538 3794 1592 urbem

2181 1630 2404 1684 Romam
2437 1636 2628 1700 quarto
2659 1626 2838 1682 Nonas
2879 1627 3124 1699 Augusti,
3157 1631 3434 1686 consensit
3473 1629 3798 1686 Constantio

461 1728 780 1783 caemetcrio
808 1736 1008 1782 sancta:
1038 1726 1260 1798 Agnetis
1290 1727 1430 1796 apud
1455 1742 1769 1797 germanam
1801 1725 2069 1782 Constan-
2101 1733 2146 1792 Β
2175 1724 2446 1788 haeretico,
2485 1739 2588 1776 non
2625 1730 2803 1776 tamen
2852 1722 3215 1791 rebaptizatus
3257 1734 3360 1789 est,
3412 1724 3506 1778 sed
3560 1739 3799 1779 consen-

464 1821 524 1874 tii
557 1820 801 1891 Augusti,
832 1829 888 1872 ut
915 1821 1067 1888 quasi
1102 1835 1196 1890 per
1233 1819 1350 1887 ejus
1383 1820 1835 1874 interventionem
1863 1830 1952 1873 aut
1981 1833 2070 1873 ro—

461 1924 644 1985 gatum
675 1914 872 1969 rediret
905 1913 1152 1968 Liberius
1182 1913 1234 1967 in
1262 1914 1554 1968 civitatem.
1580 1911 1734 1968 Tunc
1759 1913 2071 1968 Constantia

461 2008 724 2077 Augusta,
765 2022 885 2072 quae
927 2007 1101 2060 lidelis
1131 2017 1249 2061 erat
1283 2007 1509 2061 Domino
1547 2006 1676 2062 Jesu
1712 2005 1953 2070 Christo,
1979 2022 2076 2060 no-

465 2098 565 2154 luit
595 2113 786 2172 r0gare
811 2097 1186 2154 Constantium
1216 2097 1515 2170 Augustum
1547 2114 1863 2168 germanum
1890 2115 2070 2164 suum,

2177 1833 2294 1873 sum
2329 1815 2571 1886 prtebuit.
2608 1814 2675 1869 Et
2719 1815 2888 1869 tenuit
2917 1815 3166 1869 basilicas
3196 1816 3334 1871 beati
3377 1817 3516 1872 Petri
3564 1827 3619 1871 et
3655 1819 3795 1874 beati

2180 1911 2357 1972 Pauli,
2381 1920 2434 1966 et
2462 1909 2735 1964 basilicam
2764 1907 3261 1964 Constantinianam
3292 1912 3448 1966 annis
3488 1927 3584 1966 sex
3621 1912 3758 1984 (inzo
3779 1957 3791 1978 ,

2179 2003 2416 2077 septem).
2448 2005 2510 2060 Et
2540 2003 2844 2074 persecutio
2875 1987 3080 2075 magna.
3109 2004 3206 2059 luit
3237 2004 3288 2058 in
3329 2006 3462 2060 urbe
3490 2005 3691 2072 Roma,
3727 2008 3796 2061 ita

2183 2109 2240 2154 ut
2266 2099 2452 2154 clerici
2493 2107 2548 2152 et
2594 2097 2926 2163 sacerdotes,
2967 2112 3142 2169 neque
3173 2097 3224 2152 in
3272 2098 3584 2165 ecclesiam,
3618 2114 3796 2171 neque

1689 2215 1898 2271 ΝΟΤᾹεέ
1975 2214 2300 2272 SEVERINI
2339 2213 2519 2270 BlNll.

464 2329 662 2384 semper
692 2313 1036 2379 consensisse,
1066 2322 1112 2367 et
1142 2313 1370 2372 omnino.
1404 2320 1651 2380 quantum
1681 2311 1761 2384 ad
1777 2310 2074 2384 religionem

463 2381 779 2456 pertinebat,
811 2386 1204 2452 reprehensione
1232 2384 1488 2456 caruisse,
1519 2394 1670 2456 atque
1712 2381 1772 2456 ob
1803 2382 1866 2456 id
1908 2381 2074 2456 solum

461 2454 515 2510 in
544 2457 736 2510 crimen
766 2467 997 2510 vocatum
1027 2473 1166 2521 esse,
1212 2455 1349 2526 quod
1389 2471 1490 2507 non
1529 2454 1681 2507 modo
1721 2454 1940 2506 Arianos
1979 2454 2074 2506 mi-

465 2529 654 2582 nistros
694 2529 922 2583 ecclesia:
959 2525 1262 2592 ordinaret,
1304 2542 1480 2580 verum
1520 2529 1670 2578 etiam
1717 2525 1854 2596 quod
1899 2540 2076 2577 eorum

463 2601 821 2654 communione
850 2610 1095 2653 uteretur.
1132 2599 1221 2655 Sit.
1253 2598 1658 2668 intelligendum
1699 2605 1782 2650 est
1821 2598 1960 2665 quod
2003 2597 2076 2650 ait

463 2670 674 2726 Socrat.
707 2672 875 2734 Iib.tt,
909 2687 1024 2740 eap.
1059 2670 1152 2736 ‘29,
1187 2671 1417 2725 Felicem
1450 2669 1664 2723 Arianae
1691 2679 1851 2722 sectae
1892 2668 2075 2721 addic-

463 2752 575 2796 tum
618 2741 814 2798 fuiSse:
859 2743 1142 2805 nimirum,
1185 2741 1327 2811 quod
1374 2743 1480 2794 illis
1522 2743 1977 2805 t°0tnmunicaret,
2025 2749 2080 2793 el.

464 2829 530 2869 ex
580 2830 766 2869 eorum
819 2816 1096 2868 voluntate
1137 2815 1421 2868 sententia!
1466 2814 1517 2866 in
1560 2812 1909 2865 Athanasium
1959 2812 2081 2864 lata}

463 2885 892 2956 subscripsiSSet.
921 2887 1008 2953 Si,
1039 2887 1180 2955 quod
1213 2895 1363 2939 aumt
1417 2883 1641 2938 Rulious
1663 2893 1720 2936 et
1749 2883 2077 2938 Theodoret.

466 2955 617 3011 Felix
653 2955 814 3012 fuerit
854 2959 1116 3012 diaconus
1161 2956 1397 3019 Liberii,
1441 2957 1660 3008 dubium
1713 2956 1915 3008 nullum
1958 2969 2080 3008 esse

465 3037 675 3098 poterit,
728 3030 902 3098 ipsum
952 3030 1275 3084 eatbolicum
1327 3029 1510 3082 fuisse.
1560 3026 1691 3098 Nam
1735 3035 1792 3078 ut
1835 3025 2080 3079 Liberius

464 3097 727 3156 Ariannm
754 3097 954 3156 nomen
989 3117 1206 3165 semper
1237 3108 1547 3160 aversatus,
1594 3097 1850 3151 Arianum
1894 3097 2075 3151 iliaco-

467 3186 597 3241 num
631 3173 734 3226 sibi
768 3174 1074 3227 ministrare
1103 3186 1294 3241 passus
1327 3170 1518 3234 fuerit,
1551 3187 1654 3221 non
1688 3179 1770 3241 est
1799 3168 2076 3223 credibile.

463 3239 620 3309 Quod
669 3243 806 3314 apud
857 3239 1169 3314 Hierot-ym.
1213 3241 1508 3314 descript.
1552 3239 1748 3314 eccles.
1793 3241 1844 3292 in
1888 3240 2084 3314 Acaeio

468 3329 668 3370 nomen
704 3310 959 3367 'Arianum
1001 3310 1165 3368 Felici
1211 3313 1451 3366 additum
1495 3312 1817 3379 reperiatur,
1861 3310 2084 3365 mendo-

469 3402 588 3441 suin
612 3400 734 3440 esse
768 3395 911 3444 natet
941 3402 1002 3439 ex
1035 3384 1295 3438 ein-enico
1316 3383 1793 3436 aliisvecodn-ibus
1816 3382 2082 3449 antiquio-

470 3459 642 3518 ribus,
666 3468 716 3510 et
741 3455 929 3511 Cra-co
952 3456 1241 3520 Sophronii
1267 3453 1577 3510 textu.Vide
1604 3454 1801 3508 Baron.
1832 3469 1918 3507 an.
1952 3452 2079 3518 555,

471 3546 525 3584 n.
558 3529 629 3583 54
659 3540 710 3582 et
743 3543 895 3597 Seqq.
924 3528 1174 3582 Bellarm.
1201 3527 1267 3580 de
1298 3526 1623 3592 Rom.p0nt.
1659 3525 1752 3578 lib.
1775 3541 1851 3582 tv.
1873 3541 1994 3595 cap.
2025 3530 2079 3580 9.

545 3599 818 3655 Ursacium
849 3612 894 3653 et
939 3599 1230 3663 Valentem,
1267 3609 1311 3651 et
1343 3598 1602 3650 damnavit
1633 3613 1738 3650 eos.
1770 3600 1919 3652 Circa
1954 3599 2082 3653 illttd

473 3683 716 3735 tempus,
773 3686 880 3741 quo
929 3671 1174 3725 Liberius
1221 3685 1341 3724 cum
1405 3669 1620 3723 Arianis
1678 3670 2083 3724 communicatis

472 3745 700 3812 turpiter
738 3743 956 3808 labitur,
1003 3742 1150 3798 Felix
1193 3741 1506 3796 earumdem
1535 3743 1919 3794 communione
1958 3752 2083 3797 ante

471 3818 708 3886 pollutus
731 3855 755 3886 ,ᾗ
780 3816 1009 3868 mirabili
1045 3814 1135 3868 Dei
1150 3813 1386 3886 consilio
1414 3813 1841 3886 aeAprovidentia
1872 3830 1901 3866 a
1932 3813 2082 3882 lapsu

473 3882 710 3948 erectus,
727 3884 1098 3941 C0nstantttttn
1113 3927 1126 3949 ,
1144 3884 1446 3949 Ursai-ittm,
1463 3882 1769 3949 Valentem,
1786 3900 2083 3954 omnesque

473 3958 704 4014 Arianos
728 3958 1160 4016 coodemnando.
1185 3967 1238 4010 et
1269 3956 1807 4012 excommuniCando.
1833 3971 2078 4011 commu-

477 4032 693 4086 nionem
717 4029 1030 4083 eorumdem
1056 4028 1290 4096 abrupit,
1319 4042 1386 4082 ne
1410 4026 1628 4081 Liberio
1651 4027 2080 4094 stlitstillleltdlts,

473 4102 784 4158 cathedram
816 4100 961 4155 Petri
999 4099 1082 4153 vel
1117 4105 1386 4153 haereseos
1414 4101 1728 4166 suspicione
1746 4102 2078 4168 coinquinet.

549 4172 675 4228 Post
701 4189 888 4242 paucos
912 4171 1039 4226 dies.
1069 4171 1202 4226 Vide
1230 4180 1384 4225 notas
1407 4171 1760 4239 epistularum
1789 4170 1989 4226 Liberii
2015 4171 2081 4226 ad

473 4247 785 4302 orientales.

550 4316 668 4372 Una
707 4328 908 4370 tantum
946 4315 1302 4370 communione
1341 4314 1676 4384 participaret
1717 4323 1863 4369 extra
1901 4331 2085 4369 secun-

475 4389 598 4442 dum
653 4389 981 4457 baptismum.
1041 4387 1169 4441 Haec
1216 4385 1490 4456 quomodo
1541 4386 1885 4456 intelligenda
1935 4389 2080 4452 sint,

475 4463 601 4514 vide
624 4461 758 4514 infra
783 4461 994 4516 verbis:
1030 4459 1285 4513 consensit
1315 4458 1610 4513 Constantio
1649 4459 1885 4512 heretico
1905 4499 1921 4524 ,
1976 4476 2080 4514 non

476 4542 642 4603 tamen
683 4543 729 4586 et
769 4532 1059 4603 baptizatus
1099 4543 1193 4585 est.

549 4601 784 4656 Liberius
815 4601 1063 4659 consensit
1090 4604 1359 4674 praeceptis
1387 4601 1628 4674 Augusti.
1657 4601 1763 4657 Per
1788 4602 1894 4657 vim
1925 4603 2082 4658 nimi-

476 4690 635 4737 rum,
689 4684 950 4746 tormenta
1001 4673 1164 4746 atque
1206 4673 1420 4730 taédium
1458 4673 1604 4729 exilii
1649 4675 1930 4739 inductus,
1972 4678 2084 4730 Sir-

475 4746 711 4801 mianatn
741 4745 1130 4801 t'0ttfessinnctn
1164 4749 1421 4812 primam,
1453 4755 1612 4815 atqoe
1638 4747 1918 4800 Athanasii
1949 4764 2080 4802 con-

476 4817 875 4871 demnationem
901 4818 1292 4873 subscribendo
1316 4819 1666 4889 approbavit,
1697 4828 1750 4873 et
1778 4833 1898 4872 cum
1932 4819 2084 4874 Aria-

480 4891 568 4944 nis
596 4891 1034 4942 ctuttntuniCavit.

555 4960 788 5032 Rediens
810 4959 872 5032 de
903 4959 1057 5011 exilio
1089 4959 1328 5032 habitavit
1358 4963 1411 5015 in
1441 4962 1724 5016 caemeterio
1758 4961 1818 5016 S.
1846 4961 2078 5032 Agnetis.

476 5033 574 5099 Ea,
610 5047 731 5100 quae
759 5030 827 5085 tle
857 5030 1186 5085 habitatione
1213 5031 1410 5086 Liberii
1445 5034 1495 5086 in
1529 5034 1853 5089 cwtueteriis
1883 5030 2078 5088 subur-

477 5105 632 5159 banis
659 5106 717 5157 ὃ.
748 5101 972 5172 Agnetis
999 5102 1066 5154 ab
1093 5114 1311 5156 auctore
1340 5104 1457 5158 libri
1492 5105 1811 5172 potitilicalis
1839 5104 2084 5160 referun-

477 5184 586 5246 tur,
639 5175 778 5228 male
821 5189 942 5246 cum
992 5174 1411 5246 primoJLiberii
1451 5176 1617 5229 exilio
1659 5177 2076 5246 coniunguntur.

476 5245 610 5300 Nam
657 5256 792 5300 teste
836 5245 1138 5301 Sozotneno
1185 5243 1273 5297 lib.
1301 5260 1395 5315 itv,
1437 5261 1556 5315 cap.
1608 5247 1695 5313 to,
1741 5243 1984 5301 Liberius
2010 5249 2080 5302 ab

477 5318 696 5372 Arianis
742 5317 878 5370 binis
923 5316 1151 5370 diversis
1194 5314 1396 5369 vicibus
1442 5314 1676 5385 graviter
1715 5329 1798 5372 est
1835 5329 2074 5373 vexatus.

478 5388 716 5444 Primum
747 5387 960 5458 quando
992 5387 1158 5441 Roma
1191 5385 1370 5440 furtim
1402 5388 1664 5442 abductus
1701 5399 1784 5443 est
1823 5390 2077 5444 Mediola.

482 5477 644 5524 num,
678 5470 836 5527 atque
869 5474 1123 5514 recusans
1149 5460 1488 5514 subscribi-re
1519 5461 1799 5514 sententiae
1831 5462 1882 5514 in
1915 5463 2082 5515 Atha-

478 5535 687 5587 nasium
741 5545 835 5594 per
885 5532 1167 5586 Mediolan.
1222 5530 1638 5585 conciliabulum
1684 5533 2076 5601 pronuntiata},

477 5603 604 5659 inde
632 5604 682 5656 in
712 5602 993 5656 Thraciam
1018 5614 1094 5656 est
1126 5603 1411 5674 relegatus.
1443 5602 1714 5662 Secundo,
1738 5603 1863 5657 dunt
1893 5607 2079 5659 nolens

475 5678 875 5730 Ariminensem
929 5674 1210 5728 formulam
1263 5676 1594 5744 approbare,
1656 5690 1750 5745 per
1803 5675 2076 5732 Valentem

467 5748 785 5817 episeOpum
813 5745 1106 5814 Arianum,
1134 5747 1224 5815 qui
1250 5762 1369 5802 eam
1399 5757 1717 5818 potestatem
1749 5746 1816 5802 ab
1848 5747 2075 5818 impera-

2187 2319 2303 2363 tore
2327 2317 2628 2377 acceperat,
2655 2308 2823 2362 Roma
2838 2307 3092 2378 expulsus
3110 2306 3227 2363 fuit.
3257 2308 3410 2364 Prior
3437 2310 3656 2364 vexatio
3682 2312 3797 2365 exi-

2185 2381 2313 2435 lium
2338 2397 2350 2434 :
2373 2383 2636 2450 pomerior
2656 2382 2882 2449 simplex
2912 2391 3116 2434 tantum
3143 2383 3210 2435 ab
3238 2383 3371 2434 urbe
3397 2383 3646 2448 expulsio
3673 2383 3791 2437 luit.

2187 2452 2340 2507 Prior
2379 2452 2602 2521 contigit
2628 2451 2909 2506 Mediolani
2948 2468 3088 2506 anno
3129 2450 3328 2506 Chrt5ti
3353 2451 3482 2515 555,
3517 2456 3796 2524 posterior

2185 2524 2408 2591 contigit
2461 2525 2645 2577 ltomm
2693 2533 2813 2592 post
2864 2525 3204 2579 Aritninense
3257 2525 3590 2591 cotictlittiii,
3648 2542 3795 2582 anno

2186 2595 2381 2650 Christi
2414 2594 2540 2650 359.
2575 2596 2758 2649 Priore
2788 2597 3072 2650 vexatione
3105 2597 3390 2661 liberatus,
3427 2606 3566 2650 te~te
3603 2597 3794 2652 Hii-ro-

2187 2683 2350 2736 nymo
2374 2668 2424 2720 in
2447 2666 2689 2722 chronic.
2723 2666 2939 2721 Romam
2969 2669 3117 2735 quasi
3139 2669 3298 2721 victor
3317 2668 3524 2720 intrauit
3569 2686 3588 2722 :
3614 2672 3794 2724 maxi-

2188 2755 2270 2792 tna
2303 2742 2443 2792 enim
2481 2754 2670 2808 pompa
2688 2741 3091 2808 perConstantii
3115 2740 3459 2793 ministrosin
3479 2742 3673 2795 urbem
3708 2743 3795 2796 in-

2190 2813 2469 2864 troductus
2499 2813 2616 2865 fuit.
2653 2811 2837 2880 Itaque
2867 2811 3009 2881 quod
3056 2814 3140 2864 hic
3183 2814 3232 2865 in
3276 2811 3607 2866 suburbanis
3642 2830 3794 2868 com-

2189 2893 2428 2936 moratus
2461 2881 2623 2937 luisse
2652 2883 2864 2945 dicitur,
2899 2901 3001 2937 non
3036 2884 3134 2936 nisi
3165 2892 3286 2953 post
3313 2884 3610 2939 secundam
3643 2886 3793 2940 illam

2186 2970 2215 3007 a
2249 2953 2472 3008 Valente
2503 2953 2702 3007 illatam
2735 2955 3070 3010 vexationem
3103 2956 3392 3022 emttigisse
3422 2956 3622 3024 potuit.
3660 2957 3794 3012 Vide

2188 3037 2341 3078 notas
2382 3026 2692 3080 Sirmiensis
2713 3037 2767 3080 et
2796 3027 3146 3081 Ariminensis
3185 3026 3416 3080 concilii.
3453 3027 3586 3081 Item
3620 3028 3792 3083 Baro-

2188 3097 2334 3150 uium
2367 3112 2510 3150 anno
2539 3096 2644 3152 559
2677 3115 2823 3152 num.
2855 3098 2944 3157 46,
2976 3099 3066 3158 47,
3099 3098 3189 3152 48.

2111 3141 2156 3204 C
2263 3141 2687 3238 Eieci'l'Feli‘c’e'm-
2713 3141 3370 3240 ‘éozom.
3401 3169 3496 3224 lib.
3533 3186 3610 3233 Iv,
3667 3187 3789 3241 cap.

2192 3239 2258 3294 14
2289 3243 2365 3293 ait
2395 3241 2652 3308 scriptum
2683 3257 2806 3296 esse
2838 3240 3002 3296 Felici
3030 3253 3137 3296 tum
3165 3241 3413 3296 Romana:
3443 3242 3676 3296 ecclesiw
3701 3239 3796 3297 aa-

2187 3312 2368 3377 tistiti,
2403 3323 2447 3365 et
2488 3313 2624 3367 clero
2669 3314 2897 3383 ejusdem
2942 3315 3191 3373 ecclesiis.
3236 3316 3306 3366 uti
3352 3313 3616 3367 Liberium
3658 3319 3795 3368 reci-

2187 3385 2330 3451 piant
2352 3426 2366 3447 ,
2393 3395 2437 3436 et
2465 3384 2616 3437 ambo
2643 3386 2832 3452 pariter
2858 3387 3028 3440 sedem
3051 3386 3380 3453 apostolicam
3407 3386 3791 3450 administrent,

2187 3456 2544 3522 communique
2591 3473 2881 3524 consensu,
2933 3468 2978 3511 et
3025 3458 3302 3512 concordia
3354 3458 3648 3512 sacerdotio
3701 3460 3796 3512 illa

2187 3527 2483 3597 fungantur.
2539 3535 2646 3581 etc.
2697 3529 2849 3596 Quod
2900 3530 2986 3584 hic
3036 3532 3292 3584 asseritur
3313 3529 3380 3581 ab
3402 3540 3628 3584 auctore
3671 3530 3792 3585 libri

2189 3598 2540 3670 pontiﬁcalis,
2573 3599 2905 3670 probabilius
2934 3616 3054 3654 esse
3086 3602 3312 3655 videtur.

2259 3669 2334 3723 Ab
2379 3673 2556 3744 eodem
2576 3669 2668 3724 die
2697 3673 2794 3744 fuit
2824 3673 3108 3742 persecutio
3139 3675 3361 3726 maxima
3387 3672 3440 3725 in
3472 3673 3632 3726 clero.
3666 3673 3794 3728 Ideo

2187 3744 2327 3810 quod
2380 3741 2654 3797 Liberium
2699 3741 2990 3798 ’manil‘csta
3041 3747 3416 3799 communione
3463 3744 3790 3800 Arianorum

2187 3813 2450 3882 pollutum
2475 3857 2487 3875 ,
2527 3825 2688 3884 atque
2728 3817 2864 3871 adeo
2893 3830 2924 3867 a
2955 3817 3296 3885 pontiﬁcatus
3327 3815 3603 3869 iunctione
3635 3817 3793 3886 plane

2187 3887 2456 3950 alienum,
2489 3902 2772 3941 universus
2801 3887 2978 3941 cli-rus
3007 3887 3277 3941 Romanus
3307 3898 3670 3952 aversaretur,
3702 3904 3792 3943 se-

2186 3973 2291 4026 que
2331 3957 2495 4012 Felici
2542 3959 2794 4012 vexillum
2845 3959 2966 4014 lidei
3011 3960 3291 4014 catholica:
3333 3959 3614 4015 extolleuti
3661 3975 3791 4015 con-

2181 4028 2459 4099 jungeret.
2492 4040 2548 4084 ut
2577 4046 2738 4098 supra
2769 4031 3020 4086 diximus.

2263 4100 2512 4171 Martyrio
2543 4115 2927 4156 coronarentur.
2960 4103 3110 4158 Tunc
3137 4104 3426 4171 contigisse
3463 4103 3698 4167 videtur,
3729 4113 3790 4158 ut

2186 4172 2449 4246 Eusebius
2478 4173 2762 4246 Romanus
2803 4175 3083 4246 presbyter
3122 4191 3148 4229 a
3191 4174 3449 4230 miniSIris
3488 4175 3787 4230 Constantii

2188 4244 2330 4298 intra
2367 4245 2673 4300 cubiculum
2703 4244 2948 4309 clatrsus,
2970 4244 3094 4301 illic
3126 4247 3399 4303 mensibus
3429 4261 3639 4317 septem
3672 4264 3789 4316 pcr—

2185 4330 2462 4378 severans,
2507 4317 2645 4371 lame
2682 4328 3030 4387 consumptus
3069 4320 3314 4388 spiritum
3355 4318 3644 4373 exbalarit.
3685 4321 3788 4373 Ba-

2184 4401 2305 4460 ron_.
2341 4390 2391 4440 in
2412 4400 2582 4460 tuan.
2619 4390 2758 4443 notis
2786 4390 2871 4444 die
2899 4389 2969 4444 24
3005 4392 3248 4460 Augusri.

2261 4457 2554 4542 Quilt‘elix
2588 4460 2866 4542 depositus.
2913 4462 2984 4517 De
3029 4457 3176 4542 exitu
3222 4461 3622 4542 feliciseliter
3668 4463 3787 4530 hic,

2104 4533 2157 4593 D
2185 4531 2338 4585 aliter
2371 4532 2422 4586 in
2458 4531 2570 4584 Vita
2603 4531 2722 4600 ejus
2749 4543 2936 4587 auctor
2966 4533 3286 4595 pontiﬁcalis
3307 4535 3491 4588 sentit.

2261 4600 2852 4678 Consentit__Cous_tantio
2892 4606 3165 4678 liter-etico,
3207 4622 3310 4659 non
3352 4616 3520 4660 taurea
3564 4607 3793 4678 rebapti-

2187 4684 2330 4728 zalus
2371 4685 2459 4728 est.
2508 4675 2620 4729 lloc
2653 4675 2862 4731 videtur
2900 4677 3138 4731 indicare
3163 4721 3176 4743 ,
3217 4679 3359 4746 quod
3398 4679 3500 4733 etsi
3544 4675 3793 4736 Liberius

2187 4762 2308 4802 cum
2343 4747 2553 4800 Arianis
2582 4750 3093 4814 communicaverit,
3126 4765 3232 4803 non
3267 4761 3444 4806 tamen
3472 4751 3649 4808 laetus
3683 4756 3794 4808 lue-

2190 4820 2258 4892 rit
2289 4818 2516 4892 Arianus
2548 4834 2642 4886 per
2666 4821 2965 4892 secundum
3011 4821 3363 4890 baptismum,
3404 4837 3513 4892 quo
3552 4822 3796 4880 solerent

2187 4890 2262 4944 illi
2290 4889 2585 4944 catholicos
2612 4889 2677 4942 ad
2708 4905 2766 4945 se
2795 4889 3104 4946 dellcieutes
3135 4895 3326 4947 iterum
3359 4889 3656 4961 baptizare.
3690 4897 3793 4951 Sed

2187 4965 2305 5035 bafc
2332 4962 2546 5035 quidem
2578 4961 2848 5032 superﬂua
2869 5003 2884 5027 ,
2920 4973 2974 5017 et
3000 4963 3067 5017 ab
3096 4965 3272 5035 aliquo
3301 4966 3514 5030 addita;
3552 4967 3793 5023 nondum

2189 5033 2328 5088 enim
2355 5032 2536 5086 Ariani
2563 5035 2999 5104 rebaptizabant:
3029 5037 3157 5099 quin
3186 5032 3243 5091 et
3266 5037 3493 5091 ecclesia
3522 5039 3626 5094 hoc
3658 5050 3796 5095 tem-

2189 5120 2317 5174 pore
2360 5120 2480 5177 nou_
2504 5105 2789 5175 respuebat
2819 5109 3140 5161 Arianorum
3185 5109 3507 5177 baptismum
3533 5151 3548 5172 .
3585 5120 3648 5165 ut
3690 5123 3796 5167 tes-

2186 5184 2328 5229 tatur
2440 5175 2799 5246 Hieronymus
2824 5179 3085 5234 adversus
3111 5175 3502 5246 Lucil‘erianos;
3531 5182 3796 5240 Baronius

2184 5263 2325 5300 anno
2351 5245 2475 5309 557,
2509 5264 2563 5301 n.
2597 5247 2685 5302 41.

2258 5317 2554 5397 Persecutio
2594 5336 2779 5389 magna
2812 5321 2918 5397 fuit
2955 5322 3009 5375 in
3046 5322 3169 5377 urbe
3209 5322 3375 5378 Roma
3401 5365 3416 5389 ,
3447 5333 3553 5379 etc.
3589 5325 3671 5382 Illi
3704 5330 3796 5397 qui

2184 5389 2398 5468 Liberio
2425 5407 2530 5445 non
2557 5389 3041 5468 communicabant,
3064 5411 3171 5468 non
3200 5405 3405 5468 tantum
3428 5397 3495 5451 ab
3519 5389 3794 5468 Ecclesia,

2187 5462 2280 5516 sed
2321 5463 2480 5517 etiam
2514 5477 2542 5515 a
2574 5463 2779 5518 balneis
2808 5465 3033 5530 publicis
3071 5466 3446 5532 abstinebant;
3479 5484 3549 5524 ne
3587 5462 3797 5527 scilicei

2191 5550 2292 5606 una
2321 5550 2442 5589 cum
2475 5534 2579 5589 illis
2608 5535 2934 5600 lavarentur,
2967 5547 3024 5592 ut
3064 5538 3154 5606 qui
3183 5537 3383 5593 scirent
3410 5555 3473 5593 ex
3516 5548 3794 5598 sententia

2185 5605 2406 5661 Joannis
2435 5607 2814 5677 evangelista,
2849 5623 3021 5678 neque
3052 5609 3224 5663 balnei
3267 5610 3471 5665 lotione
3511 5627 3636 5667 cum
3684 5617 3795 5669 hai-

2185 5679 2368 5752 reticis
2401 5680 2827 5752 participandum
2849 5694 3017 5752 esse;
3049 5690 3209 5752 atque
3241 5682 3364 5736 Ideo
3394 5682 3447 5736 in
3479 5682 3582 5739 hos
3611 5704 3640 5740 a
3675 5703 3794 5742 ma-

2185 5749 2411 5820 gistratu
2439 5749 2682 5809 saevitum
2713 5759 2814 5807 est.
2846 5751 3041 5808 Baron.
3073 5749 3216 5810 anno
3244 5753 3373 5820 557,
3408 5771 3463 5811 n.
3498 5755 3593 5815 58.
