4010 6306
285 173 309 235 1
320 171 423 231 557

1642 169 2177 232 PROLEGOMENA.

3445 172 3586 232 1358

286 286 335 343 in
363 285 554 343 balnea
577 283 838 343 baberent
860 285 1158 343 introitum.
1186 285 1285 341 Hic
1310 284 1556 341 Liberius
1582 287 1791 341 ornavit
1812 286 1881 343 de
1908 295 1959 351 Α
1986 287 2156 362 Quam
2187 287 2405 361 quidem
2429 289 2789 361 :equissimam
2845 288 3257 361 postulationem
3308 291 3588 362 aegerrime

289 378 538 449 platoniis
578 380 896 436 marmoreis
935 380 1243 451 sepulcrum
1276 378 1333 436 S.
1363 378 1584 451 Agnetis
1610 382 1884 453 martyris.

287 471 489 530 Omnes
538 474 719 546 itaque
749 475 875 529 anui
919 473 1111 529 Felicis
1141 474 1195 529 in
1222 474 1339 544 ejus
1363 474 1608 529 ordinem
1637 474 1887 530 dinume-

290 578 496 623 rantur.
528 568 626 624 Hic
664 568 791 623 fecit
826 568 1111 623 Basilicam
1155 568 1360 623 nomini
1392 583 1488 623 suo
1509 570 1659 638 juxta
1692 569 1890 625 macel-

288 658 396 715 lum
424 660 626 733 Libyae.
658 660 753 717 llic
777 660 903 716 fecit
927 660 1295 717 ordinationes
1319 661 1453 716 duas
1476 662 1535 717 ~in
1559 661 1690 716 urbe
1717 660 1890 716 Roma

286 767 384 823 per
434 769 676 810 mensem
735 753 1127 821 Decembrem,
1174 754 1517 826 presbyteros
1564 754 1887 822 octodecim,

286 845 542 902 diacones
565 847 826 919 quinque,
858 849 1146 919 episcopos
1177 864 1274 919 per
1311 848 1525 903 diversa
1557 848 1674 903 loca
1702 848 1891 905 decem

285 952 340 999 et
370 958 585 998 novem.
618 943 720 1011 Qui
750 944 998 1016 sepultus
1024 954 1106 1000 est
1133 946 1218 1000 via
1252 944 1461 1001 Salaria
1495 946 1546 999 in
1577 946 1893 1002 cmmeterio

287 1035 568 1102 Ptiscillzc,
592 1039 780 1109 quimo
806 1038 933 1094 ldus
962 1038 1319 1109 Septembris,
1347 1038 1480 1094 alias
1508 1049 1699 1093 octavo
1743 1039 1891 1111 (imo,

286 1133 545 1203 septimo)
572 1132 833 1190 kalendas
857 1132 1001 1190 Maii.
1038 1133 1103 1189 Et
1127 1132 1363 1189 cessavit
1391 1132 1742 1205 episcopatus
1776 1132 1895 1188 dies

287 1239 405 1281 sex.

942 1314 1007 1355 DE
1038 1313 1236 1354 εουειι.

843 1411 960 1487 (Ea:
990 1411 1057 1468 D.
1091 1412 1303 1481 Coust.)

359 1526 480 1601 Litt
505 1527 1336 1601 catalogo(l)Buclteriano,qni
1365 1527 1417 1582 in
1441 1527 1544 1583 ltoc
1576 1526 1719 1601 Papa
1752 1525 1898 1601 desit

289 1599 404 1664 nit,
431 1600 660 1672 ideoque
683 1597 749 1657 ett
776 1597 1066 1672 superSIite
1086 1597 1441 1655 concinnatus
1462 1597 1725 1672 creditur,
1753 1597 1893 1672 istud

291 1680 499 1757 tantpm
527 1670 705 1757 legere
731 1683 814 1757 est
839 1670 867 1757 Ξ.
881 1672 1115 1757 Liberius
1141 1671 1239 1757 [ait
1269 1670 1892 1757 temporibus.“(lauslantii
1924 1689 1969 1748 Β

291 1744 452 1798 exdie
474 1759 526 1799 xi
546 1741 810 1801 Kalendas
834 1743 1022 1799 Junius
1040 1745 1090 1798 in
1119 1745 1323 1799 diem...
1348 1741 1381 1797 α
1408 1743 1704 1798 consulibus
1725 1741 1888 1797 Cons—

291 1815 454 1869 tantio
484 1815 529 1872 ν
564 1827 612 1870 et
640 1817 935 1871 Constantio
968 1817 1188 1872 (Imitare.
1224 1816 1301 1871 Ex
1331 1831 1437 1886 quo
1468 1815 1726 1886 docemur
1770 1829 1892 1867 cunt

291 1901 437 1942 anno
464 1886 592 1955 352,
623 1890 822 1944 mensis
852 1889 969 1942 Maii
996 1888 1067 1942 2‘2
1096 1888 1207 1953 die,
1238 1885 1366 1942 feria
1396 1895 1547 1943 sexta
1591 1885 1757 1941 fuisse
1798 1901 1895 1939 or-

293 1959 560 2014 dinatum.
606 1962 709 2014 Aut
742 1962 784 2014 si
818 1960 993 2029 placet
1036 1962 1161 2019 Atti.
1209 1958 1354 2029 Pagii
1403 1961 1753 2025 conjectura,
1792 1971 1896 2026 qua

295 2044 395 2099 pro
425 2031 508 2085 die
526 2048 587 2102 ixr
634 2031 900 2086 Kalendas
930 2033 1143 2095 Juut'as,
1183 2030 1466 2102 legendum
1498 2044 1617 2083 esse
1644 2029 1898 2102 opinatur

232 2154 239 2157 .
294 2102 378 2155 die
401 2118 455 2157 XI
488 2101 753 2158 Kalendas
782 2103 976 2170 Iulias,
1011 2104 1062 2158 itt
1094 2099 1332 2158 Juniivii
1367 2103 1533 2168 diem,
1565 2116 1684 2172 quae
1713 2099 1896 2155 Domi-

300 2175 417 2246 nica
452 2186 590 2239 erat,
622 2175 779 2231 cadet
806 2176 921 2246 ejus
942 2176 1233 2229 Ordinatio.

368 2244 430 2300 ll.
464 2246 598 2302 Cum
616 2262 711 2317 pro
734 2243 857 2302 fidet
882 2262 1042 2302 causa
1063 2248 1259 2301 multos
1279 2244 1492 2301 labores
1509 2254 1729 2317 strenue
1752 2243 1901 2299 forti-

296 2325 487 2388 terque
514 2315 843 2388 suscepisset
874 2360 890 2382 ,
927 2335 1069 2372 anno
1106 2317 1213 2373 555
1249 2327 1479 2373 exeunti:
1523 2318 1675 2372 exsul
1702 2315 1897 2388 factus,

299 2387 423 2459 post
448 2391 720 2445 biennium
753 2391 900 2445 exilii
952 2390 1112 2444 tardio
1135 2391 1336 2445 fractus
1364 2390 1664 2459 victusque,
1687 2387 1899 2443 Arianis

298 2461 543 2515 nonnihil
574 2462 641 2516 ad
692 2470 903 2531 tempus
944 2462 1233 2517 conceSsit.
1284 2460 1535 2516 Attattteu
1582 2460 1726 2514 circa
1772 2460 1898 2513 anni

297 2532 404 2589 358
459 2533 610 2589 initia
661 2533 887 2587 Romam
933 2548 1204 2599 reversus,
1258 2533 1515 2587 Ecclesia:
1563 2547 1746 2585 curant
1793 2546 1901 2585 non

297 2605 557 2659 deseruit.
587 2605 718 2660 Nam
751 2618 870 2673 post
906 2614 1175 2660 cassatutn
1204 2604 1551 2660 Ariminense
1588 2602 1898 2667 concilium,

298 2683 357 2730 ut
385 2677 622 2745 loquitur
644 2676 868 2731 Sinicius
894 2680 1053 2748 epist.
1087 2677 1112 2731 l
1157 2678 1222 2731 ad
1279 2677 1573 2731 llimeriutu
1606 2693 1660 2729 n.
1709 2673 1767 2735 2,
1801 2689 1899 2744 ge-

299 2748 501 2803 neralia
548 2748 837 2803 destinavit
866 2750 931 2803 ad
974 2750 1279 2819 provincias
1318 2748 1558 2802 decreta.
1614 2748 1678 2801 lit
1703 2748 1842 2814 quod
1871 2761 1900 2800 a

298 2820 518 2891 synodis
544 2820 884 2875 Alexandria:
928 2836 1071 2874 anno
1100 2821 1227 2884 5,2,
1269 2835 1331 2873 ac
1357 2819 1552 2891 deinde
1599 2819 1650 2871 in
1700 2819 1901 2891 Achaia

299 2887 500 2946 liabizis
528 2894 596 2947 de
626 2892 896 2961 episc0pis
927 2895 1013 2960 qtti
1056 2892 1279 2946 Arimini
1312 2893 1441 2959 lapsi
1475 2888 1686 2943 fuerant
1710 2887 1904 2943 tleliui-

302 2974 413 3017 tum
457 2971 561 3030 est,
594 2964 659 3019 iis
696 2964 945 3018 nimirum
974 2964 1241 3018 damnatis
1268 2964 1356 3033 qui
1385 2962 1501 3015 aliis
1534 2962 1747 3015 labendi
1777 2975 1903 3015 auc-

300 3044 445 3090 tores
474 3051 568 3103 per
585 3035 824 3089 fraudem
855 3034 1095 3103 fuerant,
1128 3048 1339 3090 caeteris
1383 3034 1709 3102 parcendum
1754 3047 1895 3097 esse,

298 3107 656 3162 confirmavit.
678 3106 791 3164 Sub
813 3108 972 3161 linem
1000 3110 1120 3162 vitae
1140 3106 1457 3167 Orientales,
1486 3121 1604 3158 cum
1629 3103 1898 3159 Nicacnatn

299 3176 461 3233 ﬁdem
500 3180 726 3248 professi
759 3190 965 3244 essent,
1011 3178 1468 3245 damttasscntque
1506 3175 1758 3230 Arianam
1794 3177 1902 3230 bae-

297 3247 727 3316 resim,admisit
776 3250 842 3304 ad
888 3253 1323 3305 communionem
1373 3262 1548 3302 suam.
1626 3247 1760 3302 Eum
1808 3264 1902 3303 vui

300 3321 565 3376 Kalendas
610 3321 845 3376 Octobris
893 3320 1143 3377 Gratiano
1187 3333 1233 3376 et
1285 3319 1558 3391 Dagalaifo
1586 3319 1898 3384 consulibus,

298 3392 402 3448 hoc
423 3404 505 3448 est
527 3409 671 3449 anno
697 3394 822 3458 .366,
846 3394 1181 3462 Septembris
1201 3392 1412 3447 Qldiee
1432 3392 1565 3445 vivis
1587 3401 1898 3459 exemptum

297 3463 640 3520 Marcellinus
692 3477 746 3521 et
797 3465 1082 3520 Faustinus
1129 3465 1436 3536 Presbyteri
1484 3466 1535 3517 in
1586 3462 1900 3536 praefatimte

298 3552 516 3620 precum
542 3538 609 3591 ad
643 3538 1099 3620 Valetitiuimtpni,
1128 3533 1490 3620 Theodosium
1519 3544 1574 3588 et
1613 3533 1898 3620 Arcadium

297 3606 655 3677 imperatores
689 3609 925 3662 tradunt.
961 3608 1161 3664 Eodem
1185 3608 1272 3662 die
1304 3608 1354 3660 itt
1380 3606 1764 3678 martyrologio
1793 3606 1896 3660 Beo

297 3681 403 3752 dae,
433 3689 486 3734 at
519 3683 569 3734 in
601 3680 1016 3752 llieronymiano
1043 3691 1096 3734 et
1120 3680 1392 3752 nonnullis
1415 3677 1532 3732 aliis
1559 3679 1651 3752 die
1671 3677 1741 3731 25
1765 3693 1901 3752 prte-

297 3751 424 3806 tlicti
471 3755 692 3820 mensis,
740 3750 999 3807 memoria
1046 3752 1164 3822 ejus
1191 3751 1448 3807 recolttur
1494 3759 1593 3803 :et
1642 3750 1694 3802 itt
1724 3750 1899 3819 primo

298 3825 516 3892 quidem
544 3824 686 3880 diem
738 3840 845 3894 quo
890 3836 1155 3888 mortuus,
1208 3825 1259 3877 itt
1306 3822 1520 3878 caneris
1563 3830 1742 3875 autem
1774 3836 1896 3876 eum

298 3910 404 3968 quo
430 3898 670 3968 sepultus
699 3893 818 3963 fuit,
855 3896 1073 3951 indicari
1108 3896 1300 3965 Pagius
1328 3893 1638 3949 arbitratur.

955 4076 1023 4116 DE
1052 4075 1251 4116 EODEII.

887 4195 996 4269 (Ea:
1011 4196 1130 4251 bibl.
1165 4194 1332 4267 Gall.)

372 4311 413 4367 1.
443 4309 713 4381 Liberius,
745 4312 1041 4377 Romanus,
1067 4311 1191 4367 Julii
1226 4326 1374 4381 papa:
1395 4324 1698 4375 successor,
1753 4325 1896 4365 anno

298 4399 472 4440 occur
497 4427 510 4449 ,
540 4384 626 4439 die
650 4400 767 4439 xxu
793 4384 993 4439 mensis
1015 4384 1133 4438 Maii
1158 4384 1397 4455 pontifex
1420 4383 1719 4455 ordinatur,
1746 4392 1805 4437 ttt
1830 4387 1897 4438 ex

300 4456 635 4528 Buclteriano
654 4456 895 4525 catalogo
908 4453 1195 4511 ediscimus
1210 4454 1307 4528 (2).
1331 4453 1567 4523 Accepto
1589 4454 1677 4509 vix
1708 4457 1896 4509 nuntio

299 4527 366 4583 tie
396 4527 563 4597 ipsius
584 4530 849 4583 electiOne
873 4572 890 4594 ,
918 4543 1042 4582 eum
1068 4529 1119 4583 itt
1149 4544 1301 4582 suam
1332 4529 1646 4596 pertrahere
1671 4539 1893 4581 senten-

302 4600 429 4653 tiam
459 4602 717 4655 adversus
747 4598 1100 4654 Athanasium
1150 4598 1346 4653 frustm
1392 4612 1656 4655 conantur
1684 4597 1893 4654 Ariani.

299 4671 382 4753 Ad
399 4669 768 4753 Constaittiutn
793 4674 1170 4753 itttperatoretn
1195 4672 1417 4753 .legatos
1443 4672 1611 4753 mittit
1653 4686 1898 4753 summus

301 4744 388 4798 hic
435 4745 668 4815 pontifex
692 4785 708 4809 ,
745 4743 1024 4815 [tosllllalts
1050 4746 1101 4797 in
1129 4741 1315 4813 primis
1341 4750 1399 4797 ut
1424 4743 1492 4797 de
1538 4741 1640 4796 fide
1665 4784 1681 4809 ,
1724 4744 1897 4815 deque

299 4815 577 4870 Athanasii
607 4830 767 4868 causa
794 4814 1025 4884 ingenue
1046 4826 1210 4880 atque
1242 4826 1445 4883 integre
1466 4821 1675 4884 agatur;
1708 4814 1899 4868 simul-

299 4900 404 4955 que
450 4888 518 4939 ab
573 4902 639 4942 eo
690 4904 710 4937 ι
762 4902 945 4941 veram
999 4901 1185 4951 pacem
1240 4889 1565 4955 requirens,
1617 4903 1737 4947 qua:
1789 4900 1896 4939 nou

300 4959 371 5012 sit
392 4958 567 5014 verbis
596 4957 891 5029 composita
920 4957 1128 5013 interna
1152 4956 1503 5029 dispositione
1526 4956 1770 5022 fallacie,
1802 4957 1897 5012 sed

301 5031 583 5101 prmceptis
628 5028 1029 5101 evangeliorum
1084 5028 1472 5085 rationabiliter
1501 5032 1841 5085 confirmata.
1875 5047 1892 5080 ι

377 5207 460 5280 (l)
490 5207 701 5281 Abhinc
731 5222 901 5279 usque
930 5207 996 5263 ad
1031 5207 1061 5281 ς
1089 5208 1132 5264 ll
1161 5207 1319 5279 bujus
1352 5206 1596 5281 NOTtTIE
1629 5206 1899 5265 linearum

302 5278 652 5336 interstitiutn
682 5278 938 5335 coercere
965 5278 1137 5335 coacti
1168 5278 1380 5345 sumus,
1406 5278 1616 5334 Scilicet
1649 5288 1707 5335 ut
1733 5281 1901 5336 docu-

302 5364 487 5408 menta
532 5368 652 5421 quae
704 5353 856 5422 prius
900 5350 1101 5423 omissa
1155 5350 1399 5413 fuerant,
1445 5359 1649 5423 postea,
1692 5351 1899 5423 paginis

297 5425 407 5495 jatu
459 5426 598 5478 inter
643 5421 715 5478 se,
767 5422 1054 5495 cettptatis,
1106 5424 1170 5477 ad
1226 5421 1608 5494 perliciendum
1669 5421 1899 5493 primum

302 5494 724 5568 paragraphrum
782 5494 1208 5568 intruderentur.
1267 5496 1430 5549 Nobis
1464 5496 1662 5568 procul
1730 5495 1897 5551 dubio

302 5566 561 5623 assentiet
612 5571 813 5627 lector.
849 5566 1017 5633 ipsius
1067 5566 1354 5637 utilitatem
1403 5566 1566 5619 etiam
1614 5567 1897 5637 elegantia:

304 5637 706 5712 typograplticae
733 5636 1209 5708 autepouentibus.
1245 5639 1345 5694 Eo.

375 5730 454 5804 (2)
487 5729 710 5788 Buclter.
739 5730 808 5787 de
841 5729 1023 5787 Doctr.
1051 5737 1214 5802 temp.
1251 5746 1371 5804 pag.
1403 5729 1528 5789 275.

1924 4492 1974 4553 D

1991 360 2171 434 ferens
2192 360 2540 418 Constantius
2571 404 2584 425 ,
2618 360 2891 433 nunquam
2918 364 3170 434 deinceps
3193 362 3262 417 ab
3283 360 3589 434 exagitandi

1993 432 2195 488 Liberii
2237 449 2417 489 mente
2444 434 2719 491 destitisse
2742 432 3092 504 eotnperitur.
3116 432 3331 489 ’Verum
3354 432 3593 505 impera-

1995 506 2127 560 toris
2159 521 2334 576 neque
2361 507 2520 562 minis
2552 508 2751 562 fractus
2781 522 2957 576 neque
2982 508 3112 561 iram
3142 507 3343 562 veritus
3369 519 3588 562 sanctus

1994 577 2254 648 pontifex,
2288 577 2469 633 multis
2523 593 2621 649 pro
2648 577 2770 633 iitlei
2791 593 2952 633 causa
2977 578 3249 634 laboribus
3269 581 3448 633 animo
3473 594 3593 634 sus-

1993 653 2162 718 ceptis
2193 651 2457 711 interrito.
2479 650 2533 705 in
2557 649 2781 705 exilium
2801 650 3039 719 pellitur:
3064 664 3366 720 quanquam
3391 665 3585 721 ta-gre,

1995 723 2175 791 populi
2210 731 2356 775 metu
2385 723 2473 792 qui
2522 722 2638 792 ejus
2666 736 2851 777 amore
2895 721 3154 793 ﬂagrabat
3177 763 3191 784 ,
3244 736 3365 778 cum
3400 737 3591 793 magna

1993 793 2310 848 difficultate
2357 795 2531 849 noctis
2573 793 2750 848 medio
2792 795 2957 860 potuit
2985 794 3274 864 asportari,
3310 812 3331 847 ι
3369 802 3425 847 ut
3450 794 3588 849 scri-

1993 864 2071 921 bit
2103 863 2418 920 Ammianus
2449 865 2553 933 (i).
2583 864 2820 933 Contigit
2847 876 3024 921 autem
3051 863 3273 921 ’Liberii
3320 865 3539 921 exilium
3570 905 3587 931 ,

2001 954 2020 988 ι
2073 937 2367 993 Arbetione
2418 947 2474 994 et
2514 936 2760 993 Lolliano
2811 936 3125 993 consulibus
3155 957 3174 991 ι
3224 936 3308 1010 (2)
3338 979 3354 1005 ,
3403 937 3456 993 id
3508 946 3594 994 est

1994 1023 2138 1064 anno
2160 1024 2347 1064 CCCLV.
3443 1050 3453 1059 .

2066 1080 2228 1137 Pulsi:
2253 1081 2494 1147 Liberio,
2522 1089 2684 1150 atque
2714 1084 2764 1138 iu
2790 1082 2909 1153 ejus
2939 1084 3122 1142 sedem
3153 1082 3360 1138 intruso
3382 1080 3589 1149 Felice,

1995 1169 2269 1223 nunquam
2297 1153 2488 1208 adduci
2542 1164 2830 1223 potuerunt
2880 1156 3108 1212 Romani
3146 1154 3293 1209 cives
3321 1196 3337 1218 ,
3384 1164 3441 1209 ut
3466 1168 3589 1209 cum

1995 1223 2297 1301 istiusmodi
2349 1226 2566 1301 homine
2605 1228 2879 1301 societatis
2926 1228 3199 1301 quippiam
3229 1226 3312 1281 vel
3344 1241 3593 1281 commu-

1997 1297 2172 1351 nionis
2194 1295 2475 1353 haberent.
2501 1297 2640 1365 Quin
2670 1314 2737 1355 eo
2760 1295 2974 1356 tandem
3003 1295 3230 1355 deducta
3254 1313 3344 1353 res
3381 1307 3463 1353 est
3488 1337 3503 1361 ,
3536 1305 3595 1351 ut

2003 1385 2020 1420 ι
2062 1368 2309 1424 Liberius
2343 1369 2499 1439 paulo
2524 1379 2645 1439 post
2675 1370 2799 1426 Urbi
2828 1372 3069 1428 redditus
3091 1369 3250 1439 fuerit
3271 1371 3342 1422 ob
3372 1368 3594 1424 seditio-

1996 1455 2095 1495 nes
2108 1438 2423 1514 liomanas,
2447 1459 2466 1493 ι
2501 1438 2636 1514 teste
2666 1442 2906 1512 Sulpicio
2936 1444 3139 1499 Severo
3155 1438 3261 1514 (ὅ).
3282 1440 3468 1511 Neque
3492 1439 3593 1495 ali-

2000 1521 2081 1586 ter
2100 1512 2352 1568 Socrates
2375 1511 2452 1585 (4)
2484 1531 2495 1567 :
2535 1531 2554 1565 ι
2588 1511 2849 1586 Libertus,
2879 1517 3070 1586 inquit,
3109 1511 3251 1586 haud
3276 1514 3443 1567 multo
3475 1522 3596 1581 post

1997 1584 2066 1638 ab
2090 1586 2253 1639 exilio
2285 1584 2572 1639 revocatus
2598 1626 2613 1649 ,
2646 1585 2828 1641 sedem
2872 1584 3022 1642 suam
3078 1584 3280 1654 recepit
3308 1598 3323 1639 :
3353 1599 3475 1638 cum
3500 1598 3597 1654 po-

1999 1656 2157 1725 pulus
2181 1656 2451 1730 Romanus
2481 1655 2747 1713 seditione
2774 1657 2933 1725 laeta,
2959 1666 3048 1715 τοῦ
3066 1660 3116 1713 ἐν
3143 1660 3288 1730 Ρὼμῃ
3305 1656 3437 1730 (λαοῦ
3467 1677 3595 1712 στα-

1998 1730 2290 1791 σιάσαντος.
2318 1728 2550 1784 Felicem
2581 1729 2808 1784 ecclesia
2838 1731 3135 1795 expulisset
3160 1772 3173 1791 ,
3199 1728 3271 1782 et‘
3302 1729 3595 1796 imperator

2000 1800 2122 1854 licet
2146 1800 2345 1855 invitus
2372 1816 2650 1855 assensum
2683 1800 2786 1856 illis
2816 1802 3152 1871 prmbutsset,
3182 1798 3210 1855 ὅ
3232 1840 3248 1865 .
3278 1820 3334 1856 τι
3356 1800 3598 1872 βασιλεὺς

2002 1875 2086 1949 Kal
2110 1874 2252 1949 παρὰ
2275 1875 2475 1949 γνώμην
2500 1878 2699 1935 τούτοις
2725 1875 2918 1947 ἐγένετο
2945 1873 3239 1948 σύμψηφος.
3256 1871 3600 1928 Hiseoncinit

2003 1942 2361 1998 Tltetttl'ttt'lttts

2074 2014 2157 2069 Ab
2182 2016 2343 2070 exilio
2394 2014 2573 2071 autem
2623 2032 2873 2073 reversus
2901 2019 3122 2074 ineunte
3173 2030 3316 2072 anno
3366 2015 3496 2079 ⁸558.
3533 2028 3598 2070 ac

2002 2087 2228 2142 Romam
2261 2088 2533 2158 ingreSsns
2587 2108 2606 2143 ι
2640 2091 2809 2145 vit-tor
2838 2089 3062 2145 illustris
3088 2098 3143 2144 et
3180 2099 3433 2143 strenuus
3455 2087 3603 2143 veri-

2004 2160 2127 2240 tatis
2177 2159 2437 2240 athleta}
2476 2201 2491 2227 ,
2526 2161 2552 2217 ὁ
2594 2163 2869 2240 ,νικηφόρος
2894 2171 2986 2224 τῆς
3013 2163 3245 2223 ἀληθείας
3274 2162 3558 2240 ἀγῳνιςτῖές
3587 2199 3604 2226 9

2006 2231 2209 2300 ingenti
2263 2234 2502 2304 omnium
2559 2231 2747 2302 plausu
2779 2231 3048 2304 'exceptus
3069 2244 3153 2290 est
3173 2231 3332 2304 atque
3368 2233 3548 2287 itetitia
3586 2247 3598 2283 :

2004 2317 2224 2373 sua-quo
2260 2303 2369 2373 jam
2415 2304 2527 2359 sedi
2558 2306 2835 2360 reStitutus
2862 2346 2879 2373 ,
2932 2303 3098 2361 iidem
3139 2303 3408 2360 Nicatnaut
3438 2317 3600 2372 quam

2003 2375 2222 2429 exilium
2273 2390 2462 2445 passus
2511 2374 2720 2431 fortiter
2766 2388 3073 2433 asseruerat
3107 2419 3121 2435 .
3183 2384 3366 2445 postea
3422 2374 3596 2428 redux

2005 2445 2432 2514 magnificentius
2445 2446 2622 2501 adhuc
2639 2448 2969 2517 praedicavit.
2988 2446 3287 2517 Siquidem,
3311 2456 3367 2500 ut
3389 2459 3453 2500 ex
3478 2445 3603 2517 bea-

2009 2527 2062 2570 to
2089 2518 2282 2571 Siricio
2314 2535 2443 2588 papa
2464 2516 2742 2575 erudimur
2763 2520 2869 2591 (ti),
2894 2538 2912 2572 ‹
2956 2516 3078 2587 post
3102 2528 3372 2575 cassatuut
3405 2516 3608 2591 Atinii-

2005 2603 2173 2643 nensc
2202 2592 2489 2645 conetlium
2517 2631 2533 2656 ,
2576 2589 2845 2659 generalia
2890 2592 3035 2647 misit
3063 2591 3130 2646 ad
3180 2590 3482 2659 provincias
3510 2589 3606 2642 de-

2006 2670 2151 2736 creta
2176 2679 2256 2736 _t._
2290 2662 2549 2733 Deinceps
2581 2678 2709 2717 vero
2761 2663 2997 2736 synodos
3049 2661 3392 2736 Alexandria:
3442 2669 3604 2736 atque

2005 2731 2059 2806 in
2092 2731 2293 2806 Achaia
2333 2731 2547 2789 coactas
2572 2774 2588 2800 ,
2647 2731 2942 2806 eartn'nque
3001 2736 3310 2806 sanctiones
3337 2732 3404 2788 de
3461 2731 3601 2786 reci-

2008 2803 2219 2877 piendis
2259 2807 2527 2877 epgisc0pis
2576 2804 2669 2877 qui
2710 2803 2941 2863 Arimini
2992 2807 3124 2874 lapsi
3188 2804 3442 2869 fuerant,
3475 2817 3607 2877 eon-

2009 2874 2264 2949 firmavit.
2297 2873 2609 2933 Orientales
2639 2892 2818 2933 autem
2851 2890 2970 2949 post
2996 2873 3121 2934 fidei
3147 2878 3365 2933 Nicena:
3392 2873 3605 2949 proles-1

2008 2947 2236 3013 sionem,
2261 2958 2489 3019 postque
2519 2949 2708 3021 synodi
2738 2944 3090 3005 Ariti’tinensis
3120 2964 3236 3005 acta
3262 2944 3607 3021 dautnataad

2009 3018 2444 3093 communionem
2467 3018 2701 3076 admisit.
2740 3022 2834 3077 llis
2858 3023 3085 3093 altisque
3113 3020 3370 3092 praeclare
3400 3018 3565 3093 gestis
3587 3058 3604 3086 ,

1928 3089 1973 3150 C
2007 3100 2154 3163 utea
2181 3092 2297 3163 ejus
2326 3092 2571 3163 epistolis
2603 3093 2935 3161 potissimum
2960 3089 3126 3162 liquet
3158 3134 3174 3159 ,
3216 3106 3359 3146 anno
3388 3089 3605 3163 tandem

2005 3160 2133 3235 566.
2162 3161 2249 3217 die
2295 3160 2376 3235 24⁷
2417 3160 2776 3234 Septembris,
2828 3167 2940 3219 sive
2967 3160 3027 3219 ut
3055 3161 3609 3235 perltiheutuMarcel-

2006 3234 2157 3308 littus
2196 3245 2250 3291 et
2301 3232 2589 3308 Eaustinus
2628 3238 2930 3308 presbyteri
2977 3232 3078 3307 (7),
3132 3246 3309 3292 octavo
3337 3232 3607 3308 Kalendas

2009 3304 2243 3360 Octobris
2292 3306 2539 3381 Gratiano
2585 3304 2643 3362 εί
2685 3304 2965 3381 Dagalaifo
2988 3304 3128 3378 ﬁcos.,
3162 3309 3411 3363 humanis
3447 3307 3609 3361 rebus

2004 3392 2285 3447 exemptus
2311 3390 2393 3434 est
2420 3379 2685 3435 Liberius.

2076 3449 2140 3503 ll.
2172 3450 2442 3518 Quantum
2482 3468 2610 3506 vero
2650 3451 2754 3506 fide
2776 3492 2793 3516 ,
2845 3454 3128 3509 sanctitate
3153 3467 3217 3507 ac
3237 3451 3479 3507 doctrina
3515 3465 3610 3505 ex-

2008 3520 2260 3577 celluerit
2298 3537 2544 3578 summus
2572 3523 2657 3578 hic
2699 3524 2939 3595 pontifex
2969 3568 2985 3589 ,
3016 3534 3325 3595 quantoque
3354 3524 3406 3576 in
3438 3523 3611 3595 pretio

2004 3595 2147 3661 apud
2200 3595 2677 3663 prmstantissimos
2702 3593 2973 3665 ‘qnosqne
2999 3593 3141 3650 viros
3193 3594 3369 3649 habita
3398 3596 3463 3646 sit
3492 3593 3612 3663 ejus

2004 3665 2267 3719 memoria
2294 3706 2309 3730 ,
2354 3666 2461 3735 jam
2494 3669 2625 3721 satis
2653 3677 2884 3721 constat.
2911 3668 3145 3724 Sanctus
3173 3665 3498 3720 Athanasius
3529 3667 3611 3717 in-

2006 3744 2086 3790 ter
2110 3735 2355 3792 celebres
2409 3738 2661 3794 hiet-lesitc
2680 3738 2974 3808 scriptores
3019 3739 3194 3809 ipsum
3228 3748 3469 3792 recenset
3498 3777 3513 3800 ,
3550 3745 3611 3809 et

2001 3822 2127 3881 cunt
2156 3810 2288 3881 viris
2310 3809 2618 3878 apOstolicis
2646 3823 2918 3877 comparat
2944 3808 3073 3881 (8)7:
3110 3828 3129 3861 ι
3160 3809 3216 3864 Si
3237 3825 3382 3879 quat,
3414 3808 3608 3881 inquit,

2002 3877 2505 3952 scribunt(Ariaui)
2537 3896 2602 3936 ea
2651 3877 2957 3938 scriberent
2980 3877 3268 3952 orthodoxi
3294 3922 3308 3940 .
3338 3890 3395 3934 ut
3422 3877 3610 3933 —‘.lu-

2005 3950 2106 4029 lius
2128 3946 2453 4029 etiiberius
2479 3946 2661 4029 Romae
2683 3953 2924 4029 episcopi
2952 3971 2964 4006 :
2988 3958 3046 4029 El
3070 3956 3160 4027 μὲν
3181 3946 3274 4029 οὖν
3294 3953 3438 4029 παρὰ
3466 3952 3612 4029 ὄρθου

2005 3972 2106 4003 ttus
2128 3972 2179 4005 et
2209 3972 2453 4007 Libertus
2479 3972 2661 4008 Imma:
2683 3972 2924 4022 ettISCttpt
2952 3972 2964 4006 :
2988 3972 3045 4008 Et
3070 3975 3160 4027 μεν
3181 3975 3274 4007 ουν
3294 3972 3438 4029 παρα
3466 3972 3609 4079 agno-

2002 4020 2157 4102 δόξων
2181 4021 2240 4102 ᾖν
2257 4026 2323 4102 τὰ
2348 4025 2665 4102 νηοσκρρμν.ενοι,Δ
2689 4023 2769 4081 οἷα
2799 4021 3103 4102 ᾂνᾼέγεγὸνιι
3128 4026 3273 4102 stade
3317 4034 3496 4102 —-_lo'u
3530 4027 3609 4102 iota

2002 4100 2085 4173 Ξᾳὶ
2114 4095 2472 4173 Λιϐερίονλὲῶὗ
2494 4095 2783 4173 ἐλπισκὸπωγ
2803 4095 3077 4173 έΡώρὶηξ-
3092 4095 3267 4173 ttttllits
3291 4095 3532 4173 proleetu
3555 4095 3608 4149 itt

2000 4165 2215 4238 illorum
2233 4165 2446 4236 scriptts
2460 4165 2941 4238 essetsuspicionis
2956 4171 3106 4223 locus
3123 4186 3135 4221 :
3152 4170 3375 4236 simplex
3389 4167 3532 4221 enim
3548 4181 3612 4221 ac

2001 4237 2289 4311 candidum
2316 4249 2397 4294 est
2426 4240 2663 4311 virorum
2694 4237 3110 4311 apostolicorum
3144 4240 3429 4309 ingenium.
3452 4256 3477 4311 ρ
3501 4237 3613 4311 (Ba-

1999 4310 2122 4384 silit)
2152 4310 2550 4384 magttmlicitur
2575 4310 2654 4384 (9)
2691 4330 2709 4364 ι
2730 4308 3093 4367 Ἰκξειιίςείηιιιε
3134 4308 3422 4380 episcopus
3446 4308 3613 4384 Libe-

2002 4381 2168 4447 rius,»
2203 4382 2231 4461 ᾇ
2248 4381 2646 4461 μκαρρὼτατ-οξ
2679 4385 3220 4461 ἐπίσκρποί-Λιϐἑριος
3256 4400 3271 4437 :
3306 4381 3611 4461 ljlpipltanio

2004 4406 2168 4447 “[15,!
2203 4406 2646 4507 ο¹μακαριωτατος
2679 4406 2954 4445 επισκοπος
2985 4406 3220 4461 Λιδεριος
3256 4406 3271 4437 ζ
3306 4406 3608 4450 [ινιμιιόιιιιυ

2000 4464 2180 4527 autem
2214 4455 2329 4527 ((0)
2365 4474 2383 4506 ‹
2424 4456 2593 4510 beata:
2639 4460 2917 4527 memoria:
2950 4456 3224 4509 Romanus
3246 4455 3555 4527 episcopus.
3588 4470 3608 4505 ι

2002 4524 2234 4581 δίτίεἰιις
2258 4524 2382 4581 item
2417 4541 2554 4596 papa
2599 4545 2618 4577 ι
2656 4526 2974 4581 veneranda:
2999 4527 3273 4581 memorias
3312 4525 3614 4596 pra'tleces-

2001 4610 2180 4670 sorem
2217 4615 2236 4650 ι
2271 4613 2462 4664 suum,
2493 4595 2665 4668 ipsum
2710 4599 2944 4667 appellat
2968 4596 3123 4670 (lt).
3158 4597 3226 4652 Et
3248 4608 3465 4651 sanctus
3482 4595 3615 4670 Am-

2003 4668 2216 4725 brosius
2266 4664 2695 4725 sororetn'suam
2743 4664 3106 4726 ltl’arcellinau't
3158 4669 3424 4726 allocutus
3470 4664 3611 4741 (ιὲ),

2110 4874 2156 4943 l)
2188 4875 2360 4930 Amm.
2395 4872 2565 4928 Marc.
2595 4872 2691 4926 lib.
2715 4886 2805 4940 xv,
2840 4887 2961 4943 cap.
2989 4872 3044 4927 7.

2188 4944 2490 5033 ξψξηξευ.
2516 4945 2651 5000 llist.
2682 4959 2823 5000 sacr.
2855 4942 2950 4999 lib.
2986 4961 3046 5001 ll.
3077 4958 3195 5016 cap.
3239 4942 3329 4999 59.

2081 5016 2160 5089 (5)
2187 5016 2427 5072 ldJItitl.

2081 5087 2161 5171 (ιε)
2191 5089 2396 5171 ἕᾳετηρ.
2430 5087 2868 5171 Ηξξςηθεοικιὶιρ..
2889 5104 2945 5143 ιι.
2971 5103 3089 5159 cap.
3123 5089 3215 5171 '57;

2105 5162 2161 5230 5)
2190 5160 2448 5215 Tlteodor.
2480 5160 2615 5214 llist.
2651 5160 2787 5215 eccl.
2815 5159 2908 5215 lib.
2939 5176 3001 5222 tt,
3023 5175 3142 5229 cap.
3169 5159 3257 5213 i7.

2102 5232 2161 5301 6)
2186 5231 2342 5286 Sirio.
2372 5232 2533 5301 epist.
2557 5248 2587 5303 ρ
2630 5232 2695 5286 ad
2729 5230 3009 5303 Hiuter.._§
3031 5230 3087 5285 2.

2103 5306 2158 5375 7)
2193 5300 2431 5358 Marcell.
2465 5312 2519 5357 et
2550 5302 2732 5358 Faust.
2754 5304 2806 5358 itt
2833 5300 3039 5375 pra-fat.
3071 5300 3136 5355 ad
3170 5300 3338 5375 libelgl.
3371 5303 3543 5373 prcc.‘

2077 5371 2163 5446 ('8')
2211 5375 2403 5430 Athan.
2465 5378 2625 5444 epist.
2658 5375 2724 5429 ad
2751 5371 2919 5446 episc.
2954 5373 3174 5446 Egypt.
3205 5414 3221 5441 ,
3281 5371 3311 5446 §
3351 5371 3384 5430 8
3409 5416 3425 5443 ,
3485 5388 3611 5444 opp.

2077 5464 2141 5500 m.
2170 5464 2209 5500 ι.
2243 5462 2363 5500 nae.
2392 5445 2519 5500 278.

2009 5458 2141 5505 tom.
2170 5464 2209 5507 ι.
2243 5462 2363 5507 pag.
2392 5450 2519 5503 278.

2104 5464 2141 5502 t.
2170 5464 2209 5507 ι.
2242 5464 2363 5516 pag.
2392 5464 2519 5503 2w.

2104 5521 2160 5591 9)
2180 5517 2347 5592 Boisil.
2384 5529 2540 5592 epist.
2563 5518 2692 5592 263,
2727 5517 2926 5592 ab”,
2951 5517 3051 5592 §'5,
3083 5531 3208 5590 opp.
3236 5525 3275 5573 t.
3300 5532 3387 5580 tu,
3413 5514 3611 5588 p.406.

2105 5589 2196 5673 Ψ)
2229 5589 2419 5673 ’,ἐμίγη-
2458 5590 2600 5673 ῌεετ-
2628 5589 2717 5673 τδρ
2746 5589 2843 5673 5.?-

2081 5660 2197 5733 (ii)
2228 5660 2387 5717 Sirio.
2412 5663 2573 5728 epist.
2603 5665 2713 5733 tgad
2746 5662 2976 5721 llimer.,
3000 5660 3030 5733 ᾗ
3057 5661 3112 5716 2.

2083 5730 2200 5807 (12)
2235 5733 2469 5789 Ambros.
2500 5735 2569 5791 de
2600 5731 2747 5805 Virg.
2781 5734 2876 5792 lib.
2907 5747 2987 5800 ιιι,
3007 5730 3132 5808 cap.
3168 5733 3222 5801 i,
3252 5730 3279 5803 §
3309 5733 3360 5788 l.
