4010 6306
475 260 618 327 ista
1849 251 2162 310 LIBERIUS
2201 253 2418 325 pars.
3281 255 3284 257 ‘
3603 259 3708 319 nn

474 379 604 430 tunc
646 372 825 430 habita
882 373 1122 446 synodus
1173 373 1257 429 vel
1299 371 1366 427 ad
1396 385 1596 426 annum
1626 370 1731 427 555
1752 379 2035 425 exeuntem
2059 409 2074 436 ,
2105 415 2113 429 .

2221 383 2299 423 ttt.
2318 399 2388 408 —
2406 367 2610 424 Littera:
2637 369 3000 441 Lampsaceme
3021 370 3204 441 synodi
3221 378 3268 424 et
3289 370 3498 424 aliarum
3521 372 3579 425 ad
3600 371 3715 430 Libe-

478 466 567 522 vel
598 466 664 522 ad
689 467 962 523 ineuntem
1002 467 1106 524 554
1138 465 1419 522 referenda
1449 465 1536 520 sit.
2434 464 2567 517 rium
2598 472 2641 516 et
2675 464 3024 518 Occidentales
3052 482 3170 518 arm.
3203 465 3307 519 565
3334 466 3510 520 misse.

2261 555 2347 610 M.
2400 555 2704 612 Orientales
2753 573 2782 610 c
2813 556 3174 628 Lampsacena
3243 558 3447 629 synodo
3500 561 3719 631 variisque

2187 649 2430 705 conciliis
2463 651 2512 704 iu
2540 651 2664 704 Asia
2688 693 2702 716 ,
2730 651 3072 724 Pamphylia,
3099 650 3298 705 Isauria
3352 661 3403 706 et
3448 650 3591 723 Lycia
3615 656 3723 710 cele-

2190 741 2358 796 bratis
2388 744 2594 797 litteras
2621 744 2905 798 Eustathio
2927 785 2942 811 ,
2974 744 3192 799 Silvano
3219 760 3281 800 ac
3311 744 3592 815 Theoplnlo
3615 747 3725 817 lega-

556 835 611 889 8.
646 833 912 890 Eusebius
975 833 1339 890 Vercelleusis
1368 832 1655 902 episcomts
1701 847 1730 886 a
1773 830 2088 885 Liberioro~
2190 834 2258 888 tis
2287 835 2622 890 tradiderunt
2675 837 2739 890 ad
2794 836 3062 891 Liberium
3119 846 3172 891 et
3217 836 3495 906 episcopos
3515 836 3727 893 Occiden-

484 935 638 998 gatus
666 935 725 982 ut
745 927 932 996 legatis
953 928 1064 981 suis
1089 925 1372 990 Lucifero,
1405 925 1688 980 Pancratio
1716 933 1772 980 et
1801 922 2002 978 llilario
2021 922 2087 976 ad
2192 929 2328 982 tales
2361 929 2707 998 perferendas
2727 973 2740 996 ,
2777 930 2968 1000 quibus
2991 972 3004 995 ,
3035 940 3089 983 ut
3111 933 3416 985 summatim
3470 931 3731 1003 perstringit

487 1022 838 1077 obtinendum
870 1039 898 1075 a
929 1020 1244 1076 Constantio
1274 1018 1558 1075 concilium
1585 1033 1703 1074 sese
1734 1018 2086 1088 adjuugeret,
2192 1022 2526 1079 Sozomenus
2551 1024 2644 1080 lib.
2681 1041 2753 1090 γι,
2787 1041 2834 1078 ρ,
2873 1025 2958 1090 ll,
2994 1043 3011 1075 ‹
3034 1039 3128 1079 eos
3149 1024 3517 1091 hortabantur,
3549 1035 3598 1078 ut
3622 1025 3734 1096 legit-

487 1117 749 1172 voluntati
779 1117 948 1186 ipsius
977 1131 1036 1171 se
1067 1115 1250 1171 libenti
1281 1115 1462 1169 animo
1489 1113 1711 1182 obsequi
1742 1111 2086 1168 renuntiavit.
2195 1122 2279 1168 tos
2333 1132 2460 1170 suos
2504 1116 2652 1170 omni
2709 1133 2812 1186 ope
2869 1117 3218 1186 adjuvarent,
3275 1127 3329 1173 et
3370 1134 3488 1171 cum
3520 1117 3616 1172 illis
3637 1119 3735 1188 quid

495 1209 751 1280 Epistula:
801 1210 960 1279 hujus
1015 1209 1256 1263 notitiam
1290 1208 1444 1262 nobis
1473 1205 1916 1276 praestatLiberii
1947 1206 2092 1274 epis-
2196 1208 2458 1280 agendum
2494 1218 2640 1263 esset
2699 1211 3122 1279 perpenderent,
3174 1217 3230 1264 et
3281 1216 3474 1263 statum
3530 1210 3738 1264 Ecclesia:

489 1305 603 1361 tota
636 1304 701 1359 ad
734 1303 959 1371 Euseb.,
990 1304 1235 1374 adeoque
1267 1301 1426 1373 paulo
1454 1306 1578 1355 ante
1616 1299 1752 1354 hanc
1789 1314 1932 1354 anno
1987 1300 2092 1355 551
2200 1312 2357 1372 prout
2385 1302 2515 1370 ipsis
2546 1303 2818 1357 vitlcrclttr
2841 1303 3206 1372 corrigerent;
3241 1302 3435 1372 uuippe
3456 1304 3539 1372 qui
3563 1303 3740 1371 probam

493 1397 693 1469 scripta
736 1406 842 1455 est.
2199 1411 2260 1451 ac
2289 1395 2532 1451 stabilem
2564 1395 2723 1450 fidem
2751 1395 3066 1460 retinerent,
3086 1410 3148 1450 ac
3174 1411 3285 1466 prae
3307 1395 3516 1449 caneris
3540 1395 3744 1449 omnibus

2199 1490 2476 1560 religionis
2525 1504 2708 1545 curam
2765 1505 2953 1560 gerere
3003 1489 3286 1544 deberent.
3315 1508 3333 1540 ι
3393 1487 3614 1542 Litteras
3657 1488 3748 1543 illas

2202 1582 2421 1637 Liberio
2448 1597 2475 1636 a
2503 1582 2771 1652 pra-dictis
2803 1583 2988 1652 legatis
3010 1581 3248 1636 redditas
3299 1596 3419 1636 esse
3459 1581 3686 1634 Socrates
3709 1589 3750 1634 et

2202 1676 2534 1730 Sozomenus
2565 1675 2800 1730 tradunt.
2825 1674 2958 1728 Cum
2987 1674 3539 1744 autcmLampsaceua
3558 1673 3752 1744 syuodus

570 1770 624 1827 9.
674 1769 919 1827 Liberius
947 1769 1000 1825 in
1031 1767 1221 1825 eadem
1237 1768 1463 1840 epistola
1491 1767 1557 1822 ad
1587 1765 1789 1822 Euseb.
1833 1772 2099 1821 memorat
2129 1769 2176 1830 Β
2205 1792 2320 1846 qua;
2345 1777 2489 1846 ρι-ίοτ
2521 1777 2723 1846 legatos
2748 1774 3063 1836 destinavit.
3086 1782 3142 1828 ει
3164 1773 3318 1844 cuius
3365 1772 3536 1826 insta,-
3561 1771 3664 1825 alim
3688 1788 3754 1834 ες.

501 1864 711 1920 litteras
743 1879 772 1919 a
821 1881 879 1920 se
926 1864 992 1919 ad
1019 1863 1462 1918 Fortunatianum
1495 1862 1754 1933 Aquileia:
1780 1861 2094 1932 episeopum
2207 1869 2329 1924 nodi
2386 1870 2591 1924 litteras
2643 1883 2767 1922 suas
2819 1869 3020 1923 eisdem
3069 1868 3453 1930 crediderunt,
3507 1882 3637 1920 anno
3675 1866 3754 1920 363

501 1958 751 2028 scriptas,
773 1941 966 2027 quibus
994 1974 1116 2011 eum
1149 1957 1406 2028 rogabat,
1439 1964 1497 2010 ut
1527 1957 1640 2026 ipse
1673 1970 1768 2025 pro
1792 1954 2100 2009 sinceritate
2204 1962 2344 2017 circa
2379 1977 2619 2018 mensem
2649 1961 3018 2032 Septembrem
3047 1959 3293 2014 absoluta
3339 1961 3442 2021 sit.
3475 1959 3692 2029 sequitur
3716 1967 3758 2013 ut

504 2051 740 2122 pectoris
775 2059 830 2106 et
863 2067 956 2121 pro
983 2050 1108 2119 ﬁde,
1137 2067 1297 2121 quam
1328 2067 1387 2106 se
1417 2050 1623 2105 sciebat
1651 2051 1812 2105 etiam
1843 2064 1964 2102 cum
1990 2047 2103 2102 dis-
2207 2069 2396 2111 omnes
2427 2057 2528 2110 illae
2556 2056 2745 2110 littera:
2776 2056 2842 2109 ad
2870 2055 3116 2110 eumdem
3146 2069 3346 2108 annum
3394 2052 3506 2123 jam
3533 2053 3758 2108 labentem

504 2145 735 2199 crimine
775 2144 898 2198 vita:
935 2145 1220 2215 pra-sentis
1249 2144 1583 2207 custodisse,
1629 2159 1753 2198 cum
1807 2143 1997 2213 legatis
2035 2140 2102 2196 ad
2208 2151 2529 2220 pertineant.

509 2236 884 2293 Constantium
907 2239 1086 2292 missis
1114 2237 1427 2309 dignaretur
1447 2236 1735 2293 eXCubare.
2211 2261 2324 2299 xw.
2344 2247 2509 2300 —Au
2535 2243 2767 2300 Liberius
2790 2246 2984 2301 litteras
3015 2246 3082 2299 ad
3113 2245 3401 2302 Orientales
3445 2244 3685 2315 scripserit
3717 2243 3764 2298 de

634 2391 710 2431 lx.
727 2373 1098 2430 —Constautii
1113 2375 1180 2428 ad
1204 2373 1459 2429 Liberium
1485 2374 1667 2429 littera:
1687 2389 1823 2428 anno
1853 2371 1980 2429 555.

2785 2341 2988 2413 Spiritu
3002 2341 3218 2396 Sancto.

2290 2435 2372 2490 15.
2415 2435 2751 2490 Sozomeuus
2785 2435 3210 2490 controversiam
3261 2433 3329 2490 de
3373 2434 3605 2507 Spiritus
3631 2433 3768 2490 sancti

2213 2529 2414 2585 deitate
2442 2532 2491 2583 in
2514 2527 2735 2585 Oriente
2764 2528 3050 2584 excitatam
3083 2539 3296 2595 notans,
3331 2530 3403 2584 ita
3437 2530 3529 2587 lib.
3555 2546 3633 2592 Vl,
3657 2545 3696 2584 c.
3715 2527 3769 2582 ἓξ

2217 2621 2452 2692 loquitur
2487 2640 2497 2674 :
2534 2642 2551 2673 ι
2586 2621 2717 2676 Cum
2748 2622 2861 2678 ha'c
2880 2623 3106 2694 qttazstio
3130 2624 3452 2694 agitaretur,
3498 2632 3553 2678 et
3590 2631 3772 2678 conten-

2215 2713 2380 2768 dendi
2413 2715 2594 2770 studio
2621 2718 2792 2786 magis
2819 2717 3094 2785 magisque
3121 2715 3174 2770 in
3203 2716 3318 2772 dies
3339 2728 3642 2784 cresceret,
3663 2717 3775 2786 epis-

2217 2823 2385 2878 ciipus
2417 2809 2564 2862 urbis
2597 2807 2810 2875 Boium,
2843 2823 2901 2863 re
2931 2819 3206 2877 comperta
3229 2851 3244 2873 ,
3286 2811 3510 2879 scripsit
3530 2809 3591 2864 ad
3619 2809 3776 2864 Orien-

2223 2901 2290 2954 tis
2319 2900 2606 2964 ecclesias,
2643 2908 2701 2954 ut
2729 2900 3044 2955 Trinitatem
3101 2901 3611 2958 consubstantialem
3633 2914 3677 2956 et
3705 2900 3780 2954 Ιιοο

2223 3009 2355 3048 uore
2409 2994 2687 3064 gloriaque
2738 2994 2997 3064 aequalem
3059 3010 3164 3049 una
3209 3010 3332 3050 cum
3378 2994 3780 3050 Occidentalibus

2224 3086 2492 3156 episcopis
2545 3087 2960 3142 conﬁterentur.
2991 3087 3109 3156 Quo
3142 3087 3316 3153 facto,
3371 3098 3563 3157 utpote
3604 3097 3780 3143 contro-

2100 3187 2114 3213 ’
2147 3175 2193 3238 C
2226 3179 2624 3250 versiajudicio
2669 3181 2923 3236 Romana:
2969 3183 3210 3237 ecclesize
3252 3183 3574 3247 terminata,
3627 3181 3783 3250 singuli

2223 3273 2508 3342 quievere:
2535 3289 2703 3343 eaque
2731 3275 2958 3344 quaestio
2988 3274 3148 3328 linem
3176 3275 3456 3344 accepisse
3483 3275 3777 3329 vidi-batur.»

522 3379 576 3418 ι.
595 3394 667 3404 -——
687 3361 875 3417 Liberii
897 3363 966 3416 ad
991 3363 1181 3417 clerum
1209 3362 1359 3415 Rom.
1388 3361 1572 3414 littera:
1595 3375 1730 3412 arma
1761 3356 1864 3412 537
1895 3356 2120 3430 scriplte.
2225 3366 2428 3436 Qnilnis
2450 3368 2608 3422 dictis
2640 3368 3011 3433 Sozoutenus,
3041 3383 3160 3437 cap.
3193 3367 3296 3433 25,
3341 3367 3550 3423 Liberii
3599 3379 3786 3421 mortem

597 3478 686 3532 11.
720 3476 970 3531 Liberius
998 3476 1177 3530 statim
1212 3483 1270 3529 ut
1299 3474 1447 3531 exilii
1499 3473 1658 3529 lil‘le
1689 3489 1753 3528 ac
1797 3471 1955 3526 minis
1988 3471 2126 3525 frae-
2228 3477 2449 3517 narrare
2479 3460 2667 3533 incipit
2695 3461 2775 3516 his
2807 3461 2986 3516 verbis
3017 3479 3029 3513 :
3065 3479 3084 3513 ί
3112 3461 3214 3516 Per
3243 3460 3381 3516 idem
3425 3470 3632 3528 tempus
3677 3474 3788 3512 ιιιοτο

523 3579 610 3626 ttts
635 3570 982 3640 Imperatoris
1035 3569 1296 3625 voluntati
1343 3569 1647 3635 consensit,
1704 3568 2011 3639 priusquam
2056 3565 2124 3620 de
2228 3565 2322 3612 tuo
2347 3555 2594 3620 Liherio,
2628 3557 2885 3610 Damasus
2939 3555 3196 3610 Romana:
3226 3555 3370 3609 sedis
3399 3551 3790 3608 administratio-

525 3665 629 3722 hoc
669 3681 936 3721 consensu
991 3665 1288 3736 Imperator
1324 3665 1524 3722 cel-“nr
1554 3665 1705 3719 ﬁeret
1725 3707 1738 3730 ’
1773 3679 1832 3718 se
1862 3662 1931 3717 ab
1956 3661 2125 3716 All“)-
2232 3665 2355 3703 llelll
2384 3649 2642 3719 suscepit.
2676 3669 2693 3699 Ι
2723 3648 2989 3716 0110011⁸03
3010 3647 3055 3701 εἰ
3083 3662 3167 3701 res
3195 3645 3497 3701 SCCUIldUIII
3520 3653 3790 3702 acetiratum

526 3759 661 3814 nasii
688 3758 902 3813 nomine
951 3765 1007 3813 et
1051 3759 1431 3812 counnunione
1482 3756 1774 3812 recessisse
1813 3755 1964 3810 clero
2020 3752 2113 3807 Ro-

2233 3745 2490 3812 tetuporis
2511 3743 2756 3796 ordinent
2781 3743 3117 3797 Sozomcnus
3149 3749 3360 3810 narrat,
3393 3742 3691 3798 censendus
3730 3748 3794 3793 est

529 3866 686 3906 manu
714 3851 1052 3919 signiﬁcavit.
1081 3850 1341 3919 Quocirca
1391 3858 1446 3903 et
1473 3851 1629 3918 lmth
1659 3847 1973 3902 mutationis
2017 3861 2128 3900 sua:
2234 3836 2482 3892 Liberius
2503 3836 2776 3906 aliquanto
2805 3843 2931 3890 ante
2963 3846 3191 3891 mortem
3219 3836 3284 3890 ad
3309 3836 3570 3891 ecclesias
3595 3834 3794 3889 Orientis

531 3952 722 4000 teatem
751 3947 954 3999 clerqu
985 3960 1139 4000 suum
1163 3943 1324 4012 epist.
1343 3943 1408 3996 ad
1429 3941 1708 3998 Ursacium
1729 3959 1782 3995 η.
1803 3941 1858 4004 2,
1875 3940 2105 4010 appellat

2234 3929 2442 3985 litteras
2469 3929 2712 3993 dedisse,
2748 3929 2942 3999 quibus
2982 3935 3038 3983 et
3058 3929 3372 3983 Trinitatem
3401 3927 3798 3983 emsobstantia-

2235 4023 2360 4085 lein,
2385 4033 2439 4078 et
2466 4021 2721 4093 Spiritum
2744 4029 2987 4076 sanctum
3015 4021 3157 4076 Patri
3177 4033 3227 4076 et
3262 4021 3396 4075 Filio
3425 4021 3683 4091 atqualem
3704 4031 3797 4072 esse

2233 4116 2557 4181 deﬁniebat;
2588 4117 2686 4169 nisi
2718 4117 2853 4168 forte
2883 4116 2948 4168 ad
2979 4114 3174 4170 Liberii
3213 4121 3459 4183 tempora
3511 4113 3565 4167 id
3611 4108 3734 4182 quod
3775 4123 3797 4160 a

2239 4210 2468 4264 Daiuaso
2495 4210 2566 4264 sit
2592 4217 2841 4280 gestum,
2886 4218 3216 4280 prtepostere
3264 4208 3603 4264 Sozomenus
3638 4204 3799 4261 retule-

2237 4303 2339 4368 rit;
2367 4301 2510 4372 quod
2545 4302 2757 4358 videtur
2781 4303 3134 4374 probabilius.

2742 4412 2830 4452 xv.
2855 4428 2916 4437 —
2928 4395 3118 4452 Liberii
3138 4396 3338 4453 Sermo.

2310 4491 2398 4546 16.
2433 4490 2711 4546 Tacendus
2768 4491 2854 4545 hic
2898 4507 3003 4545 nou
3042 4502 3124 4546 est
3160 4491 3352 4547 Sermo
3384 4506 3414 4545 a
3441 4490 3683 4553 Liberio,
3708 4501 3804 4543 cum

2162 4576 2210 4636 D
2241 4584 2290 4638 in
2313 4584 2609 4639 Salvatoris
2629 4583 2793 4638 natali
2815 4626 2829 4650 ,
2863 4601 2880 4636 ι
2909 4584 2975 4639 ad
3008 4585 3326 4655 Apostoluni
3357 4584 3603 4647 Petrum,
3630 4602 3647 4635 ι
3697 4580 3806 4634 Mar-

537 4673 1160 4748 xu.—Liberiiepistola
1188 4675 1458 4731 decretalis
1506 4692 1596 4749 per
1644 4676 1933 4746 provincias
1983 4675 2139 4730 missa
2243 4678 2492 4736 cellinam
2519 4679 2790 4734 Ambrosii
2845 4694 3090 4733 sororem
3126 4677 3254 4733 dato
3309 4678 3637 4748 virginitatis
3685 4672 3806 4728 vela-

1129 4771 1267 4825 εἰναι
1292 4787 1414 4824 litin.
1449 4769 1574 4824 562.
2243 4773 2386 4828 mine
2416 4773 2732 4827 solemniter
2779 4786 2844 4826 ac
2875 4771 3086 4840 publice
3111 4778 3455 4826 consecraret
3476 4811 3491 4837 ,
3526 4769 3808 4828 habitus,et

616 4886 704 4940 15.
733 4885 959 4941 Siricius
976 4901 1107 4956 papa
1130 4887 1289 4956 epist.
1308 4886 1370 4941 ad
1399 4885 1608 4951 Osium,
1643 4901 1696 4939 η.
1722 4883 1780 4947 2,
1805 4898 1921 4952 eos,
1959 4884 2048 4954 qui
2071 4884 2139 4940 ab
2243 4868 2311 4922 ab
2343 4867 2629 4922 Αηιίποεῖο
2659 4868 2773 4938 ipso
2805 4867 2891 4921 Μ)-
2924 4881 2983 4920 ¹¹¹
3005 4864 3071 4922 (ιθ
3101 4865 3407 4936 Virsinilms
3441 4879 3492 4919 ο·
3517 4880 3559 4926 ¹ν
3587 4862 3624 4916 2
3663 4868 3714 4917 εί
3755 4858 3804 4920 δ’

544 4981 1068 5048 Ariauishaptizatos
1098 4979 1274 5034 denuo
1304 4978 2022 5050 baptizahant,vehemcnter
2043 4978 2111 5030 im

2248 4963 2344 5020 sed
2364 5007 2377 5030 ,
2409 4970 2467 5017 ut
2488 4963 2714 5018 eruditis
2748 4961 2924 5032 placet
2945 5004 2959 5027 ,
2983 4969 3188 5016 mutata
3215 4959 3428 5016 dicendi
3457 4959 3660 5014 ratione
3699 4953 3809 5008 rela-

546 5076 760 5146 probat,
780 5090 902 5130 cum
931 5074 1064 5128 alias
1095 5074 1164 5128 ob
1190 5088 1400 5142 causas,
1427 5075 1780 5130 tutnobhauc
1800 5074 2138 5141 nominatim,
2250 5069 2358 5116 “'5-
2407 5059 2520 5114 ”“C
2568 5059 2619 5113 i"
2669 5066 2900 5112 "aetat"
2953 5057 3199 5112 Liberius
3245 5056 3419 5125 Primo
3482 5050 3806 5146 δίητεεηίηπξη

545 5167 686 5240 quod
717 5168 856 5222 istud
875 5173 1272 5236 postcassatum
1299 5167 1642 5221 Arituiueuse
1669 5167 1954 5221 concilium
1979 5171 2108 5220 miss

2248 5171 2368 5226 qua:
2395 5154 2462 5208 ad
2493 5153 2651 5208 tidem
2679 5153 2911 5205 attinent
2935 5150 3097 5204 docet
3115 5191 3130 5216 ,
3157 5158 3268 5202 tum
3292 5149 3340 5202 ei
3367 5152 3630 5217 pra-cepta
3679 5137 3810 5194 tradit

546 5264 612 5317 ad
660 5263 962 5334 provincias
994 5277 1022 5315 a
1049 5259 1369 5315 veneranda:
1423 5261 1701 5314 memorire
1745 5259 2144 5328 pra-decessore
2249 5245 2551 5317 virginibus
2597 5260 2876 5314 (ῖοηίότιιίιε
2911 5258 3031 5314 (ιυω
3080 5242 3296 5313 ‘1“idem
3356 5239 3670 5295 Απηηθείιιθ
3715 5231 3811 5288 ideo

547 5371 670 5411 meo
717 5355 932 5410 Liberio
977 5353 1248 5425 generalia
1305 5351 1520 5407 decreta
1568 5349 1906 5419 prohibeant.
1989 5350 2142 5407 Unde
2249 5343 2528 5400 revolvere
2555 5355 2612 5394 se
2639 5340 2743 5402 ait;
2773 5357 2792 5392 ι
2824 5345 2881 5392 ut
2903 5352 3008 5407 (ιιιο
3029 5337 3110 5392 Vil‘
3137 5335 3396 5400 δίιιιοιὶον,
3437 5347 3501 5388 00
3537 5344 3707 5386 Sermo
3743 5338 3812 5379 π’

546 5447 800 5516 Colligere
827 5456 946 5513 est,
969 5447 1242 5502 Liberium
1300 5453 1421 5516 post
1468 5441 1754 5497 infaustum
1789 5445 2144 5501 Ariminensis
2248 5437 2404 5493 cedat
2429 5433 2686 5506 gratior.»

546 5541 764 5599 concilii
787 5543 987 5598 exitum
1018 5544 1288 5599 celebrata
1316 5541 1555 5615 synodo.
1586 5539 1872 5596 concilium
1905 5540 2034 5596 illud
2074 5542 2113 5595 ir

2571 5543 2679 5581 xvi.
2700 5555 2771 5568 —
2787 5525 2996 5595 Scripta
3023 5522 3224 5576 Liberio
3245 5521 3530 5593 supposita.

547 5636 710 5693 ritum
769 5635 1106 5702 declarasse,
1159 5651 1222 5691 ac
1252 5636 1396 5690 varia
1454 5633 1699 5690 sanxisse
1729 5634 1978 5698 decreta,
2026 5648 2146 5703 quas
2323 5627 2408 5680 17.
2453 5623 2722 5678 Praeterea
2763 5633 2920 5673 unam
2956 5614 3229 5672 Liberiiad
3248 5606 3810 5703 Orientalesepistolaitt

550 5732 820 5786 uuiversm
843 5731 1095 5786 Ecrlesim
1117 5730 1333 5785 utilitati
1387 5730 1787 5796 conducerent,
1839 5743 2010 5800 eaque
2054 5741 2113 5798 pe

2249 5717 2318 5773 ab
2361 5717 2574 5772 Arianis
2621 5713 2986 5782 suppositam,
3027 5709 3154 5764 item
3208 5707 3464 5777 scriptum
3510 5703 3704 5758 [.iberii
3762 5693 3812 5748 ad

550 5824 864 5896 syuoilalem
905 5822 1186 5892 epistolam
1219 5822 1272 5875 in
1307 5823 1606 5892 provincias
1626 5821 1855 5876 misisse.
1924 5797 1936 5800 —
2060 5797 2063 5798 ν
2253 5813 2639 5874 Athanasium,
2677 5818 2730 5862 et
2761 5803 3036 5861 Athanasii
3090 5803 3155 5857 ad
3199 5800 3448 5860 eumdem
3492 5797 3810 5866 rescriptum.

479 618 574 658 vtt.
603 633 674 642 —
695 601 906 657 Eusebii
944 601 1162 657 l’erccll.
1197 601 1266 654 ad
1295 599 1552 656 Liberium
1574 597 1791 670 epistola
1821 614 1955 652 anno
1978 597 2083 654 554

1198 711 1374 749 missa.

496 1553 610 1595 vnt.
634 1536 912 1593 -—Liberii
931 1537 999 1592 ad
1029 1535 1464 1592 Fortunatianum
1493 1535 1707 1607 epistola
1729 1575 1743 1599 ,
1777 1533 1951 1588 eodem
1974 1542 2098 1587 lem-

1143 1649 1264 1704 pore
1293 1633 1437 1686 data.

583 2491 671 2547 10.
719 2487 1066 2545 Constantius
1114 2490 1274 2561 paulo
1315 2497 1436 2560 post
1476 2488 1872 2544 Mediolanense
1925 2487 2105 2542 conci-

510 2583 638 2639 lium
666 2597 807 2638 anuo
830 2584 936 2640 555
964 2583 1206 2639 habitum
1239 2583 1477 2638 minaces
1507 2582 1572 2636 ad
1605 2580 1874 2637 Liberium
1903 2580 2110 2634 litteras

510 2691 632 2731 cum
666 2677 976 2732 muneribus
1004 2693 1097 2748 per
1128 2677 1416 2732 Eusebium
1439 2677 1741 2730 eunuchum
1772 2674 1950 2740 misit,
1995 2673 2112 2744 qui-

511 2771 613 2826 bus
641 2787 763 2826 eum
786 2772 852 2826 ad
881 2771 1244 2827 damnandum
1300 2771 1651 2826 Athanasium
1685 2779 1739 2824 et
1769 2772 1832 2823 ad
1863 2785 2110 2822 commu-

515 2867 800 2922 nicandum
823 2883 942 2921 cum
971 2867 1186 2922 Arianis
1215 2867 1433 2922 ﬂectere
1463 2867 1724 2919 tentahat.
1774 2864 1974 2918 Harum
2024 2863 2111 2916 lit-

516 2970 755 3017 terarum
811 2962 1014 3016 mentio
1091 2969 1275 3015 exstat
1325 2959 1465 3030 apud
1515 2959 1863 3013 Athanasium
1925 2957 2112 3010 histor.

516 3059 702 3113 Arian.
737 3055 802 3110 ad
830 3055 1079 3111 monach.
1105 3072 1158 3110 η.
1185 3057 1278 3122 55,
1305 3055 1434 3125 ipsis
1464 3062 1642 3108 autem
1701 3053 1858 3106 minis
1883 3049 2118 3104 admixta

519 3153 684 3210 fuisse
727 3153 1090 3208 blandimenta
1129 3168 1250 3207 cum
1300 3152 1478 3205 innata
1520 3148 1823 3204 Constantii
1867 3147 2076 3202 indoles

520 3255 632 3303 tttm
656 3247 908 3317 adjuncta
935 3261 1158 3301 munera
1191 3245 1345 3300 facile
1378 3243 1720 3315 persuadent.

533 4083 612 4122 XI.
629 4098 699 4109 —
719 4065 964 4140 Ejusdem
1016 4067 1198 4121 littera:
1221 4067 1288 4120 ad
1308 4065 1664 4122 Constantium
1689 4063 2126 4135 eodemtempore.

607 4181 694 4237 12.
754 4183 953 4237 Eodem
989 4192 1230 4253 tempore
1257 4181 1505 4237 Liberius
1534 4182 1742 4236 litteras
1781 4195 1939 4250 super
1963 4179 2133 4235 Atha-

535 4277 674 4332 nasii
703 4278 917 4332 nomine
933 4293 1027 4348 per
1044 4276 1483 4332 Fortunatianum
1505 4275 1900 4346 Aquileiensem
1917 4275 2102 4345 episco
2115 4301 2134 4316 ο

534 4384 658 4440 puni
692 4370 758 4425 ad
789 4367 1162 4424 Constantiqu
1197 4368 1550 4440 perferendas
1575 4367 1758 4432 dedit,
1792 4377 1849 4423 ut
1875 4369 2034 4438 epist.
2067 4367 2133 4422 ad

531 4462 838 4517 Orientales
866 4464 979 4532 ipse
1022 4463 1276 4533 loquitur.
1303 4462 1535 4517 Litteras
1564 4461 1782 4517 easdem
1829 4461 2033 4515 indicat
2083 4469 2137 4514 ct

532 4558 691 4627 epist.
721 4559 786 4611 ad
820 4557 1118 4626 Ursacium,
1153 4574 1207 4613 n.
1236 4560 1292 4614 2.

3914 2414 3915 2436 ι

3916 2502 3917 2530 1

3918 2590 3919 2618 ι

3919 2678 3921 2716 l

3921 2766 3923 2806 l

3923 2854 3925 2904 Ι

3925 2944 3927 2988 l

3927 3032 3929 3076 i

3929 3120 3931 3164 l
