4010 6306
239 174 383 243 1543
739 216 775 232 ς

1000 185 1355 251 ΟΠΑΤΟΒῙΟ
1395 190 1648 253 LIBER"
1695 194 2192 264 MARCELLINAM
2232 203 2774 270 CONSECRANTIS.

3391 220 3532 287 1516

230 310 440 351 necnon
471 297 719 369 antiqua,
776 301 870 356 sed
912 301 1196 363 falsissima
1243 309 1439 367 Liberii
1482 322 1626 383 gesta
1651 356 1665 380 ,
1702 316 1827 370 totni
1855 318 1908 377 Λ
1936 317 2124 374 diebus
2157 321 2316 376 nullm
2349 324 2497 387 lites,
2534 343 2552 376 ι
2581 326 3005 396 etCapitularis
3035 327 3314 389 Theodulﬁ
3363 335 3535 393 Aure-

230 386 391 457 bujns
419 393 685 461 appendix
716 395 1007 454 exhibebit.

301 485 388 540 18.
413 487 597 544 Eidem
634 493 1038 561 papmlsidorus
1073 497 1335 556 Mercator
1350 505 1630 575 supposuit
1666 507 1833 562 Atha-

228 578 363 633 nasii
404 593 456 634 et
479 581 856 655 [Egyptiorun‘t
881 591 1100 647 nomine
1120 608 1183 648 ex
1217 595 1582 653 Alexandrina
1623 603 1830 671 synodo

225 673 483 744 scriptam
508 678 789 748 epistolam
814 723 830 747 ,
854 683 938 737 cui
967 701 1120 754 atque
1152 685 1397 744 ﬁctitium
1428 691 1624 759 adjecit
1670 692 1828 749 Libe-

227 764 291 818 rii
323 765 486 836 ipsius
512 769 576 823 ad
599 770 818 827 eosdem
844 777 1184 846 rescriptum.
1221 778 1518 852 Utrumque
1540 800 1676 856 opus
1702 802 1823 842 cum

225 861 436 916 caeteris
461 861 577 933 ejus
601 863 869 936 ﬁgmentis
908 871 995 925 alii
1027 880 1172 929 tonio
1193 889 1490 932 servamus.

406 997 739 1057 Decretorum
765 1003 966 1062 Liberio
990 1008 1363 1081 adscriptorum
1399 1012 1644 1070 Censura.

298 1137 387 1192 19.
423 1136 478 1191 In
504 1138 832 1194 cditionibus
872 1143 1225 1200 conciliorum
1269 1148 1369 1202 tria
1410 1150 1826 1207 rel'erunturLi-

223 1229 359 1286 berii
388 1248 524 1288 nova
547 1233 761 1290 decreta
788 1251 854 1292 ex
875 1237 1061 1294 codice
1087 1250 1296 1296 vetusto
1331 1243 1417 1308 16,
1445 1243 1701 1300 librorum
1727 1246 1818 1302 lib.

221 1341 340 1392 xm,
366 1341 486 1396 cap.
545 1329 601 1395 9,
640 1330 706 1386 10
753 1331 924 1386 οι-12.
959 1333 1156 1389 Eadem
1189 1335 1379 1392 endem
1426 1340 1644 1396 nomine
1695 1350 1750 1396 et
1790 1357 1821 1397 a

220 1419 536 1475 Burchardo
559 1421 652 1477 lib.
690 1439 777 1477 xm
798 1465 812 1490 ,
843 1439 892 1479 e.
924 1425 1009 1492 15,
1049 1427 1112 1482 11
1141 1436 1195 1483 ct
1220 1429 1307 1497 18,
1335 1446 1544 1487 necnon
1567 1433 1636 1488 ab
1661 1432 1823 1491 lvone

220 1530 276 1586 p.
302 1516 364 1579 .l,
389 1531 438 1570 c.
468 1516 539 1572 46
563 1559 577 1583 ,
603 1518 668 1572 47
699 1525 754 1574 et
783 1519 854 1574 50
885 1518 1192 1578 laudantur.

273 1607 352 1664 Ex
377 1610 459 1666 his
481 1611 733 1682 priumtn,
759 1615 899 1684 quod
924 1614 992 1671 ita
1016 1617 1236 1689 incipit:
1269 1638 1287 1671 ι
1319 1619 1473 1677 lnhis
1489 1621 1821 1694 jejuniorum

1943 409 2201 468 liancnsis
2227 416 2464 486 episcopi
2494 419 2784 487 cnpitulum
2807 421 2896 476 4'2.

2011 505 2286 575 Alterum,
2337 510 2491 580 cujus
2536 521 2620 566 est
2669 515 2772 568 hoc
2823 514 3065 581 initium,
3098 535 3116 568 ι
3145 517 3536 578 Abstinendum

1941 605 2023 652 est
2051 600 2194 655 enim
2230 601 2280 656 in
2312 602 2395 658 his
2419 606 2802 661 sacratissimis
2849 605 3041 664 diebus
3071 627 3097 663 a
3128 613 3478 684 conjugibus,
3511 636 3532 670 ι

1939 699 2020 745 est
2041 691 2367 760 Capitularis
2395 695 2638 766 ejusdem
2663 712 2896 769 sequens
2922 703 3234 771 capitulum.
3421 755 3430 782 ι

2011 784 2284 856 Tertium,
2309 790 2453 860 quod
2480 792 2791 848 enuntiatur
2847 795 2898 849 in
2952 795 3093 852 hunc
3127 799 3342 856 tnodum
3365 844 3380 868 ,
3419 821 3440 855 ι
3479 803 3536 860 Si

1937 877 2182 931 evenerit
2213 878 2420 946 fames,
2473 883 2809 954 inmqualitas
2861 886 3041 953 aeris,
3100 890 3402 960 pestilentia
3452 896 3540 951 vel

1933 973 2040 1029 alia
2062 977 2470 1048 qualiscumque
2502 981 2814 1044 tribulatio,
2866 985 3046 1040 statim
3086 985 3342 1057 jejuniis,
3390 991 3537 1048 elee-

1934 1069 2176 1139 mosynis
2205 1077 2260 1124 et
2285 1070 2753 1132 obsecrationibus
2783 1075 2993 1130 Domini
3041 1078 3411 1137 misericordia
3441 1083 3538 1140 de-

1932 1174 2204 1232 precetur,
2242 1183 2263 1216 ι
2320 1181 2641 1236 expressum
2681 1184 2748 1225 ex
2797 1169 2937 1226 libro
2985 1187 3001 1226 ι
3042 1171 3536 1244 Capitularinm,c.

1928 1257 2065 1324 118,
2127 1259 2218 1315 ubi
2245 1260 2472 1332 legimus
2520 1279 2534 1316 :
2593 1282 2612 1316 ι
2674 1264 2752 1320 De
2795 1265 2895 1322 hoc
2951 1267 2996 1322 si
3048 1271 3290 1327 evenerit
3331 1271 3535 1342 fames,

1928 1350 2234 1421 pestilentia
2258 1394 2272 1418 ,
2316 1354 2652 1426 iumqualitas
2677 1361 2856 1428 aeris,
2883 1360 2966 1415 vel
2999 1361 3100 1416 alia
3133 1363 3536 1436 qualiscumque

1929 1443 2243 1510 tribulatio,
2295 1463 2401 1502 non
2441 1459 2786 1519 exspectetur
2831 1452 3068 1510 edictum
3117 1464 3396 1527 nostrum,
3439 1459 3534 1515 sed

1927 1538 2108 1593 statim
2137 1537 2460 1610 deprecetur
2483 1542 2852 1602 misericordia
2879 1547 2988 1603 Dei.
3006 1567 3024 1600 ›

235 1739 3528 1795 —-——————_—___________________________

1184 1867 1576 1957 OPERA
1642 1875 1921 1984 QU/E
1977 1879 2557 1970 EXSTANT.

275 2108 532 2171 ORATIO
569 2114 1066 2174 MARCELLINAM
1109 2118 1166 2176 S.
1209 2118 1542 2178 AMBROSII
1579 2120 1910 2178 SOROREM
1950 2124 2137 2182 DATO
2177 2127 2645 2192 VIRGINITATIS
2690 2135 2871 2196 VELO
2908 2137 3453 2204 CONSECRANTIS.

1531 2236 1654 2310 (Ea:
1681 2237 1929 2296 Biblioth.
1958 2242 2231 2320 Gallaud.)

296 2346 335 2401 I.
365 2347 561 2413 Bonas,
593 2348 721 2411 ﬁlia,
751 2351 966 2421 nuptias
989 2350 1425 2428 (l)desiderasti.
1447 2352 1614 2409 Vides
1644 2370 1812 2424 quan-
1842 2359 1893 2420 B
1922 2357 2157 2427 inquam,
2193 2361 2379 2434 dilige.
2409 2365 2530 2436 Ipse
2572 2377 2656 2426 est
2684 2386 2843 2442 quem
2876 2374 3036 2431 Pater
3075 2381 3262 2451 genuit
3286 2391 3412 2439 ante
3439 2383 3522 2440 lu-

221 2448 308 2496 tus
328 2443 395 2497 ad
422 2443 655 2498 natalem
687 2443 882 2515 Sponsi
911 2448 981 2501 tui
1008 2449 1237 2518 populus
1259 2449 1594 2515 convenerit,
1627 2459 1680 2505 et
1712 2467 1810 2506 ne-

217 2551 306 2590 tno
334 2534 591 2606 impastus
631 2539 872 2594 recedit?
899 2539 994 2594 llic
1021 2551 1102 2596 est
1131 2543 1221 2613 qui
1251 2551 1470 2613 rogatus
1500 2543 1566 2598 ad
1598 2545 1812 2614 nuptias

215 2644 406 2700 aquam
437 2629 490 2684 in
524 2632 643 2686 vina
671 2633 937 2688 convertit
973 2634 1156 2706 (Joan.
1193 2651 1253 2702 ιι,
1283 2638 1315 2692 9
1346 2635 1387 2707 ).
1422 2636 1479 2691 In
1516 2647 1565 2692 te
1598 2654 1813 2709 quoque

217 2723 487 2780 sincerum
540 2739 937 2782 sacramentum
989 2728 1231 2786 conferet
1275 2732 1628 2802 virginitatis,
1690 2750 1810 2804 quae

219 2820 368 2890 prius
398 2837 519 2877 eras
548 2823 778 2878 obnoxia
805 2824 1000 2880 vilibus
1022 2835 1227 2880 natura?
1250 2827 1546 2882 materialis
1572 2829 1816 2884 elemen-

222 2912 307 2967 tis.
342 2913 438 2969 Hic
467 2923 550 2970 est
579 2914 668 2985 qui
691 2916 924 2986 quinque
953 2917 1178 2986 pinibus
1221 2927 1277 2973 et
1318 2919 1527 2974 duobus
1574 2922 1817 2992 piseilms

221 3015 450 3078 quatuor
479 3007 644 3062 millia
689 3009 868 3079 populi
898 3010 950 3064 in
981 3010 1198 3066 deserto
1241 3014 1404 3082 pavit.
1437 3012 1586 3085 (Luc.
1619 3031 1695 3082 ix,
1729 3017 1817 3070 15.

223 3109 270 3156 et
295 3102 448 3171 seq).
487 3101 676 3157 Plures
706 3103 899 3173 potuit,
931 3103 974 3158 si
1009 3103 1190 3174 plures
1216 3105 1326 3176 jam
1361 3116 1486 3162 tunc
1513 3109 1602 3178 qui
1639 3124 1822 3178 pasce-

223 3204 435 3260 rentur,
469 3194 714 3250 fuissent.
753 3195 1000 3268 Denique
1039 3197 1104 3253 ad
1137 3209 1253 3254 tuas
1278 3201 1490 3272 nuptias
1524 3204 1701 3271 plures
1733 3220 1825 3260 vo-

223 3292 401 3344 cavit:
431 3289 524 3344 sed
553 3288 664 3359 jam
690 3305 796 3345 non
829 3291 984 3360 panis
1013 3307 1078 3348 ex
1105 3292 1330 3363 hordeo,
1379 3295 1474 3352 sed
1501 3312 1697 3370 corpus
1725 3298 1826 3355 mi-

219 3383 479 3438 nistratur
501 3398 532 3438 e
559 3383 720 3439 caelo.

294 3476 357 3531 ll.
403 3476 570 3532 'rlodie
597 3477 813 3547 quidem
848 3479 1149 3536 secundum
1172 3481 1449 3540 hominem
1480 3484 1640 3540 homo
1667 3495 1825 3544 natus

1919 2449 2146 2506 eil‘erum
2173 2453 2346 2525 (Psal.
2377 2473 2489 2527 etx,
2519 2463 2553 2516 ὅ
2584 2465 2628 2530 ),
2659 2474 2716 2518 ιιι
2741 2473 3000 2522 aeternum
3027 2487 3042 2525 :
3069 2449 3139 2526 ex
3183 2483 3337 2530 utero
3361 2492 3527 2548 gene-

1920 2542 2080 2607 ravit,
2113 2553 2170 2598 ut
2198 2545 2394 2602 Filium
2421 2567 2433 2601 :
2463 2566 2529 2605 ex
2558 2553 2722 2609 corde
2749 2558 3012 2613 eructavit
3038 2559 3210 2632 (Psal.
3239 2542 3390 2633 XLIV:
3418 2567 3452 2621 2
3481 2567 3525 2640 ),

1922 2641 1980 2688 ιιι
2005 2632 2262 2692 Verbum.
2296 2636 2418 2710 Ipse
2439 2653 2517 2698 est
2545 2644 2594 2698 itt
2623 2661 2731 2716 quo
2760 2651 3088 2719 complacuit
3111 2655 3271 2712 Pater
3301 2632 3518 2730 (Matt/ii

1920 2743 2056 2795 xvn,
2091 2729 2125 2784 5
2156 2730 2174 2804 )
2205 2750 2218 2786 :
2251 2734 2366 2804 ipse
2394 2747 2475 2791 est
2505 2737 2681 2796 Patris
2709 2741 3009 2813 brachium,
3052 2749 3176 2819 quia
3205 2729 3421 2809 creator
3443 2765 3528 2812 est

1921 2824 2160 2879 omnium
2194 2843 2207 2879 :
2237 2826 2412 2884 Patris
2437 2832 2722 2902 sapientia,
2756 2838 2878 2906 quia
2909 2856 2975 2894 ex
3005 2840 3097 2896 Dei
3123 2857 3218 2897 ore
3259 2848 3526 2914 processit

1926 2912 1966 2985 (ι
2016 2913 2134 2970 Cor.
2173 2934 2211 2985 ι,
2251 2918 2361 2992 50)
2393 2941 2406 2976 ι
2438 2923 2610 2980 Patris
2656 2927 2846 2995 virtus,
2886 2932 3007 3001 quia
3038 2912 3332 2992 divinitatis
3362 2937 3415 2992 in
3458 2955 3526 2996 eo

1923 3012 2281 3080 corporaliter
2320 3014 2524 3073 habitat
2565 3019 2842 3088 plenitudo
2889 3024 3110 3096 (Coloss.
3142 3046 3200 3096 ιι,
3225 3032 3258 3088 9
3290 3030 3333 3104 ).
3362 3035 3530 3104 Quem

1927 3105 2086 3159 Pater
2107 3108 2176 3160 ita
2207 3107 2395 3180 diligit,
2429 3123 2484 3167 ut
2514 3114 2566 3168 iu
2595 3115 2714 3171 sinu
2739 3128 2934 3188 portet,
2965 3122 3032 3178 ad
3060 3124 3337 3184 dexteram
3363 3131 3525 3203 locet;

1929 3206 1985 3249 ut
2012 3199 2325 3268 sapientiam
2349 3203 2544 3274 discas,
2578 3209 2825 3265 virtutem
2860 3216 3088 3272 noveris.

1999 3290 2086 3346 IV.
2129 3292 2183 3348 Si
2233 3295 2394 3366 igitur
2440 3300 2608 3357 virtus
2658 3304 2749 3360 Dei
2797 3306 3065 3380 Christus,
3119 3317 3378 3388 nttmquid
3429 3321 3530 3377 ali-

1928 3387 2142 3457 quando
2181 3390 2298 3445 sine
2343 3394 2536 3451 virtute
2566 3397 2748 3454 Deus?
2794 3400 3064 3473 Numquid
3091 3387 3381 3480 aliquando
3407 3417 3528 3476 sine

1928 3479 2066 3536 Filio
2097 3481 2293 3538 Pater?
2325 3485 2378 3541 Si
2425 3503 2638 3558 semper
2669 3494 2850 3563 utique
2883 3497 3059 3563 Pater,
3108 3503 3292 3575 utique
3315 3522 3533 3580 semper

223 3586 290 3627 εχ
319 3571 545 3640 virgine.
580 3572 673 3627 sed
718 3581 844 3628 ante
871 3575 1046 3630 οιηηξη
1078 3588 1364 3647 generatus
1405 3595 1470 3635 ex
1498 3580 1656 3637 patre
1686 3601 1698 3635 ε
1723 3583 1820 3652 qui
1847 3582 1892 3646 ο
1926 3581 1975 3626 et
2010 3572 2192 3628 Filius.
2251 3575 2475 3634 Perfecti
2525 3596 2653 3653 ergo
2694 3583 2868 3641 Patris
2897 3590 3168 3658 perlectus
3206 3571 3292 3652 est
3337 3571 3528 3659 Filius.

224 3675 452 3722 matrem
490 3681 740 3737 corpore,
771 3667 968 3724 virtute
997 3670 1193 3726 referat
1230 3671 1467 3728 Patrem.
1501 3672 1820 3745 Unigenitus

225 3758 280 3813 in
313 3759 491 3827 terris,
525 3760 832 3829 unigenitus
877 3762 930 3816 in
970 3764 1107 3819 coelo
1137 3781 1150 3818 :
1184 3764 1323 3819 Deus
1360 3781 1423 3821 ex
1455 3765 1588 3835 Deo,
1637 3778 1820 3838 partus

224 3869 293 3909 ex
336 3853 538 3924 virgine
569 3855 811 3923 :justitia
839 3855 907 3911 de
950 3855 1130 3922 Patre,
1169 3858 1341 3914 virtus
1368 3859 1436 3915 de
1467 3869 1705 3930 potente,
1739 3862 1821 3917 lu-

223 3963 353 4004 men
380 3965 444 4004 ex
468 3949 670 4006 lumine
701 3967 714 4003 :
746 3965 851 4005 non
875 3951 1048 4021 impar
1071 3952 1400 4022 generantis,
1425 3969 1531 4008 non
1557 3964 1820 4026 potestate

225 4042 527 4098 discretus:
559 4060 663 4098 non
692 4045 840 4100 verbi
871 4047 1208 4111 extensione,
1241 4056 1332 4102 aut
1362 4047 1662 4117 prolatione
1693 4065 1820 4104 con-

227 4136 398 4202 fusus,
433 4145 492 4190 ut
519 4151 640 4192 cum
667 4137 824 4192 Patre
865 4138 1087 4205 mixtus,
1121 4139 1215 4194 sed
1258 4150 1312 4193 ut
1344 4155 1374 4193 a
1407 4140 1566 4196 Patre
1595 4158 1824 4212 genera-

229 4228 390 4283 tionis
411 4228 535 4298 jure
560 4229 844 4284 distinctus
866 4230 934 4285 sit
959 4247 971 4284 :
1003 4231 1115 4300 ipse
1137 4240 1219 4286 est
1245 4231 1512 4288 fraternus
1535 4243 1676 4298 tuus,
1709 4233 1824 4291 sine

229 4335 336 4390 quo
359 4335 456 4374 nec
477 4321 715 4376 cmlestia
739 4337 838 4376 nec
857 4322 1060 4377 marina
1084 4338 1184 4378 nec
1206 4326 1479 4380 terrestria
1500 4327 1821 4383 consistunt.

232 4412 466 4470 Verbum
488 4413 660 4471 Patris
692 4415 891 4470 bonum
921 4414 1095 4487 (Cant.
1125 4432 1183 4482 ν,
1209 4417 1283 4490 1),
1309 4417 1451 4488 quod
1478 4429 1605 4486 erat,
1631 4421 1822 4490 inquit,

230 4509 285 4563 in
312 4508 566 4578 principio
593 4506 773 4578 (Joan.
804 4525 843 4574 ι,
875 4510 909 4565 5
953 4519 998 4563 et
1027 4509 1162 4580 seq.)
1190 4526 1210 4564 :
1255 4510 1420 4566 habes
1467 4513 1586 4583 ejus
1612 4514 1826 4568 (eterni-

232 4612 418 4657 Iatcm.
469 4600 534 4656 Et
575 4613 703 4670 erat,
751 4602 943 4673 inquit,
975 4604 1117 4674 apud
1155 4601 1413 4659 Patrem:
1443 4604 1610 4661 habes
1658 4605 1822 4660 indis.

229 4703 433 4750 cretam
464 4709 496 4747 a
534 4695 712 4762 Patre,
745 4695 1264 4767 inseparabilemquc
1290 4698 1560 4752 virtutem.
1597 4697 1664 4751 Et
1691 4698 1830 4754 Deus

231 4799 338 4842 erat
378 4786 594 4843 Verbum
623 4805 640 4843 :
667 4787 835 4844 habes
862 4789 1152 4859 ingenitam
1201 4789 1318 4860 ejus
1345 4789 1712 4858 divinitatem;
1760 4792 1828 4848 de

233 4881 553 4951 compendio
593 4883 733 4939 enim
767 4882 862 4938 tibi
890 4883 1020 4938 ﬁdes
1043 4896 1123 4939 est
1148 4883 1464 4941 haurienda.

307 4975 393 5029 111.
438 4975 610 5042 llunc,
634 4976 765 5042 ﬁlia,
788 4976 970 5048 dilige,
996 4977 1118 5047 quia
1141 4977 1317 5032 bonus
1338 4988 1421 5034 est
1447 4996 1462 5034 :
1494 4977 1660 5034 Nemo
1683 4980 1827 5036 enim

236 5068 397 5123 bonus
441 5070 540 5124 nisi
562 5086 692 5124 unus
716 5069 875 5125 Deus.
924 5069 1074 5143 (Luc.
1106 5087 1258 5137 xvnt,
1293 5071 1402 5139 19).
1464 5073 1519 5128 Si
1550 5073 1694 5128 enim
1725 5090 1832 5130 non

236 5162 511 5219 dubitatur
540 5165 662 5235 quia
716 5165 852 5220 Deus
877 5164 916 5219 F
925 5165 1067 5229 ilius,
1103 5164 1246 5220 Deus
1273 5174 1452 5221 autem
1493 5166 1665 5222 bonus
1710 5175 1830 5223 est:

239 5258 424 5328 utique
448 5271 554 5312 non
584 5255 878 5325 dubitatur,
911 5259 1034 5328 quia
1066 5258 1208 5316 Deus
1244 5259 1414 5315 bonus
1441 5258 1627 5316 Filius.
1658 5261 1833 5331 Hunc,

312 5480 393 5554 (1)
419 5479 553 5537 Huic
573 5480 693 5535 loco
731 5481 827 5533 ista
867 5479 1140 5554 praemﬂtit
1186 5480 1243 5535 S.
1291 5480 1641 5543 Ambrosius},
1675 5495 1832 5535 soro-

241 5551 381 5609 rem
412 5568 562 5609 suam
613 5553 929 5622 alloquens:
967 5571 991 5635 ,ι
1029 5551 1265 5635 Tempus
1309 5559 1428 5635 est,
1466 5567 1634 5635 soror
1678 5567 1835 5635 sanc-

244 5633 322 5689 ta,
354 5639 414 5680 ea
446 5640 816 5695 qttte,niecum
859 5624 1104 5707 coplerre
1151 5627 1312 5689 soles,
1360 5624 1528 5706 beatae
1559 5626 1833 5707 memoriae

247 5697 454 5756 LIBER"
484 5707 747 5780 prmcepta
790 5697 1098 5780 revolvere;
1131 5705 1189 5750 ut
1216 5711 1321 5780 quo
1362 5697 1445 5750 vir
1483 5697 1740 5780 sanctior,
1767 5712 1834 5780 eo

253 5787 432 5828 sermo
470 5766 685 5826 accedat
724 5769 943 5842 gratior.
993 5766 1248 5839 Namque
1286 5769 1362 5837 is,
1392 5782 1514 5825 cum
1539 5766 1835 5827 Salvatoris

1923 3665 2058 3721 Nam
2088 3668 2176 3738 qui
2206 3669 2386 3726 virtuti
2415 3672 2655 3746 derogat,
2685 3680 2733 3732 ci
2775 3679 2998 3753 derogat
3038 3686 3193 3758 cujus
3225 3701 3308 3746 est
3335 3694 3525 3753 virtus.

1924 3760 2347 3831 Inaequalitatem
2390 3781 2494 3823 non
2537 3771 2729 3842 recipit
2766 3776 2998 3843 perfecta
3050 3780 3322 3842 divinitas.
3358 3789 3531 3864 Dilige

1930 3855 2094 3928 igitur
2123 3874 2280 3929 quem
2345 3860 2503 3917 Pater
2529 3863 2698 3936 diligit
2731 3884 2744 3922 :
2774 3867 3091 3941 honoriﬁca,
3124 3893 3284 3949 quem
3315 3855 3536 3942 honori-

1927 3951 2050 4007 ﬁcat
2079 3953 2270 4009 Pater:
2305 3956 2405 4022 Qui
2425 3958 2568 4013 enim
2592 3977 2694 4016 non
2724 3963 3030 4036 honori/ient
3057 3969 3272 4043 Filium,
3310 3995 3412 4034 non
3435 3981 3531 4035 Ito-

1931 4047 2164 4116 uori/icat
2214 4047 2438 4105 Patrem.
2473 4051 2541 4106 Et
2582 4057 2670 4124 qui
2709 4070 2862 4128 negat
2908 4061 3123 4134 Filium,
3175 4086 3268 4126 nec
3318 4071 3529 4133 Patrem

1935 4139 2086 4194 liabet
2118 4138 2296 4211 (Joan.
2323 4159 2375 4208 v,
2408 4144 2522 4215 25).
2554 4145 2679 4204 Haec
2709 4163 2964 4222 quantum
2993 4157 3060 4213 ad
3089 4159 3270 4218 ﬁdem.

2009 4232 2070 4288 V.
2116 4233 2221 4290 Sed
2248 4235 2512 4292 interdum
2541 4242 2704 4298 etiam
2744 4260 2864 4302 eum
2898 4248 3031 4306 ﬁdes
3071 4262 3182 4310 tuta
3212 4257 3305 4326 sit,
3331 4260 3529 4325 juven-

1935 4331 2020 4378 tus
2045 4335 2294 4396 suspeeta
2319 4334 2422 4383 est.
2458 4330 2668 4388 Modico
2703 4334 2882 4409 itaque
2909 4341 3036 4397 vino
3063 4355 3237 4416 utere,
3278 4365 3348 4406 ne
3382 4355 3530 4412 inﬁr-

1934 4418 2172 4473 mitatem
2221 4422 2462 4490 corporis
2510 4440 2705 4496 augeas
2757 4427 2794 4500 (ι
2849 4429 2982 4488 Tim.
3037 4451 3090 4503 ν,
3122 4439 3263 4511 25),
3315 4460 3422 4502 non
3472 4457 3531 4505 ut

1927 4510 2253 4582 voluptatem
2277 4515 2512 4582 excites;
2555 4519 2847 4579 incendunt
2875 4526 3017 4583 enim
3054 4510 3257 4602 pariter
3284 4537 3412 4609 duo,
3449 4543 3528 4598 vi-

1931 4618 2056 4658 num
2079 4613 2134 4660 et
2154 4605 2533 4664 adolescentia.
2559 4610 2833 4672 lnfrenent
2861 4621 3021 4678 etiam
3047 4635 3289 4687 teneram
3313 4605 3530 4696 aetatem

1926 4695 2151 4766 jejunia,
2185 4709 2239 4755 et
2269 4703 2598 4770 parcimnnia
2629 4707 2732 4762 cibi
2763 4713 3073 4774 retinaculis
3095 4721 3417 4792 quibusdam
3447 4695 3532 4788 in;

1933 4790 2161 4848 domitas
2191 4793 2440 4852 cohibeat
2468 4799 2808 4870 cupiditates.
2857 4807 3015 4866 Ratio
3050 4790 3287 4886 revocet,
3323 4823 3534 4895 mitiget

1933 4900 2077 4956 spes.
2107 4890 2396 4962 restringat
2425 4904 2622 4950 metus.
2654 4896 2787 4953 Nam
2819 4903 2909 4974 qui
2939 4908 3210 4968 moderari
3237 4919 3406 4972 nescit
3437 4890 3538 4976 cu-

1937 4981 2270 5051 piditatibus,
2292 4985 2336 5039 is
2358 4985 2664 5060 sicutequis
2686 5003 2925 5064 raptatus
2952 4999 3250 5072 indomitis,
3276 5009 3531 5086 volvitur,

1935 5074 2218 5142 obteritur,
2252 5077 2501 5145 laniatur,
2533 5081 2808 5154 afﬂigitur.

2007 5168 2096 5225 VI.
2138 5170 2289 5238 Quod
2313 5173 2600 5245 aliquando
2617 5178 2801 5249 juveni
2825 5186 2896 5241 ob
2921 5204 3163 5249 amorem
3195 5194 3382 5254 Dianae
3403 5215 3533 5259 eon-

1938 5263 2122 5335 tigisse
2149 5265 2410 5336 proditur.
2446 5267 2553 5326 Sed
2584 5275 2810 5343 poeticis
2831 5281 3126 5340 mendaciis
3153 5287 3426 5350 coloratur
3451 5295 3535 5353 fa-

1940 5482 2103 5565 natali
2162 5484 2228 5539 ad
2293 5491 2594 5579 apostolum
2667 5494 2884 5579 Petrum
2947 5499 3270 5579 virginitatis
3333 5511 3540 5578 protes-

1941 5568 2148 5644 stpnem
2191 5567 2360 5640 vestis
2410 5569 2971 5644 quoque-mulatione
3024 5567 3288 5644 signares,
3320 5567 3540 5641 adstan-

1942 5627 2085 5711 tibus
2129 5627 2522 5716 etiampuellis
2539 5627 2658 5716 'Dei
2688 5639 3057 5716 Compluribus

2412 5707 2671 5764 societate
2700 5727 2714 5764 :
2742 5698 2934 5783 Bo'uas,
2957 5698 3538 5800 ἰηιιιιὶἶξῇιὶαῗιιῖῥῆδὲ

1942 5771 2267 5842 desiderasti,
2301 5785 2408 5831 etc.
2498 5807 2504 5814 -
2527 5819 2533 5847 ξ
