4010 6306
558 214 699 284 sint

1941 218 2261 304 uenatus
2292 208 2500 280 mea.

3325 241 3357 256 α

3661 216 3760 295 ius

557 344 702 408 ιςιιια,
748 349 808 396 ιιι
842 337 1127 411 Neptunus
1171 338 1377 411 praelati
1421 336 1604 396 rivalis
1641 336 1831 394 dolore
1874 338 2144 404 incitatus,
2175 337 2231 399 Α
2262 338 2315 392 II
2353 348 2401 393 et
2434 337 2523 411 η)
2553 357 2567 392 :
2592 353 2694 397 uec
2720 339 2855 397 ﬂere
2883 340 3153 407 desiisset,
3188 341 3289 397 nisi
3325 344 3594 414 proximum
3613 362 3764 420 cogno-

554 434 706 505 cquis
732 433 941 489 dicatur
982 432 1218 489 furorem
1264 430 1588 496 immisisse,
1634 445 1743 502 quo
1788 430 1906 500 eius
1954 444 2149 501 magna

553 528 790 599 praemia
816 525 1169 596 prmdicetur;
1198 524 1339 594 quod
1365 524 1619 595 invenem
1650 537 1758 581 non
1782 524 1979 579 virtute
2002 523 2147 590 vicit,

551 620 647 676 sed
678 618 868 677 fraude
888 619 1120 688 decepit.
1155 616 1311 674 Unde
1328 617 1491 672 etiam
1514 615 1844 672 sacriﬁcium
1862 613 2151 685 quotannis

553 711 853 768 instaurant
890 711 1096 778 Diana,
1128 719 1188 765 ut
1212 725 1385 781 εῳιυε
1412 708 1481 764 ad
1514 708 1635 779 eius
1660 708 1975 769 immolatur
2002 721 2148 763 aras.

550 808 721 877 Quam
742 807 1001 877 virginem
1024 805 1230 870 dicunt,
1255 819 1375 875 qua:
1398 803 1473 876 (id
1496 803 1636 873 quod
1656 803 1819 859 etiam
1836 800 2150 858 meretrices

550 901 871 957 erubescere
897 899 1094 970 Solent)
1123 912 1307 954 amare
1351 898 1524 969 potuit
1570 912 1679 952 non
1718 906 2011 951 amantem.
2039 893 2150 951 Sed

546 994 802 1060 habeam,
837 1009 931 1063 per
952 1008 1037 1049 me
1060 994 1207 1059 licet,
1234 990 1426 1047 fabulae
1446 1007 1558 1047 ante
1577 990 1988 1055 auctoritatem;
2017 988 2143 1060 quia

545 1087 671 1144 licet
698 1087 988 1144 scelestum
1030 1097 1351 1156 utrumque,
1394 1086 1572 1141 ntious
1590 1093 1773 1141 tamen
1796 1085 1867 1140 sit
1890 1083 2147 1154 iuvenem

542 1196 727 1236 amore
760 1181 1024 1238 adultera
1052 1181 1132 1236 sic
1167 1178 1426 1251 ﬂagrasse
1456 1188 1517 1235 ut
1546 1180 1772 1251 periret,
1802 1194 1962 1249 qnam
1984 1176 2142 1242 duos,

541 1289 600 1331 tu
629 1276 728 1347 ipsi
749 1274 952 1341 dicunt,
978 1274 1112 1330 deos
1134 1272 1203 1330 de
1230 1272 1499 1329 adulterio
1522 1280 1763 1328 certasse
1780 1289 1802 1327 ε
1831 1270 2021 1328 Jovem
2052 1285 2149 1325 au-

540 1375 649 1431 tem
680 1366 924 1422 dolorem
952 1364 1247 1425 scortautis
1283 1362 1411 1419 tiliae
1450 1363 1511 1419 in
1540 1362 1805 1421 medicum
1842 1360 2148 1418 vindicasse

538 1462 786 1525 adulteri,
821 1460 964 1532 quod
990 1463 1107 1532 eius
1133 1460 1333 1514 curarit
1354 1458 1600 1525 vulnera,
1620 1457 1713 1529 qui
1739 1456 1959 1515 Dianam
1980 1455 2034 1512 in
2053 1455 2149 1512 sil-

536 1560 618 1612 vis
646 1556 1047 1617 adulteraverit,
1081 1553 1412 1610 venatricem
1443 1567 1573 1609 sane
1609 1553 1893 1624 optimam,
1922 1566 2033 1605 non
2054 1548 2143 1606 fe-

535 1665 739 1710 rarum.
790 1648 884 1704 sed
918 1646 1235 1714 libidinum;
1284 1645 1378 1702 sed
1407 1643 1642 1702 ferarum
1673 1644 1856 1712 etiam,
1910 1653 1971 1699 ut
1998 1642 2142 1698 nuda

541 1751 855 1800 venaretur.

617 1838 722 1893 VII.
773 1839 908 1893 Dent
940 1834 1099 1907 igitur
1147 1833 1396 1905 Neptuno
1425 1831 1760 1899 dominatum
1804 1830 2024 1899 furoris,
2083 1840 2141 1885 ut

542 1932 826 1986 adstruunt
853 1930 1057 1983 crimen
1086 1928 1271 1983 incesti
1296 1925 1515 1981 amoris.
1552 1924 1689 1979 Dent
1710 1923 1894 1979 Dianae
1910 1938 2144 1993 regnum

544 2024 597 2080 in
630 2024 778 2078 silvis
825 2036 959 2092 quas
1002 2019 1301 2085 incolebat,
1353 2027 1412 2073 ut
1452 2018 1775 2072 confirment
1820 2014 2143 2072 adulterium

541 2114 684 2195 quod
706 2115 951 2185 gerebat.
987 2112 1125 2167 Dent
1152 2110 1469 2180 IEseulapio
1497 2110 1638 2187 quod
1667 2118 1940 2169 mortumn
1970 2108 2145 2171 refor-

542 2211 789 2277 maverit,
819 2208 1109 2264 dummodo
1138 2208 1489 2278 profiteantur
1518 2205 1658 2276 quod
1688 2204 1998 2263 fulminatus
2027 2205 2143 2277 ipse

543 2319 651 2361 non
675 2303 927 2359 evaserit.
953 2301 1088 2357 Deut
1105 2300 1265 2356 etiam
1282 2298 1400 2355 Jovi
1423 2298 1645 2354 fulmina
1668 2312 1787 2369 quae
1805 2311 1909 2352 non
1935 2296 2142 2363 habuit,

542 2406 602 2453 ut
635 2397 988 2453 testiﬁcentur
1024 2410 1143 2466 quae
1175 2394 1360 2450 habuit
1387 2390 1696 2465 opprobria.
1724 2391 1840 2447 Sed
1885 2407 1913 2445 a
1942 2389 2140 2448 fabulis

541 2490 608 2546 ad
641 2488 970 2560 propositum
1000 2496 1355 2543 revertamur.

456 2565 473 2572 ’
554 2612 557 2613 ν
621 2583 749 2639 VIII.
788 2583 948 2639 iEscis
974 2598 1187 2653 quoque
1214 2582 1463 2637 omnibus
1491 2595 1611 2653 quae
1636 2580 1857 2651 gignant
1888 2575 2147 2635 membris

543 2678 800 2742 calorem,
849 2690 1011 2747 parce
1057 2676 1314 2731 utendum
1363 2683 1750 2747 putozcarnes
1793 2672 1936 2727 enim
1983 2671 2145 2727 etiam

544 2772 750 2843 aquilas
779 2770 1018 2827 volantes
1042 2770 1340 2841 deponunt.
1363 2770 1419 2825 In
1444 2769 1596 2825 vobis
1626 2783 1840 2840 quoque
1868 2766 1981 2823 ales
2009 2766 2149 2822 inte-

539 2867 654 2923 rior
677 2868 787 2945 illa,
820 2866 888 2921 de
917 2881 1020 2935 qua
1050 2866 1275 2937 legimus
1301 2882 1315 2918 :
1344 2861 1693 2920 Renovabitur
1710 2860 1845 2917 sicut
1865 2861 2039 2931 aquila
2062 2856 2145 2933 (i)

532 2960 777 3035 juventus
815 2972 901 3015 tua
928 2958 1151 3032 (Psalm.
1187 2975 1281 3025 cu,
1311 2957 1344 3013 5
1375 2960 1413 3029 ),
1456 2958 1687 3014 sublime
1744 2967 1954 3019 tenens,
1983 2953 2148 3025 virgi-

544 3074 649 3114 nco
679 3071 887 3127 praepes
914 3055 1096 3111 volatu
1120 3052 1408 3125 superﬂuae
1437 3052 1619 3107 carnis
1644 3051 1848 3107 nesciat
1878 3058 2145 3119 appeten-

2257 432 2464 488 vissct?
2495 433 2569 488 Ita
2613 443 2667 489 et
2708 433 2928 504 pudoris
2970 438 3202 491 servavit
3239 435 3487 505 oftieimn,
3516 448 3564 494 et
3600 441 3762 510 pietatis

2253 540 2361 581 non
2383 526 2565 581 omisit
2591 525 2864 587 aﬂectum.
2896 526 3054 597 Quod
3096 528 3141 582 si
3186 531 3301 583 viro
3329 528 3541 585 dicitur:
3571 529 3767 604 Virginem

2252 638 2316 676 ne
2333 621 2644 688 consideres,
2664 638 2728 677 ne
2745 625 2952 693 (μιαιάο
2975 623 3287 677 scandalizet
3335 633 3382 678 te
3419 622 3597 695 (Ereti.
3626 642 3687 693 rx,
3716 626 3767 699 5)

2257 714 2384 782 quid
2410 715 2700 771 dicendum
2720 727 2811 772 est
2838 727 3063 772 saerata:
3084 716 3300 788 virgini,
3328 733 3443 789 qua:
3463 717 3503 773 si
3524 727 3663 788 amet,
3683 719 3768 776 ani-

2253 824 2345 865 mo
2376 822 2564 879 peccat
2592 828 2605 865 :
2634 810 2679 866 si
2712 819 2941 876 amatur,
2970 819 3027 866 et
3054 810 3234 865 facto?

2327 903 2420 959 XI.
2465 903 2691 960 Maxima
2714 912 2802 960 est
2822 904 2990 959 virtus
3018 904 3247 969 tacendi,
3280 904 3558 975 prresertim
3579 905 3623 960 in
3645 907 3773 963 eccle-

2251 996 2352 1051 sia.
2386 994 2541 1050 Nulla
2575 1005 2627 1052 te
2654 995 2952 1053 divinarum
2980 995 3247 1053 sententia
3266 996 3716 1067 fugietlectionum,
3737 997 3777 1052 si

2251 1105 2437 1147 aurem
2466 1089 2776 1159 admoveas,
2807 1106 2994 1147 vocem
3021 1106 3255 1162 premas.
3286 1089 3489 1145 Nullum
3510 1105 3567 1146 ex
3592 1105 3671 1146 ore
3690 1106 3777 1146 ver-

2248 1184 2377 1243 bum
2408 1184 2553 1256 quod
2582 1199 2842 1243 revocare
2881 1186 3034 1251 velis,
3082 1183 3327 1255 proferas
3354 1200 3369 1238 :
3398 1184 3487 1240 sed
3527 1184 3702 1253 parcior
3718 1184 3778 1238 lo-

2249 1278 2446 1349 quendi
2494 1277 2684 1333 ﬁducia
2714 1278 2805 1332 sit.
2838 1275 3130 1348 Cepiosum
3167 1278 3365 1349 quippe
3407 1276 3457 1332 in
3497 1277 3772 1347 multiloquio

2251 1380 2528 1443 peccatum
2595 1368 2805 1444 (Prov.
2865 1385 2922 1437 χ,
2972 1370 3089 1442 19).
3144 1368 3435 1425 Homicida:
3480 1368 3653 1425 dictum
3689 1378 3777 1424 est:

2254 1462 2505 1530 Peccasti,
2535 1464 2736 1532 quiesce
2762 1461 2915 1533 (Gen.
2944 1479 3028 1529 Iv,
3059 1462 3091 1518 7
3121 1463 3162 1536 ).
3198 1479 3268 1519 ne
3306 1471 3543 1533 peccaret
3566 1463 3777 1533 amplius:

2253 1558 2349 1613 sed
2383 1557 2572 1628 virgini
2604 1556 2887 1612 dicendum
2924 1568 3006 1612 est
3035 1575 3048 1610 :
3077 1556 3328 1625 Quiesce,
3362 1571 3429 1611 ne
3456 1570 3643 1625 pecces.
3665 1554 3779 1610 Conv

2248 1649 2500 1706 servabat
2524 1650 2668 1706 enim
2704 1650 2888 1716 Maria,
2916 1659 2972 1704 ut
2996 1649 3249 1720 tegimus,
3281 1648 3459 1705 omnia
3482 1650 3528 1703 in
3545 1648 3685 1705 corde
3703 1662 3773 1702 suo

2177 1739 2227 1802 Β
2252 1759 2374 1815 qua:
2399 1743 2467 1797 de
2494 1742 2633 1799 Filio
2660 1743 2978 1799 dicebantur
3002 1740 3157 1811 (Luc.
3186 1758 3248 1807 tt,
3277 1741 3343 1797 ili
3371 1742 3392 1815 )
3418 1761 3432 1797 :
3459 1752 3510 1799 et
3536 1753 3587 1797 tu
3610 1758 3709 1798 eum
3730 1743 3783 1797 Ie-

2246 1837 2394 1907 gitur
2417 1834 2633 1907 aliquod
2658 1851 2766 1911 quo
2796 1834 3041 1891 Christus
3067 1844 3155 1889 aut
3185 1844 3442 1890 venturus
3470 1834 3772 1903 annuntiatur,

2247 1939 2338 1986 aut
2390 1929 2606 1985 venisse
2645 1928 2983 1995 ostenditur;
3016 1927 3126 1983 noli
3179 1927 3465 1983 l‘abulando
3507 1929 3778 1997 obstrepere,

2244 2022 2343 2079 sed
2391 2032 2626 2078 mentem
2673 2021 2920 2077 admove.
2969 2019 3051 2075 Au
3097 2019 3390 2091 quidquam
3421 2030 3499 2075 est
3545 2018 3778 2089 indignius,

2243 2133 2406 2190 quam
2437 2116 2657 2175 oracula
2688 2115 2873 2183 divina
2909 2114 3308 2191 cireuumtrepi,
3344 2130 3413 2171 ne
3438 2112 3777 2177 audientum

2246 2209 2559 2287 credantur,
2595 2224 2662 2264 ne
2702 2207 3008 2263 revelentur
3032 2224 3045 2260 :
3069 2208 3473 2263 circumsonare
3510 2213 3781 2261 sacramenta

2247 2302 2490 2359 confusis
2518 2300 2764 2377 vocibus,
2796 2308 2853 2355 ut
2885 2299 3208 2375 impediatur
3234 2299 3413 2355 oratio
3435 2313 3530 2371 pro
3552 2298 3698 2355 salute
3718 2296 3785 2352 de-

2254 2403 2503 2470 prompta
2535 2396 2776 2450 omuium
2810 2392 2926 2468 (’5)?

2322 2488 2438 2545 XII.
2481 2488 2723 2546 Gentiles
2756 2487 2911 2543 idolis
2950 2487 3063 2543 suis
3094 2485 3454 2543 reverentiam
3494 2485 3693 2542 tacendo
3713 2482 3786 2539 de-

2250 2583 2449 2639 ferunt.
2500 2581 2655 2639 Unde
2694 2580 2826 2637 illud
2869 2579 3177 2651 exemplum
3216 2578 3469 2650 proditur
3499 2597 3513 2632 :
3541 2574 3785 2634 Alexandro

2253 2678 2594 2735 sacriﬁcante
2606 2675 2961 2733 Macedonum
2982 2691 3130 2747 rege,
3152 2674 3435 2746 puerulum
3460 2675 3709 2729 barbarum
3723 2668 3788 2741 qui

2251 2775 2301 2830 ei
2333 2774 2510 2828 lumen
2541 2770 2885 2835 accenderet,
2911 2770 3191 2839 excepisse
3218 2769 3401 2839 ignem
3430 2766 3650 2832 brachio,
3670 2772 3788 2832 atque

2250 2868 2442 2924 adusto
2467 2881 2716 2937 corpore,
2768 2865 3030 2919 mansisse
3060 2863 3420 2931 immobilem,
3468 2877 3563 2918 nec
3598 2861 3789 2915 dolore

2252 2960 2553 3033 prodidisse
2579 2958 2801 3039 gemitu,
2832 2971 2935 3014 nec
2968 2957 3128 3012 tacito
3158 2970 3375 3039 penam
3409 2955 3656 3010 indicasse
3680 2951 3788 3007 lein.

2252 3053 2421 3110 Tanta
2454 3052 2507 3107 in
2534 3067 2699 3123 puero
2720 3049 2953 3106 barbaro
2981 3048 3079 3104 fuit
3107 3048 3389 3120 disciplina
3422 3046 3726 3108 reverentia,
3751 3052 3791 3097 ut

542 3149 697 3204 tiam.
729 3146 1112 3203 Conviviorum
1139 3142 1440 3202 devitanda:
1468 3142 1838 3219 celebritates,
1876 3138 2145 3213 fugienda!
2170 3135 2217 3202 C
2252 3158 2440 3204 natura
2455 3147 2779 3202 vinceretur.
2796 3142 2971 3215 Atque
2984 3143 3077 3199 ille
3095 3158 3201 3199 non
3219 3141 3377 3206 deos,
3400 3143 3490 3214 qui
3514 3140 3635 3196 nulli
3651 3146 3788 3195 erunt.

545 3240 920 3296 salutationes.

616 3333 712 3389 1X.
753 3333 900 3403 Ipsus
922 3330 1266 3387 visitationes
1294 3328 1350 3384 in
1376 3327 1683 3399 junioribus
1713 3341 1837 3383 esse
1865 3324 2146 3397 parciores

541 3427 687 3494 volo,
721 3427 765 3481 si
794 3423 936 3481 forte
960 3422 1309 3479 deferendum
1345 3421 1415 3478 sit
1446 3420 1764 3494 parentibus
1794 3429 1883 3475 aut
1924 3418 2145 3490 aequali-

534 3521 668 3578 ‘bus.
715 3518 934 3575 Teritur
976 3517 1120 3573 enim
1150 3514 1342 3572 ofIiciis
1390 3515 1602 3586 pudor,
1652 3514 1875 3571 audacia
1925 3514 2143 3580 emicat,

538 3616 687 3672 fisus
714 3603 977 3684 subrepit,
1020 3611 1279 3667 modestia
1307 3610 1557 3676 solvitur,
1585 3609 1713 3665 dum
1741 3608 2027 3665 aliectatur
2056 3624 2146 3663 ur-

539 3710 792 3767 banitas:
823 3705 1173 3778 ittterrpganti
1205 3720 1312 3761 non
1344 3702 1697 3772 respondere,
1728 3701 1949 3758 infantia
1979 3721 1992 3757 :
2023 3717 2145 3757 res-

536 3792 801 3876 pondere,
834 3802 1015 3857 tabula
1041 3809 1145 3857 est.
1181 3799 1378 3856 Deesse
1401 3799 1564 3870 igitur
1592 3812 1899 3854 sermonem
1924 3796 2142 3868 virgini,

542 3912 702 3965 quam
747 3908 1032 3963 superesse
1071 3892 1274 3947 malim.
1306 3888 1439 3946 Nam
1469 3890 1515 3945 si
1563 3889 1822 3945 mulieres
1874 3890 2036 3945 etiam
2077 3888 2145 3944 de

532 3989 707 4045 rebus
729 3985 926 4043 divinis
955 3985 1010 4040 in
1039 3984 1278 4040 Ecclesia
1300 3982 1557 4055 iubentur
1587 3990 1788 4044 tacere.
1824 3981 1966 4036 domi
1996 3981 2144 4037 viros

536 4098 676 4139 suos
711 4082 1043 4151 interrogare
1086 4077 1145 4150 (1
1183 4074 1303 4133 Cor.
1344 4091 1438 4132 nv
1463 4117 1478 4141 ,
1516 4073 1625 4148 δι)
1676 4092 1689 4129 :
1730 4074 1799 4131 de
1848 4075 2145 4147 virginibus

544 4173 671 4246 quid
688 4182 902 4229 cautum
922 4180 1190 4240 putamus,
1215 4170 1268 4225 in
1291 4169 1488 4240 quibus
1513 4167 1687 4238 pudor
1713 4177 1868 4224 ornat
1898 4177 2140 4234 mlatcm,

530 4268 879 4327 taciturnitas
902 4262 1245 4320 commendat
1271 4260 1570 4343 pudorem?

616 4361 684 4419 Χ.
727 4361 809 4417 An
834 4371 963 4414 vero
981 4355 1249 4411 mediocre
1269 4342 1488 4427 pudoris
1519 4342 1826 4425 eaemplum
1859 4364 1963 4420 est,
1992 4355 2137 4427 quod

546 4456 786 4512 Rebecca
808 4467 929 4509 cum
955 4453 1163 4506 veniret
1183 4448 1249 4503 ad
1275 4446 1509 4518 nuptias,
1532 4456 1587 4502 et
1607 4463 1863 4517 sponsum
1890 4448 2137 4515 vidisset,

527 4551 789 4604 -velamen
828 4549 1036 4616 accepit
1077 4542 1236 4618 (Gen.
1281 4558 1406 4598 xxrv
1431 4583 1448 4610 ,
1502 4541 1572 4598 65
1603 4540 1623 4613 )
1653 4557 1721 4598 ne
1748 4542 1897 4612 prius
1930 4543 2145 4600 videre-

532 4654 653 4707 ‘tur,
684 4656 841 4713 quam
883 4638 1235 4712 iungeretur?
1264 4636 1334 4691 Et
1373 4635 1559 4708 utique
1599 4634 1821 4706 pulchra
1852 4634 2002 4708 virgo
2033 4651 2141 4693 non

523 4737 727 4795 ‘decori
759 4737 952 4803 timuit,
980 4732 1075 4790 sed
1114 4731 1324 4804 pudori.
1362 4729 1499 4799 Quid
1530 4729 1762 4797 Rachel;
1793 4731 2143 4801 quemadmo-

523 4833 672 4890 vdum
699 4836 909 4886 extorto
938 4824 1125 4881 oscqu
1148 4824 1256 4897 (2),
1284 4823 1436 4882 ﬂevit
1471 4835 1527 4880 et
1573 4825 1773 4896 gemuit
1806 4822 1957 4897 (Gen.
1982 4841 2140 4897 ιιικ,

616 4991 702 5064 (ι)
730 4991 807 5051 tta
837 5002 966 5051 mss.
992 4985 1107 5064 fere
1130 4985 1201 5045 ad
1222 5003 1389 5049 unum
1408 4985 1690 5049 :nanuulli
1712 4994 1914 5053 tamen,
1937 4995 1996 5044 et
2013 5002 2131 5045 οω-

520 5054 531 5079 ³
548 5054 651 5123 edit
664 5054 712 5132 ι’,
745 5064 877 5116 sicut
903 5058 1108 5132 aquila.

624 5129 706 5210 (‘2)
735 5134 918 5190 Versio
943 5129 1102 5203 Vulg.
1124 5138 1189 5210 _et
1217 5130 1336 5186 alia:
1362 5142 1663 5210 cum‘testu
1694 5129 1945 5210 Hebraeo,
1974 5150 2135 5210 pecu.

516 5200 694 5265 ἰαιὶιέ
725 5217 799 5263 est
826 5200 1282 5270 θαηιςειόίευαια
1320 5220 1441 5276 uoce
1482 5205 1640 5276 ﬂevit,
1688 5216 1735 5259 et
1766 5200 2017 5260 indicavit
2060 5208 2130 5272 ei,

545 5292 653 5345 etc.
687 5281 725 5336 E
753 5280 946 5349 quibus
971 5277 1147 5335 verbis
1191 5274 1335 5347 quod
1377 5276 1465 5333 hic
1485 5274 1568 5331 de
1592 5276 1731 5349 ﬂeta
1774 5277 2037 5349 pudicum,
2072 5279 2137 5333 il-

545 5352 635 5407 lud
672 5348 913 5408 osculum
959 5362 1248 5405 consecuto
1287 5355 1554 5411 narratur,
1603 5348 1879 5419 eleganter
1915 5348 2133 5419 quidem

544 5432 601 5480 ct
629 5424 869 5494 apposite
896 5422 962 5477 ad
992 5422 1293 5494 materiam,
1336 5420 1586 5494 tribuitu_r
1616 5419 1835 5476 Racheli
1860 5437 1875 5486 ;
1902 5435 2024 5475 cum
2056 5429 2142 5494 ta-

506 5489 678 5565 -m‘en'
699 5489 779 5550 'ad
808 5494 975 5553 Iacob
1013 5493 1208 5551 referri
1235 5501 1500 5565 oporteat.
1520 5489 1603 5545 Et
1630 5504 1777 5547 certe
1804 5498 2008 5565 utesset
2028 5492 2099 5565 ali
2117 5521 2137 5534 -

510 5616 515 5617 ,
540 5560 646 5641 qua
674 5570 728 5627 in
755 5568 875 5630 aliis
905 5567 1172 5625 idiomatis
1190 5560 1533 5641 ambiguitas,
1547 5570 1735 5641 aperte
1757 5560 1898 5630 apud
1918 5578 2024 5619 ιιι
2046 5564 2136 5620 .le-

512 5631 798 5717 gurges},
823 5644 909 5698 neti
930 5642 1129 5717 βοήᾳᾳς
1148 5647 1214 5717 *ιξῇ
1238 5631 1373 5714 φωνῇ
1401 5631 1844 5717 αὐροῦέῖιλαυσι.

508 5704 575 5779 κν
618 5713 696 5784 (3)
737 5704 941 5784 (iratius
964 5709 1116 5778 editi,
1144 5704 1297 5781 napi.
1334 5704 1597 5772 em»,
1652 5720 1771 5764 ma
1816 5704 2133 5784 genuit..."

543 5776 797 5856 deferant.
869 5781 998 5838 Mss.
1047 5776 1229 5838 autem
1289 5793 1482 5851 magno
1534 5791 1805 5836 certamen
1830 5776 2137 5836 Mileum

2250 3241 2345 3297 sed
2378 3255 2559 3313 regem
2591 3238 2815 3295 timebat
2862 3237 2998 3305 Quid
3039 3237 3182 3293 enim
3224 3236 3449 3293 timeret
3489 3251 3598 3305 eos,
3621 3247 3733 3307 quos
3755 3229 3788 3284 si

2249 3333 2392 3390 idem
2421 3333 2557 3404 ignis
2584 3331 2919 3402 contigisset,
2950 3329 3257 3386 arsissent?

2320 3424 2461 3482 XIII.
2480 3426 2695 3495 Quanto
2713 3424 2903 3481 melius
2924 3424 3066 3496 quod
3079 3423 3298 3494 quidam
3311 3424 3394 3495 (ti
3420 3423 3476 3479 in
3491 3420 3713 3479 convivio
3722 3432 3792 3489 pa-

2247 3519 2348 3575 tris
2374 3518 2688 3575 adolescens
2718 3516 2958 3589 iubetur,
2999 3531 3069 3573 ne
3100 3516 3443 3572 meretricios
3469 3530 3666 3571 amores
3690 3510 3791 3566 indi-

2249 3615 2348 3669 ciis
2370 3613 2724 3669 insolentibus
2748 3611 2970 3683 prodat?
2997 3610 3065 3666 Et
3086 3617 3141 3665 tu
3164 3609 3215 3665 in
3241 3610 3524 3679 mysterio,
3554 3608 3637 3665 Dei
3655 3607 3783 3676 virgo.

2246 3706 2501 3779 gemitus,
2533 3714 2801 3770 screatus,
2835 3704 3016 3771 tussis,
3057 3703 3201 3758 risus
3227 3703 3467 3760 abstine.
3498 3700 3641 3770 Quod
3665 3696 3790 3753 illein

2246 3800 2498 3857 convivio
2528 3808 2725 3869 potest,
2756 3806 2813 3854 tu
2841 3798 2894 3853 in
2925 3796 3185 3870 mysterio
3208 3811 3314 3852 non
3342 3796 3541 3866 potes?
3575 3794 3695 3849 Voce
3713 3790 3792 3844 vir-

2247 3896 2441 3968 ginitas
2464 3895 2634 3967 prima
2661 3894 2922 3966 signetur,
2938 3890 3160 3949 claudat
3181 3906 3275 3946 ora
3296 3890 3497 3963 pudor,
3522 3886 3791 3945 debilitatem

2247 3990 2507 4048 excludat
2531 3987 2744 4061 religio,
2772 3987 3015 4043 instituat
3042 3984 3386 4042 consuetudo
3430 3993 3680 4040 naturam.
3707 3977 3795 4032 Vir-

2248 4083 2429 4155 ginem
2454 4082 2584 4137 mihi
2609 4081 2758 4152 prius
2782 4081 3018 4152 gravitas
3044 4093 3139 4133 sua
3166 4078 3401 4146 nuntiet,
3428 4076 3625 4150 pudore
3650 4069 3789 4132 obvio.

2247 4176 2416 4248 gradu
2445 4173 2662 4242 sobrio,
2693 4173 2846 4230 vultu
2879 4171 3156 4239 modesto;
3206 4180 3262 4226 et
3291 4171 3594 4242 prrenuntia
3622 4160 3795 4235 integris

2248 4270 2376 4327 tatis
2427 4278 2677 4325 anteeant
2723 4268 2873 4339 signa
2917 4266 3152 4321 virtutis.
3201 4264 3315 4320 Non
3362 4278 3516 4320 εΑτιε
3554 4254 3793 4335 probabilis

2240 4362 2399 4431 virgo
2420 4370 2523 4427 est,
2555 4375 2676 4433 qute
2702 4359 3013 4431 requiritur,
3045 4373 3166 4413 eum
3195 4357 3431 4414 videtur.

2322 4455 2460 4512 Χιιν.
2488 4455 2771 4526 Frequens
2798 4469 2982 4510 sermo
3008 4463 3098 4509 est
3124 4473 3138 4507 :
3168 4468 3290 4509 cum
3337 4453 3567 4522 plurima
3593 4456 3793 4505 ranarum

2170 4534 2225 4596 D
2251 4563 2529 4604 murmura
2571 4547 2837 4618 religiosae
2880 4545 3098 4601 auribus
3128 4544 3300 4613 plebis
3335 4545 3714 4615 obstreperent,
3737 4549 3797 4591 SI-

2251 4640 2525 4697 cerdotem
2557 4639 2649 4693 ltei
2679 4638 2999 4709 precepisse
3030 4647 3087 4693 ut
3111 4639 3563 4705 conticeseerent,
3594 4648 3650 4690 ac
3678 4640 3796 4687 reve-

2250 4734 2477 4789 rentiam
2506 4746 2677 4787 sacrae
2711 4730 2987 4787 deferrent
3032 4729 3300 4795 orationi;
3344 4739 3483 4786 tunc
3525 4725 3688 4785 subito
3718 4720 3794 4777 cir-

2249 4825 2527 4885 cumfusos
2569 4825 2833 4897 strepitus
2859 4823 3148 4896 quievisse.
3180 4821 3358 4880 Sileut
3402 4824 3567 4895 igitur
3598 4813 3792 4891 palude»

2247 4989 2472 5047 faciunt.
2522 4988 2701 5049 {Porro
2746 4988 3050 5060 subiectam
3107 4987 3302 5060 ephebi
3350 4987 3576 5060 huiusce
3595 4976 3791 5060 _bg_rb3ri

2240 5060 2527 5145 historiam
2556 5071 2822 5135 memorat
2848 5049 2911 5121 γ.
2942 5049 3203 5139 Maximus
3226 5059 3322 5131 tib.
3346 5049 3442 5129 ηιξ
3459 5058 3625 5135 cap.5
3650 5054 3703 5111 dt
3721 5049 3792 5107 Ρα·

2242 5144 2436 5189 tientia.

2316 5203 2392 5281 (4)
2432 5204 2593 5268 Editi,
2627 5203 2767 5281 Quid
2804 5203 3194 5281 quod_quidmn.
3227 5201 3452 5281 Et‘infra
3474 5243 3491 5268 ,

2220 5271 2412 5333 .ria..'..
2439 5286 2624 5341 tusses,
2654 5277 2790 5331 risus
2816 5271 3081 5331 abstine...
3108 5276 3167 5343 in
3192 5276 3476 5332 ministerio
3501 5271 3597 5329 Dei
3618 5279 3792 5344 aegr:

2244 5349 2356 5403 tes?
2386 5347 2556 5409 Vocis,
2572 5339 2678 5403 etc.
2702 5345 2829 5402 Mss.
2853 5362 2981 5402 vero
3007 5359 3062 5401 ut
3089 5339 3293 5401 intextu
3311 5388 3325 5412 ,
3354 5346 3462 5402 nisi
3498 5342 3633 5413 quod
3666 5339 3790 5415 aligfﬂ'

2245 5435 2350 5504 pro
2366 5407 2603 5490 mysterio
2627 5421 2801 5488 Iegttnl
2834 5433 2953 5474 cum
2977 5418 3137 5472 editis
3154 5407 3453 5499 ministerio.
3475 5407 3715 5471 cauerunt
3726 5407 3789 5460 hic

2245 5492 2510 5548 indicatur
2528 5490 2866 5549 Terentianae
2893 5489 3086 5549 fabulae
3103 5505 3204 5549 oua
3230 5488 3544 5547 inscrtbitur
3574 5484 3791 5542 Ηεααωιισ

2245 5502 2510 5548 indicatur
2528 5502 2866 5549 ‘t'erenuante
2893 5502 3086 5549 [8le
3103 5505 3204 5549 (ιιιιι
3230 5502 3544 5547 mscnuuur

2245 5505 2510 5548 intimatur
2529 5505 2866 5549 't'erenuanre
2893 5505 3086 5549 tabulae
3103 5505 3204 5559 qua
3230 5505 3544 5547 Inserantur
3574 5505 3789 5542 mw

2211 5564 2629 5627 --tt'ntaruntenos,
2651 5561 2875 5619 Aetusn
2892 5603 2907 5627 ,
2930 5561 3018 5621 ubi
3060 5562 3164 5623 sub
3204 5560 3361 5625 ﬁnem
3388 5573 3575 5619 scena:
3612 5572 3690 5618 nl.
3712 5548 3789 5605 ιδ’

2236 5644 2494 5691 monetur
2522 5631 2761 5703 Clitipho
2786 5632 3105 5693 adolescens
3121 5673 3136 5698 ,
3164 5641 3224 5688 ut
3251 5639 3522 5703 praesente
3547 5638 3684 5703 patre
3704 5636 3790 5703 mp-

2232 5705 2475 5765 deuiam
2496 5705 2548 5761 in
2578 5692 2826 5767 cuitviv-it)
2846 5705 3075 5773 retineat
3101 5692 3309 5774 z'quuiu
3335 5703 3458 5759 loco
3481 5692 3715 5769 ett-verba
3737 5692 3789 5751 κ’

2242 5787 2486 5861 cuntur:
2517 5775 2767 5843 Cutina,
2798 5785 3046 5844 screatus,
3079 5773 3255 5843 tussis.
3288 5776 3427 5833 risus
3453 5773 3661 5839 abstine.
