4010 6306
531 238 665 295 1351

1893 227 2209 290 lJBlilllUS
2273 229 2472 287 l‘Al’A.

3678 226 3795 288 15ὂὶ

521 362 720 407 nostra:
748 359 802 406 et
823 349 979 404 saluti
1010 349 1088 422 (l)
1114 366 1225 406 suae
1251 349 1417 420 possit
1443 349 1492 404 in
1518 347 1766 402 omnibus
1814 347 2123 401 convenire.
2154 347 2201 404 A
2233 346 2373 416 quod
2403 344 2705 415 specialiter
2733 353 2880 417 optat
2912 345 3107 400 mentis
3137 352 3238 398 tua:
3270 357 3390 414 erga
3423 343 3589 398 Deum
3617 343 3795 397 sincera

521 444 601 500 Ex
633 443 904 514 superﬂuo
937 454 1112 499 autem
1145 443 1384 508 credidi,
1414 441 1808 496 ordinationem
1838 457 2015 495 causze
2049 449 2129 493 to-

520 537 626 592 tius
655 536 1080 592 honoriﬁcentia
1112 546 1214 590 [11:0
1246 535 1438 589 litteris
1469 534 1765 597 insinuare,
1791 548 1911 586 cum
1941 546 2131 600 supra-

516 631 692 687 dictus
717 631 879 686 frater
920 647 1068 686 meus
1101 631 1182 684 vel
1227 629 1343 700 ejus
1371 629 1596 683 comites
1651 625 1730 698 (Ξ)
1781 625 1832 679 in
1875 623 2127 696 praisenti

515 727 722 796 possint
752 725 928 778 omnia
976 724 1236 780 relatione
1266 738 1360 776 sua
1395 721 1623 776 referre.
1661 721 1801 773 Deus
1833 729 1884 773 te
1922 716 2129 772 incolu-

518 834 660 875 mem
687 818 973 886 custodiat,
1001 817 1219 874 domine
1243 816 1407 871 frater
1435 814 1733 870 carissime.

1071 952 1401 1009 EPISTOLA
1461 951 1541 1025 (δ)

515 1085 664 1128 IllSSA
687 1086 756 1127 AD
781 1083 1150 1126 CONSTANTIUI
1172 1081 1555 1122 IIPERATOREI
1579 1081 1611 1120 Α
1643 1078 1854 1120 LIBERIO
1877 1074 2128 1125 ενιεοῡῐιο

747 1179 896 1219 UBBIS
927 1177 1088 1218 BOIE
1118 1177 1220 1216 PER
1250 1173 1552 1215 LUCIFEBU!
1583 1171 1897 1212 EPISCOPUI.

1164 1255 1329 1320 (Anno
1351 1253 1487 1314 55L)

514 1343 872 1402 Constantium
900 1344 995 1399 sibi
1025 1344 1248 1416 placare,
1280 1350 1326 1396 et
1357 1340 1626 1395 concilium
1671 1355 1773 1411 quo
1827 1336 1941 1410 paci
1966 1335 2124 1391 eccle-

675 1441 870 1495 siarum
896 1437 1216 1503 consulatur,
1239 1434 1302 1489 ab
1330 1451 1386 1489 eo
1415 1435 1691 1503 impetrare
1719 1441 1953 1486 conatur.

513 1554 919 1612 Gloriosissimo
939 1553 1256 1610 Constantio
1289 1553 1528 1622 Augusto
1552 1548 1800 1604 Liberius
1818 1549 2122 1618 episcopus.

590 1670 633 1726 1.
679 1669 967 1726 Constantii
1016 1686 1137 1741 erga
1191 1668 1449 1722 Liberium
1494 1665 1843 1737 implacabilis
1898 1664 2123 1718 animus.

2234 440 2467 503 devotio,
2501 455 2621 493 cum
2672 438 2794 493 fidei
2843 453 3000 493 causa
3025 480 3038 499 .
3073 439 3124 492 in
3156 453 3258 507 qua
3308 437 3477 507 prima
3517 437 3664 490 nobis
3696 450 3799 504 spes

2232 545 2314 588 est
2344 533 2409 587 ad
2458 533 2623 588 Deum
2645 576 2659 600 ,
2693 533 2978 604 diligenter
3019 533 3201 587 fuisset
3232 541 3486 595 tractata,
3533 531 3610 602 (ii)
3643 546 3703 584 ne
3725 547 3802 585 eo-

2234 642 2387 690 rum,
2430 627 2520 696 qui
2563 637 2798 681 uostraiu
2830 626 2972 681 circa
3015 626 3182 681 Deum
3211 625 3605 682 observantiam
3645 624 3800 679 mirari

2233 721 2466 786 debent,
2498 731 2719 792 possent
2746 719 2909 775 liuiri.
2948 721 3011 774 Et
3040 721 3259 790 dignum
3287 719 3459 775 fuerat
3487 719 3577 773 Dei
3605 718 3799 784 cultore,

2233 815 2453 887 d‘gnum
2487 815 2715 882 Imperio
2744 824 2870 878 tuo,
2901 813 3044 886 quod
3077 813 3276 870 Christi
3321 815 3520 884 pietate
3546 811 3730 882 regitur
3760 820 3802 866 et

2233 920 2479 981 augetur,
2517 911 2822 980 specialiter
2855 910 2956 965 hoc
2979 911 3151 979 ipsum
3185 925 3280 979 pro
3306 909 3602 964 reverentia
3633 919 3802 962 sancta:

2233 1002 2537 1073 religionis,
2593 1003 2677 1058 cui
2728 1003 3021 1074 prudenter
3070 1003 3307 1058 intentus
3357 1017 3446 1065 es,
3496 1002 3800 1056 clementiam

2234 1103 2376 1150 tuam
2410 1097 2565 1151 nobis
2588 1095 2652 1150 ad
2681 1099 2794 1150 haec
2816 1095 3147 1167 impetranda
3181 1106 3459 1165 pra-stare.

2303 1189 2366 1246 ΙΙ.
2408 1189 2643 1244 Liberius
2673 1190 2736 1244 de
2781 1191 3072 1260 suppressis
3114 1189 3452 1243 Orientalium
3483 1189 3658 1244 litteris
3695 1188 3806 1258 {also

2232 1282 2720 1357 postulatus.-—Scd
2753 1283 2903 1338 multi
2941 1283 3194 1339 Ecclesia:
3219 1283 3458 1338 membra
3482 1283 3800 1341 lacerarefes-

2235 1385 2400 1439 tinant
2424 1429 2438 1452 ,
2469 1383 2560 1454 qui
2589 1382 2969 1439 confinxerunt
2997 1398 3083 1436 me
3111 1381 3322 1454 litteras
3344 1381 3725 1453 suppressisse,
3749 1397 3803 1435 ne

2234 1476 2460 1533 crimina
2503 1475 2656 1545 ejus,
2702 1491 2859 1545 quem
2903 1475 3223 1529 dicebantur
3263 1473 3650 1530 condemnasse
3689 1472 3802 1544 apud

2232 1586 2421 1626 omnes
2455 1577 2718 1640 paterent.
2753 1567 2898 1636 Quas
2922 1569 3000 1640 (7)
3035 1569 3153 1622 illas
3180 1567 3422 1622 litteras?
3453 1567 3801 1636 Episciiporum

2231 1662 2585 1718 Orientalium
2613 1702 2629 1727 ,
2679 1670 2734 1716 et
2782 1661 3199 1733 lEgyptiorum,
3251 1661 3445 1732 quibus
3493 1661 3544 1715 in
3590 1660 3802 1716 omnibus

511 1768 798 1824 Concilium
848 1769 1082 1839 petitum.
1130 1797 1202 1807 —
1250 1765 1489 1821 Obsecro
1521 1762 1601 1834 μ)
1624 1805 1637 1824 ,
1684 1760 2122 1832 tranquillissime
2158 1756 2206 1817 B
2233 1759 2422 1814 eadem
2453 1758 2504 1812 in
2536 1757 2891 1812 Athanasium
2924 1756 3147 1810 crimina
3183 1754 3629 1810 continebantur?
3656 1756 3715 1808 At
3736 1768 3803 1806 sa-

516 1859 832 1931 imperator,
865 1868 923 1914 ut
953 1859 1082 1913 mihi
1113 1858 1372 1928 benignas
1401 1871 1560 1911 aures
1589 1855 1876 1910 clementia
1910 1864 1996 1906 tua
2026 1853 2122 1906 tri-

510 1955 660 2018 buat,
695 1969 800 2026 quo
829 1955 1004 2027 possit
1029 1951 1428 2008 mansuetudini
1459 1960 1563 2006 tuze
1595 1949 1790 2004 mentis
1823 1963 1957 2003 mea:
1993 1961 2122 2016 pro-

512 2050 745 2121 positum
777 2065 1061 2120 apparere.
1101 2049 1174 2104 De
1204 2047 1514 2102 Christiano
1541 2046 1684 2100 enim
1717 2046 2042 2111 imperatore
2064 2053 2120 2099 et

514 2151 718 2197 sancta:
768 2141 1042 2196 memoria:
1086 2137 1424 2194 Constantini
1471 2138 1582 2192 ﬁlio
1629 2139 1732 2192 hoe
1784 2139 1958 2205 ipsum
2006 2135 2126 2191 sine

514 2233 859 2290 cunctatione
885 2248 1098 2287 mereor
1120 2232 1432 2302 impetrare.
1457 2229 1562 2286 Sed
1592 2231 1642 2284 iu
1675 2245 1740 2284 eo
1767 2245 1852 2285 me
1881 2229 2129 2284 laborare

516 2327 782 2398 intelligo,
812 2327 936 2398 quia
970 2327 1194 2396 repetita
1227 2325 1594 2380 satisfactione
1625 2324 1940 2395 placabilem
1965 2325 2128 2380 etiam

519 2422 660 2479 circa
694 2419 775 2495 (5)
813 2436 935 2476 reos
963 2420 1203 2475 animum
1234 2431 1382 2474 tuum
1427 2419 1478 2473 in
1507 2421 1734 2490 gratiam
1766 2433 1938 2473 meam
1970 2433 2130 2473 revo-

518 2531 646 2572 care
677 2532 782 2570 non
815 2529 1054 2586 possum.
1088 2513 1282 2571 Sermo
1313 2514 1458 2568 enim
1493 2513 1706 2582 pietatis
1736 2521 1839 2567 ture
1867 2554 1882 2577 ,
1914 2511 2131 2581 jamdu-

521 2609 650 2665 dum
674 2608 742 2664 ad
767 2609 1020 2681 populum
1047 2609 1269 2674 missus,
1301 2624 1386 2664 me
1409 2608 1646 2678 quidem,
1677 2623 1838 2679 quem
1866 2608 2134 2677 patienter

522 2705 703 2760 omnia
734 2704 874 2760 ferre
907 2717 1130 2760 necesse
1156 2711 1266 2767 est,
1301 2703 1588 2771 plurimum
1620 2701 1822 2756 lacerat
1849 2719 1862 2755 :
1894 2700 1989 2756 sed
2019 2700 2136 2754 ani-

526 2815 673 2856 mum
706 2810 876 2861 tuum,
900 2797 989 2870 qui
1016 2797 1221 2853 lenitati
1245 2811 1460 2867 semper
1489 2806 1662 2862 vacat,
1697 2800 1784 2866 qui
1814 2810 2130 2864 numquam,

527 2901 586 2948 ut
613 2891 870 2962 scriptum
899 2900 982 2947 est
1001 2931 1016 2958 ,
1051 2892 1104 2945 in
1133 2905 1384 2946 occasum
1417 2889 1521 2944 diei
1556 2887 1888 2944 iracundiam
1918 2899 2132 2954 servat,

531 2986 763 3042 retinere
779 2986 918 3041 circa
939 3000 1024 3040 me
1050 2983 1466 3055 indignationem
1484 2983 1747 3038 miraculo
1762 2981 1891 3036 mihi
1907 2981 2133 3051 esl.EgO

529 3083 695 3148 enim,
710 3079 1110 3152 religiosissime
1127 3078 1444 3150 Imperator,
1462 3087 1636 3134 tecum
1652 3093 1834 3133 veram
1851 3093 2036 3148 pacem
2052 3093 2132 3132 re-

2233 1855 2299 1907 tis
2327 1852 2578 1908 omnibus
2607 1851 2811 1908 clarum
2861 1862 2984 1918 est,
3031 1866 3131 1907 nec
3172 1850 3457 1922 quisquam
3502 1859 3686 1920 negat,
3725 1862 3802 1903 nos

2231 1947 2582 2002 Orientalium
2620 1944 2824 2000 litteras
2868 1943 3148 1999 intimasse
3174 1987 3188 2008 ,
3220 1944 3412 2012 legi~se
3457 1943 3718 2008 ccclesiaa,
3745 1943 3802 1998 le-

2232 2043 2373 2113 gisse
2404 2042 2657 2100 concilio.
2693 2051 2852 2110 atque
2884 2039 2964 2112 (8)
2995 2039 3111 2094 bare
3140 2041 3299 2094 etiam
3332 2038 3687 2094 Orientalibus
3713 2054 3801 2094 res-

2238 2138 2494 2208 pondisse
2529 2156 2539 2190 :
2572 2139 2659 2208 qui
2694 2137 2851 2192 fidem
2885 2147 2937 2191 et
2966 2137 3286 2192 sententiam
3319 2152 3429 2192 non
3472 2137 3794 2193 eommodavi-

2235 2246 2356 2285 mus
2407 2241 2684 2298 nostrain,
2737 2229 2878 2300 quod
2926 2230 3115 2285 eodem
3169 2241 3412 2300 tempore
3466 2230 3542 2304 (9)
3573 2231 3798 2302 octoginta

2236 2323 2615 2394 episcoporum
2664 2321 3042 2395 Egyptiorum
3101 2322 3169 2378 de
3225 2323 3528 2379 Athanasio
3578 2325 3798 2380 sententia

2237 2418 2602 2488 repugnabat,
2671 2433 2830 2488 quam
2926 2416 3178 2472 similiter
3262 2418 3608 2473 recitarimus
3665 2427 3793 2488 atque

2237 2510 2628 2568 insinuavimus
2705 2513 2975 2584 episcopis
3058 2512 3224 2568 Italis.
3288 2511 3448 2569 Unde
3515 2521 3684 2568 contra
3738 2511 3797 2565 di-

2239 2609 2415 2663 vinam
2485 2610 2657 2679 legem
2746 2610 2918 2662 visunt
2994 2618 3078 2664 est
3147 2609 3350 2671 etiam,
3428 2625 3550 2665 cum
3625 2609 3796 2678 episco-

2241 2718 2430 2773 porum
2465 2719 2722 2758 numerus
2780 2718 2878 2774 pro
2937 2703 3233 2760 Athanasio
3291 2704 3471 2775 major
3527 2703 3794 2768 exsisteret,

2243 2797 2294 2851 in
2367 2806 2515 2866 parte
2583 2797 2757 2867 aliqua
2847 2797 3194 2852 commodare
3283 2813 3628 2853 consensum.
3702 2795 3797 2850 lla'c

2241 2891 2439 2960 scripta
2463 2933 2476 2953 ,
2508 2891 2551 2944 si
2585 2891 2692 2944 Deo
2724 2890 2881 2945 ﬁdem
2913 2890 3027 2962 (10)
3049 2891 3212 2946 debet
3237 2891 3504 2947 Eusebius
3533 2893 3616 2963 qui
3646 2892 3798 2946 missus

2244 2985 2417 3040 fuerat
2447 2985 2708 3040 festinans
2752 2985 2818 3040 ad
2850 2985 3113 3052 Africam,
3136 2987 3291 3040 nobis
3324 2987 3536 3058 reliquit
3573 3005 3584 3039 :
3613 3003 3714 3057 quae
3736 2995 3795 3038 ta-

2245 3095 2366 3134 men
2400 3089 2580 3149 pnstea
2613 3080 2791 3134 omnia
2825 3082 3046 3150 scripta,
3083 3096 3149 3136 ne
3188 3081 3253 3136 ad
3284 3081 3666 3152 impetrandum
3692 3079 3795 3134 forte

533 3175 711 3246 quiro,
725 3191 964 3246 quienon
977 3173 1044 3228 sit
1058 3174 1236 3229 verbis
1249 3172 1766 3243 compositainterna
1783 3171 2137 3241 dispositione
2169 3165 2215 3230 C
2247 3174 2534 3229 concilium
2563 3174 2837 3242 deessent,
2868 3174 3185 3231 Vincentius
3210 3177 3300 3248 qui
3323 3192 3449 3232 cum
3480 3177 3674 3234 caeteris
3699 3173 3796 3228 mis-

535 3269 880 3335 fallaciaa;sed
897 3268 1176 3340 praeceptis
1193 3266 1600 3337 Evangeliorum
1615 3265 2002 3320 rationabiliter
2016 3281 2147 3321 con-

535 3363 765 3419 ﬁrmata.
787 3362 899 3417 Non
914 3363 1191 3418 Athanasii
1212 3372 1413 3418 tantum
1429 3361 1720 3432 negotium,
1741 3359 1836 3415 sed
1858 3360 2021 3414 multa
2039 3360 2145 3416 alia

536 3460 591 3516 in
624 3456 858 3511 medium
882 3467 1144 3512 venerunt
1173 3465 1522 3527 prOptrrqute
1539 3453 1824 3510 concilium
1859 3453 1971 3508 fieri
1997 3469 2146 3510 man-

536 3551 876 3608 suetudinem
908 3561 1048 3606 tuam
1080 3549 1284 3605 fueram
1315 3553 1633 3619 deprecatus
1664 3565 1676 3601 :
1712 3556 1908 3602 utante
1938 3549 2139 3617 omnia,

599 3682 693 3812 ρ)
717 3684 870 3752 Apud
907 3685 1100 3741 Baron.
1135 3685 1288 3740 saluti
1320 3695 1439 3742 tuaz.
1483 3685 1705 3741 Rectius
1747 3686 1887 3756 apud
1920 3684 2137 3741 Ferrer.

621 3776 648 3809 u
677 3775 692 3811 ι
721 3774 848 3812 suae.

537 3759 693 3812 saluti
721 3774 848 3813 sure.

609 3829 694 3900 (2)
724 3829 852 3885 Scii.
886 3829 1197 3886 Pancratius
1218 3831 1500 3900 presbyter
1524 3840 1578 3884 et
1602 3828 1834 3885 llilarius
1855 3829 2137 3900 diaconus,

537 3902 612 3956 uti
637 3902 950 3956 declaratur
973 3902 1024 3955 in
1052 3902 1278 3971 epistola
1305 3902 1573 3971 sequenti.

613 3973 694 4043 ('5)
722 3973 796 4028 Ex
828 3973 1014 4028 Hilarii
1045 3973 1343 4042 fragmento
1366 3990 1396 4027 v
1455 3974 1610 4028 nobis
1634 3975 2026 4043 suppeditatur.
2060 3974 2135 4030 lbi

536 4045 751 4117 epistola
772 4045 1073 4117 legatorum,
1109 4047 1211 4100 hoc
1239 4055 1340 4117 est,
1369 4062 1528 4116 quam
1565 4047 1722 4116 legati
1753 4047 2133 4116 perferendam

535 4116 881 4188 acceperunt,
915 4116 1244 4188 inscribitur.
1277 4116 1411 4185 lpsis
1437 4133 1538 4188 una
1571 4132 1692 4171 cum
1716 4121 1995 4185 superiore
2026 4128 2136 4174 tra-

535 4188 646 4245 dita
673 4187 774 4244 est.
813 4189 1074 4243 Barouius
1104 4187 1170 4242 ad
1201 4205 1398 4242 annum
1441 4187 1565 4250 554,
1612 4205 1666 4242 η.
1692 4188 1748 4248 2.
1785 4190 2032 4245 eamdem
2064 4207 2130 4246 ex

535 4260 863 4316 bibliotheca
898 4260 1116 4314 Patrum
1146 4259 1278 4314 edit.
1320 4259 1490 4314 Paris.
1515 4261 1827 4329 exscripsit.

585 4331 692 4404 ‘(4)
732 4334 884 4403 Apud
915 4332 1108 4406 Baron.
1143 4330 1310 4404 Opto;
1340 4341 1393 4384 et
1415 4346 1684 4399 mox,quo
1715 4334 1986 4403 possint...
2007 4351 2134 4406 ape-

538 4408 794 4476 rire,pro
818 4421 917 4471 quo
947 4405 1227 4476 possit....,
1257 4419 1524 4476 apparere.

612 4475 694 4548 (5)
728 4477 921 4531 Allutlit
949 4475 1013 4530 ad
1039 4476 1088 4530 id
1121 4475 1616 4548 quodAthanasius
1643 4475 1694 4529 in
1723 4475 1944 4532 historia
1981 4479 2132 4533 Aria-

2248 3283 2340 3322 sus
2367 3267 2538 3322 fuerat
2559 3268 2832 3322 Arelatnni
2857 3269 3093 3339 pertulit.

2322 3359 2411 3414 Ill.
2442 3361 2486 3414 Α
2514 3361 2810 3416 criminibus
2848 3362 2945 3416 sibi
2973 3362 3157 3416 oblatis
3183 3380 3238 3418 se
3264 3374 3474 3435 purgat.
3499 3364 3645 3420 Videt
3677 3361 3795 3432 igitur

2246 3453 2531 3526 prudentia
2585 3465 2706 3519 tua,
2752 3454 2886 3510 nihil
2935 3455 2986 3509 in
3043 3457 3282 3511 animum
3343 3473 3524 3513 meum
3569 3456 3789 3519 introisse,

2244 3551 2386 3623 quod
2418 3551 2524 3606 Deo
2564 3549 2924 3606 servientibus
2955 3566 3060 3606 non
3101 3551 3320 3622 dignum
3371 3551 3545 3608 fuerat
3582 3549 3788 3620 cogitare.

2244 3692 2393 3747 lisse.
2438 3690 2495 3744 1d
2530 3690 2782 3744 nimirum
2817 3698 2942 3744 tunc
2971 3689 3039 3745 ab
3080 3699 3306 3760 utraque
3335 3702 3488 3760 parte
3519 3689 3783 3762 repetitum,

2244 3764 2385 3832 quod
2413 3763 2558 3818 Julio
2583 3764 2952 3832 pootilicatum
2984 3765 3199 3818 ineunte
3223 3772 3488 3817 tentatum
3508 3766 3610 3832 jam
3637 3761 3786 3832 fuerat.

2242 3827 2356 3890 Hoc
2385 3835 2452 3890 de
2475 3827 2744 3906 Aﬂgyptiis
2784 3834 3100 3888 nominatim
3149 3835 3386 3890 Hilarius
3429 3827 3560 3904 frag.
3593 3849 3654 3896 tv,
3681 3848 3724 3886 n.
3748 3827 3786 3906 '3.

2244 3916 2469 3962 testatur
2504 3926 2517 3962 :
2550 3901 2748 3979 Quales
2790 3907 2972 3961 littera:
3017 3923 3080 3960 ex
3128 3906 3365 3977 JEggpto
3410 3901 3547 3979 omni
3594 3901 3788 3979 atque

2241 3979 2556 4034 Alexandria
2605 3979 2671 4032 ad
2717 3976 2920 4032 Julium
2976 3980 3172 4048 pridem
3210 3975 3284 4032 de
3306 3978 3566 4034 reddenda
3589 3975 3788 4048 ersttlanli

2241 4052 2523 4105 Athanasio
2552 4051 2906 4105 communione
2932 4040 3077 4104 erant
3102 4053 3326 4121 scriptte,
3361 4052 3488 4104 tales
3519 4067 3720 4121 arma...
3740 4040 3787 4094 ad

2239 4121 2497 4178 Liberium
2521 4123 2656 4176 data:
2697 4132 2816 4176 sunt
2857 4122 2920 4175 de
2947 4123 3156 4176 tuenda.
3188 4117 3644 4188 Quemadmodum
3665 4117 3786 4173 etiam

2237 4194 2410 4250 Julius
2438 4194 2597 4264 epist.
2630 4211 2666 4257 ι,
2703 4211 2757 4248 η.
2789 4194 2844 4260 9,
2871 4194 3160 4262 quominus
3191 4194 3633 4264 Atlianasiuinex
3663 4191 3786 4264 Easq-

2238 4253 2521 4321 bianorum
2556 4253 2862 4320 testimonio
2885 4253 3185 4330 damnaret,
3221 4266 3348 4320 inde
3376 4281 3436 4320 se
3467 4261 3709 4327 prohiberi
3730 4253 3784 4307 stl-

2239 4338 2528 4403 flrtuabtll,
2589 4338 2732 4407 quod
2789 4339 3150 4392 innocentiam
3207 4337 3351 4392 illius
3401 4335 3632 4407 {Egyptii
3672 4335 3786 4407 longe

2241 4403 2787 4479 plurestestabantur,
2806 4411 2872 4464 ita
2896 4423 2949 4465 et
2981 4425 3120 4464 nunc
3143 4409 3391 4464 Liberius
3417 4403 3599 4479 callum
3629 4403 3784 4479 ratione

2236 4477 2559 4536 Arianorum
2603 4481 3060 4547 expostulationes
3097 4481 3309 4536 refellit.
3352 4478 3604 4549 Quocirca
3631 4477 3782 4549 bitat“

538 4547 815 4624 norum-ad
842 4549 1134 4624 monachos
1175 4564 1228 4602 n.
1382 4547 1460 4601 sic
1502 4547 1733 4624 explicat
1764 4567 1776 4600 :
1809 4548 1945 4624 Dum
1989 4551 2128 4624 epis-
2155 4561 2210 4622 D
2234 4555 2583 4609 Oriettta'ium
2630 4552 3113 4624 Egyptiorumque
3161 4547 3393 4608 litteras—
3441 4554 3644 4624 minime
3683 4547 3784 4598 inlel

539 4621 657 4691 copi
697 4619 1052 4691 ablegarentur
1088 4621 1141 4674 in
1185 4620 1415 4680 exilium,
1465 4620 1650 4672 accidit
1705 4619 1953 4691 quosdam
1998 4619 2130 4676 alios

542 4690 696 4746 caedis
741 4690 822 4744 vel
853 4693 1115 4746 seditionis
1152 4692 1233 4746 vel
1270 4693 1396 4762 furti
1450 4707 1562 4745 reos
1596 4708 1688 4759 pro
1720 4690 1934 4746 sceleris
1981 4693 2136 4747 modo

540 4762 932 4817 condemnari:
995 4780 1122 4832 quos
1203 4764 1408 4832 quidem
1477 4772 1588 4831 post
1671 4779 1864 4818 menses
1951 4781 2138 4832 paucos

541 4847 750 4905 rogatus
769 4834 874 4899 ille,
905 4835 1328 4903 quemadmodum
1361 4833 1648 4888 Barabbam
1683 4833 1902 4900 Pilatus,
1935 4854 1966 4888 a
1991 4852 2139 4902 mena

541 4906 755 5032 abjoévit
781 4923 799 4961 :
821 4910 976 4960 servis
996 4916 1165 4960 autent
1202 4908 1512 4962 Christi.....
1535 4908 1823 4962 immortale
1856 4925 1910 4962 se
1946 4909 2137 4962 malum

543 4995 661 5032 exn
699 4990 796 5032 uit.
824 4992 827 4996 '

543 4979 796 5034 exhibuit.
824 4992 827 4996 '

617 5049 696 5122 (6)
726 5049 878 5120 Apud
912 5050 1110 5106 Baron.
1147 5068 1234 5106 nec
1262 5068 1456 5106 eorum.
1495 5051 1774 5107 Mallemus
1816 5061 1932 5105 tunc
1963 5067 2138 5105 eorum

545 5125 844 5190 supplendo
877 5138 1065 5177 causw.
1116 5123 1225 5177 lloc
1270 5125 1414 5176 enim
1457 5126 1555 5178 sibi
1598 5125 1710 5178 vult
1750 5123 1998 5178 Liberius
2027 5123 2132 5189 hic,

544 5193 688 5264 quod
719 5193 850 5250 infra
877 5195 1035 5260 epist.
1054 5209 1169 5266 (seu
1208 5193 1236 5266 ς
1263 5195 1318 5260 9,
1369 5193 1657 5248 Eusebium
1685 5195 1978 5266 spadonem
2007 5195 2140 5248 allo-

544 5281 717 5338 quens
758 5267 950 5338 repetit
989 5286 1002 5322 :
1042 5265 1275 5320 Primum
1295 5266 1459 5319 omnis
1497 5266 1560 5319 de
1583 5267 1684 5333 ﬁde
1712 5268 1956 5322 dissensio
1976 5267 2138 5320 absci-

546 5337 714 5391 denda
738 5337 831 5402 est,
855 5356 916 5393 ac
944 5339 1128 5392 deinde
1153 5339 1258 5392 alia
1286 5337 1828 5409 negotiagexcutienda.

623 5410 772 5480 (7)ln
801 5426 901 5465 ms.
930 5410 1070 5464 Pith.
1095 5409 1196 5464 hoc
1218 5407 1373 5464 estin
1399 5407 1693 5479 archetypo
1717 5411 2140 5479 fragmentorum

547 5478 760 5552 Hilarii,
815 5483 959 5552 quasi
996 5483 1138 5538 illus.
1175 5482 1254 5536 Ex
1303 5483 1403 5534 Ituc
1433 5481 1554 5535 loco
1593 5478 1763 5552 liquet
1813 5481 2136 5544 Orientales.

547 5551 650 5607 hoc
673 5565 756 5610 est
785 5551 1034 5616 Arianos,
1061 5557 1242 5609 statim
1273 5563 1330 5608 ut
1354 5553 1625 5608 Liberium
1651 5551 1776 5607 Julii
1807 5551 1926 5606 loeo
1948 5553 2142 5608 suffec-

553 5633 666 5680 tum
688 5627 1009 5692 reseieruut,
1040 5626 1244 5680 litteras
1275 5626 1339 5680 ad
1363 5641 1483 5682 eum
1501 5625 1714 5679 misisse
1741 5623 2023 5678 calumniis
2049 5625 2145 5678 ad-

555 5710 748 5752 versus
793 5697 1144 5754 Athanasium
1169 5696 1397 5753 refertas
1417 5739 1432 5765 ,
1463 5696 1810 5766 vicissimque
1839 5695 2141 5767 Egyptios,

558 5768 735 5825 missis
765 5768 953 5824 eodem
978 5780 1216 5838 tempore
1246 5769 1438 5826 litteris
1459 5811 1474 5837 ,
1501 5769 1796 5826 calumnias
1827 5768 1946 5824 illas
1975 5767 2143 5839 depu-

2240 4644 2298 4681 se
2329 4623 3051 4688 cnnsentientesexstitisse,
3079 4635 3242 4695 atque
3268 4635 3325 4679 ut
3353 4625 3539 4680 eadem
3579 4623 3781 4675 ailverrlli

2243 4698 2597 4752 Athanasium
2631 4699 2853 4752 crimina
2883 4699 3246 4763 continerent,
3283 4698 3468 4766 procul
3491 4695 3698 4748 abluisse
3720 4699 3782 4766 os—

2243 4771 2436 4824 tendit.
2465 4770 2558 4824 llle
2586 4769 2800 4839 quidem
2833 4771 3036 4823 litteras
3061 4761 3346 4823 calomniis
3377 4780 3479 4823 tam
3507 4766 3683 4832 apertis-
3703 4761 3780 4827 ple-

2241 4857 2338 4896 nas
2370 4841 2707 4912 supprimere
2747 4841 2812 4895 iis
2860 4841 3160 4895 rationibus
3188 4851 3416 4909 poterat,
3462 4839 3646 4912 quibus
3665 4840 3778 4885 ante:

2242 4906 2542 4985 Cyprianus
2566 4913 2881 4985 (epistolis!
2917 4922 2970 4966 et
2993 4913 3050 4976 2,
3082 4912 3148 4966 ad
3190 4906 3504 4968 Cornelium
3545 4906 3718 4985 cavisse
3739 4913 3778 4953 se

2243 4980 2392 5050 dicit,
2417 5001 2482 5038 ne
2501 4983 2965 5038 schismaticorum
2993 4985 3203 5039 libellus
3223 4986 3480 5039 conviciis
3500 4980 3697 5036 reb-rtus
3715 4986 3778 5052 titt-

2245 5043 2392 5110 hlice'
2413 5072 2591 5110 Coram
2624 5059 2818 5121 ιιοιιιιιο
2848 5055 3155 5127 legeretur:
3181 5057 3274 5109 sed
3312 5053 3644 5127 querituouim
3663 5043 3774 5127 cit-iuli-

2243 5129 2333 5182 bct
2357 5118 3156 5197 praecluderevvoleusvaditum,
3183 5118 3460 5183 ambirum
3491 5124 3689 5197 partium
3707 5118 3766 5169 lit-

2247 5209 2388 5254 teras
2418 5201 2468 5252 in
2495 5198 2722 5254 ecclesia
2747 5200 2959 5254 reeitari
2985 5201 3212 5254 curavit.

2315 5294 2392 5367 (8)
2424 5293 2580 5358 Apud
2628 5293 2830 5349 Baron.
2853 5295 2923 5348 ad
2949 5295 3091 5360 htBC;
3121 5294 3360 5350 abundat
3398 5279 3764 5367 priepositinnatl;

2246 5357 2572 5436 Mox'magis
2625 5367 2882 5434 placeret,
2915 5368 3036 5438 quia
3073 5357 3140 5422 iis
3181 5369 3333 5434 fidem
3360 5385 3377 5422 :
3401 5357 3462 5422 ut
3503 5357 3580 5419 hic
3619 5357 3765 5416 indicet

2247 5439 2494 5496 Liberius
2525 5438 2652 5508 quid
2674 5438 3040 5493 Orientalibus
3070 5439 3429 5509 responderit.

2321 5532 2400 5606 (9)
2426 5531 2575 5606 Apud
2600 5532 2794 5606 Barou.
2808 5533 3142 5606 septuaginta
3167 5534 3388 5602 quinque
3403 5549 3420 5588 :
3435 5520 3762 5606 exemplatibe

2251 5597 2436 5661 Hilarii
2461 5597 2519 5659 ut
2547 5614 2601 5660 et
2628 5605 2853 5674 epistola
2874 5597 2937 5659 ἰιι
2965 5597 3157 5676 δῇιηοὰἰ
3180 5597 3515 5662 ’δατάἰςοηςίε
3538 5601 3596 5657 ad
3615 5597 3758 5654 lolium

2252 5694 2305 5732 ιι.
2331 5677 2388 5743 2,
2423 5677 2835 5746 refragantibus.

2322 5768 2437 5840 (ιο)
2454 5769 2508 5825 ιη
2547 5767 2681 5824 bibl.
2709 5769 2811 5826 PP.
2853 5771 2998 5830 debet
3045 5770 3378 5831 Tthsebius.
3426 5771 3602 5828 Baron.
3645 5755 3757 5816 habet
