4010 6306
261 281 399 339 i561

1315 286 1655 345 [)IALOGUS
1694 286 1948 344 LIBERI!
1989 286 2074 342 ΕΤ
2114 286 2538 345 (ἸΟΝΞΤΛΝἸῚΙ.

3438 297 3578 355 1362

261 396 371 454 Ιιιιιι
406 400 669 458 sententia
698 401 1022 474 proferetur.
1054 402 1239 475 Neque
1284 404 1425 459 enim
1462 421 1491 457 ιι
1540 403 1694 458 nobis
1731 419 1841 459 con

1966 406 2315 466 Κωνστάντιος
2353 404 2379 461 ὁ
2419 405 2667 478 βασιλεὺς
2707 402 2813 464 εἶπε
2836 421 2849 435 ⁸
2885 414 3035 466 Πᾶσα
3063 413 3093 470 ἡ
3122 412 3386 485 οἰκουμένη
3418 436 3573 471 κατι-

258 494 500 551 demnari
551 510 723 568 potcSt
772 499 889 565 \‘ir,
936 516 1094 570 quem
1159 517 1262 553 non
1303 499 1660 569 indicavimus
1697 500 1799 571 (1).
1839 518 1857 553 ι

256 588 606 645 Constantius
632 592 927 661 imperator
967 594 1101 649 dixit
1135 612 1147 648 :
1177 613 1196 646 ι
1236 594 1404 649 Totus
1423 602 1686 648 terrarum
1715 593 1863 649 orbis

257 682 326 740 de
352 686 469 756 ejus
501 687 774 758 impietate
803 691 1126 745 sententiam
1154 691 1312 756 tulit;
1345 700 1396 744 et
1438 689 1657 760 perinde
1701 698 1863 759 atque

255 776 325 831 ab
357 779 508 833 initio
541 782 769 851 tempori
806 781 1001 839 illudit.
1039 801 1057 835 ι
1092 781 1340 838 Liberius
1369 783 1652 853 episeopns
1679 781 1812 837 dixit
1844 800 1856 836 :

259 889 279 924 ι
313 872 647 944 Quicumque
676 875 1151 946 subscripserunt,
1187 893 1273 932 res
1298 887 1475 948 gestas
1507 879 1605 947 ipsi
1640 894 1745 932 non
1776 876 1858 951 (Ξ)

251 965 503 1022 viderunt
535 986 547 1022 :
580 968 673 1025 sed
709 983 928 1042 propter
957 972 1183 1043 gloriam
1224 988 1289 1028 ac
1338 984 1563 1039 metum,
1597 989 1731 1028 neve
1760 974 1858 1028 abs

253 1069 306 1116 te
332 1059 625 1131 ignominia
667 1064 1032 1132 afﬁcerentur,
1064 1067 1521 1137 subscripserunt.
1564 1086 1583 1120 ι
1617 1066 1856 1137 Impera-

251 1163 335 1208 tor
355 1154 489 1210 dixit
520 1173 531 1207 :
566 1174 584 1208 ι
617 1156 873 1224 Quaenam
924 1169 1009 1214 est
1057 1159 1249 1230 gloria,
1306 1161 1428 1228 quis
1487 1171 1684 1224 metus,
1737 1175 1857 1231 qua:

245 1246 582 1317 ignominia?
619 1268 638 1302 ι
677 1249 922 1307 Liberius
954 1252 1272 1321 reSpondit:
1315 1270 1333 1303 ι
1371 1252 1705 1324 Quicumque
1749 1269 1856 1308 non

243 1339 469 1408 diligunt
502 1341 732 1411 gloriam
777 1344 903 1411 Dei,
951 1344 985 1399 ii
1026 1356 1115 1400 tua
1160 1362 1381 1401 munera
1427 1357 1852 1416 anteponentes,

244 1448 369 1489 eum
411 1450 571 1506 quem
613 1435 713 1507 ipsi
757 1451 864 1493 non
896 1437 1176 1505 viderant,
1222 1438 1369 1493 uullo
1399 1438 1606 1509 judicio
1652 1440 1854 1509 praevio

241 1527 690 1596 condemnarunt;
723 1531 864 1600 quod
893 1532 1129 1587 alienum
1150 1541 1235 1588 est
1261 1549 1289 1585 a
1317 1531 1649 1589 christianis.
1684 1552 1704 1586 ι

316 1619 383 1676 II.
429 1620 743 1679 Athanasius
790 1624 974 1680 absens
1010 1626 1281 1699 judicatus
1323 1636 1414 1681 est.
1439 1656 1509 1669 —-
1557 1626 1854 1697 Imperator

243 1712 378 1770 dixit
406 1731 421 1769 :
461 1734 480 1767 ι
516 1721 690 1786 Atque
723 1733 965 1786 praesens
985 1718 1256 1790 judicatus
1281 1720 1436 1774 estin
1463 1720 1695 1775 concilio
1722 1718 1850 1791 Tyri

1969 498 2228 571 ψηφίσατο
2256 502 2376 577 περί
2409 509 2500 562 τῆς
2525 501 2850 564 ἀνοσιότητος
2879 504 3061 565 αὐτοῦ,
3104 508 3192 559 καί
3220 509 3289 566 ὡς
3313 508 3366 571 ἒξ
3394 508 3571 583 ἀρχῆς

1965 592 2050 646 τὸν
2088 592 2260 669 καιρόν
2301 590 2576 659 διαπαίξει.
2620 595 2853 670 Λιϐἑριος
2891 598 3172 658 ἐπίσκοπος
3210 592 3374 652 εἶπεν·
3415 595 3569 654 "Oc-at

1963 684 2287 761 ὑπέγραψαν,
2322 688 2414 742 οὐκ
2451 688 2710 744 αὐτόπται
2746 696 2847 745 τῶν
2873 692 3213 764 γεγενημένων
3242 687 3408 757 ἦσαν,
3440 692 3568 748 ἀλλά

1963 774 2047 832 διὰ
2065 777 2235 843 δόξαν,
2262 782 2347 834 καί
2367 780 2518 852 φόϐον
2535 822 2548 845 ,
2576 784 2656 835 καί
2684 783 2889 854 ἀτιμίαν
2917 788 3007 843 τήν
3042 786 3186 861 παρά
3208 791 3309 839 σοῦ
3357 783 3563 841 όΒασι-

1961 873 2109 934 huc“
2143 876 2203 929 Τί
2242 876 2356 931 ἐστι
2397 873 2517 941 δόξα
2562 880 2648 932 καί
2685 877 2870 952 φόϐος.
2913 882 2997 932 καί
3038 880 3242 949 ἀτιμία;
3292 880 3561 957 Διϐἐριος’

1959 961 2111 1022 Ὀσοι
2138 972 2230 1026 τήν
2259 965 2408 1034 δόξαν
2435 975 2528 1024 τοῦ
2560 975 2693 1024 Θεοῦ
2732 970 2819 1025 οὐκ
2846 971 3108 1044 ἀγαπῶσι.
3150 972 3243 1033 τάς
3283 974 3429 1049 παρά
3465 979 3562 1028 σοῦ

1959 1057 2147 1130 μᾶλλον
2174 1056 2367 1135 δωρεὰς
2398 1065 2809 1137 προτιμήσαντες
2826 1103 2840 1121 .
2872 1058 2927 1117 όν
2953 1068 3021 1135 μή
3047 1070 3159 1125 ταῖς
3185 1059 3364 1134 ὄψεσιν
3398 1060 3530 1120 εἶδον
3546 1105 3562 1127 .

1959 1152 2019 1206 οὐ
2065 1154 2323 1228 κρίναντες
2369 1152 2729 1211 κατεδίκασαν·
2779 1151 2906 1231 ὅπερ
2946 1157 3091 1212 ἐστίν
3136 1156 3396 1234 ἀλλότριον
3438 1178 3565 1233 χρι-

1959 1267 2180 1302 στιανων
2189 1285 2202 1299 ο

2027 1620 2090 1677 Β’.
2124 1622 2181 1677 ¹Ο
2218 1623 2496 1684 Βασιλεύς·
2537 1624 2708 1679 Καίτοι
2748 1624 2977 1700 κέκριται
3004 1624 3142 1679 κατά
3189 1622 3466 1695 πρόσωπον
3508 1623 3561 1679 ἕν

1953 1724 2018 1793 τῇ
2041 1717 2277 1792 γενομένῃ
2301 1714 2499 1789 συνόδῳ
2523 1717 2574 1771 ἐν
2600 1717 2777 1791 Τύρῳ.
2816 1720 2901 1773 καί
2931 1718 2977 1771 ἐν
3012 1724 3075 1792 τῇ
3108 1714 3306 1789 συνόδῳ
3335 1714 3559 1789 κατεψη-

240 1817 295 1865 ct
324 1824 514 1866 omnes
551 1812 698 1867 orbis
730 1822 887 1867 teme.
918 1814 1154 1883 episcopi
1185 1830 1308 1868 eum
1340 1815 1391 1868 in
1423 1814 1654 1869 concilio
1687 1813 1841 1868 dam-

1953 1811 2164 1882 φίσαντο
2178 1809 2365 1870 πάντες
2382 1809 2428 1863 oi
2453 1810 2732 1865 ἐπίσκοποι
2752 1817 2845 1872 τῆς
2871 1811 3183 1881 οἰκουμένης.
3200 1810 3455 1888 Λιϐἐριος·
3470 1810 3565 1865 Οὖ-

239 1911 455 1959 narunt.
497 1922 516 1957 ι
551 1902 798 1961 Liberius
838 1906 973 1960 dixit
1015 1925 1027 1960 :
1077 1925 1095 1958 ι
1134 1905 1416 1978 Nunquam
1478 1906 1570 1961 ille
1612 1920 1851 1976 Praesens

232 1993 506 2075 judicatus
546 2008 649 2052 est.
698 1998 972 2069 Quutquot
998 1997 1140 2052 enim
1173 2010 1299 2053 tunc
1326 1999 1633 2068 congregati
1678 1998 1846 2052 Alba-

235 2091 443 2145 nasimn
486 2091 833 2159 damnarunt,
859 2103 981 2164 post
1028 2092 1172 2147 illius
1193 2109 1223 2148 e
1248 2092 1453 2164 judicio
1503 2091 1841 2157 discessum,

232 2184 436 2254 abSque
482 2185 689 2240 ratione
715 2201 837 2240 eum
879 2185 1329 2241 eondemuarunt.
1370 2205 1389 2238 ι
1434 2184 1699 2241 Eusebius
1745 2199 1845 2241 eu-

232 2279 441 2333 nuchus
465 2277 597 2332 dixit
631 2296 645 2332 :
684 2297 703 2331 ι
742 2278 799 2334 In
840 2279 1072 2334 concilio
1108 2278 1328 2333 Nicaeum
1353 2280 1566 2336 alienus
1594 2297 1624 2333 ιι
1656 2282 1844 2335 catho-

229 2368 329 2426 Iiea
353 2371 550 2444 iide(5)
570 2371 970 2427 demonstratus
999 2385 1102 2427 est.
1133 2391 1153 2425 ι
1178 2372 1603 2428 Liberiusdixit:
1635 2391 1653 2424 ι
1677 2374 1846 2439 Quin-

233 2483 336 2540 que
364 2467 441 2540 (4)
472 2468 574 2523 soli
599 2468 912 2536 jutIit‘amnt
949 2485 1016 2523 ex
1050 2469 1115 2523 iis
1164 2469 1254 2539 qui
1295 2484 1418 2523 cum
1452 2467 1666 2540 Isebyra
1693 2466 1846 2522 navi-

228 2570 423 2633 garunt
451 2564 501 2616 in
532 2562 819 2618 Merentem
862 2584 874 2619 :
912 2577 1047 2634 quos
1090 2562 1304 2629 quidem
1349 2562 1425 2617 illi
1459 2569 1752 2626 miserant,
1784 2572 1845 2616 ut

227 2658 488 2713 adversus
513 2668 823 2714 accusatum
853 2668 971 2713 acta
1002 2660 1353 2714 continerent.
1397 2657 1473 2712 Ex
1504 2656 1570 2712 iis
1598 2658 1685 2727 qui
1718 2665 1844 2711 tunc

226 2750 374 2806 missi
416 2749 645 2815 fuerant,
665 2766 730 2805 ex
761 2749 859 2804 hac
892 2751 1010 2805 luce
1036 2750 1332 2821 tnigrarunt
1363 2751 1493 2815 duo,
1526 2749 1568 2804 Τ
1576 2748 1842 2820 heognius

227 2843 430 2899 scilicet
460 2850 515 2898 et
543 2842 899 2899 Theodorus:
934 2852 1044 2898 tres
1097 2854 1275 2899 autem
1329 2843 1525 2914 reliqui
1552 2843 1727 2896 adhuc
1749 2858 1838 2896 su-

228 2937 484 3009 perstites
526 2949 681 3002 sunt,
732 2952 923 3006 nempe
969 2936 1166 3001 Maris,
1220 2935 1413 2990 Valens
1456 2943 1513 2990 et
1562 2934 1837 2991 Ursacius.

230 3033 427 3089 Contra
472 3031 602 3099 hos,
634 3031 724 3103 qui
776 3032 926 3086 missi
971 3041 1156 3095 erant,
1191 3030 1428 3087 Sardicm
1470 3045 1589 3085 eam
1626 3029 1695 3083 ob
1725 3044 1837 3083 rem

230 3126 334 3183 Iala
382 3137 466 3182 est
510 3127 798 3183 sententia.
827 3125 930 3195 Qui
973 3136 1157 3195 postea
1190 3126 1241 3181 in
1281 3125 1488 3199 synodo
1519 3125 1596 3197 (5)
1629 3123 1839 3180 libellos

1953 1899 2134 1958 δέποτε
2189 1904 2321 1958 κατὰ
2357 1903 2636 1977 πρόσωπον
2673 1902 2952 1980 κέκριταιό
2992 1900 3277 1981 ἅνθρωπος.
3322 1901 3437 1959 ὅσοι
3458 1906 3561 1978 γάρ

1951 1993 2065 2050 τότε
2094 1995 2419 2056 συνελθόντες
2448 1994 2861 2069 κατεψηφίσαντο
2892 1997 3047 2051 αὐτοῦ
3069 2036 3084 2059 ,
3119 1996 3558 2071 ἀναχωρήσαντος

1950 2088 2252 2144 Ἀθανασίου
2303 2088 2356 2142 ἐκ
2400 2094 2495 2143 τοῦ
2544 2091 2835 2164 κριτηρίου.
2884 2086 3295 2163 κατεψηφίσαντο
3337 2087 3556 2163 ἀλόγως.

1949 2182 2194 2244 Εὐσέϐιος
2223 2182 2249 2238 ό
2279 2184 2528 2256 εὐνοῦχος
2558 2178 2695 2238 εἶπεν
2715 2201 2728 2214 ⁸
2761 2184 2840 2239 Ἐν
2865 2191 2930 2260 τῇ
2961 2182 3159 2258 συνόδῳ
3200 2185 3330 2241 κατά
3356 2186 3558 2240 Νίκαιαν

1949 2276 2206 2354 ἀλλότριος
2244 2276 2530 2349 ἀπεδείχθη
2566 2285 2660 2339 τῆς
2703 2278 2960 2338 καθολικῆς
2996 2281 3240 2340 πίστεως.
3282 2278 3552 2355 Λιϐίριος·

1949 2372 2097 2426 Πέντε
2147 2371 2285 2444 μόνοι
2326 2368 2523 2448 ἔκριναν
2570 2378 2670 2426 τῶν
2714 2372 3153 2443 συμπλευσάντων
3201 2373 3343 2446 αὐτῷ
3391 2372 3440 2425 ἐν
3479 2379 3555 2446 τῷ

1946 2467 2214 2540 Μαριώτη,
2252 2462 2346 2527 οὓς
2371 2464 2671 2520 ἀπέστειλαν
2693 2467 2824 2519 κατά
2860 2471 2950 2520 τοῦ
2976 2465 3336 2539 ἔγκαλουμένου
3363 2469 3557 2524 συστή-

1948 2559 2141 2613 σασθαι
2173 2558 2283 2613 κατ’
2311 2558 2475 2614 αὐτοῦ
2497 2557 2859 2631 ὑπομνήματα.
2898 2558 3001 2612 ἀπὸ
3030 2559 3224 2613 τούτων
3247 2559 3414 2613 τοίνυν
3449 2563 3552 2613 τῶν

1948 2650 2361 2716 ἀποσταλέντων,
2392 2650 2440 2705 oi
2464 2649 2557 2706 δύο
2585 2651 2875 2713 τεθνήκασι,
2903 2649 3133 2723 Θεόγνιος
3158 2652 3242 2705 καί
3267 2648 3552 2726 Θεόδωρος·

1946 2744 1992 2800 οί
2018 2742 2070 2799 δέ
2099 2744 2264 2799 λοιποί
2283 2751 2421 2820 τρεῖς
2450 2747 2582 2809 ζῶσι
2599 2784 2615 2808 ,
2641 2743 2882 2800 τουτέστι
2907 2744 3084 2816 Μάρης
3117 2746 3201 2798 καὶ
3239 2744 3444 2804 Οὐάλης
3469 2746 3560 2798 καί

1945 2841 2248 2916 Οὐρσάκιος.
2294 2841 2398 2895 ἀπὸ
2443 2836 2641 2896 τούτων
2684 2846 2785 2894 τῶν
2829 2838 3218 2896 ἀποσταλέντων
3260 2840 3392 2895 κατά
3421 2849 3555 2914 Σαρ-

1942 2931 2080 2992 δικὴν
2119 2939 2206 2988 τοῦ
2237 2934 2542 3010 πράγματος
2570 2930 2758 2989 τούτου
2795 2932 2941 2987 ἕνεκα
2972 2938 3327 3007 συνεκροτεῖτο
3366 2931 3551 3006 ψῆφον

1941 3024 1988 3081 οἳ
2013 3028 2063 3081 ἐν
2087 3032 2150 3102 τῇ
2180 3023 2377 3097 συνόδῳ
2406 3024 2579 3098 βιϐλία
2608 3022 2950 3080 ἐπιδεδώκασι
2971 3066 2983 3082 .
3019 3026 3322 3099 συγγνώμην
3349 3025 3557 3078 αἰτοῦν-

1940 3139 2046 3179 τες.
2081 3116 2153 3190 ἐφ’
2181 3114 2254 3178 οἷς
2274 3118 2324 3172 ἐν
2345 3126 2419 3191 τῷ
2446 3120 2694 3193 Μαρεώτῃ
2720 3118 2856 3172 κατά
2881 3119 3226 3191 συκοφαντίαν
3257 3117 3309 3170 ἐκ
3332 3136 3551 3188 μονομε-

234 3221 571 3287 obtulerunt,
598 3221 812 3277 veniam
852 3230 1143 3293 poscentes
1185 3221 1256 3274 ob
1299 3228 1414 3275 acta
1471 3235 1590 3291 quin
1630 3234 1729 3289 per
1754 3232 1841 3273 ca-

1953 3217 2072 3286 ροῦς
2104 3211 2480 3271 συνεσθήκαντο
2506 3211 2947 3266 κατὰἈθανασίου
2988 3210 3356 3283 ὑπομνήματα.
3389 3208 3423 3264 ἄ
3444 3231 3558 3265 τινα

231 3313 487 3369 Iumuiam
511 3330 612 3368 una
635 3314 891 3368 duntaxat
913 3323 1065 3385 parte
1096 3322 1363 3383 praesente
1387 3311 1645 3366 adversus
1671 3310 1840 3366 Atha-

232 3407 438 3463 nasium
484 3408 536 3462 itt
582 3406 818 3461 Marcote
865 3406 1124 3462 fecerant.
1167 3410 1316 3474 Quos
1359 3406 1579 3475 quidem
1624 3403 1838 3458 libellos

231 3516 374 3556 nunc
417 3500 467 3555 itt
504 3501 751 3555 inanibus
785 3499 1067 3555 habemus.
1100 3498 1246 3555 Utri~
1280 3498 1471 3553 horum
1504 3495 1756 3552 assentiri
1783 3505 1841 3551 et

230 3594 630 3652 communicare
673 3592 972 3657 debemus,
1024 3592 1358 3661 imperatur?
1403 3590 1555 3644 hisne
1599 3588 1689 3660 qui
1716 3603 1836 3643 eum

234 3690 382 3759 prius
439 3687 895 3743 condemnassent
942 3685 1330 3752 Athanasium,
1392 3693 1576 3754 postea
1625 3682 1836 3737 veniam

230 3786 540 3855 petierunt;
590 3798 657 3836 an
710 3782 817 3836 illis
867 3783 957 3851 qui
1011 3795 1182 3851 nuper
1235 3780 1369 3833 istos
1413 3775 1841 3831 condemnarunt

232 3875 561 3950 (Sardicaa)?
607 3894 626 3928 ι
665 3874 941 3944 Epictetus
980 3875 1261 3943 episcopus
1308 3868 1839 3942 (Centumcellensis)

231 3967 411 4024 dixit:
449 3985 469 4018 ι
516 3965 631 4023 Νοιι
664 3965 786 4021 ﬂdei
818 3980 978 4020 causa
1001 4006 1016 4029 ,
1063 3979 1164 4019 nec
1204 3979 1299 4034 pro
1337 3962 1653 4017 defensione
1689 3960 1837 4030 judi-

230 4061 439 4118 ciorum
468 4060 959 4115 ecclesiasticarum
986 4057 1234 4113 Liberius
1273 4056 1433 4111 hodie
1480 4056 1640 4110 verba
1688 4055 1833 4124 facit,

229 4173 264 4214 ο
287 4158 597 4227 imperator,
632 4153 728 4211 sed
762 4164 819 4210 ut
859 4154 997 4225 apud
1032 4153 1303 4206 Romanos
1342 4160 1623 4206 senatores
1644 4150 1840 4222 glorie-

233 4260 338 4311 tur.
369 4252 750 4319 imperatorem
782 4262 812 4302 a
835 4264 892 4302 se
919 4261 1040 4301 esse
1065 4253 1397 4313 superatum.
1438 4263 1456 4295 ι

293 4344 379 4400 IlI.
401 4343 515 4411 Quo
533 4354 680 4410 pacto
697 4341 929 4398 Liberius
948 4339 1192 4396 Ecclesia:
1206 4338 1615 4412 pactconsulmnt
1627 4337 1841 4393 velit.-—-

229 4438 528 4510 ltnperator
552 4436 765 4492 Liberio
795 4437 928 4503 dixit
958 4452 974 4490 :
1010 4454 1029 4487 ι
1057 4435 1228 4504 Quota
1256 4450 1379 4503 pars
1408 4448 1467 4487 es
1490 4432 1636 4489 orbis
1664 4440 1840 4488 terra-

225 4549 371 4599 rum,
400 4544 453 4586 ut
484 4541 538 4587 tu
559 4532 704 4587 solus
733 4528 928 4585 homini
958 4529 1122 4600 impio
1145 4527 1420 4599 sullragari
1444 4527 1600 4591 velis.
1618 4536 1673 4582 et
1693 4526 1839 4583 orbis

1944 3304 2120 3377 βιϐλία
2145 3305 2317 3359 αὐτῶν
2343 3309 2430 3358 νῦν
2451 3300 2646 3375 ἔχομεν
2675 3303 2808 3374 μετά
2846 3309 3040 3379 χεῖρας
3061 3320 3073 3334 '
3104 3305 3203 3359 τίνι
3240 3303 3436 3358 τούτων
3476 3300 3561 3357 δεῖ

1943 3400 2207 3453 πείθεσθαι
2252 3400 2389 3469 ἡμᾶς
2444 3396 2688 3452 Βασιλεῦ.
2718 3404 2999 3459 κοινωνεῖν;
3030 3405 3138 3458 τοῖς
3165 3398 3419 3474 πρότερον
3461 3419 3554 3451 κα-

1942 3488 2401 3564 ταψηφισαμένοις,
2434 3493 2519 3545 καί
2555 3491 2607 3544 ἐν
2633 3487 2876 3566 δευτέρου
2906 3494 3211 3565 συγγνώμην
3239 3493 3514 3551 αἰτήσασιν
3531 3533 3547 3556 ,

1942 3581 1972 3642 ἧ
1998 3590 2104 3642 τοῖς
2141 3589 2232 3636 νῦν
2269 3584 2467 3637 τούτων
2494 3580 3026 3655 καταψηφισαμένοιῆ
3076 3582 3379 3645 Ἐπίκτητος
3431 3585 3540 3639 ἐπί-

1943 3695 2135 3735 σκοπος
2163 3669 2272 3730 εἶπε
2297 3688 2310 3702 ⁸
2340 3673 2570 3737 Βασιλιῦ,
2608 3675 2668 3728 οὐ
2695 3676 2922 3737 πίστεως
2946 3674 3106 3730 ἕνεκεν
3144 3679 3396 3749 σήμερον,
3428 3673 3542 3730 οὐδὲ

1942 3769 2199 3845 κριμάτων
2246 3767 2670 3825 ἐκκλησιαστικῶν
2717 3766 3133 3837 ἀντιποιούμενος
3176 3766 3410 3842 Λιϐέριος
3460 3766 3546 3821 τόν

1940 3864 2085 3937 λόγον
2104 3870 2353 3930 ποιεῖται,
2382 3861 2486 3917 ἀλλ’
2515 3862 2600 3916 ’ἱνα
2623 3868 2731 3922 τοῖς
2768 3863 2819 3916 ἕν
2847 3859 3018 3936 Ῥώμῃ
3050 3863 3401 3937 συγκλητικοῖς
3424 3884 3547 3920 καν-

1944 3960 2198 4029 χήσηται,
2229 3959 2297 4017 ὡς
2317 3955 2742 4031 συλλογισάμενος
2769 3955 2853 4010 τόν
2875 3954 3108 4028 βασιλέα.

2016 4332 2083 4390 Γ’.
2117 4334 2174 4389 ’0
2221 4334 2459 4395 Βασιλεὺς
2495 4326 2604 4389 εἷπε
2643 4331 2897 4406 Λιϐερίῳ·
2930 4328 3124 4386 Πόστον
3172 4324 3223 4384 εἴ
3259 4330 3415 4406 μίρος
3458 4340 3553 4395 τῆς

1945 4430 2259 4499 οἰκουμένης,
2288 4425 2369 4483 ὅτι
2395 4429 2463 4484 σὺ
2504 4427 2656 4499 μόνος
2683 4426 2903 4500 συναίρη
2923 4423 3174 4499 ἀνθρώπῳ
3214 4425 3432 4495 ἀνοσίῳ.
3466 4427 3551 4480 καί

1942 4530 2037 4583 τῆς
2065 4521 2357 4595 οἰκουμένης
2383 4525 2476 4580 τὴν
2516 4521 2712 4596 εἰρήνην
2742 4519 2823 4571 καί
2857 4513 2971 4570 ὅλου
3010 4520 3100 4570 τοῦ
3141 4515 3336 4589 κόσμου
3372 4514 3546 4581 Mur;

225 4642 291 4683 ac
332 4627 513 4682 mundi
548 4627 713 4681 tutius
760 4639 942 4696 pacem
979 4621 1277 4678 dissolvas?
1316 4639 1336 4675 ι
1374 4619 1622 4676 Liberius
1647 4619 1783 4675 dixit
1814 4636 1829 4674 :

1953 4616 2172 4693 \tGiptoc
2196 4632 2208 4645 '
2242 4616 2316 4670 Οὐ
2347 4612 2433 4669 διὰ
2452 4615 2510 4670 τὸ
2537 4608 2664 4668 εἷναί
2685 4631 2746 4683 με
2773 4609 2942 4683 μόνον,
2971 4607 2998 4665 ό
3024 4616 3117 4670 τῆς
3141 4610 3371 4671 πίστεως
3398 4610 3544 4668 ίλατ-

302 4834 381 4908 (I)
412 4834 509 4904 Qui
544 4833 784 4889 reeolent
816 4829 956 4902 quod
983 4828 1158 4908 Julius
1192 4827 1349 4897 epist.
1380 4843 1421 4908 _t,
1448 4842 1508 4908 ιιἱ
1620 4824 1829 4908 scribit,

227 4898 374 4965 hanc
395 4898 602 4963 scilicet
625 4920 747 4961 e~se
769 4898 1239 4966 consuetudinem,
1270 4912 1325 4953 ιιι
1349 4899 1393 4953 si
1421 4898 1548 4966 quid
1571 4899 1832 4967 suspicio-

227 4984 315 5038 nis
344 4982 394 5033 in
428 4978 801 5034 Alexandrina:
834 4976 980 5029 urbis
1010 4972 1322 5042 episconum
1363 4974 1553 5028 cadat.
1600 4971 1831 5039 primum

227 5054 295 5109 ad
348 5051 643 5105 Romanam
682 5049 966 5103 ecclesiam
1012 5045 1307 5102 Seribatur.
1341 5056 1405 5095 ac
1447 5042 1645 5112 deinde
1687 5042 1829 5112 quod

221 5125 426 5193 justum
456 5133 537 5177 est
566 5120 906 5193 decernatur.
936 5118 1101 5193 ethic
1132 5113 1437 5193 Liberium,
1467 5125 1519 5168 et
1550 5111 1714 5177 infra,
1740 5114 1831 5193 ubi

228 5185 474 5253 catndcm
505 5209 608 5246 non
636 5191 1029 5246 condemnandi
1061 5185 1341 5245 Athanasii
1367 5199 1583 5239 οιιιιειιιιι
1613 5185 1828 5253 repetit,

227 5269 295 5324 ad
364 5282 482 5322 eam
549 5262 991 5317 consuetudinem
1055 5273 1326 5324 respicere
1389 5255 1826 5327 suspicabuutur.

229 5339 396 5394 Forte
433 5337 595 5392 etiam
639 5333 727 5388 hic
766 5348 897 5400 papa
936 5332 1251 5400 simpliciter
1286 5346 1391 5385 non
1429 5328 1733 5400 iudicatum
1756 5330 1830 5383 ait

230 5407 623 5473 Athanasium,
675 5399 797 5471 quia
845 5404 993 5458 nullo
1039 5399 1300 5457 hactenus
1350 5402 1590 5472 legitimo
1626 5399 1830 5470 judicio

228 5482 399 5538 fuerat
433 5478 841 5533 condemnatus.

308 5554 387 5627 (2)
418 5551 533 5606 Non
555 5550 736 5627 stilum
767 5561 872 5601 non
898 5544 1150 5627 Viderunt
1171 5542 1565 5627 quiblediti-Iaui
1600 5542 1832 5627 inIAi't‘ha:

231 5613 442 5681 nasitim
489 5621 940 5690 subscripserunt.
991 5618 1082 5671 sed
1113 5633 1203 5690 _ue_
1258 5614 1294 5670 ii
1340 5613 1555 5690 quidem
1585 5614 1830 5690 quiATyri

229 5715 355 5755 eum
402 5685 829 5750 cntttlelttttartttit
874 5707 887 5744 :
929 5703 1063 5759 quos
1102 5686 1275 5743 huius
1313 5688 1471 5759 appr.
1508 5701 1545 5748 ι.
1579 5705 1631 5737 η.
1664 5685 1723 5759 9,Δ
1751 5685 1830 5741 Sic

230 5771 569 5840 alloquitur:
605 5764 664 5819 Si
704 5764 878 5840 vestris
908 5757 1088 5816 litteris
1119 5760 1325 5829 («ontra
1358 5757 1734 5840 Athanasium)
1767 5760 1832 5826 ﬁ-

232 5843 350 5897 dem
364 5829 549 5896 'Itabert'
587 5834 860 5907 postulatis
880 5877 893 5901 ,
925 5842 1321 5887 consentaneum
1347 5840 1420 5885 est
1448 5838 1495 5883 et
1527 5829 1590 5883 iis
1617 5831 1703 5900 qui
1732 5844 1826 5901 pro

1938 4818 2033 4873 illo
2061 4818 2371 4890 scripserunt
2399 4814 2554 4890 ﬁdem
2586 4829 2689 4890 non
2718 4811 2971 4890 abnegore
3002 4828 3016 4864 :
3048 4811 3271 4890 maxime
3299 4814 3422 4886 quia
3460 4828 3549 4869 vos

1940 4893 2002 4944 de
2027 4891 2091 4945 iis
2120 4882 2235 4957 quia
2264 4882 2442 4957 procul
2471 4904 2503 4939 a
2533 4886 2670 4940 vobis
2697 4882 2961 4957 gesserint
2982 4882 3220 4957 scribitis.
3248 4882 3355 4957 etc.

2014 4964 2096 5029 (3)
2119 4954 2370 5016 Libertus
2392 4958 2457 5013 ad
2481 4954 2769 5012 absurdam
2792 4956 2929 5009 adeo
2952 4954 3466 5029 interpetlntiouem,
3489 4965 3549 5011 ut

1940 5042 1997 5088 et
2024 5027 2162 5089 inira
2203 5030 2268 5086 ad
2307 5034 2530 5086 alteram
2572 5029 2802 5094 Epicteti
2845 5043 2950 5081 non
2981 5027 3283 5081 absunilcn‘t
3324 5042 3548 5094 restion-

1939 5106 2069 5162 dere
2095 5103 2412 5175 dedignatus
2465 5104 2546 5158 eis
2574 5099 2665 5169 qui
2695 5102 2763 5154 de
2788 5098 3056 5175 religione
3082 5098 3377 5175 disputant,
3409 5107 3547 5175 tem-

1941 5178 2087 5249 poris
2132 5180 2187 5249 in
2222 5168 2377 5231 'tricis
2414 5168 2832 5245 superrueaueis
2859 5168 2965 5226 neu
2996 5168 3210 5226 tetendi
3235 5172 3543 5241 esetuplum

1977 5247 2189 5305 rrebuit.

1939 5266 2191 5392 ωῗίῦηξί
2227 5317 2433 5392 nullum
2461 5322 2545 5372 est
2578 5315 2835 5392 mendum
2863 5314 2914 5369 in
2945 5311 3321 5392 Alexandrina:
3349 5314 3543 5392 synodi

1936 5385 2160 5461 epistola
2191 5392 2331 5462 apud
2346 5386 2928 5457 Athauasttnnapolog.
2960 5390 3106 5462 cont.
3132 5385 3417 5462 Arian.,ti_.
3448 5386 3542 5452 15,

1937 5455 2032 5520 sex
2061 5455 2333 5534 judicasse
2355 5463 2568 5534 dicendi
2606 5465 2767 5534 situt,
2789 5455 2953 5527 atque
2984 5457 3118 5534 intra
3143 5455 3546 5534 nonduaticeg

1937 5528 2216 5592 addendus
2255 5531 2617 5589 Macedonius.
2649 5530 2752 5585 Sed
2784 5543 2959 5597 neque
2990 5528 3032 5582 is
3057 5530 3196 5582 inter
3219 5542 3336 5595 eos,
3363 5530 3454 5599 qui
3487 5532 3542 5586 in

1938 5605 2247 5665 Sat-dicensi
2305 5607 2513 5677 synodo
2565 5599 2882 5657 nominatim
2938 5599 3297 5666 damnantur,
3345 5616 3539 5656 recen-

1936 5690 2106 5737 εοτιιιτ.

2016 5753 2090 5819 (5)
2131 5750 2283 5818 Apud
2310 5748 2478 5819 ipsam
2509 5744 2694 5798 urbem
2722 5741 3078 5819 Mediolanum
3110 5743 3304 5819 habita,
3343 5752 3399 5797 ιιι
3438 5745 3540 5816 ipsi

1937 5782 2286 5881 γειὶἓῖιέἐῗῦ
2294 5782 2694 5887 ἐὲνῗὲίίἰέῖρἱέἴῗ
2714 5782 3098 5872 ῧίἶῖιὶἵΐυιῆἱὶἰι
3110 5782 3419 5871 ’ἐίὲἑεέἶ-εὲἰὶ.
