4010 6306
527 245 630 263 .-υ

490 245 631 303 1575

1823 235 2139 293 ΠΒΕΗΙΓΞ
2186 237 2359 295 ΡΛΡΑ
2374 277 2388 293 .

3627 245 3737 303 1378

488 366 704 418 xerunt.
740 376 761 411 ι
791 358 858 413 Et
889 356 978 413 ille
1006 355 1222 428 quidem
1254 355 1406 411 initio
1434 369 1529 411 eos
1556 353 1841 410 admittere
1871 369 2089 409 recusa-
2116 360 2161 418 Α
2192 372 2298 424 qua
2322 354 2571 411 Liberius
2602 356 2941 413 Ensiatliium
2968 358 3020 415 in
3060 359 3245 417 sedem
3277 374 3422 418 suam
3454 365 3642 421 restitui
3672 369 3740 436 ju-

488 453 581 512 bat
599 496 614 519 ,
648 454 954 509 arianarnm
988 454 1218 522 partium
1243 451 1363 506 illos
1388 465 1508 506 esse
1535 450 1741 517 dicens,
1769 465 1867 505 nec
1896 450 1963 503 ab
1986 449 2080 504 Ec-

487 548 653 604 clesia
681 548 878 617 suscipi
905 562 1078 615 posse,
1108 558 1156 597 iii
1168 554 1292 615 pote
1321 547 1408 615 qui
1435 543 1702 599 Nicariiani
1731 543 1888 598 lideni
1919 542 2081 597 abro-

488 652 731 713 gassciit.
778 641 846 695 At
887 639 958 693 illi
997 653 1056 693 se
1099 638 1300 692 dudum
1359 636 1652 706 resipuisse
1703 646 1758 690 et
1798 635 2081 690 veritatem

486 736 776 805 agnovisse
839 732 1260 803 responderunt;
1306 740 1362 787 et
1427 733 1811 787 Anomteoruiii
1866 730 2083 799 quidem

488 827 789 885 doctrinam
835 827 1078 895 cjnrassc
1106 826 1216 895 jam
1251 824 1489 895 pridem;
1525 824 1717 879 Filium
1766 840 1893 879 vero
1940 823 2083 879 Patri

487 936 586 993 per
611 922 788 977 omnia
814 920 1047 975 similem
1076 919 1354 974 confessos
1373 935 1516 977 esse.
1552 936 1652 975 nec
1679 919 1898 975 dilferre
1923 920 2075 974 simi-

488 1014 593 1071 lem
624 1030 654 1069 a
678 1012 1147 1069 consubstantiali.
1183 1032 1203 1066 ι
1235 1013 1369 1068 Tum
1394 1012 1640 1069 Liberius
1664 1013 1732 1067 ab
1758 1014 1823 1068 iis
1865 1025 2085 1069 senten-

487 1108 576 1163 tia:
606 1122 719 1163 sua:
750 1105 1139 1179 profe~sioncm
1172 1107 1373 1178 scripto
1404 1107 1848 1177 coinprelieiisain
1883 1107 2080 1177 exegit.

487 1200 588 1270 Qui
612 1217 733 1256 cum
762 1201 995 1256 libellum
1021 1200 1368 1267 obtulissent,
1390 1201 1440 1256 in
1464 1217 1571 1271 quo
1591 1215 1712 1256 sese
1736 1200 1849 1256 Arii
1873 1210 1929 1257 et
1951 1202 2085 1257 alin-

486 1309 605 1349 rum
653 1293 1025 1348 haereticorum
1053 1309 1271 1364 pravam
1304 1293 1602 1350 doctrinam
1645 1309 1853 1349 necnon
1887 1293 2084 1349 Arimi-

486 1389 672 1444 neiisis
725 1388 918 1461 synodi
967 1398 1116 1457 gesta
1166 1387 1457 1454 damnare,
1501 1399 1552 1444 et
1609 1389 2085 1444 consubstantialis

486 1480 796 1552 Nicmiiique
823 1481 1038 1536 concilii
1080 1481 1263 1537 libello
1292 1498 1391 1537 suo
1424 1482 1681 1537 insertam
1713 1481 1871 1537 fidem
1911 1484 2083 1537 susci-

484 1590 615 1647 pere
663 1586 772 1630 tum
807 1578 1045 1646 proprio,
1092 1584 1205 1630 tum
1248 1590 1434 1632 eorum
1485 1592 1714 1646 quorum
1763 1577 2082 1647 legationem

484 1668 733 1734 obibant,
768 1668 984 1724 nomine
1022 1668 1440 1739 profitebantur,
1472 1669 1905 1725 communionem
1937 1688 1966 1727 ιι
1993 1672 2084 1727 Li-

2187 448 2343 504 bet-et
2377 468 2389 504 :
2421 450 2655 504 maxime
2682 465 2803 506 cum
2836 454 3086 508 Socrates
3119 467 3170 509 ct
3203 454 3550 522 Sozomeuus,
3574 461 3651 529 qui
3687 459 3739 516 de

2190 550 2303 596 toto
2332 541 2432 597 hoc
2457 545 2673 614 negotio
2703 547 2835 599 satis
2860 558 3113 601 accurate
3140 546 3493 618 scripserunt,
3516 553 3578 604 de
3603 552 3739 607 altera

2190 634 2275 689 illa
2301 636 2527 705 epistola
2554 652 2773 706 prorsus
2800 640 3069 693 silui-rint.
3100 641 3152 694 Id
3185 651 3360 697 tamen
3385 658 3448 697 ex
3479 643 3622 698 dictis
3648 662 3718 701 ine

2189 741 2411 785 morata:
2433 732 2676 799 epistola:
2700 734 2768 786 7t
2796 733 3098 798 coniicitur,
3123 733 3460 806 Tyancnsein
3493 738 3739 809 synodum,

2189 822 2277 877 ubi
2309 822 2646 879 Ethlalllllllll
2671 840 2699 878 a
2727 825 2940 901 Liberio
2968 828 3019 881 iii
3050 830 3480 882 enitimtinioiiem
3507 845 3642 884 suain
3663 833 3742 886 ad-

2189 914 2412 969 missum
2443 931 2565 971 esse
2591 917 2783 972 litteiis
2821 919 2988 987 ipsius
3017 920 3275 990 comperit
3325 921 3496 976 eidem
3526 926 3743 995 episcopo

2186 1017 2241 1065 et
2270 1010 2705 1067 communionem
2745 1021 2799 1066 et
2829 1011 3012 1066 sedem
3041 1028 3192 1067 suam
3235 1013 3550 1070 reddidisse.
3578 1015 3668 1071 Sed
3701 1029 3745 1073 et

2190 1101 2290 1157 hoc
2312 1116 2518 1159 certum
2547 1121 2668 1159 cum
2709 1121 2772 1160 ex
2807 1107 3058 1176 pra‘dicta
3083 1107 3263 1163 Basilii
3287 1110 3513 1179 epistola
3542 1110 3623 1177 74,
3655 1126 3743 1167 ιιιηι

2188 1213 2252 1252 ex
2282 1197 2353 1251 δε
2401 1198 2735 1254 Eiistathiuni
2774 1199 2931 1256 tidem
2966 1201 3149 1257 licium
3193 1203 3371 1258 datam
3406 1210 3645 1260 continuo
3685 1209 3746 1263 fe-

2187 1288 2411 1346 fellissc.

2258 1383 2346 1439 lll.
2375 1384 2560 1456 Neque
2583 1401 2713 1441 vero
2742 1399 3023 1457 propterea
3051 1380 3352 1461 culpandus
3377 1403 3494 1448 erat
3517 1394 3745 1464 Liberius,

2187 1480 2337 1549 quasi
2366 1482 2801 1535 communionem
2834 1482 3023 1552 legatis
3053 1483 3158 1540 illis
3188 1485 3398 1541 facilius
3426 1489 3706 1546 indulsisset
3733 1512 3746 1546 :

2187 1571 2384 1641 quippe
2412 1572 2503 1643 qui
2545 1572 2704 1628 etiam
2734 1574 2805 1627 ab
2845 1574 2925 1629 eis
2969 1577 3212 1632 nonnihil
3251 1581 3488 1649 amplius
3523 1584 3749 1653 exegerit,

2187 1683 2346 1738 quam
2377 1670 2520 1739 quod
2548 1670 2875 1725 Athanasius
2903 1674 3058 1742 epist.
3096 1673 3161 1728 ad
3198 1674 3558 1742 llnflnianum,
3585 1693 3750 1732 secun-

486 1760 639 1818 bcrio
662 1773 823 1832 atque
850 1778 941 1817 eas
967 1761 1172 1817 litteras
1202 1762 1573 1830 obtinuerunt,
1606 1779 1738 1834 quas
1768 1782 1832 1820 ex
1856 1766 2081 1823 Socrate
2111 1766 2158 1826 Β
2188 1761 2311 1814 dtiiii
2336 1760 2753 1818 Alexandrinam
2778 1765 3068 1836 synodum,
3101 1766 3169 1821 ab
3194 1767 3259 1821 iis
3284 1768 3374 1837 qui
3395 1768 3463 1821 ad
3494 1768 3751 1825 Ecclesium

486 1856 789 1924 descriptas
813 1858 1152 1912 exhibemus.

558 1950 623 2004 ll.
658 1950 861 2006 Praeter
885 1950 979 2004 lias
1009 1951 1234 2015 litteras,
1268 1950 1312 2005 si
1338 1951 1459 2021 quis
1488 1952 1666 2007 verbis
1699 1951 1898 2008 huireat
1933 1953 2084 2009 Basi-

483 2043 541 2099 lii
571 2044 766 2116 Magni,
799 2044 959 2112 epist.
992 2043 1082 2112 74,
1109 2045 1173 2098 ad
1196 2045 1582 2109 occidentales,
1616 2046 1770 2101 facile
1788 2048 2085 2103 adducetur

486 2145 546 2191 ut
567 2152 689 2190 cum
732 2136 961 2191 Barniiio
998 2138 1061 2192 ad
1092 2154 1219 2192 ann.
1244 2137 1351 2194 365
1383 2138 1588 2206 credat,
1630 2140 1790 2195 aliam
1814 2157 1843 2195 a
1868 2140 2083 2197 Liberio

484 2229 663 2287 datam
696 2246 818 2287 esse
847 2233 1155 2302 epistolam,
1188 2250 1287 2303 qua
1322 2234 1657 2289 Eustailiiniii
1689 2237 1998 2291 nominatim
2029 2238 2082 2293 in

483 2341 637 2381 suam
671 2326 854 2381 sedem
906 2326 1110 2381 restitui
1156 2328 1535 2399 prmiaipiebat;
1574 2329 1911 2385 Eustathium
1953 2347 2083 2386 vero

483 2420 849 2476 Orientalibus
893 2420 946 2474 in
977 2422 1184 2492 synodo
1216 2423 1483 2495 'l‘yaneiisi
1510 2427 1847 2495 congregatis
1883 2430 2084 2495 episto-

483 2512 592 2568 lam
619 2512 786 2581 illam,
817 2529 934 2584 qnie
960 2513 1062 2569 sibi
1088 2514 1312 2581 faveret,
1337 2516 1598 2572 obtulisse
1623 2528 1960 2583 Contentum,
1998 2520 2085 2572 lit-

483 2614 626 2661 teras
645 2607 779 2661 alias
801 2609 1026 2664 celasse.
1050 2609 1140 2664 Sir
1162 2612 1361 2681 quippe
1382 2611 1449 2666 de
1474 2611 1565 2666 illo
1589 2611 1816 2667 Basilius
1838 2655 1852 2678 ,
1876 2630 1963 2683 ep.
1990 2614 2079 2677 74.

482 2699 713 2755 sci-ibit:
752 2719 770 2751 ι
803 2702 932 2769 Qua:
974 2718 1101 2758 vero
1140 2704 1250 2759 sint
1291 2705 1365 2758 illi
1398 2721 1427 2758 a
1471 2705 1780 2761 beatissimo
1826 2707 2082 2778 episcopo

484 2791 698 2847 Liberio
747 2795 1038 2864 proposita.
1078 2813 1268 2866 qua-ve
1312 2798 1426 2866 ipse
1478 2812 1664 2869 pactus
1691 2801 1782 2865 sit,
1811 2802 1950 2855 clam
1984 2817 2082 2857 nos

482 2897 586 2954 est,
613 2890 713 2944 nisi
741 2892 882 2961 quod
908 2892 1192 2961 epistolam
1223 2893 1418 2958 attulit,
1454 2910 1546 2963 per
1570 2912 1731 2965 quam
1763 2896 2078 2953 restituere-

482 2992 590 3050 tur,
619 3001 777 3053 qiiiiiii
832 2987 919 3040 ubi
970 2988 1179 3059 synodo
1230 2988 1498 3060 Tyanensi
1542 2993 1809 3053 exhibuit,
1842 2994 1891 3048 in
1923 3009 2080 3050 suum

481 3076 659 3132 locum
690 3080 972 3134 restitutus
1005 3090 1106 3135 est.
1146 3101 1164 3133 ι
1192 3082 1452 3148 ριιοιιίιοιιει
1501 3082 1640 3138 idem
1675 3085 1908 3139 Ba~ilius
1957 3103 2078 3142 mox

2189 1866 2533 1911 revertuntur
2592 1859 2913 1930 exigendum
2963 1861 3169 1916 statuit.
3225 1862 3368 1917 Satis
3423 1867 3566 1918 enim
3622 1866 3757 1921 habet

2187 1950 2537 2009 Athanasius.
2581 1970 2599 2003 ι
2634 1961 2691 2005 ιιι
2716 1953 3063 2010 anathemate
3101 1955 3360 2012 damnent
3398 1973 3647 2028 expresso
3679 1975 3755 2012 no-

2188 2041 2334 2097 mine
2372 2043 2598 2098 Eudoxii
2625 2054 2679 2098 et
2718 2045 2899 2100 liuzoii
2943 2046 3276 2114 doctrinam,
3330 2059 3387 2105 ct
3432 2054 3756 2107 conﬁteantur

2188 2133 2346 2188 [idem
2376 2134 2570 2190 Nimia:
2594 2153 2621 2189 a
2648 2139 2886 2207 patribus
2915 2137 3266 2205 declaratam,
3297 2142 3603 2213 nullamque
3622 2145 3754 2199 aliam

2186 2231 2453 2300 synodum
2488 2230 2613 2286 huic
2641 2243 2994 2302 anteponant.
3020 2254 3038 2286 ι
3073 2235 3137 2289 Et
3164 2237 3381 2306 quidem
3414 2238 3628 2294 minime
3647 2256 3757 2310 opus

2186 2335 2323 2391 crat,
2358 2338 2409 2380 ut
2440 2327 2753 2384 Euanthius
2778 2344 2840 2382 ac
2863 2329 2991 2383 soi-ii
3019 2330 3086 2383 ab
3117 2328 3345 2386 Eudoxii
3381 2332 3622 2388 doctrina
3657 2350 3757 2391 sese

2186 2419 2486 2477 abhorrere
2502 2421 2679 2476 denuo
2702 2423 3105 2492 profiterentur,
3119 2439 3240 2478 cuni
3258 2427 3491 2481 concilio
3511 2426 3757 2496 Lampsaci

2188 2510 2392 2579 habito,
2426 2514 2580 2582 cujus
2607 2513 2873 2584 legatione
2901 2515 3277 2586 fungebantur,
3313 2516 3365 2572 id
3402 2519 3576 2588 palam
3601 2520 3757 2574 decla-

2187 2615 2420 2660 fussent.

2258 2697 2348 2753 ιν.
2380 2699 2602 2754 Miratur
2633 2699 2713 2753 vir
2752 2699 2999 2755 eruditus
3035 2698 3140 2756 hoc
3167 2700 3238 2754 ab
3267 2703 3350 2758 eis
3390 2712 3646 2773 prmterea
3681 2706 3758 2759 lla-

2184 2794 2407 2866 gitatnm
2439 2810 2545 2848 non
2581 2795 2763 2858 tuisse,
2799 2805 2855 2849 ut
2886 2796 3118 2865 Spiriius
3147 2798 3318 2851 sancti
3345 2796 3603 2854 deitatem
3626 2815 3756 2871 aper-

2187 2888 2414 2943 tioribus
2447 2887 2626 2943 rcrhis
2659 2887 3058 2957 proﬁterentur.
3094 2889 3152 2944 ld
3185 2906 3316 2945 vero
3337 2892 3636 2948 ntltalIi-llm
3662 2909 3758 2949 uia-

2183 2982 2264 3053 gis
2300 2980 2456 3045 foret,
2508 2983 2550 3035 si
2598 2981 2926 3037 admittenda
2980 2993 3126 3039 esset
3178 2984 3315 3050 hinc,
3361 3002 3488 3054 qua:
3538 2988 3760 3057 subjectis

2185 3073 2426 3143 epistole
2459 3075 2524 3129 15
2545 3090 2573 3127 a
2597 3074 2821 3129 Socrate
2851 3076 3144 3145 pi-a-ligiliir
3167 3076 3473 3147 inscriptio,
3503 3098 3521 3130 ι
3554 3079 3759 3148 Ερὶμιοιι

480 3181 656 3242 rogat,
696 3190 713 3222 ι
749 3184 803 3225 ιιι
825 3174 1091 3228 scribatur
1119 3175 1385 3240 ecclesiis,
1418 3177 1610 3247 quibus
1641 3179 1855 3248 quidem
1893 3179 2075 3234 eondi-
2104 3173 2148 3236 C
2183 3169 2453 3224 Lillel‘iiu-
2487 3169 2553 3223 3d
2600 3171 2884 3240 ερῑεουινιδ
2917 3170 3448 3237 Μίιοράυιιίθηοηηιι.
3490 3192 3508 3225 ι
3543 3174 3636 3227 hoc
3674 3182 3757 3236 est.

485 3264 723 3318 tionibus
746 3265 810 3320 ad
839 3268 1272 3321 ci-miniinimieiii
1308 3278 1587 3336 Siisceitus
1628 3272 1727 3335 sit;
1763 3272 1921 3325 simul
1954 3289 2084 3328 vero

482 3358 789 3427 adjiciatur,
822 3375 929 3430 quo
970 3371 1124 3425 pacto
1167 3361 1277 3430 jam
1320 3362 1595 3417 immutata
1646 3366 1915 3419 sententia
1958 3382 2083 3435 gra-

486 3451 639 3515 tiam,
665 3465 691 3503 a
726 3451 967 3519 patrihus
991 3452 1082 3522 qui
1115 3464 1225 3507 tum
1257 3465 1406 3509 erant
1452 3456 1594 3526 (cum
1624 3455 1860 3525 Liberio)
1894 3472 2086 3528 εισι-ερ-

485 3552 616 3606 tam,
649 3544 856 3598 irritam
889 3545 1092 3602 reddat.
1130 3564 1149 3597 ι
1185 3546 1289 3602 Sed
1314 3548 1490 3601 nullus
1524 3549 1646 3603 huic
1673 3552 1968 3619 suspicioni
2001 3553 2080 3606 lo-

484 3652 580 3693 cus
600 3638 943 3708 relinquitur,
976 3655 1096 3693 cum
1130 3642 1439 3712 pervenitur
1466 3644 1531 3698 ad
1559 3644 1799 3713 ejusdem
1844 3645 2084 3701 doctoris

485 3733 767 3805 epistolam
800 3735 885 3789 82.
942 3736 1011 3789 lbi
1043 3737 1184 3790 enim
1226 3737 1457 3793 Basilius
1486 3739 1555 3793 de
1586 3740 1749 3795 rebus
1783 3744 1948 3811 gestis
1971 3743 2081 3811 jam

484 3825 684 3880 Certior
705 3825 897 3891 faettis,
936 3843 1054 3897 pag.
1092 3829 1193 3883 155
1220 3830 1419 3884 diserte
1455 3831 1646 3898 docet,
1685 3852 1703 3885 ι
1745 3834 2082 3889 Etistalliiuni

485 3918 841 3974 Sebastenuin
868 3921 1033 3975 Itonia
1062 3921 1299 3993 ’l'yanam
1324 3924 1569 3978 attulisse
1599 3922 1862 3989 chartam,
1899 3927 1948 3979 in
1981 3942 2083 3996 qua

483 4014 958 4068 Consulistantialis
1014 4014 1173 4069 fidem
1222 4019 1590 4086 profitebatur.
1650 4038 1669 4071 ι
1721 4018 1850 4088 Quae
1906 4032 2083 4076 autem

485 4104 756 4161 fiieritilla
782 4106 988 4171 charta,
1023 4108 1152 4163 ibid.
1206 4125 1325 4187 pag.
1363 4110 1465 4165 L32
1502 4112 1756 4181 explicat,
1799 4112 1866 4167 de
1892 4113 2084 4168 eodem

487 4201 765 4257 Eustatbio
801 4216 864 4257 ac
910 4203 1071 4257 sociis
1115 4204 1193 4258 sic
1235 4203 1553 4260 disserens:
1595 4224 1613 4257 ι
1653 4204 1764 4260 Hoc
1804 4222 1909 4261 non
1938 4208 2087 4277 engi-

485 4303 620 4360 tant,
656 4293 798 4364 quod
845 4296 1104 4364 scriptum
1153 4296 1415 4365 ipsorum,
1455 4312 1561 4367 quo
1606 4296 1879 4353 Nic:ciiaiii
1924 4298 2085 4354 fidem

482 4386 719 4443 confessi
750 4399 896 4453 sunt,
922 4387 1109 4442 Roma:
1140 4402 1483 4456 asseiratur;
1517 4408 1616 4446 nec
1643 4393 1786 4460 qtiod
1812 4392 2087 4465 Tyancnsi

487 4480 696 4550 synodo
730 4482 959 4551 propriis
990 4482 1236 4536 iiiaiiibus
1276 4483 1608 4538 tradiderunt
1650 4484 1818 4539 Roma
1861 4486 2081 4540 allatum

2188 3263 2231 3318 si
2268 3262 2507 3334 episeopi
2531 3264 2618 3333 qui
2651 3265 2856 3334 legatos
2890 3264 2955 3318 ad
3000 3263 3269 3318 Liberium
3322 3267 3605 3330 miserunt,
3633 3278 3680 3322 et
3705 3265 3757 3320 ad

2187 3371 2323 3427 quos
2355 3356 2445 3411 ille
2492 3356 2760 3420 rescribit,
2792 3358 2859 3409 ab
2908 3368 3130 3411 auctore
3176 3365 3340 3412 ειεςῐϊ
3383 3376 3507 3429 quin
3534 3360 3759 3430 Spiritum

2187 3464 2435 3505 Sanctum
2467 3451 2631 3504 lleum
2662 3455 2895 3519 negavit,
2922 3450 3032 3519 jam
3064 3450 3382 3520 cognomina
3415 3452 3434 3506 i
3477 3463 3646 3506 essent
3675 3452 3760 3505 lla-

2187 3546 2492 3600 cedoniani.
2539 3545 2733 3600 Verum
2788 3561 2910 3599 cum
2952 3544 3286 3600 Sozomenus
3330 3547 3434 3600 hos
3479 3546 3761 3613 simpliciter

2188 3650 2345 3695 vocet
2383 3660 2401 3691 ι
2431 3639 2752 3702 Orientales,
2794 3657 2814 3690 ι
2850 3654 2914 3693 ac
2944 3638 3189 3693 Liberius
3226 3657 3244 3691 ι
3280 3642 3552 3695 universis
3595 3640 3758 3692 tlrien-

2192 3733 2256 3787 tis
2282 3732 2552 3801 episcopis
2583 3731 2904 3785 orthodoxis
2939 3751 2959 3783 ι
2991 3730 3280 3801 epistolam
3305 3747 3462 3786 suam
3497 3730 3760 3793 inscribat;

2192 3824 2360 3891 liquet
2400 3824 2496 3877 hos
2534 3839 2561 3876 a
2607 3824 2831 3877 Socrate
2876 3838 2971 3892 per
3008 3824 3455 3892 anticipationem
3511 3821 3761 3893 quamdam

2190 3914 2604 3970 Maccdonianos
2633 3914 2799 3969 fuisse
2836 3925 3193 3984 nuncupatos,
3220 3917 3343 3986 quia
3375 3917 3558 3985 plures
3583 3929 3761 3977 eorum,

2189 4025 2323 4081 quos
2351 4009 2598 4065 Liberius
2624 4010 2937 4064 nominatim
2964 4010 3220 4079 appellat,
3250 4010 3373 4063 huic
3401 4017 3567 4064 secta:
3608 4018 3760 4078 postea

2189 4104 2363 4173 palatii
2413 4103 2609 4157 addicti
2650 4103 2864 4158 fuerint.
2896 4102 3206 4173 Negandiim
3246 4109 3424 4157 tamen
3457 4119 3562 4159 non
3605 4110 3693 4157 est.
3720 4106 3763 4155 et

2188 4214 2251 4252 ex
2280 4197 2725 4252 ιιιιιι‹ιΛιΙιιιιι.ιειὶ
2766 4198 2830 4252 ad
2876 4196 3267 4253 Antiocheiises
3315 4200 3649 4269 perspicuum
3676 4203 3758 4260 est,

2183 4292 2293 4363 jam
2319 4293 2385 4347 ab
2406 4308 2547 4345 anno
2575 4293 2763 4347 saltem
2788 4291 2892 4346 5ης).
2913 4293 3204 4357 exstitisse,
3223 4293 3311 4362 qui
3331 4291 3600 4347 Nic-mnam
3629 4290 3759 4345 fidem

2189 4386 2474 4441 admittere
2496 4401 2555 4441 se
2580 4387 2917 4451 simulantes,
2949 4386 3205 4456 Spiritum
3229 4397 3478 4442 sanctum
3502 4402 3609 4442 rem
3637 4400 3762 4441 crea-

2191 4490 2297 4536 tam
2329 4481 2679 4537 alfirmarciit.
2711 4487 2881 4550 Quam
2912 4483 2984 4539 ob
3003 4498 3220 4539 causam
3245 4482 3604 4537 Alexandrina
3626 4493 3762 4553 syno-

486 4573 747 4637 libcllnm,
783 4576 873 4644 qui
898 4586 949 4631 et
973 4591 1137 4646 panes
1161 4593 1257 4632 nos
1285 4589 1389 4642 est,
1416 4578 1467 4633 in
1492 4594 1597 4648 quo
1618 4579 1807 4635 eadem
1834 4580 1919 4634 illa
1950 4579 2083 4635 fides
2113 4567 2160 4627 υ
2187 4576 2286 4632 diis
2310 4576 2589 4632 inlaudato
2619 4586 2764 4632 tonio
2797 4595 2848 4631 ii.
2879 4580 2934 4643 5,
2954 4576 3144 4649 legatis
3171 4580 3283 4631 suis
3314 4578 3636 4633 tntiocbiain
3658 4573 3761 4628 inis-

487 4666 733 4720 liabeltir.
776 4686 795 4719 ι
828 4668 1032 4735 Quibus
1072 4669 1257 4725 verbis
1294 4669 1524 4725 Basilius
1562 4681 1617 4727 et
1648 4672 1885 4726 libellum
1929 4688 2081 4728 com-

487 4773 774 4828 memorat,
800 4780 960 4832 qucm
995 4765 1239 4821 Liberius
1265 4767 1333 4820 ab
1357 4767 1639 4822 Eiistathio
1665 4778 1714 4821 et
1756 4769 1917 4823 sociis
1952 4784 2082 4823 exe-

484 4855 580 4927 git,
615 4864 668 4909 et
696 4856 898 4909 litieras
918 4872 1052 4926 quas
1086 4859 1282 4913 exinde
1327 4859 1434 4914 illis
1463 4859 1528 4914 ad
1569 4860 1871 4915 Orientales
1902 4860 2082 4931 pet-fe-

485 4949 681 5003 rendas
721 4948 861 5003 idem
918 4950 1159 5018 pontifex
1203 4951 1370 5019 dedit,
1412 4954 1608 5023 quibus
1660 4954 1907 5008 nimirum
1941 4970 2083 5026 pra:-

485 5041 661 5096 dictus
717 5041 928 5096 libellus
981 5043 1420 5100 subnectebaiur.
1464 5047 1630 5103 Simul
1680 5060 1842 5103 ctiam
1900 5049 2081 5117 tradit,

485 5133 693 5188 litteras
717 5134 835 5189 illas
864 5134 1134 5207 Tyaneiisi
1167 5137 1375 5208 synodo
1417 5139 1527 5202 ipsa
1573 5140 1834 5195 Eiistatliii
1880 5158 1947 5197 ac
1992 5159 2082 5195 so-

486 5232 693 5287 ciorum
735 5247 893 5285 manu
937 5230 1101 5285 fuisse
1140 5230 1394 5285 redditas.
1425 5230 1557 5286 Cum
1588 5234 1749 5304 igitur
1792 5236 1842 5289 iii
1887 5234 1968 5288 his
1998 5234 2086 5290 Li-

488 5323 691 5388 berius,
728 5338 831 5392 qua
871 5323 1182 5379 conditione
1228 5322 1295 5378 ad
1342 5326 1776 5381 cciiiniunionein
1821 5328 2088 5382 admissus

487 5420 581 5486 sit,
620 5430 806 5483 aperte
837 5431 1101 5489 eitponat;
1136 5420 1349 5489 planum
1382 5429 1467 5475 est
1508 5419 1783 5485 Basiliuiii,
1816 5439 1937 5476 eum
1969 5422 2085 5492 epi-

489 5512 683 5567 Stolam
716 5511 783 5567 74
816 5512 1096 5579 scriberet,
1144 5512 1444 5586 'l‘yaiiensis
1485 5513 1673 5585 synodi
1708 5525 1859 5583 gesm
1895 5531 1959 5570 ex
2004 5517 2088 5569 iii-

492 5622 647 5665 cerlo
676 5610 934 5664 duntaxat
971 5627 1186 5667 rumore
1222 5613 1512 5675 didicisse;
1561 5612 1802 5677 adeoque
1848 5613 1949 5668 levi
1994 5613 2091 5668 ad-

494 5704 712 5758 modum
756 5719 817 5757 ae
846 5703 989 5758 labiii
1025 5703 1371 5761 fundamento
1403 5708 1498 5762 niti
1528 5722 1640 5773 eos,
1670 5706 1763 5778 qui
1798 5723 1903 5761 uno
1933 5706 2091 5777 hujus

494 5798 737 5867 epistola:
761 5796 923 5852 allato
945 5796 1062 5852 loco
1094 5800 1235 5864 freti,
1261 5800 1544 5869 epiStolatii
1570 5803 1727 5858 aliam
1752 5803 2083 5872 desiderant,

2190 4673 2264 4725 sis
2288 4673 2638 4739 praescribens
2667 4672 2860 4743 q'iibus
2892 4687 2990 4741 pax
3022 4672 3196 4725 danda
3224 4671 3421 4737 fuerat,
3458 4671 3573 4726 lia-c
3606 4665 3758 4740 pracci-

2189 4766 2264 4836 pit
2297 4783 2310 4819 :
2347 4784 2365 4817 i
2396 4766 2535 4820 Nihil
2559 4765 2787 4835 amplius
2809 4766 2996 4819 abillis
3024 4765 3273 4835 exigatis,
3297 4781 3455 4833 quam
3478 4775 3531 4819 ιιι
3553 4765 3756 4815 ariaiiani

2190 4857 2436 4912 lia-resiiii
2489 4857 2831 4914 anathemate
2885 4858 3172 4923 damnent,
3207 4857 3473 4927 fidemque
3516 4872 3546 4911 a
3588 4852 3758 4911 sanctis

2191 4955 2432 5024 patrihus
2455 4953 2648 5009 Nicaea:
2687 4955 3075 5025 promulgatam
3118 4955 3470 5024 profiteantur
3497 4971 3510 5006 :
3537 4952 3759 5007 condent-

2191 5058 2319 5102 nent
2350 5048 2474 5101 item
2503 5063 2616 5111 eos,
2643 5050 2730 5118 qui
2760 5047 3018 5119 Spiritum
3050 5057 3295 5101 sanctum
3330 5047 3595 5101 affirmant
3634 5056 3758 5099 crea-

2192 5150 2363 5197 turam
2393 5157 2534 5207 esse,
2565 5149 2620 5197 ct
2663 5160 2689 5193 a
2735 5141 2933 5197 Chi-isti
2988 5141 3286 5196 substantia
3333 5135 3755 5195 divisum...Nam

2188 5237 2276 5309 qui
2305 5236 2558 5290 simulant
2584 5235 2800 5307 quidem
2833 5250 2891 5291 se
2915 5236 3181 5291 Nicariiaiu
3212 5234 3369 5290 fidem
3416 5233 3662 5305 profiteri,
3694 5238 3759 5282 a3-

2193 5347 2298 5402 que
2346 5332 2550 5386 interea
2592 5341 2775 5385 contra
2827 5332 3083 5402 Spiritum
3126 5338 3370 5383 sanctum
3416 5327 3755 5397 blasphemaie

2197 5442 2305 5482 non
2333 5425 2601 5489 dubitant,
2634 5423 2765 5478 iiiliil
2803 5426 2946 5479 aliud
2983 5431 3238 5490 praestant
3286 5438 3443 5492 quam
3475 5416 3611 5475 unod
3634 5413 3754 5470 aria.

2195 5539 2318 5578 nam
2349 5521 2597 5577 lia'rcsim
2625 5519 2797 5576 \erbi~
2826 5520 3043 5590 quidem
3076 5526 3289 5587 negant,
3318 5515 3497 5569 a~imo
3523 5521 3683 5566 autem
3713 5511 3755 5556 et

2196 5618 2459 5673 sententia
2489 5617 2743 5672 re'iiient.
2784 5634 2802 5667 ι
2830 5613 3090 5683 Quocirca
3132 5614 3183 5667 in
3211 5610 3318 5666 [itte
3353 5621 3477 5665 tonii
3511 5607 3757 5677 problem

2196 5708 2451 5765 Paulinus
2485 5727 2498 5763 :
2532 5729 2550 5761 ι
2587 5708 2943 5764 Anatheinate
2988 5705 3186 5759 damno
3230 5719 3347 5769 eos,
3376 5701 3463 5773 qui
3511 5699 3659 5753 lidcin
3682 5692 3757 5747 Ni-

2196 5818 2324 5860 Ca-ac
2357 5806 2745 5876 promulgatam
2773 5801 3127 5873 rilipeiidunt,
3157 5808 3214 5856 et
3238 5800 3328 5870 qui
3357 5804 3550 5869 negant
3588 5788 3753 5847 Filium
