4010 6306
523 189 658 256 1387

1898 201 2214 266 LIBERIUS
2251 207 2448 266 ΡΑΡΑ.

3654 201 3762 293 ista

827 369 832 374 ’
1871 431 2508 521 APPENDIX.

1652 565 1940 640 GESTA
1994 572 2357 644 LIBERI]
2411 583 2695 648 PAPJE.

853 771 1142 816 ADIONI‘UO
1173 775 1225 815 IN
1253 774 1423 818 GESTA
1455 776 1777 830 SEQUENTIA.

985 851 1167 913 (Const.
1190 853 1436 919 Anterth
1463 871 1511 919 p.
1548 858 1654 924 87.)

592 932 634 998 ι.
687 932 932 991 Silvestri
964 938 1462 1008 pseudoconstituto
1500 943 1551 997 in
1593 945 1763 1002 veteri
1801 947 2122 1010 collectione

520 1023 938 1097 Langobardicis
985 1030 1176 1086 litteris
1221 1043 1437 1088 exarata
1475 1037 1720 1106 proxime
1761 1040 2122 1108 subjiciuntur

519 1114 682 1174 Gesta
727 1119 1129 1192 subsequentia.
1166 1124 1361 1180 Eorum
1408 1127 1597 1184 artifex
1639 1146 1760 1189 sese
1799 1135 1867 1190 ab
1895 1137 2123 1194 exordio

518 1209 834 1268 mendacem
855 1215 1032 1282 prodit
1058 1226 1216 1286 atque
1231 1217 1560 1288 imperitum,
1587 1223 1676 1278 ubi
1709 1225 2084 1295 imperatorem
2102 1271 2117 1298 ,

517 1303 610 1373 qui
638 1303 853 1360 Liberio
875 1306 1130 1376 pontifice
1156 1308 1340 1365 Romte
1365 1312 1642 1382 regnabat,
1671 1330 1774 1370 non
1801 1319 1962 1376 modo
1981 1318 2122 1375 Con-

514 1401 810 1455 stautinum
833 1442 846 1467 ,
890 1401 1269 1471 Constantem,
1302 1405 1783 1481 Constantiumque
1815 1413 2122 1482 promiscue

515 1503 711 1557 vocat,
749 1493 844 1549 sed
883 1505 938 1550 et
977 1511 1100 1551 eum
1135 1499 1373 1568 appellat
1407 1519 1426 1552 t
1457 1501 1793 1558 Constantini
1825 1505 1998 1577 Magni
2027 1524 2122 1564 ne-

513 1595 717 1663 potem,
752 1605 774 1640 ι
815 1604 938 1646 cum
968 1589 1309 1661 imperatoris
1341 1592 1498 1665 hujus
1541 1595 1706 1652 filium
1745 1595 2119 1662 Constantium

515 1661 643 1740 tunc
666 1682 851 1738 Reum
884 1685 1178 1756 imperasse
1205 1699 1438 1744 coiistet.
1472 1689 1678 1747 Deinde
1707 1694 1851 1763 quod
1882 1694 1951 1751 de
1981 1693 2122 1750 Con-

513 1777 739 1831 stantini
793 1777 939 1848 lepra
996 1781 1222 1850 ejusque
1274 1781 1541 1852 baptismo
1578 1784 1630 1838 in
1682 1785 1928 1842 Silvestri
1973 1805 2120 1859 papae

512 1867 666 1924 falsis
707 1871 876 1941 gestis
938 1888 1000 1926 ac
1048 1875 1549 1944 pseudoconstituto
1599 1878 1854 1956 fingitur,
1902 1883 2116 1952 repetit.

513 1961 670 2028 Quod
694 1973 876 2018 autem
910 1965 1175 2020 Eusebius
1201 1965 1552 2024 Ctesariensis
1578 1973 1863 2041 episcopus
1887 1971 1954 2028 de
1980 1974 2122 2029 Con-

512 2058 738 2118 stantini
768 2059 942 2130 Magni
969 2061 1239 2132 baptismo
1279 2062 1604 2120 Nicomeditc
1631 2066 1698 2120 ab
1735 2065 1970 2122 Eusebio
1990 2067 2119 2124 civi-

512 2150 640 2206 tatis
679 2150 838 2222 bujus
875 2154 1108 2223 prtesnle
1144 2162 1394 2226 suscepto
1442 2157 1622 2223 tradit,
1654 2160 1722 2214 de
1754 2159 1924 2216 fictitii
1961 2160 2118 2233 hujus

513 2245 726 2312 nepotis
750 2245 1016 2316 baptismo
1052 2248 1252 2304 stolide
1279 2253 1687 2322 interpretatur.
1725 2251 1912 2325 Neque
1940 2258 2119 2313 minus

511 2333 650 2392 falso
678 2335 989 2400 bterctieam
1027 2340 1095 2394 de
1140 2342 1380 2412 pluribus
1430 2343 1609 2400 Mariae
1641 2346 1767 2402 filiis
1807 2349 2117 2418 opinionem

510 2427 829 2485 Constantio
879 2433 1143 2487 attribuit.
1182 2437 1311 2501 Quis
1337 2452 1464 2492 vero
1488 2454 1610 2492 eum
1639 2441 1864 2510 turpiter
1891 2443 2116 2498 halluci-

511 2521 632 2578 ιωιί
660 2535 766 2582 non
793 2525 1018 2586 sentiat,
1053 2526 1140 2581 ubi
1168 2528 1316 2582 exilii
1346 2529 1540 2584 Liberii
1574 2533 1652 2585 vel
1681 2548 1895 2589 causam
1925 2536 2007 2590 vel
2038 2536 2114 2590 lo-

512 2629 638 2670 cum
681 2618 940 2686 exponit?
985 2617 1230 2676 Liberius
1274 2623 1418 2677 enim
1447 2639 1475 2676 a
1515 2625 1829 2682 Constantio
1860 2644 1965 2684 non
1998 2631 2118 2688 ideo

511 2707 783 2779 relegatus
813 2718 915 2775 est,
947 2713 1074 2782 quia
1100 2727 1223 2768 eum
1251 2714 1505 2771 deriserit
1529 2727 1622 2773 aut
1646 2722 1936 2788 aceusarit,
1963 2724 2120 2794 eique

513 2799 742 2866 dixerit:
773 2822 792 2853 ι
828 2801 946 2856 Non
977 2804 1082 2858 eiii.
1106 2813 1254 2858 tuum
1285 2822 1530 2878 regnum,
1563 2812 1687 2880 quia
1711 2829 1814 2866 non
1837 2815 1992 2869 times
2015 2815 2120 2871 Do-

510 2893 753 2961 minum;
788 2914 808 2946 ι
841 2895 935 2950 sed
961 2898 1086 2967 quia
1110 2889 1388 2954 Athanasii
1419 2901 1752 2960 damnationi
1776 2907 2118 2970 subscribere

511 2987 768 3048 noluerit.
816 2988 960 3042 lstud
989 3006 1205 3062 quoque
1245 2993 1455 3062 ignorat
1484 3011 1645 3052 nemo
1669 3041 1682 3064 ,
1727 3001 1975 3057 eumdem
2009 3019 2115 3060 non

509 3076 713 3138 Nectite
753 3081 806 3136 in
831 3084 1147 3137 cosmeterio
1176 3085 1345 3140 tribus
1377 3095 1582 3142 tantum
1616 3091 1852 3147 millibus
1879 3094 1946 3150 ab
1973 3094 2116 3152 Urbe

511 3170 752 3239 distanti,
785 3174 878 3229 sed
912 3175 1117 3230 Bertete
1147 3177 1204 3230 in
1229 3177 1382 3248 Syria
1415 3181 1682 3238 exulasse.
1717 3184 1985 3243 Praeterea
2036 3188 2116 3245 sic

511 3279 636 3324 eum
663 3265 721 3318 in-
755 3265 857 3328 hoc
885 3269 1198 3323 cmmeterio
1227 3281 1471 3340 agentem
1503 3274 1737 3342 inducit,
1770 3281 1921 3348 quasi
1969 3281 2111 3336 Feli-

510 3372 630 3414 cem
679 3356 797 3414 loco
843 3358 959 3428 ejus
988 3360 1334 3431 subrogatum
1383 3367 1609 3420 nesciat.
1661 3369 1946 3427 Damasum
1985 3387 2115 3429 vero

512 3460 664 3520 tum,
705 3467 830 3510 cum
879 3453 1124 3512 Liberius
1173 3454 1226 3508 in
1271 3457 1490 3512 exilium
1529 3461 1694 3530 abiit,
1741 3468 2111 3538 presbyterum

515 3545 700 3609 fuisse.
759 3557 920 3616 atque
949 3564 978 3600 a
1010 3547 1246 3615 Liberio,
1281 3552 1588 3623 priusquam
1618 3555 1786 3612 Roma
1815 3561 2007 3627 exiret,
2037 3561 2089 3616 vi
2141 3570 2185 3634 (ζ
2222 3545 2634 3648 prsccesserunt,
2669 3576 2768 3632 hac
2793 3580 3002 3650 synodo
3032 3586 3336 3652 posteriora

511 3639 715 3696 cariem
751 3654 904 3695 suum
934 3653 1171 3697 creatum
1201 3659 1320 3699 esse
1345 3648 1635 3714 mentitur;
1667 3654 1915 3722 quamvis
1964 3655 2113 3710 illum

514 3743 642 3794 tunc
667 3745 872 3790 tantum
902 3737 1210 3805 diaconum,
1245 3749 1406 3811 atque
1439 3741 1636 3799 Liberii
1675 3747 1924 3802 abeuntis
1952 3749 2119 3804 comi-

515 3835 626 3886 letn
656 3829 904 3884 extitisse
931 3831 1271 3897 exploratum
1314 3833 1386 3888 sit
1429 3849 1493 3890 ex
1537 3835 1828 3893 Marcellini
1857 3853 1909 3896 et
1952 3841 2119 3898 Faus-

512 3922 611 3980 tiini
661 3923 728 3977 ad
783 3923 1134 3994 imperatores
1166 3925 1618 3999 Valentinianum,
1661 3933 2024 3992 Theodosium
2064 3949 2118 3994 et

510 4013 802 4072 Arcadium
849 4015 1114 4084 precibus.
1161 4015 1236 4071 lbi
1286 4019 1454 4088 enim,
1503 4039 1619 4094 pag.
1668 4025 1723 4090 2,
1774 4027 1952 4099 legere
1977 4040 2061 4087 est
2103 4050 2114 4086 :

518 4106 701 4169 sCum
755 4107 970 4164 Liberio
1011 4111 1274 4169 utinasus
1317 4115 1433 4185 ejus
1477 4117 1740 4174 diaconus
1791 4137 1852 4178 se
1899 4125 2120 4183 simulat

511 4200 783 4269 proﬁcisci
812 4218 823 4252 :
858 4201 1000 4257 unde
1024 4203 1236 4274 fugiens
1267 4206 1336 4261 de
1377 4208 1568 4264 itinere
1599 4211 1825 4268 Romam
1868 4216 2048 4272 rediit.
2094 4239 2113 4272 ι

515 4291 664 4360 sane
700 4308 808 4350 non
861 4295 1238 4364 proficiscendi
1281 4310 1375 4354 aut
1420 4302 1611 4359 saltem
1653 4307 1814 4361 citius
1856 4309 2119 4367 redeundi

513 4383 754 4455 legitima
799 4387 847 4440 ei
893 4391 1162 4444 extitisset
1202 4407 1386 4456 causa,
1431 4395 1486 4448 si
1527 4395 1727 4460 Liberii
1775 4402 2009 4458 vicarius
2051 4405 2120 4461 ab

512 4474 747 4546 ipsemet
776 4479 1051 4536 institutus
1077 4481 1286 4538 fuisset.
1313 4485 1419 4540 Sed
1444 4496 1498 4541 ct
1521 4489 1665 4544 aliud
1692 4495 1914 4548 omnino
1936 4511 2115 4566 sonat,

513 4572 657 4641 quod
704 4574 754 4626 in
808 4575 998 4630 iisdem
1044 4579 1295 4648 precibus
1336 4583 1517 4635 statim
1568 4585 1945 4646 subnectitur:
1985 4610 2003 4644 t
2042 4592 2119 4647 Eo

514 4665 625 4729 die,
659 4682 765 4744 quo
794 4667 1038 4725 Liberius
1079 4673 1145 4725 ad
1177 4673 1398 4729 exilium
1442 4679 1906 4746 proficiscebatur.
1939 4687 2122 4742 clerus

516 4761 717 4826 omnis.
751 4762 800 4814 id
831 4772 916 4818 cst
953 4767 1280 4836 presbyteri,
1324 4779 1380 4824 et
1402 4772 1820 4832 archidiaconus
1859 4779 2035 4849 Felix,
2066 4793 2120 4838 et

514 4852 635 4924 ipse
670 4855 928 4911 Damasus
969 4860 1300 4917 diaconus...
1345 4866 1444 4920 sub
1483 4866 1840 4937 jurejurando
1871 4875 2118 4930 firmave—

514 4958 642 5003 runt
662 4964 742 5014 se,
761 4949 1222 5021 viventeLiberio,
1245 4958 1550 5026 pontificem
1570 4965 1798 5021 alterum
1820 4968 2129 5028 nullatenus
2153 4969 2206 5029 D

515 5041 814 5102 habituros.
848 5045 952 5100 Sed
983 5044 1164 5101 clerus
1188 5062 1374 5105 contra
1404 5052 1556 5109 fas...
1592 5055 1824 5116 Felicem
1851 5064 2120 5119 archidia-

515 5149 712 5196 eouum
760 5138 1067 5196 ordinatum
1113 5139 1170 5194 in
1214 5141 1388 5197 locum
1433 5146 1630 5204 Liberii
1679 5167 2055 5226 susceperunt.
2097 5178 2115 5212 i

517 5225 650 5282 Tam
683 5234 884 5301 apertis
911 5242 1092 5288 autem
1124 5237 1420 5293 mendaciis
1453 5242 1750 5301 refutandis
1779 5225 1977 5308 diutius
2015 5255 2117 5316 int-

517 5322 715 5376 morari
749 5323 911 5382 undet
939 5345 950 5379 :
977 5329 1275 5404 praesertim
1307 5347 1427 5386 cum
1453 5344 1649 5394 cutura
1676 5341 1760 5395 vel
1806 5343 1997 5402 fabulis
2026 5366 2119 5420 pa.

517 5413 651 5468 riter
695 5426 966 5484 constent,
1014 5421 1096 5475 vel
1146 5422 1310 5492 gestis
1359 5439 1644 5496 perperam
1685 5434 1995 5506 intellectis,
2026 5413 2116 5499 vel

520 5517 852 5576 pricpostere
883 5511 1085 5566 relatis.

594 5605 658 5662 ll.
693 5608 897 5665 llorum
925 5623 1199 5682 gestorum
1253 5619 1607 5679 architectum
1639 5627 1708 5682 ab
1738 5643 1803 5683 eo
1834 5631 1924 5702 qui
1955 5650 2118 5706 supe-

517 5700 658 5758 riora
692 5701 983 5758 Marcellini
1011 5717 1158 5776 ge~ta
1192 5719 1244 5764 et
1273 5711 1518 5772 Silvestri
1555 5700 2111 5789 pseudoconstitutum

2147 777 2202 839 A
2225 781 2505 850 confinxit,
2533 801 2642 842 non
2670 789 2834 846 alium
2859 807 2980 849 esse
3006 798 3370 868 suspicamur;
3395 802 3548 876 idque
3567 805 3767 877 suadent,

2224 887 2346 928 cum
2378 875 2527 933 locus
2555 894 2718 949 quem
2746 885 2800 940 in
2836 889 3239 960 exemplaribus
3268 910 3427 952 manu
3467 902 3676 956 exaratis
3698 904 3769 957 ob-

2228 965 2420 1033 tinent,
2468 979 2580 1027 tum
2630 973 2858 1032 barbara
2907 980 3158 1052 loquendi
3205 988 3358 1053 ratio,
3392 993 3621 1060 quamvis
3646 995 3769 1063 paulo

2227 1061 2586 1130 tolerabilior,
2619 1076 2728 1123 tum
2776 1071 2939 1127 etiam
2996 1075 3050 1129 in
3103 1079 3473 1150 excogitandis
3531 1061 3771 1142 mendaciis

2225 1152 2496 1224 imperitia
2536 1173 2648 1228 par,
2679 1168 2736 1216 et
2760 1163 2812 1217 in
2845 1165 2909 1220 iis
2938 1169 3274 1236 proferendis
3301 1174 3519 1244 aequalis
3545 1178 3773 1247 impuden-

2226 1245 2318 1300 tia.
2351 1247 2616 1317 Quocirca
2646 1265 2700 1311 et
2739 1272 2801 1312 ea
2847 1261 3117 1328 praedictis
3148 1265 3442 1338 adjungere
3488 1245 3658 1328 inutile
3692 1290 3771 1329 non

2224 1339 2347 1395 erit.
2381 1341 2465 1398 Ad
2492 1345 2592 1402 hoe
2631 1359 2779 1405 certe
2808 1354 3111 1422 proficient,
3147 1366 3204 1414 ut
3251 1361 3395 1417 unde
3441 1362 3555 1418 vitae
3603 1364 3772 1422 Damasi

2225 1445 2257 1488 e
2295 1449 2396 1488 ms.
2447 1435 2638 1494 codice
2665 1442 2868 1498 arebivi
2916 1446 3312 1507 Canonicorum
3343 1452 3404 1509 S.
3434 1453 3569 1510 Petri
3595 1473 3622 1512 a
3662 1457 3772 1514 Con-

2223 1526 2462 1582 stantino
2489 1529 2749 1600 Cajetano
2776 1536 2970 1595 abbate
2999 1545 3304 1616 exscriptm,
3353 1557 3408 1602 et
3433 1546 3635 1605 Parisiis
3666 1567 3774 1607 anno

2228 1617 2368 1676 1672
2395 1623 2536 1690 apud
2567 1625 2701 1682 Lud.
2756 1628 2986 1688 Billaine
3012 1649 3134 1690 cum
3165 1640 3377 1696 caeteris
3428 1639 3625 1698 Damasi
3656 1659 3772 1715 papa

2225 1713 2503 1782 operibus,
2541 1732 2596 1788 p.
2632 1719 2724 1785 21,
2750 1737 2962 1781 excusat
2995 1728 3141 1784 initia
3169 1741 3383 1803 sumpta
3423 1735 3546 1802 sint,
3575 1713 3778 1807 comper-

2227 1810 2338 1858 tum
2369 1805 2650 1865 habeatur.
2685 1811 2851 1883 Hujus
2901 1818 3098 1889 quippe
3129 1823 3251 1878 vita:
3294 1826 3548 1897 scriptor,
3577 1805 3775 1899 quamvis

2225 1913 2326 1954 nec
2353 1906 2621 1962 sermonis
2647 1922 2747 1963 nec
2787 1911 3105 1970 eruditionis
3135 1920 3356 1974 omnino
3387 1935 3602 1992 expers,
3630 1924 3775 1996 negari

2226 2003 2404 2052 tatiien
2434 2001 2640 2069 nequit,
2669 2013 2942 2072 gestorum
2977 2008 3193 2066 illorum
3218 2013 3380 2069 dictis
3419 2031 3520 2071 non
3560 2017 3674 2073 satis
3698 2018 3776 2074 cir-

2222 2100 2536 2159 cumspecte
2582 2094 2893 2154 adhzesisse.
2931 2101 3090 2158 Plura
3132 2105 3348 2174 quidem
3407 2111 3673 2182 castigavit
3707 2112 3777 2167 ab-

2223 2180 2386 2236 surda
2415 2191 2472 2240 et
2509 2184 2744 2255 absona;
2778 2194 3038 2250 nonnulla
3070 2211 3307 2268 quoque,
3339 2201 3411 2254 ab
3443 2180 3673 2259 historica
3706 2221 3776 2260 ve-

2224 2282 2385 2340 ritate
2412 2281 2780 2351 abhorrentia,
2813 2288 2878 2342 ad
2909 2289 3025 2359 ejus
3069 2308 3314 2350 normam
3361 2301 3664 2353 revocavit:
3705 2297 3775 2354 sed

2221 2387 2329 2426 non
2364 2373 2434 2427 ita
2461 2378 2695 2432 correxit
2733 2382 2912 2436 omnia
2963 2394 3020 2438 ut
3061 2386 3190 2440 nihil
3230 2389 3603 2460 corrigendum
3646 2390 3774 2447 relin-

2220 2477 2429 2534 queret.
2463 2467 2578 2523 Nou
2607 2471 2752 2526 enim
2779 2475 3088 2532 emendavit
3114 2479 3258 2547 quod
3288 2481 3342 2534 in
3375 2481 3460 2537 his
3480 2483 3608 2538 actis
3633 2485 3691 2538 de
3713 2482 3777 2537 Li-

2219 2555 2356 2614 berii
2388 2559 2552 2612 exilio
2583 2559 2639 2614 in
2669 2566 2986 2620 cmeterio
3008 2565 3214 2623 Nectite
3245 2571 3407 2625 tertio
3435 2573 3503 2627 ab
3532 2571 3660 2629 Urbe
3687 2572 3775 2628 mil-

2218 2643 2375 2706 liario
2401 2647 2622 2705 distanti
2643 2651 2856 2722 legitur.
2879 2656 3204 2727 thuantvis
3228 2659 3469 2718 Felicem
3488 2666 3532 2718 ei
3563 2664 3775 2732 subroga-

2227 2747 2336 2792 tum
2353 2755 2472 2796 esse
2491 2757 2595 2796 non
2616 2747 2893 2811 taceat,sic
2907 2757 3086 2804 tamen
3101 2763 3458 2820 repraesentat
3471 2754 3778 2821 Liberium,ut

2217 2832 2306 2903 qui
2339 2833 2563 2890 Damaso
2577 2835 2720 2892 vices
2740 2843 3043 2897 committat
3069 2859 3293 2917 suas,lac
3314 2847 3575 2904 subinde:
3603 2864 3777 2905 temnes

2217 2927 2468 2987 catholici
2489 2931 2688 2998 gradus
2707 2933 3106 2992 ecclesiasticos
3132 2955 3153 2990 ι
3180 2938 3247 2992 ad
3269 2954 3330 2994 se
3349 2951 3626 3007 convocet,
3646 2941 3778 3013 iisque

2220 3021 2576 3086 priesentibus
2621 3022 2947 3094 baptismum
2975 3030 3162 3085 multis
3186 3031 3435 3090 millibus
3474 3036 3630 3090 semel
3655 3044 3780 3089 etse-

2216 3110 2394 3164 cuudo
2425 3113 2687 3169 Conferat.
2721 3116 2978 3174 Mittimus
3016 3123 3268 3178 eumdem
3297 3126 3615 3196 scriptorem
3660 3125 3779 3182 Luci-

2219 3200 2316 3256 feri
2369 3207 2608 3276 episcopi
2657 3203 2973 3279 Calaritani,
3009 3213 3278 3270 Pancratii
3323 3229 3491 3288 atque
3532 3219 3696 3274 Hilarii
3730 3218 3778 3274 atl

2217 3288 2591 3351 Constantium
2620 3298 2938 3368 legationem
2964 3343 2980 3368 ,
3013 3320 3112 3360 nec
3144 3323 3249 3362 non
3281 3307 3527 3377 ejusdem
3555 3310 3777 3373 Luciferi,

2219 3381 2440 3442 Eusebii
2489 3387 2891 3460 Vercellensis,
2945 3407 3109 3466 atque
3166 3399 3331 3471 ipsius
3381 3401 3586 3459 Libet-ii
3633 3403 3774 3464 exilit,

2217 3493 2336 3554 quae
2366 3482 2651 3538 concilium
2699 3485 3028 3544 arimineuse
3073 3491 3240 3548 tribus
3278 3497 3366 3552 vel
3415 3510 3640 3568 quatuor
3659 3495 3777 3550 ansis

2235 3589 2634 3648 irwcesserunt,
2669 3589 2768 3632 uae
2793 3589 3002 3650 synodo
3032 3589 3336 3652 posteriora
3377 3590 3686 3655 credidisse;
3707 3589 3778 3643 Βί-

2219 3660 2409 3717 larium
2457 3665 2837 3736 pietaviensem
2900 3675 3218 3748 episcopum
3278 3695 3411 3738 etu-
3467 3683 3656 3739 literis
3695 3682 3778 3738 dia-

2221 3769 2383 3821 cono,
2407 3760 2495 3827 qni
2529 3759 2870 3820 Lucil'et'iano
2897 3771 3176 3827 schismati
3202 3774 3457 3845 adiuuit,
3480 3777 3776 3839 eminuere.

2219 3857 2273 3903 et
2303 3849 2406 3903 alia
2437 3854 2632 3909 similia
2660 3855 2729 3913 de
2758 3861 2954 3929 quibus
2996 3865 3158 3933 plura
3177 3867 3454 3926 disserere
3484 3885 3590 3927 non
3613 3880 3682 3926 est
3705 3869 3778 3924 iu-

2216 3938 2304 4009 jus
2335 3943 2457 3998 loci.
2490 3943 2588 4000 llic
2616 3962 2908 4008 annotasse
2934 3956 3067 4012 satis
3091 3958 3198 4025 sit,
3217 3963 3544 4032 scriptorem
3566 3964 3696 4022 illam
3716 3963 3777 4016 his

2221 4034 2423 4106 gestis,
2468 4054 2590 4108 qua:
2636 4042 2845 4099 meliori
2892 4045 3066 4104 forma
3109 4054 3423 4122 exprimere
3453 4066 3664 4114 senatus
3685 4065 3774 4121 est,

2221 4127 2512 4186 nianifeste
2544 4139 2900 4196 recentiorem
2933 4157 3220 4213 apparere.

2433 4242 2779 4306 lNClPHJNT
2819 4249 3044 4310 GESTA
3083 4256 3345 4315 LIBERI!
3380 4261 3605 4320 ΡΑΡΕ.

2773 4343 3032 4407 (Indidem
3053 4384 3069 4410 ,
3091 4363 3143 4414 ρ.
3168 4352 3276 4416 89.)

2299 4420 2348 4473 l.
2387 4417 2539 4474 Fidei
2578 4427 2855 4494 confessio.
2887 4458 2938 4468 --
2981 4432 3142 4490 Anno
3183 4439 3344 4507 regni
3375 4435 3692 4498 Constantini
3717 4436 3778 4513 (Ι)

2224 4511 2366 4580 regis
2398 4517 2611 4583 nepotis
2641 4517 2977 4578 Constantini
3010 4529 3190 4598 magni
3221 4529 3321 4585 viri
3351 4545 3472 4589 erat
3498 4536 3691 4606 quidam
3716 4511 3779 4587 sa-

2221 4606 2414 4661 cerdos
2461 4607 2625 4666 Urbis
2668 4616 2885 4672 nomine
2930 4619 3217 4692 Liberius,
3263 4627 3385 4695 pius
3423 4629 3610 4699 przesul
3637 4627 3779 4685 Chris-

2225 4707 2335 4753 tum
2383 4702 2713 4770 praedicans,
2756 4707 2894 4764 sicut
2923 4721 2976 4767 et
3003 4713 3195 4772 doctus
3223 4717 3398 4776 fuerat
3452 4739 3480 4776 a
3512 4722 3676 4780 Marco
3696 4720 3780 4789 epi-

2222 4805 2388 4864 sc0po
2415 4797 2561 4850 nrliis
2607 4796 2822 4869 Romae,
2874 4807 2964 4874 qui
3009 4824 3132 4864 eum
3165 4811 3438 4870 ordinavit
3463 4816 3715 4872 diaconum
3739 4813 3777 4864 in

2223 4886 2442 4942 civitate
2477 4889 2528 4942 in
2559 4895 2767 4961 gremio
2797 4895 3037 4956 basilica:
3077 4901 3572 4976 Constantinianm,
3609 4919 3777 4976 semper

2233 4980 2288 5035 in
2319 4981 2582 5039 Trinitate
2612 4985 2771 5054 fixus,
2803 4991 3012 5047 Patrem
3043 5006 3097 5050 et
3125 4996 3317 5054 Filium
3347 5013 3401 5056 et
3424 5000 3662 5073 Spiritum
3687 5013 3776 5054 san-

2227 5083 2372 5128 ctum
2405 5076 2727 5146 praedicans,
2760 5092 2816 5137 et
2850 5085 3114 5142 laudanst
3139 5090 3304 5148 Deum
3333 5092 3400 5149 de
3433 5094 3541 5150 Deo
3563 5106 3612 5150 et
3638 5093 3775 5146 lumen

2225 5165 2293 5230 de
2323 5166 2548 5236 lumine,
2581 5182 2749 5230 totum
2783 5191 2815 5231 a
2846 5188 2980 5244 toto,
3006 5180 3226 5250 plenum
3255 5199 3286 5239 a
3315 5185 3502 5256 pleno;
3533 5195 3772 5242 non'cm-

2225 5267 2371 5326 tum,
2421 5262 2518 5318 sed
2561 5268 2836 5335 genitum;
2889 5287 2996 5326 non
3046 5289 3114 5330 ex
3165 5278 3366 5344 nihilo,
3407 5279 3508 5338 sed
3539 5294 3604 5342 ex
3632 5276 3774 5346 Patre,

2298 5377 2565 5466 (ηριιηρ
2595 5383 2796 5464 Christi
2827 5387 2951 5466 5;).7,
2985 5395 3327 5448 consulatum
3358 5397 3522 5466 gessit
3548 5394 3619 5448 ΕΙ.
3651 5389 3771 5466 vale-

2223 5449 2338 5537 rius
2359 5449 2794 5537 '_C0ttrstantitius,
2833 5461 2908 5537 de
2941 5449 3086 5537 quo“
3107 5449 3628 5537 ‘dubitatu‘riquidem
3660 5461 3771 5516 Con-

2222 5524 2460 5576 stantino
2491 5527 2675 5602 frater,
2719 5544 2785 5583 an
2826 5524 3010 5588 fratris
3037 5535 3178 5591 filius
3205 5539 3398 5592 fuerit:
3439 5524 3528 5592 sed
3566 5538 3608 5591 is
3641 5544 3769 5602 regno

2221 5607 2510 5679 numquam
2545 5600 2745 5679 potitus
2774 5602 2996 5679 legitur:
3031 5621 3095 5660 ac
3123 5618 3330 5664 certum
3358 5619 3438 5664 est
3461 5610 3541 5673 id,
3569 5600 3767 5679 quodsi!

2218 5663 2453 5751 ‘EUS'C‘IIiO
2479 5663 2854 5751 de'rbaptisnto
2888 5672 3233 5751 Constantini
3274 5663 3443 5751 Magni
3479 5663 3766 5751 Nicdmsdiie

2217 5734 2473 5792 traditum
2506 5750 2609 5808 est,
2644 5758 2923 5814 perperam
2953 5747 3019 5803 ad
3047 5749 3190 5807 hunc
3219 5734 3680 5824 nepotem—referri.

2149 2184 2196 2245 B
