4010 6306
292 323 432 383 1595

1247 326 1571 386 CENSURA
1601 324 1961 384 EPISTOLIE
1997 325 2090 381 AD
2129 324 2583 399 ORIENTALES.

3450 328 3593 389 1598

288 456 437 507 rem,
469 442 678 510 respice
707 456 870 514 super
902 441 1112 498 vineam
1147 442 1304 497 istam
1324 485 1338 507 ,
1373 453 1428 499 ct
1467 442 1699 498 emunda
1731 443 1799 497 ab
1828 455 1892 496 ea
1922 442 1969 501 Α
1996 456 2187 497 omnes
2228 452 2491 512 paterent.
2521 463 2539 498 ι
2576 443 2709 515 Quis
2733 446 2878 502 enim
2909 444 3033 501 huic
3078 446 3361 501 calumniae
3403 445 3594 503 fuisset

288 532 474 601 Spiuas
501 542 558 590 et
587 534 845 601 tribulos,
878 546 932 591 et
962 536 1164 604 produc
1197 537 1446 605 palmites
1486 535 1604 606 ejus
1648 535 1700 589 iu
1742 534 1895 588 forti-

290 627 529 683 tudinem
550 671 565 696 ,
600 640 651 685 et
682 629 824 684 dona
853 630 934 683 eis
965 632 1196 684 fructum
1230 627 1476 684 veritatis
1505 644 1600 699 per
1631 627 1799 684 Deum
1839 632 1897 681 et

291 720 577 777 Dominum
607 730 850 778 nostrum
875 721 1059 778 Jesum
1083 720 1359 778 Christum
1381 730 1436 777 et
1458 721 1716 794 Spiritum
1739 735 1897 776 sanc-

291 823 401 869 tum
422 855 436 880 ,
469 815 561 884 qui
591 816 717 870 vivit
749 831 871 871 cum
905 816 1013 870 Deo
1041 815 1199 871 Patre
1225 816 1592 886 omnipotente
1621 830 1649 868 a
1679 815 1894 873 Steculis

291 915 346 963 et
371 922 518 962 nunc
547 918 602 962 et
630 924 801 980 usque
826 909 879 963 in
909 909 1104 964 stt-cola
1134 909 1476 964 sa-cnlornm.
1495 908 1589 965 iEt
1616 908 1897 979 respondit

291 1000 541 1055 universa
566 1000 750 1069 plebs:
781 1019 799 1053 ι
822 1000 1015 1056 Amen.
1031 1019 1051 1053 ι
1075 1002 1140 1056 lit
1169 1002 1494 1058 introierunt
1513 1001 1734 1055 sabbato
1760 1001 1898 1055 l’en-

293 1101 567 1162 tecosten,
598 1105 653 1149 et
684 1095 885 1166 placuit
914 1094 1129 1152 Liberio
1157 1093 1295 1151 fons.
1323 1104 1376 1149 et
1415 1096 1610 1165 gaudio
1653 1094 1898 1165 plorabat

292 1188 512 1242 omnino
545 1204 650 1243 non
691 1203 905 1257 amare,
947 1190 1039 1244 sed
1084 1192 1259 1243 lavum
1299 1189 1550 1244 omnibus
1590 1189 1892 1245 videbatur.

292 1281 374 1337 Ab
400 1282 530 1335 hora
553 1294 694 1335 notia
715 1281 1065 1337 eateehizavit
1082 1297 1292 1348 omnes,
1318 1294 1369 1336 et
1391 1283 1459 1337 ah
1478 1282 1609 1337 hora
1631 1283 1782 1353 quasi
1811 1281 1895 1357 (1)

287 1372 395 1444 jam
452 1372 518 1428 ad
572 1388 824 1429 occasum
885 1391 1054 1446 usque
1110 1376 1160 1430 in
1205 1375 1476 1432 Dontiuica
1538 1377 1896 1431 Pcutecosten

296 1482 400 1521 non
446 1470 682 1522 cessavit
727 1468 1021 1537 baptizare.
1070 1467 1219 1522 Multi
1262 1469 1406 1523 enim
1451 1467 1776 1539 urgebantur
1815 1467 1900 1541 (2)

295 1558 609 1631 baptizare:
660 1560 730 1613 ita
781 1569 838 1614 ut
889 1559 1226 1615 Dominicum
1277 1560 1634 1616 Pentecosteu
1689 1559 1899 1614 sabbati

293 1651 486 1707 Missas
516 1652 921 1708 celebrarentur
948 1652 1080 1708 hora
1110 1652 1261 1725 quasi
1290 1664 1502 1709 octava.
1546 1653 1611 1708 Et
1640 1652 1900 1722 baptizati

298 1755 425 1800 sunt
453 1747 745 1811 promiscui
777 1761 940 1801 sexus
970 1747 1081 1801 fere
1110 1756 1233 1802 octo
1261 1747 1426 1801 millia
1467 1747 1760 1819 octingenti
1799 1749 1896 1803 de-

1995 533 2166 601 lucus,
2188 534 2233 591 si
2259 534 2309 590 id
2338 536 2534 607 egisset
2569 554 2627 593 re
2654 554 2800 606 vi-ra,
2825 538 2966 609 quod
2999 541 3098 594 hac
3132 538 3359 610 epistola
3398 538 3591 594 fecisse

1997 636 2263 680 narratur.
2294 626 2436 684 Sane
2469 627 2624 699 hujus
2645 628 3087 697 PXDOSllllaIlOIIia
3135 629 3473 700 iniquitatem
3496 628 3594 685 de-

1996 728 2298 777 monstrare
2316 720 2368 776 in
2389 731 2635 792 promptu
2654 722 2836 779 fuisset
2853 723 3069 781 Liberio
3086 765 3103 791 ,
3120 728 3164 780 si
3187 722 3382 780 litteris
3401 720 3598 779 Orien-

1997 813 2181 869 talium
2212 824 2503 884 permotus,
2524 814 2747 871 Romam
2772 827 3017 872 vocasset
3038 815 3410 878 Athanasium.
3437 829 3594 871 eum-

1996 921 2102 977 que
2129 921 2248 961 mox
2277 922 2305 961 a
2332 909 2710 963 communione
2736 924 2831 965 sua
2879 919 3234 981 segregasset.
3281 907 3412 964 Inde
3439 907 3588 962 enim

1998 1007 2352 1068 sequeretur,
2405 1008 2459 1053 ut
2513 1015 2612 1055 nec
2653 1000 3080 1071 suppres~isset,
3140 1014 3239 1055 nec
3293 998 3597 1070 sprevisset

1998 1106 2185 1145 eorum
2230 1091 2456 1154 litteras,
2499 1093 2591 1146 sed
2636 1098 2923 1149 maximam
2971 1110 3156 1150 earum
3200 1094 3466 1149 rati-ruent
3495 1091 3593 1147 ba.

2001 1186 2221 1243 buisset.
2265 1185 2464 1242 Verum
2508 1188 2751 1243 Liberius
2787 1188 2887 1243 sibi
2935 1189 3191 1245 conscius
3234 1203 3264 1242 a
3306 1202 3366 1243 se
3405 1186 3595 1256 procul

1999 1293 2122 1332 esse
2153 1280 2289 1335 hanc
2317 1281 2547 1349 culpam,
2594 1289 2651 1336 ut
2679 1294 2771 1335 aut
2800 1288 3005 1337 temere
3040 1280 3325 1335 damnaret
3351 1278 3596 1334 Athana-
3674 1304 3681 1311 ·

2001 1372 2162 1437 tium,
2187 1385 2277 1429 aut
2304 1375 2508 1430 litteras
2533 1376 2635 1431 sibi
2660 1376 2728 1431 ab
2744 1374 3106 1432 Orientalibus
3122 1379 3351 1446 scriptas
3376 1375 3592 1446 suppri-

2003 1474 2201 1532 merel;
2246 1469 2419 1537 primo
2445 1469 2661 1540 quidem
2692 1485 2753 1526 se
2789 1489 2808 1523 ι
2841 1468 3195 1526 Oiiciitaliuttt
3231 1469 3440 1524 litteras
3473 1467 3602 1524 inti-

2002 1576 2201 1625 masse.
2240 1563 2431 1639 legisse
2469 1564 2738 1627 ecclesiae,
2780 1564 2976 1636 legisse
3008 1563 3244 1619 concilio
3278 1575 3440 1634 atque
3473 1564 3601 1635 ipsis

2002 1663 2369 1719 Orientalibus
2394 1660 2739 1731 respondisse
2759 1677 2778 1711 ι
2805 1668 3061 1725 testatur;
3091 1667 3203 1712 tum
3225 1672 3322 1712 cur
3346 1657 3413 1712 iis
3436 1659 3604 1711 Atha-

2005 1760 2139 1814 uasii
2163 1758 2561 1813 damnationem
2590 1754 2953 1826 ﬂagitantibus
2997 1769 3283 1810 assensum
3327 1762 3599 1825 negasset,

293 1852 410 1893 cem
443 1837 547 1910 (³)·
584 1837 731 1893 MM"
759 1839 950 1894 οοάθηι
987 1852 1230 1910 ιθηψοτθ
1260 1840 1643 1896 άεείίίετυυίηη
1680 1851 1899 1913 ιεηιευτε
1931 1851 1979 1913 Β
2006 1855 2144 1910 hanc
2180 1852 2357 1909 reddit
2398 1852 2660 1906 rationem
2687 1867 2701 1903 :
2724 1852 2847 1917 quia
2881 1868 2901 1902 ι
2933 1848 3124 1905 eodem
3170 1856 3412 1917 tempore
3447 1855 3600 1903 octo-

293 1942 616 1988 vestimenta
648 1933 847 1989 Libcrii
878 1935 1143 2005 cpiscOpi.

362 2026 415 2082 9.
455 2028 570 2082 Alia
597 2040 775 2084 autem
799 2031 909 2096 die,
941 2046 1061 2100 quae
1086 2041 1170 2085 est
1225 2030 1354 2087 feria
1410 2031 1666 2097 secunda,
1700 2032 1905 2089 audivit

295 2120 543 2175 universa
576 2120 749 2191 plebs,
782 2123 924 2193 quod
942 2123 1671 2195 Constansadeptusquidem
1695 2124 1773 2197 (4)
1794 2126 1905 2182 vic-

298 2214 432 2269 toria
488 2213 713 2284 fecerat,
770 2215 914 2271 clara
959 2232 1122 2271 sensu
1164 2217 1343 2271 alieno
1387 2217 1596 2272 dicebat
1626 2234 1638 2270 :
1673 2235 1693 2269 ι
1728 2217 1778 2271 in
1807 2216 1902 2272 Ni-

296 2308 599 2365 comediam
618 2310 835 2375 vatiam,
864 2330 885 2363 ι
916 2320 966 2365 et
993 2310 1244 2366 transivit
1267 2312 1345 2381 (5)
1372 2326 1541 2381 usque
1558 2311 1624 2366 ad
1647 2310 1901 2367 Nicome-

297 2401 465 2470 diam,
491 2415 547 2458 et
576 2404 626 2458 in
653 2405 923 2476 Aquilone
952 2406 1099 2469 villa,
1131 2404 1221 2460 ubi
1252 2404 1555 2475 baptizatus
1584 2411 1670 2461 est
1702 2404 1770 2460 ab
1799 2406 1905 2461 Eu-

298 2497 450 2552 sebio
493 2497 938 2567 Nieomediense,
974 2500 1027 2552 in
1060 2497 1380 2552 Arianorum
1413 2497 1610 2566 dogma
1640 2499 1900 2555 declinat.

300 2590 504 2647 Eodem
536 2591 655 2647 loco
685 2600 931 2647 mortuus
954 2600 1038 2646 est
1063 2601 1114 2647 et
1145 2590 1390 2661 sepultus
1418 2588 1714 2647 Constante
1735 2607 1792 2647 ιιι
1821 2590 1901 2665 (6)

297 2694 351 2740 et
378 2682 700 2739 Constantio
723 2700 849 2756 aug.
876 2693 933 2740 et
960 2685 1128 2740 Basso
1168 2684 1481 2738 consulibus
1501 2727 1517 2746 ,
1551 2701 1601 2740 ix
1631 2684 1906 2742 Kalendas

300 2777 488 2833 Maias.
525 2776 593 2832 Et
618 2777 760 2831 sedit
787 2777 1035 2833 eamdem
1064 2780 1248 2836 sedem
1292 2776 1436 2833 Petri
1468 2779 1697 2850 apostoli
1730 2793 1903 2834 annos

300 2871 389 2936 17,
415 2885 631 2925 menses
656 2870 743 2938 15,
767 2870 885 2926 dies
912 2873 965 2927 8.
996 2872 1053 2927 lu
1099 2873 1218 2943 ejus
1248 2882 1495 2945 tempore
1527 2873 1785 2928 fabricata
1822 2883 1906 2927 est

300 2964 445 3021 absis
482 2965 532 3019 in
567 2965 698 3020 urbe
737 2965 905 3020 Roma
945 2964 998 3021 in
1045 2967 1265 3037 regione
1304 2969 1514 3040 quinta,
1556 2977 1607 3021 et
1641 2965 1907 3036 requievit

302 3073 357 3112 ιιι
389 3072 521 3128 pace

418 3173 731 3234 CENSURA
776 3174 1147 3234 EPISTOLIE
1190 3177 1282 3233 AD
1320 3174 1782 3234 ORIEN'I‘ALES.

756 3268 942 3333 (Coust.
982 3270 1232 3333 .4ppemt.,
1257 3284 1309 3333 ν.
1342 3268 1448 3332 95.)

373 3372 416 3430 Ι.
439 3372 699 3444 Epistulae
725 3372 885 3444 hujus
901 3372 1276 3446 antiquitatem
1303 3373 1525 3444 probant
1560 3372 1717 3429 nobis
1739 3380 1906 3428 trans-

303 3465 469 3521 missa
504 3465 689 3521 llilarii
714 3465 1038 3537 fragmenta,
1071 3465 1205 3521 etin
1235 3480 1353 3520 eam
1392 3465 1621 3535 subjecti
1661 3464 1903 3533 ejusdem

304 3558 555 3630 prtesulis
622 3558 1021 3614 commentarii.
1101 3557 1355 3628 Ejusdem
1419 3573 1550 3612 vero
1615 3554 1906 3611 falsitatem

305 3653 475 3723 prima
506 3651 650 3707 illius
677 3652 839 3707 verba
873 3651 1128 3723 produnt.
1171 3651 1227 3705 Si
1256 3651 1401 3705 enim
1442 3649 1559 3706 haec
1600 3649 1904 3713 audiamus,

309 3742 563 3799 Liberius
612 3743 985 3815 pontificatum
1043 3742 1249 3809 iniens,
1299 3741 1388 3797 ubi
1435 3739 1793 3796 Orientalium
1839 3739 1909 3795 de

305 3836 586 3894 Athanasii
640 3837 857 3892 nomine
915 3836 1124 3891 litteras
1182 3836 1410 3906 accepit,
1484 3835 1664 3890 statim
1729 3835 1910 3889 missis

306 3929 692 3985 Alexandriam
722 3928 914 4001 legatis
941 3928 1298 3984 Athanasium
1338 3929 1522 3984 citavit
1552 3928 1812 3995 Romam,
1845 3942 1910 3984 ac

308 4024 494 4079 venire
535 4034 855 4079 renuentem
895 4039 924 4078 a
964 4039 1205 4079 romanae
1253 4024 1497 4079 ecclesia:
1527 4022 1910 4079 communione

306 4115 755 4189 separavit.Quod
770 4116 905 4171 adeo
924 4117 1110 4172 falsum
1128 4132 1246 4170 csse
1260 4115 1694 4187 evinc‘tgenniua
1712 4113 1908 4171 Libcrii

306 4209 532 4281 epistula
554 4211 617 4264 ad
639 4208 957 4267 Orientales.
979 4209 1046 4265 de
1065 4211 1217 4280 cujus
1238 4211 1462 4264 veritate
1478 4225 1636 4263 nemo
1653 4222 1907 4278 umquam

313 4302 597 4367 dubitavit,
621 4314 677 4358 ut
707 4304 808 4372 ipsi
830 4300 1132 4359 Orientales
1153 4302 1303 4371 apud
1319 4301 1693 4357 Constantium
1714 4314 1911 4371 expos-

316 4396 557 4459 lularint,
582 4396 722 4467 quod
748 4396 1020 4467 prioribus
1045 4394 1149 4450 illis
1174 4394 1369 4450 litteris
1387 4395 1498 4449 suis
1524 4393 1771 4449 Liberius
1794 4392 1911 4447 nul-

311 4492 416 4547 Iam
443 4491 721 4547 habuisset
762 4492 954 4555 fidem,
998 4506 1199 4563 easque
1239 4504 1458 4559 prorsus
1495 4504 1695 4561 suppre
1726 4490 1908 4555 sisset,

316 4605 336 4639 ι
364 4600 432 4642 ne
447 4585 670 4640 crimina
689 4585 828 4656 ejus,
845 4599 1002 4656 quem
1019 4583 1753 4651 dicelianturcondemnasse,
1768 4583 1908 4654 apud

386 4766 464 4840 (1)
490 4765 547 4822 1η
576 4767 685 4821 vita
714 4763 959 4830 Damasi,
986 4764 1133 4835 quasi
1158 4763 1427 4819 undecima
1450 4778 1626 4834 usque.

388 4862 467 4937 (9)
499 4862 631 4919 Ibid.
663 4862 975 4937 urgebantur
1000 4861 1069 4915 ad
1095 4861 1432 4937 baptismum,
1459 4869 1514 4915 ut
1552 4860 1605 4914 in
1646 4858 1921 4915 Dominica

316 4931 641 4991 Pentecoste:
668 4932 862 4988 sabbati
892 4931 1056 4988 Missa
1093 4933 1450 4989 celebraretur.

388 5029 469 5103 (ὃ)
515 5031 590 5083 Ex
616 5027 703 5103 iis
740 5043 860 5103 qua:
900 5026 1159 5103 deinceps
1193 5037 1516 5097 sequuntur,
1544 5025 1667 5081 vitae
1703 5024 1922 5082 Damasi

315 5099 551 5173 scriptor
577 5099 708 5156 nihil
728 5100 975 5171 arripuit.

393 5194 474 5269 (4)
495 5194 663 5266 Lege,
688 5193 957 5249 victoriam
981 5196 1173 5264 fuerat,
1203 5189 1348 5245 clara
1376 5205 1497 5246 voce
1516 5206 1687 5245 sensu.

392 5293 472 5369 (5)
495 5293 889 5369 Constantinus
926 5290 1169 5362 Magnus,
1200 5303 1310 5344 non
1347 5285 1739 5369 i_s__impera_t9r.
1769 5285 1925 5369 cujus

314 5357 471 5439 jussu
494 5365 741 5439 Liberius
759 5357 1037 5439 relegatus
1054 5371 1162 5439 est.
1189 5358 1559 5439 aunoﬁhrisd
1581 5357 1926 5439 351,in_sub-

322 5430 543 5495 ttrbanis
567 5430 897 5491 Nicomedia;
925 5434 1246 5503 baptizatus,
1285 5430 1599 5503 ibidemque,
1638 5431 1745 5484 vita
1773 5430 1927 5484 func-

318 5519 408 5566 tus
429 5512 494 5565 ab
528 5508 762 5565 Eusebio
783 5507 836 5562 in
858 5502 1004 5561 libro
1026 5520 1079 5559 tv
1109 5503 1242 5560 Vitae
1263 5504 1403 5573 ejus,
1430 5517 1551 5573 cap.
1581 5502 1645 5559 61
1668 5512 1719 5556 et
1740 5516 1922 5573 seqq.,

322 5590 597 5638 narratur.

397 5677 479 5747 (6)
508 5672 819 5731 Constantis
844 5671 1036 5728 tertius
1059 5669 1372 5725 consulatus
1401 5668 1455 5722 in
1472 5682 1695 5747 Δειιιιιιιιιι
1722 5665 1927 5747 Christi

325 5738 432 5807 ’546
464 5738 662 5802 ιίιιιοίιιὶι
689 5765 701 5799 :
728 5748 780 5800 in
817 5760 977 5816 quem
1010 5755 1430 5816 annttmdne‘qtte
1464 5738 1808 5816 Constantini
1837 5753 1911 5816 pa;

326 5827 444 5890 tris,
479 5834 652 5890 neque
682 5819 776 5902 lilii
803 5809 921 5888 ejus
945 5811 1266 5879 Constantii,
1323 5811 1479 5886 longe
1529 5814 1707 5869 minus
1731 5809 1932 5869 Liherii

323 5909 470 5950 lllOl'S
491 5899 765 5947 εοιινοιιίι.

2007 1949 2152 2019 ginta
2197 1948 2575 2017 episcoporum
2620 1942 3003 2015 Egyptiorum
3039 1940 3108 1998 de
3142 1939 3441 1997 Athanasio
3479 1951 3605 1994 sen-

2008 2042 2172 2098 tentia
2207 2059 2227 2094 ι
2275 2038 2518 2110 petitioni
2551 2040 2787 2108 ipsorum
2815 2035 3192 2109 repugnabat:
3229 2052 3249 2088 ι
3280 2042 3335 2089 et
3367 2050 3387 2086 ι
3414 2042 3605 2088 contra

2006 2137 2241 2192 divinam
2267 2136 2437 2207 legem
2471 2134 2643 2188 visum
2671 2144 2786 2199 est;
2827 2148 2949 2189 cum
2996 2130 3373 2201 episcoporum
3413 2141 3606 2184 nume—

2006 2244 2100 2286 rus
2146 2245 2241 2298 pro
2285 2227 2585 2282 Athanasio
2629 2227 2802 2296 major
2836 2226 3115 2292 existeret,
3154 2242 3173 2277 ι
3223 2237 3382 2294 quam
3413 2234 3604 2276 eorum

2004 2323 2096 2393 qui
2127 2322 2302 2377 eidem
2333 2320 2780 2386 adversabantur,
2815 2317 2899 2373 his
2928 2336 2948 2370 s
2979 2317 3033 2372 in
3063 2324 3214 2387 parte
3247 2313 3429 2385 aliqua
3458 2325 3609 2367 com-

2008 2416 2234 2470 modare
2263 2427 2614 2469 consensum.
2649 2432 2668 2464 ι
3287 2451 3299 2468 ,

2079 2506 2143 2563 ll.
2177 2505 2471 2562 Dieendine
2509 2513 2637 2559 sunt.
2669 2501 2978 2560 Orientales
3016 2499 3218 2556 Liherii
3254 2498 3493 2554 animum
3524 2497 3606 2552 sic

2008 2600 2385 2673 praevertisse,
2437 2608 2497 2653 ut
2553 2614 2677 2653 eum
2728 2596 2794 2651 ad
2847 2594 3194 2651 Athanasium
3241 2588 3609 2646 damnandum

2004 2706 2131 2752 ante
2157 2695 2487 2762 induxer’mt,
2521 2707 2681 2763 quam
2712 2690 2784 2747 80
2809 2689 3189 2760 episcoporum
3227 2683 3606 2756 Egyptiorum

2007 2791 2202 2848 liberte
2239 2789 2462 2844 Romam
2499 2782 2909 2857 perveni~senti
2956 2786 3022 2836 At
3068 2780 3168 2836 has
3196 2781 3310 2848 ipse
3358 2774 3610 2833 Liberius

2005 2884 2107 2939 sibi
2138 2902 2156 2935 ι
2183 2881 2372 2937 eodem
2399 2891 2642 2950 tempore
2670 2896 2690 2930 ι
2722 2876 2948 2932 traditas
2970 2873 3306 2935 testificatur,
3332 2885 3441 2941 quo
3469 2871 3613 2923 litte-

2006 2992 2097 3032 ras
2143 2974 2498 3031 Orientalium
2527 2973 2759 3041 accepit.
2807 2968 3002 3023 Verum
3045 2965 3253 3020 etiamsi
3306 2960 3611 3017 Orientales

2010 3068 2108 3124 hac
2140 3070 2192 3122 in
2224 3083 2283 3122 re
2314 3064 2579 3137 Egyptiis
2606 3062 2877 3133 episcopis
2902 3056 3276 3130 diligentiores
3316 3053 3482 3109 fuisse
3510 3067 3610 3120 po-

2011 3176 2285 3227 neremus,
2316 3159 2446 3215 nihil
2474 3171 2650 3214 tamen
2681 3157 2802 3210 inde
2831 3156 3190 3209 conficeretur
3218 3148 3466 3211 omnino,
3500 3144 3608 3200 nisi

1930 3244 1976 3308 C
2009 3256 2169 3312 simul
2202 3255 2547 3325 largiremur,
2578 3262 2631 3308 et
2659 3249 2961 3311 Liberium,
2991 3258 3109 3318 post
3138 3256 3388 3311 acceptas
3410 3239 3602 3294 Orien-

2010 3349 2195 3405 talium
2225 3346 2470 3408 litteras,
2504 3344 2713 3416 legatos
2756 3339 3133 3397 Alexandriam
3177 3334 3514 3399 destinasse,
3555 3339 3610 3386 et

2009 3443 2110 3499 bos
2140 3443 2344 3508 legatos
2379 3439 2703 3496 Alexandria
2745 3435 2971 3491 Romam
3012 3444 3138 3487 :mte
3169 3442 3419 3486 reversos
3456 3436 3607 3490 esse,

2008 3551 2168 3607 quam
2199 3533 2579 3605 Egyptiurum
2607 3531 2800 3585 litterae
2830 3527 3043 3583 Liberio
3080 3523 3456 3580 redderentur.
3496 3514 3612 3570 Imo

2008 3630 2169 3685 etiam
2191 3637 2303 3681 tum
2320 3626 2443 3680 huic
2456 3639 2606 3694 papa:
2618 3621 2906 3677 dicendum
2924 3633 3030 3674 non
3044 3619 3228 3671 fuisset
3243 3625 3385 3675 sese,
3400 3608 3612 3680 quiimi-

2011 3737 2115 3777 nus
2149 3718 2513 3776 Orientalibus
2537 3737 2557 3769 ι
2579 3730 2903 3771 consensum
2942 3708 3334 3768 commodaret.
3358 3724 3378 3758 ι
3410 3702 3617 3775 Algpr

2011 3816 2206 3874 tiorum
2232 3814 2423 3869 litteris
2442 3813 2606 3868 fuisse
2639 3808 2990 3881 prohibitum,
3010 3807 3105 3860 sed
3129 3803 3213 3858 his
3235 3798 3615 3873 potiusinduc-

2014 3920 2126 3966 tum
2149 3924 2296 3976 esse,
2318 3917 2378 3964 ut
2404 3920 2726 3963 consensum
2747 3904 2856 3973 jam
2879 3897 3281 3956 commodatum
3306 3898 3609 3949 revocaret.

2013 4003 2269 4059 Mittimus
2288 4000 2431 4072 quod
2466 3995 2792 4053 Athanasius
2828 3992 3126 4057 Liberium,
3159 4005 3317 4059 qttam
3345 3988 3436 4043 diu
3476 3985 3615 4040 liber

2013 4096 2113 4153 fuit
2137 4138 2153 4165 ,
2179 4096 2244 4151 ad
2278 4098 2452 4166 ipsum
2474 4092 2834 4148 damnandum
2858 4086 3054 4142 inflecti
3081 4099 3348 4154 nunquam
3374 4083 3612 4154 potuisse

2012 4190 2243 4255 scribit;
2282 4189 2423 4260 quod
2481 4185 2782 4244 Constantii
2833 4181 3172 4251 imperatoris
3214 4194 3336 4236 cum
3402 4174 3616 4231 Liberio

2013 4284 2276 4355 dialogus,
2331 4282 2589 4338 hactenus
2631 4276 2984 4332 Athanasium
3026 4274 3095 4328 ab
3142 4273 3258 4339 ipso
3301 4269 3615 4324 damnatum

2025 4393 2131 4432 non
2162 4391 2284 4432 esse
2326 4374 2485 4429 fidem
2530 4370 2844 4441 facit;quod
2878 4367 3112 4436 denique
3142 4365 3256 4433 ipse
3302 4361 3544 4417 Liberius
3584 4375 3616 4415 ει

2013 4467 2335 4525 defendendi
2385 4465 2660 4522 Athanasii
2713 4459 2892 4518 studio
2913 4458 3024 4529 jam
3081 4454 3359 4526 dejectus,
3389 4467 3449 4508 se
3495 4451 3597 4507 hac

2016 4572 2172 4618 tenus
2219 4562 2272 4615 in
2312 4559 2406 4615 illo
2442 4556 2790 4613 defendendo
2843 4558 3182 4606 constantem
3226 4546 3391 4603 fuisse
3436 4557 3627 4602 osten-

1941 4649 2119 4719 Ddit,
2166 4667 2291 4708 cum
2326 4649 2643 4707 constantia:
2687 4647 2847 4718 hujus
2892 4644 3031 4698 hanc
3076 4638 3249 4697 reddit
3294 4640 3563 4696 ratimem
3603 4655 3620 4694 :

2031 4763 2052 4797 ι
2086 4745 2220 4814 Quia
2260 4755 2571 4814 susceperat
2618 4741 2769 4797 illum
2800 4740 2953 4794 bona:
2980 4737 3257 4792 memoriae
3289 4732 3467 4789 Julius
3508 4731 3626 4802 cpio

2026 4853 2223 4910 scopas
2271 4837 2526 4894 decessor
2568 4832 3006 4899 meus;verebar
3043 4846 3112 4887 ne
3154 4829 3223 4884 ab
3273 4827 3458 4898 aliquo
3488 4839 3626 4895 prse-

2028 4932 2298 4987 varicator
2336 4929 2632 5002 judicarer.
2665 4947 2687 4981 »
2733 4923 3050 4998 Hujusmudi
3097 4933 3415 4994 argumenta
3456 4918 3628 4973 fusius

2027 5025 2309 5097 exposita,
2352 5031 2408 5080 et
2451 5022 2552 5077 alia
2592 5020 2870 5086 nonnulla,
2910 5034 3032 5091 qua;
3073 5013 3349 5087 sequentis
3383 5011 3628 5084 epistolae

2029 5119 2320 5175 falsitatem
2358 5116 2770 5181 demonstrant,
2792 5112 2932 5185 apud
2956 5110 3217 5168 Hilarium
3244 5106 3439 5177 fragm.
3460 5119 3512 5159 tv
3545 5104 3629 5160 vi-

2029 5216 2161 5273 dere
2181 5214 2326 5271 licet.
2378 5212 2448 5269 Et
2488 5226 2616 5268 vero
2638 5209 2873 5265 Hilarius
2912 5209 2963 5263 in
2986 5199 3447 5265 annotationibus,
3473 5198 3631 5270 quasi

2031 5308 2275 5381 epistola:
2295 5306 2419 5362 huic
2437 5305 2689 5377 subjecit,
2708 5302 2777 5360 de
2801 5302 2893 5358 illa
2919 5299 3000 5356 sic
3025 5296 3284 5368 loquitur,
3307 5302 3368 5348 ιιι
3392 5290 3482 5363 qui
3506 5303 3631 5347 eam

2032 5418 2061 5458 a
2092 5402 2339 5458 Potamio
2362 5409 2419 5456 et
2443 5397 2689 5470 Epitecto
2717 5391 3025 5456 conﬁctam,
3057 5402 3122 5444 ac
3151 5386 3350 5442 deinde
3368 5399 3400 5440 a
3432 5382 3629 5439 Fortu-

2032 5494 2600 5568 natianoAquileiensi
2644 5492 2900 5558 episcopo
2942 5483 3010 5540 ad
3051 5482 3295 5537 diversus
3344 5479 3632 5550 epise0pos

2036 5593 2253 5648 missam
2273 5603 2394 5645 esse
2411 5583 2753 5643 existimarit.
2778 5579 2933 5637 Unde
2949 5575 3255 5641 coniicitur,
3280 5586 3335 5628 ut
3360 5588 3467 5628 non
3489 5585 3637 5625 anno

2035 5685 2162 5748 562,
2190 5699 2299 5755 quo
2326 5682 2575 5738 Liberius
2595 5676 2714 5732 iniit
2751 5671 3148 5745 pontificatum,
3180 5667 3274 5724 sed
3306 5677 3427 5740 post
3455 5665 3637 5721 conci-

2037 5783 2166 5837 lium
2193 5777 2591 5832 Medtolaneuse
2620 5788 2764 5827 anno
2792 5768 2900 5824 505
2921 5765 3278 5824 celebratum,
3306 5776 3414 5833 quo
3443 5760 3637 5815 Fortu-

2042 5878 2291 5931 natianus
2313 5887 2343 5928 a
2369 5870 2594 5944 pristina
2618 5866 2775 5924 laude
2795 5861 3023 5928 excidit,
3050 5856 3321 5929 divulgata
3346 5858 3434 5912 sit.
