4010 6306
530 232 666 285 1399

1931 221 2242 280 ιιηιιῑῐιιιέδ
2273 224 2466 280 ΡΑΡΑ.

3643 237 3750 290 “00

528 350 659 408 αὕτη
685 347 864 421 ἐτάφη,
893 348 983 402 οὐκ
1009 346 1174 406 αὐτὸς.
1204 345 1336 402 αὓτη
1365 348 1528 400 πάντα
1566 348 1630 401 τὰ
1671 346 1955 422 ἀνθρώπινα
1986 345 2117 402 πάθη

2239 346 2328 411 is;
2355 346 2644 412 inlirmam,
2699 347 2821 402 licet
2869 363 2972 402 non
3027 361 3170 403 esset
3204 349 3319 418 ipse
3349 348 3588 416 inﬁrmus,
3629 356 3752 408 morti

526 448 596 505 ὡς
635 441 898 522 ἅνθρωπος
937 444 1208 516 ὑπέμεινε,
1245 443 1331 494 οὐκ
1377 439 1532 500 αὐτός
1591 441 1777 502 ἐκεῖνος
1817 437 1871 494 δέ
1905 437 2120 511 δύναμις

507 540 666 601 θεοῦ,
695 539 940 593 τουτέστι
969 537 1106 596 θεὸς,
1143 535 1168 588 ὁ
1198 537 1262 588 τὰ
1291 531 1454 589 ἄλυτα
1479 540 1568 589 τοῦ
1599 532 1725 608 ᾅδου
1750 534 1930 594 λύσας,
1954 536 2036 588 καὶ
2059 536 2118 588 τὸ

525 636 714 710 κράτος
740 639 827 689 τοῦ
854 629 1092 686 διαεοδου
1118 634 1462 705 καταργήσας,
1491 629 1639 687 ἀνέϐη
1671 629 1776 682 ὅθεν
1802 631 1885 681 καὶ
1910 627 2116 685 κατέϐη·

524 729 724 802 ἐγείρας
763 727 914 780 ἐκεῖνο
949 727 1007 780 τὸ
1047 728 1229 795 ταφέν,
1256 727 1566 799 προσήνεγκε
1599 727 1672 794 τῷ
1712 722 1889 792 πατρὶ.
1932 719 2121 773 ἐλεύθε-

527 824 698 896 ρὼσας
728 815 785 872 οὗ
812 820 1072 893 ἐκρατεῖτο
1103 817 1340 870 θανάτου.
1367 815 1418 868 ἕν
1445 815 1611 885 τούτῳ
1636 814 1720 867 τὸν
1743 813 1945 887 πατέρα
1973 817 2120 864 νοοῦ-

521 935 614 986 μεν
635 956 647 975 ,
680 914 730 967 ἔν
754 915 857 991 γὰρ
880 915 967 966 καὶ
990 919 1141 967 τοῦτο
1253 908 1470 968 θεότητι,
1499 917 1560 983 τῇ
1587 906 1820 977 δυνάμει.
1847 914 1909 980 τῇ
1934 907 2088 978 οὐσία
2107 946 2120 968 ,

523 1016 586 1083 τῇ
619 1005 910 1061 ὑποστάσει
928 1049 938 1060 .
971 1013 1032 1079 τῇ
1065 1005 1212 1077 δὲξῃ,
1243 1011 1315 1073 τῷ
1344 1002 1553 1073 ὀνόματι
1587 1006 1677 1055 τοῦ
1703 1002 1837 1060 θεοῦ,
1861 1001 1944 1051 καὶ
1972 998 2122 1051 αὐτὸν

523 1101 607 1156 τὸν
634 1099 738 1152 υἱὸν
776 1099 823 1151 ἐν
852 1105 924 1169 τῷ
948 1101 1126 1173 πατρί.
1160 1092 1310 1156 οὗτος
1349 1094 1374 1148 ὁ
1400 1096 1528 1166 μετά
1555 1094 1614 1149 τὸ
1637 1092 1808 1146 λαϐεῖν
1842 1099 1932 1148 τήν
1958 1091 2122 1164 σάρκα

521 1189 719 1251 Ἰησοῦς
741 1191 953 1252 κληθεὶς,
976 1190 1150 1243 καθότι
1180 1211 1225 1242 κ.
1249 1192 1265 1241 ἰ
1288 1185 1570 1263 ἄνθρωπος’
1601 1188 1866 1242 τουτέστιν
1889 1183 2122 1238 ἀνέλαϐεν

522 1279 786 1358 ἄνθρωπον
813 1283 860 1334 ἐν
892 1281 1080 1352 ἐαυτῷ,
1106 1283 1152 1333 ἐν
1183 1276 1223 1333 ὦ
1261 1287 1364 1334 πᾶν
1393 1282 1450 1333 τὸ
1489 1279 1741 1355 πλήρωμα
1768 1286 1858 1338 τῆς
1887 1278 2123 1338 θεότητος

521 1378 652 1430 οἰκεῖ
695 1381 1017 1447 σωματικῶς.
1067 1381 1247 1428 τοῦτον
1293 1371 1486 1444 ἔχομεν
1534 1373 1592 1426 οὐ
1651 1370 2122 1446 διακεχωρισμένον

521 1470 624 1524 ἀπὸ
648 1475 739 1524 τοῦ
765 1470 988 1542 πατρὸς,
1019 1467 1048 1527 ἦ
1079 1474 1168 1522 τοῦ
1199 1467 1344 1540 ἁγίου
1384 1469 1699 1539 πνεύματος.
1740 1464 1856 1520 οὐδὶ
1899 1465 1983 1520 τὸν
2021 1487 2122 1518 πα-

523 1562 650 1636 τέρα
671 1560 899 1633 λέγοντες
927 1560 1351 1623 καταϐεϐηκὲνοιι,
1379 1563 1465 1614 καί
1492 1563 1541 1614 ἐν
1569 1561 1817 1637 ἀνθρώπῳ
1842 1559 2076 1634 γενέσθαι
2107 1572 2120 1586 ⁸

521 1652 687 1713 οὕτως
727 1650 796 1713 εἷς
822 1654 931 1714 θεὸς
956 1661 1128 1729 πατὴρ
1156 1656 1521 1731 παντοκράτωρ
1566 1654 1689 1726 παρ’
1721 1657 1845 1726 ἡμῖν
1888 1655 2125 1709 πιστεύε-

522 1767 632 1808 ται,
667 1750 753 1800 καὶ
776 1745 862 1800 διὰ
890 1754 1042 1801 τοῦτο
1063 1750 1094 1806 ἡ
1117 1750 1293 1808 πίστες
1322 1750 1462 1820 ἡμῶν
1500 1748 1637 1802 ἐστιν
1674 1749 1745 1807 εἰς
1774 1748 1858 1801 ἕνα
1896 1749 2002 1802 θεὸν
2032 1770 2130 1802 πα-

518 1840 646 1914 τέρα
673 1842 1087 1916 παντοκράτορα,
1136 1845 1218 1894 καὶ
1255 1845 1324 1900 εἰς
1354 1843 1439 1896 τὸν
1485 1841 1590 1894 υἱὸν
1641 1843 1800 1896 αὐτοῦ
1829 1843 1916 1896 τὸν
1951 1843 2125 1917 κύριον

521 1933 662 2005 ἡμῶν
691 1932 892 1990 Ἰησοῦν
920 1935 1159 2010 Χριστὸν,
1182 1938 1269 1988 καὶ
1299 1939 1370 1996 εἰς
1413 1936 1470 1990 τὸ
1516 1933 1660 2009 ἅγιον
1693 1942 1897 2009 πνεῦμα
1955 1942 2126 1991 ταῦτα

519 2022 574 2081 δὲ
602 2027 654 2091 ἐξ
676 2026 932 2089 ένὸτητος,
965 2033 1088 2100 μιᾶς
1114 2024 1399 2100 δυνάμεως,
1432 2033 1554 2100 μιᾶς
1598 2029 1962 2092 ὑποστάσεως,
2003 2035 2127 2101 μιᾶς

521 2123 729 2182 θυσίας,
774 2125 895 2190 μιᾶς
945 2117 1254 2192 δοξο).ο7ἰας,
1284 2127 1408 2193 μιᾶς
1443 2123 1764 2198 κυριότητος,
1801 2128 1924 2192 μιᾶς
1970 2121 2128 2194 βασι-

522 2210 683 2274 λειας,
737 2218 859 2284 μιᾶς
907 2214 1115 2274 εἰκόνος.
1162 2222 1254 2275 τῆς
1283 2212 1505 2291 Τριάδος
1535 2214 1804 2287 ὁμοούσιον
1863 2213 1928 2270 δι’
1957 2211 2019 2270 οὗ
2059 2218 2128 2271 τά

523 2305 692 2358 πάντα
718 2305 916 2378 ἐγένετο
967 2305 1132 2366 οὕτως
1163 2309 1247 2360 καὶ
1267 2309 1456 2383 σαρκὸς
1483 2309 1768 2364 ἀνάστασιν
1788 2311 2126 2380 πιστεύομεν,

522 2402 787 2462 τουτέστι,
819 2407 908 2456 τοῦ
939 2405 1181 2472 σώματος
1210 2404 1351 2473 ἡμῶν
1389 2405 1521 2458 κατά
1559 2405 1650 2459 τάξ
1685 2403 1835 2476 ἁγίας
1881 2406 2080 2479 γραφὰς
2110 2445 2125 2467 ,

524 2499 619 2548 τοῦ
641 2495 866 2571 φθαρτοῦ
895 2499 976 2550 καὶ
1002 2497 1181 2556 θνητοῦ
1206 2499 1362 2553 αὐτοῦ
1385 2498 1827 2572 μεταϐαλλομένου
1854 2503 1926 2562 εἰς
1946 2501 2130 2576 ἀφθαρ-

528 2592 648 2646 σίαν
681 2593 767 2644 καὶ
795 2591 1065 2646 ἀθανασίαν
1089 2591 1192 2646 ὑπὸ
1213 2598 1304 2646 τοῦ
1333 2599 1483 2647 Θεοῦ.
1513 2594 1666 2666 ἀμήν.

2223 439 2533 506 obnoxiam,
2561 440 2687 495 licet
2718 455 2820 494 non
2853 451 2998 495 esset
3026 443 3137 509 ipse.
3167 443 3326 496 morti
3367 441 3630 510 obnoxius;
3657 446 3752 500 risi-

2227 533 2408 597 hilem,
2436 535 2559 587 licet
2586 548 2687 587 Il0lt
2714 543 2857 588 esset
2879 536 2989 605 ipse
3015 536 3256 590 visibilis.
3291 537 3402 603 Ipsa
3434 553 3658 607 suspensa
3675 550 3754 605 est,

2226 641 2328 680 non
2362 637 2538 680 autem
2573 628 2649 695 (l)
2682 628 2807 692 ille;
2844 628 2957 694 ipsa
3003 629 3230 696 sepulta,
3263 644 3365 682 nou
3396 629 3514 693 ille;
3546 631 3641 699 ipsa
3683 633 3756 687 liu-

2226 737 2408 774 manas
2435 737 2623 775 omnes
2654 736 2762 785 pas
2781 722 2928 775 iones
2951 735 2999 774 ut
3034 721 3192 775 born
3218 723 3484 780 sustinuit.
3504 737 3596 776 nun
3620 735 3756 780 aut'm

2226 815 2334 869 ille.
2398 813 2492 867 lzle
2539 828 2719 868 :ttttt'm
2778 828 2857 868 cst
2916 815 3083 868 virtus
3141 815 3249 873 llei.
3284 815 3334 869 id
3389 825 3468 870 est
3519 817 3658 880 Deus,
3689 822 3757 888 qui

2225 922 2345 961 cum
2377 921 2442 960 ea
2471 923 2590 977 qua:
2641 907 2690 960 in
2725 907 2938 962 inferno
2987 908 3290 962 insolubilia
3345 920 3494 963 erant
3537 912 3757 978 siilvisset,

2226 1001 2615 1069 imperiumque
2663 1001 2859 1056 diaboli
2903 1004 3216 1068 evertisset,
3248 1003 3520 1058 adsaeudit
3553 1020 3611 1059 eo
3655 1006 3761 1062 unde

2225 1093 2599 1158 descenderat;
2622 1096 2709 1161 qui
2742 1111 2938 1165 corpus
2965 1111 3120 1148 suum
3152 1115 3182 1149 e
3211 1096 3416 1148 tumqu
3445 1098 3688 1161 excitavit,
3723 1109 3764 1153 et

2229 1194 2418 1257 postqu
2457 1205 2505 1241 m
2538 1189 2813 1243 liberasset
2846 1205 2874 1242 a
2907 1197 3081 1242 morte
3125 1205 3226 1260 qua
3269 1187 3628 1253 detinebatur,
3653 1191 3761 1246 Patri

2227 1283 2437 1336 ttbluill.
2461 1283 2514 1335 In
2546 1283 2636 1337 illo
2666 1283 2876 1337 Patrem
2906 1282 3293 1352 intelligimus;
3326 1298 3426 1335 una
3455 1283 3585 1336 enim
3613 1295 3658 1338 et
3679 1283 3766 1353 ipse

2230 1389 2316 1428 res
2363 1383 2445 1429 est
2472 1373 2696 1439 deitate,
2728 1384 2944 1436 virtute,
2994 1377 3249 1435 essentia,
3279 1375 3588 1438 substantia,
3614 1377 3764 1444 gloria,

2234 1465 2324 1520 Dei
2351 1466 2712 1536 appellatione
2751 1486 2764 1520 :
2797 1476 2851 1519 ct
2880 1469 3050 1536 ipsum
3083 1468 3133 1519 in
3162 1465 3322 1520 Patre
3360 1465 3544 1520 Filium
3571 1468 3768 1536 agmisci-

2229 1576 2366 1614 mus.
2397 1561 2492 1615 llic
2515 1561 2700 1631 estqui
2727 1561 3401 1631 poStquamassumpsissct
3420 1561 3768 1625 eariichesus

2231 1652 2540 1722 appellatus
2568 1663 2672 1720 est,
2699 1666 2970 1720 quatenus
2997 1663 3110 1707 erat
3135 1652 3297 1708 homo
3321 1670 3335 1718 ;
3363 1653 3463 1708 hoc
3489 1666 3584 1719 εει,
3606 1669 3772 1708 assum-

2163 1752 2204 1810 Β
2235 1750 2340 1817 psit
2369 1747 2637 1801 hominem
2674 1748 2724 1801 in
2750 1763 2810 1801 se
2834 1747 2972 1817 ipsi»,
2994 1748 3048 1800 in
3076 1764 3174 1816 quo
3198 1747 3447 1800 inhabitat
3477 1748 3625 1801 omnis
3647 1747 3774 1815 pleni-

2238 1839 2360 1893 tudo
2386 1840 2668 1893 ditinitatis
2694 1841 3045 1912 corporaliter.
3079 1840 3230 1894 Illum
3254 1839 3525 1894 credimus
3547 1854 3632 1893 uec
3650 1855 3675 1892 a
3702 1837 3776 1894 Pa-

2237 1943 2318 1988 tre
2362 1951 2461 1988 nec
2505 1950 2534 1987 a
2575 1934 2772 2004 Spiritu
2816 1948 3005 1989 Sancto
3049 1943 3392 2004 Separatum;
3431 1950 3594 2005 neque
3636 1942 3774 1987 tamen

2230 2027 2466 2082 dicimus
2499 2027 2710 2081 Patrem
2739 2027 3105 2092 descendisse,
3135 2037 3187 2083 et
3219 2031 3268 2083 in
3302 2029 3519 2082 homine
3548 2025 3777 2082 fuisselta

2234 2135 2371 2172 unus
2409 2121 2548 2174 Deus
2577 2120 2734 2175 Pater
2762 2121 3106 2190 omnipotens
3133 2137 3161 2175 a
3187 2122 3338 2176 nobis
3371 2123 3618 2178 creditur.
3660 2119 3777 2174 Ideo-

2237 2226 2342 2282 que
2373 2213 2508 2267 tides
2536 2225 2718 2268 nostra
2749 2225 2830 2268 est
2865 2213 2916 2267 in
2943 2231 3106 2268 unum
3143 2215 3308 2269 Deum
3341 2215 3553 2270 Patrem
3579 2228 3780 2284 omn-po.

2239 2314 2463 2373 tentem,
2494 2315 2550 2361 et
2581 2307 2633 2360 in
2667 2305 2858 2361 Filium
2900 2308 3016 2378 ejus
3052 2311 3332 2363 Dominum
3374 2321 3606 2364 noSIrum
3639 2309 3780 2363 lesuni

2235 2395 2543 2465 Christum,
2577 2409 2632 2454 et
2661 2400 2712 2454 in
2760 2400 3016 2470 Spiritum
3059 2415 3320 2456 sanctum.
3374 2403 3444 2457 Et
3482 2418 3602 2458 vero
3637 2402 3704 2476 (Ξ)
3735 2419 3783 2457 ex

2238 2495 2461 2558 unitate,
2489 2510 2590 2548 una
2616 2495 2831 2555 virtute.
2863 2512 2965 2551 una
2990 2497 3308 2560 Stibstantia,
3326 2513 3433 2552 una
3456 2500 3688 2562 essentia,
3708 2515 3783 2551 una

2237 2589 2654 2658 gloriﬁcatioue,
2680 2607 2780 2644 una
2811 2591 3198 2657 dominatione,
3225 2607 3331 2645 uno
3352 2607 3541 2663 regno.
3572 2607 3664 2646 una
3687 2591 3786 2645 inia-

2240 2686 2364 2753 gine
2383 2728 2398 2750 ,
2430 2683 2712 2738 Trinitatis
2735 2695 2986 2740 constare
3017 2685 3286 2738 credimus
3313 2685 3788 2740 consubstantialita-

531 2783 669 2838 tem;
690 2792 782 2849 per
815 2792 964 2844 quem
1020 2777 1190 2831 omnia
1246 2778 1382 2847 facta
1421 2785 1560 2831 sunt.
1606 2776 1681 2831 Ita
1732 2786 1785 2831 et
1821 2777 1998 2830 carnis
2025 2780 2474 2834 resurrectionem
2525 2781 2830 2846 credimus,
2857 2781 2956 2834 boc
2995 2789 3098 2841 est,
3129 2780 3376 2851 corporis
3420 2782 3604 2847 nostri,
3639 2795 3789 2834 secun-

532 2869 660 2924 dum
715 2885 895 2924 Sacras
945 2871 1276 2940 Scripturas.
1319 2879 1648 2926 commutato
1685 2884 1754 2925 eo
1796 2869 1938 2940 quod
1974 2871 2325 2942 corruptibile
2369 2882 2425 2927 et
2459 2872 2686 2928 mortale
2725 2881 2864 2940 erat,
2889 2872 2942 2927 in
2977 2872 3782 2944 incorruptibilitatemetimiuor-

531 2964 792 3018 talitatem
835 2978 931 3034 per
962 2964 1150 3020 Deum.
1181 2969 1376 3018 Amen.

1176 3077 1507 3132 EPISTOLA

631 3207 830 3248 ιωειιιι
856 3208 1008 3250 ΡΛΡΑΕ
1037 3208 1104 3249 ΑΒ
1132 3207 1306 3248 OINES
1335 3208 1708 3250 GENERALITEB
1734 3206 2033 3248 EPlSCOPOS.

1038 3328 1207 3392 (Cone.
1231 3337 1269 3381 t.
1293 3345 1344 3391 ιι.
1383 3327 1474 3380 col.
1501 3328 1638 3392 670.)

538 3483 604 3535 Ut
628 3481 789 3533 nullus
831 3495 918 3537 pro
953 3481 1402 3544 persecutionibus,
1436 3481 1550 3530 dum
1587 3478 1770 3544 durare
1796 3484 1977 3544 potest,
2005 3489 2140 3526 suam

597 3545 853 3608 relinquat
891 3541 1169 3604 ecclesiam,
1192 3541 1559 3608 necquietem
1596 3542 1752 3604 magis
1797 3541 1969 3602 eltgat,
1995 3551 2142 3603 quam

600 3623 690 3672 pro
714 3605 892 3672 populo
912 3609 1004 3658 διαὶ
1027 3607 1283 3657 commisso
1306 3605 1527 3656 laborare
1552 3607 1792 3655 intendat.

539 3736 759 3793 Dominis
782 3733 1099 3789 sanctissimis
1139 3744 1182 3786 ct
1211 3737 1309 3787 Deo
1331 3729 1672 3784 amantissimis
1697 3727 1933 3781 universis
1957 3725 2143 3793 episco-

739 3802 816 3866 pis
836 3843 850 3867 ,
875 3798 1091 3852 Liberius
1113 3799 1380 3864 cptum/us,
1407 3797 1458 3847 in
1487 3795 1691 3847 Domino
1712 3793 1934 3846 salutem.

615 3937 755 3995 Nihil
783 3945 866 3992 est
893 3932 1036 4003 quod
1063 3947 1160 3986 nos
1186 3930 1274 3985 diu
1302 3938 1444 3984 stare
1473 3927 1630 3982 faciet
1651 3928 1666 3995 (
1688 3926 1788 3996 leg.
1816 3923 2016 3996 faciat),
2043 3922 2146 3978 nisi

544 4034 639 4090 Dei
667 4032 856 4104 gratia.
888 4026 1154 4084 therum
1194 4024 1425 4096 nequitia
1464 4019 1702 4085 diaboli,
1743 4019 2148 4087 contemptibile

544 4126 746 4184 malum
767 4167 780 4186 ,
817 4123 1028 4192 plenum
1057 4133 1262 4174 veneno
1293 4115 1566 4170 mortifero
1594 4115 1746 4168 erevit
1768 4154 1782 4175 ,
1815 4113 1902 4178 qui
1932 4127 2146 4166 sursum

545 4229 709 4290 atque
734 4217 985 4272 deorsum
1014 4213 1225 4275 circuit,
1254 4224 1504 4280 qua-rens
1534 4223 1693 4276 quem
1721 4205 1963 4260 devoret.
1995 4203 2149 4260 Unde

546 4315 792 4386 vigilare,
811 4321 862 4364 et
893 4309 1057 4364 sobrii
1087 4321 1206 4362 esse
1234 4303 1300 4358 ad
1329 4302 1600 4358 orationes
1630 4299 1683 4370 (1
1713 4299 1854 4354 Petr.
1887 4316 1936 4367 ν,
1971 4299 2064 4364 8).
2094 4308 2149 4355 ει

550 4407 662 4462 Deo
692 4404 1050 4476 propinquare
1080 4399 1338 4454 debemus
1359 4439 1373 4462 ,
1417 4405 1471 4449 ct
1507 4394 1679 4448 fatuas
1701 4433 1715 4459 ,
1743 4393 1970 4447 Domino
1999 4393 2146 4447 auxi-

551 4499 736 4561 liante,
771 4497 1044 4550 Imminum
1077 4491 1314 4555 insidias,
1340 4498 1494 4558 prout
1520 4487 1774 4542 Dominus
1807 4500 1962 4556 posse
1987 4485 2150 4540 dede-

549 4592 641 4655 rit,
674 4605 957 4659 respnere,
987 4596 1040 4640 et
1072 4585 1256 4638 Patres
1285 4582 1458 4651 sequi,
1487 4591 1539 4634 et
1577 4595 1682 4633 non
1716 4578 2011 4648 transgredi
2043 4590 2150 4632 ter-

554 4671 731 4742 minus
781 4682 994 4736 Patrum
1036 4679 1114 4749 (id
1145 4688 1248 4744 est,
1280 4687 1334 4729 ut
1375 4692 1480 4728 tum
1513 4673 1876 4745 rcitnqltatttus
1907 4681 2148 4738 nostras,

553 4778 680 4834 dum
711 4775 762 4830 in
793 4776 873 4829 eis
902 4773 1189 4843 persi~tere
1216 4770 1396 4831 aliquo
1422 4768 1582 4828 modo
1618 4768 1913 4820 valebimus
1933 4808 1947 4831 ,
1979 4765 2153 4819 eccle-

553 4873 680 4937 sias,
710 4882 766 4922 ut
787 4867 852 4922 ad
875 4867 1006 4920 alias
1035 4866 1430 4934 properemus),
1457 4874 1544 4916 aut
1567 4865 1788 4933 populos
1823 4862 1975 4916 nobis
2000 4877 2149 4916 eom-

557 4967 752 5021 missos
784 4959 1072 5032 negligere,
1101 4971 1152 5009 ut
1183 4955 1414 5026 quietem
1449 4959 1572 5028 (for.
1605 4953 1908 5027 quiescere)
1926 4955 2152 5023 amplius

556 5073 715 5130 quam
742 5070 838 5126 pro
861 5054 941 5107 eis
970 5050 1269 5111 elaborare,
1301 5065 1394 5118 pro
1424 5051 1616 5119 quibus
1643 5049 1800 5103 etiam
1829 5050 2034 5102 animas
2060 5065 2153 5117 pn—

633 5194 710 5262 (1)
741 5188 1070 5262 Vocabulum
1097 5185 1185 5238 ille
1213 5184 1368 5252 (sicut
1407 5193 1597 5262 ego_et_
1620 5186 1696 5262 tu)
1725 5186 1940 5262 p_r0prie
1969 5202 2154 5254 perso-

561 5255 704 5322 nam'
742 5271 917 5316 sonat.
970 5259 1221 5314 Perenna:
1261 5267 1439 5309 autem
1475 5255 1636 5310 Verbi
1675 5255 1764 5311 ltei
1797 5273 1900 5311 non
1949 5269 2154 5312 tantum

561 5335 705 5404 quod
733 5332 960 5403 [πονε-ἰὼ
988 5330 1132 5384 illius
1159 5327 1493 5404 naturamsed
1520 5327 1841 5404 etiam-quod
1864 5337 2068 5382 natura:
2090 5329 2160 5384 ab

561 5398 682 5479 ipso
712 5398 1001 5479 assumpta:
1031 5398 1298 5479 congruit,
1319 5398 1602 5479 tribuitur;
1632 5399 1875 5469 adeoque
1909 5414 2159 5455 accurata

566 5471 652 5534 liie
685 5491 788 5532 non
817 5471 912 5528 est
927 5473 1147 5536 locutio,
1179 5486 1282 5540 qua
1311 5471 1399 5524 ille
1427 5484 1742 5534 susiieosus,
1776 5486 1964 5538 pastus
1989 5487 2051 5526 ac
2075 5487 2163 5528 se-

565 5551 746 5620 pultus
776 5556 1018 5620 negatur.
1039 5542 1191 5620 ﬂere
1223 5542 1368 5620 enim
1399 5555 1694 5620 suspensos
1713 5584 1727 5599 .
1763 5557 1948 5620 passus
1977 5557 2041 5596 ac
2069 5558 2158 5599 se-

565 5612 746 5693 pultus
771 5612 1018 5693 creditor
1039 5615 1347 5693 Filius-Dei.
1369 5615 1570 5693 scilicet
1595 5612 1891 5693 secutidum
1918 5629 2156 5669 t-arnem.

564 5683 634 5747 λι
661 5689 904 5761 ερίδιυιίιι
936 5689 1094 5756 hujus
1123 5686 1356 5761 scriptor
1383 5684 1647 5761 vocabulo
1679 5683 1798 5761 ille,
1825 5701 1936 5761 non
1964 5700 2158 5756 persu-

555 5779 682 5820 nam
697 5754 811 5816 "sed
839 5754 1084 5815 naturam
1112 5757 1389 5813 dumtaxat
1421 5754 1579 5812 Verbi
1602 5755 1883 5812 intellexit.

2165 3077 2212 3141 C
2247 3092 2375 3133 nere
2403 3075 2700 3144 debemus,
2731 3075 3074 3142 studearnus,
3105 3091 3173 3132 ne
3207 3078 3426 3149 reprobi
3463 3079 3516 3134 in
3556 3087 3792 3148 conspectu

2245 3170 2337 3226 Dei
2361 3169 2718 3236 inveniamur,
2744 3169 2838 3225 sed
2866 3173 3167 3225 lI'uctuoSos
3192 3171 3267 3226 illi
3292 3172 3597 3243 manipulos
3615 3172 3673 3227 de
3688 3186 3794 3226 Com-

2243 3265 2425 3320 missis
2453 3265 2608 3320 nobis
2632 3264 2884 3334 gregibus
2902 3305 2919 3334 ,
2950 3268 3066 3335 ipso
3105 3266 3534 3321 adminiculante
3555 3307 3569 3331 ,
3610 3278 3794 3334 pra-sem

2246 3369 2358 3414 tare
2390 3361 2660 3414 Valeamus
2697 3375 3062 3430 :qnamquam
3105 3361 3255 3415 multi
3297 3376 3400 3415 nos
3440 3369 3793 3433 persequantur,

2244 3461 2300 3507 et
2342 3468 2472 3507 oves
2507 3451 2708 3507 CbriSti
2752 3453 3048 3509 dilacerare
3083 3451 3399 3509 desiderent
3421 3498 3438 3521 ,
3472 3455 3558 3525 qui
3600 3454 3727 3525 quasi
3757 3453 3794 3504 in

2246 3551 2486 3604 vestibus
2512 3548 2690 3603 oi'ium
2717 3560 3000 3617 apparent,
3032 3551 3174 3604 itilUs
3201 3561 3383 3605 autem
3416 3559 3543 3606 sunt
3564 3552 3658 3621 lupi
3684 3563 3797 3618 rapa-

2246 3656 2338 3697 ces
2360 3684 2374 3702 ,
2404 3657 2539 3707 quos
2568 3657 2632 3696 ex
2663 3641 2922 3697 fructibus
2948 3644 3327 3714 cognoscimus
3363 3662 3380 3699 :
3419 3645 3504 3700 isti
3533 3648 3688 3715 primo
3707 3642 3796 3713 qui-

2247 3739 2368 3795 dem
2398 3739 2650 3796 videntur
2683 3758 2746 3796 ex
2777 3743 2930 3797 nobis
2958 3757 3111 3811 esse,
3139 3744 3233 3798 sed
3267 3759 3372 3798 non
3405 3756 3530 3800 sunt
3555 3761 3615 3802 ex
3644 3741 3798 3798 nobis:

2248 3834 2291 3886 si
2322 3834 2463 3888 enim
2499 3834 2725 3889 fuissent
2753 3851 2820 3890 ex
2864 3837 3049 3902 nobis,
3084 3837 3415 3892 mansissent
3456 3839 3632 3909 utique
3657 3835 3800 3891 nobis-

2249 3941 2391 3980 cum.
2422 3925 2647 3995 Quando
2670 3943 2799 3983 vero
2823 3945 2974 3982 suam
3001 3931 3341 3984 evumueriut
3368 3932 3712 4002 impietatem,
3733 3926 3801 3982 do-

2251 4017 2359 4072 lum
2393 4023 2480 4087 qui
2525 4020 2575 4074 in
2606 4021 2685 4075 eis
2724 4030 2838 4083 est,
2867 4034 3212 4094 erumpentes
3234 4066 3250 4090 ,
3296 4035 3352 4079 et
3387 4025 3801 4096 apprehendentes

2251 4110 2578 4167 inlini-iores
2605 4154 2619 4177 ,
2669 4122 2724 4169 et
2769 4129 2864 4169 eos
2909 4114 3002 4185 qui
3050 4116 3117 4170 ad
3164 4116 3376 4186 eloquia
3430 4117 3610 4173 divina
3654 4125 3803 4171 sensus

2254 4205 2634 4262 inexercitatos
2665 4206 2867 4264 habent
2887 4251 2901 4273 ,
2931 4225 3112 4266 secum
3141 4225 3237 4265 eos
3265 4214 3592 4267 contrahunt
3624 4209 3682 4264 ad
3715 4222 3803 4277 per-

2251 4297 2510 4355 ditionem
2537 4343 2550 4366 ,
2584 4301 2960 4359 subvertentes
2993 4316 3047 4359 et
3093 4303 3414 4374 injuriantes
3450 4316 3688 4376 paternas
3709 4301 3804 4357 doc-

2256 4398 2420 4449 trinas
2433 4398 2572 4451 sicut
2591 4407 2644 4451 et
2664 4411 2844 4452 sacras
2867 4399 3192 4468 Scripturas,
3213 4399 3278 4452 ad
3299 4399 3651 4469 perditionem
3670 4409 3803 4456 suam,

2177 4483 2227 4544 D
2253 4505 2389 4559 quos
2426 4501 2637 4556 oportet
2678 4491 3026 4559 pnescienter
3064 4505 3257 4546 cavere
3280 4531 3297 4557 ,
3331 4507 3400 4547 ne
3432 4491 3626 4546 utalitia
3658 4500 3804 4546 eorum

2258 4584 2473 4654 quidam
2511 4585 2756 4652 seducti,
2809 4585 3190 4641 abscinduntur
3233 4602 3264 4640 a
3308 4590 3527 4659 propria
3567 4586 3804 4641 ﬁrmitate:

2259 4675 2534 4734 Exacuunt
2579 4680 2714 4734 enim
2758 4680 2959 4750 linguas
3003 4697 3144 4748 suae,
3185 4683 3338 4751 iuxta
3367 4687 3638 4752 prophetae
3660 4690 3804 4734 vocem

2261 4772 2280 4844 (
2295 4771 2434 4827 ΡεαΙ.
2461 4776 2708 4841 cxxxrx),
2731 4773 2859 4826 sicut
2887 4785 3146 4840 serpentes
3172 4790 3192 4827 :
3218 4791 3466 4830 venenum
3494 4775 3710 4848 aspiciunt
3735 4766 3804 4823 sub

2259 4863 2409 4917 labiis
2447 4880 2642 4918 eorum.
2685 4862 2792 4919 Nec
2824 4880 2921 4918 nos
2961 4867 3134 4936 pigeat
3168 4881 3264 4936 per
3304 4868 3627 4940 temporales
3648 4864 3806 4920 crucia-

2259 4967 2346 5012 tus
2382 4973 2478 5024 pro
2512 4956 2708 5012 Christi
2753 4961 2968 5013 nomine
2998 4959 3278 5016 elaborare
3307 4961 3396 5032 (S.
3441 4962 3683 5016 Martinus
3705 4969 3806 5029 ριφα

2260 5069 2342 5123 ep.
2369 5051 2438 5107 ad
2469 5053 2530 5106 S.
2560 5052 2875 5125 Amandum)
2899 5093 2914 5119 ,
2943 5053 3038 5109 sed
3066 5055 3429 5111 emolumenta
3456 5057 3640 5111 totum
3666 5065 3808 5110 remu-

2333 5258 2413 5332 (Ξ)
2445 5259 2554 5334 Hoc
2575 5268 2679 5323 est,
2709 5273 2814 5334 n_on
2852 5273 2915 5334 ex
2942 5257 3307 5334 Asimililudine
3328 5301 3342 5321 .
3375 5266 3437 5334 ut
3473 5258 3708 5334 volebant
3729 5253 3810 5334 llo:

2263 5329 2541 5388 nitensiani
2583 5345 2677 5385 seu
2724 5330 3044 5386 Si'miariani
3070 5371 3083 5390 ,
3127 5330 3219 5384 sed
3260 5347 3326 5386 ea:
3353 5333 3548 5386 unitate
3571 5347 3590 5385 :
3608 5329 3682 5382 cui
3718 5329 3806 5379 voci

2267 5406 2393 5458 dum
2424 5403 2664 5470 proxima
2711 5403 2888 5476 unain
2925 5417 3071 5470 prius
3111 5403 3342 5472 vulgatis
3379 5405 3659 5476 copulatur
3683 5408 3808 5476 atque

2266 5476 2630 5544 conjungitur,
2651 5473 2879 5528 subinde
2903 5489 3026 5528 cum
3059 5471 3320 5528 orationis
3351 5474 3650 5544 integritate
3667 5471 3808 5544 delicil

2265 5559 2319 5603 et
2357 5539 2569 5601 tiens-us.
2617 5545 2709 5616 Hii-
2756 5545 3029 5616 repetitur:
3041 5545 3181 5609 quod
3235 5547 3286 5599 in
3322 5539 3551 5616 epistola
3590 5539 3808 5616 superiflfi

2268 5619 2602 5688 praemissum
2653 5612 2845 5679 fuerit,
2877 5621 2962 5669 uln
2988 5614 3216 5670 Trinitas
3239 5612 3524 5673 substantia
3545 5631 3712 5674 unum,

2265 5684 2366 5742 tate
2390 5704 2568 5745 unum.
2601 5697 2846 5762 potestate
2864 5705 3041 5748 unum.
3062 5705 3231 5762 regno
3262 5704 3443 5755 unum,
3473 5684 3810 5762 gloriﬁcalim

2262 5776 2441 5828 unum,
2468 5760 2690 5831 imagine
2706 5775 2886 5830 unum,
2907 5760 3187 5817 asseritur.
