4010 6306
281 227 414 287 HO!

1364 214 1702 276 EPISTOLA
1743 214 1837 272 AD
1868 211 2097 270 OMNES
2128 209 2518 269 EPISCOPOS.

3441 205 3587 268 “0!

276 342 603 409 nerationls,
643 341 799 412 bnjus
829 338 1009 395 steculi
1038 337 1350 395 vexationes
1387 336 1620 391 tolerare
1657 347 1876 404 persna-
1903 334 1959 397 Α
1984 346 2081 386 nec
2100 330 2349 385 laudatur
2375 330 2604 395 initium,
2624 328 2718 386 sed
2749 328 2889 384 linis.
2910 326 3073 384 Nemo
3089 345 3176 384 vos
3193 326 3591 383 seducalinani-

273 438 457 494 deant.
490 435 761 509 Srriptum
784 450 1015 506 namque
1042 445 1125 489 est
1149 451 1163 487 :
1198 432 1336 501 Quid
1357 431 1633 487 retribuam
1657 426 1881 481 Domino

271 547 368 605 pro
407 530 642 585 omnibus
674 545 789 600 qua:
822 529 1055 583 retribuit
1082 528 1208 582 mihi
1235 525 1408 600 (Psal.
1453 524 1625 592 cxv)?
1654 521 1879 577 Calicem

273 625 518 680 salutaris
545 624 819 693 accipiam,
849 633 895 676 et
918 638 1099 677 nomen
1120 619 1330 675 Domini
1353 617 1617 675 invocabo.
1646 616 1878 672 Tantum

271 717 414 772 enim
459 734 486 769 τι
528 716 682 772 nobis
727 716 977 787 exigitur,
1024 724 1282 785 quantum
1331 727 1616 782 possumus
1654 710 1877 765 famulu-

273 818 359 864 tus
385 810 553 864 nostri
575 808 839 879 obsequio
860 807 1227 864 εοιιιιιιοάὀτθ.
1253 806 1409 864 Unde
1430 806 1643 877 quidem
1669 815 1874 859 tantum

270 918 370 959 nos
403 917 626 959 necesse
650 911 732 959 est
761 901 1079 972 importunis
1112 899 1582 971 pra-dicationibus
1607 899 1872 964 insistere,

273 1007 475 1068 quanto
515 997 672 1052 nobis
715 995 967 1067 perfectio
1011 994 1391 1066 negotiationis
1420 992 1658 1049 creditur
1698 990 1878 1060 dupli-

268 1100 386 1147 cata
418 1090 741 1145 talentorum
766 1088 1079 1159 assignatio,
1109 1099 1269 1159 atque
1299 1087 1583 1142 dominicae
1612 1088 1776 1144 vocis.
1804 1084 1871 1139 ad

268 1182 667 1254 suscipiendam
696 1182 811 1250 ejus
839 1181 1115 1251 requiem,
1150 1179 1437 1252 persuadet
1462 1178 1688 1234 assertio
1737 1179 1874 1249 Sug-

268 1287 477 1349 gestum
508 1291 740 1348 namque
768 1277 923 1335 nobis
953 1287 1035 1331 est
1057 1277 1138 1345 (7,
1163 1291 1250 1347 qu.
1269 1290 1320 1341 ι,
1351 1275 1657 1347 Suggestum
1675 1283 1750 1327 est
1772 1288 1870 1326 no-

267 1371 401 1442 bis),
429 1368 572 1442 quod
603 1386 701 1441 pro
730 1370 1017 1440 pra-teritis
1058 1367 1331 1423 laboribus
1354 1378 1406 1422 et
1436 1365 1870 1422 infeStationibns

270 1464 511 1520 nonnulli
550 1475 791 1518 vestrum
822 1463 1124 1533 assignatas
1151 1462 1399 1520 sibimet.
1431 1469 1487 1515 et
1512 1477 1542 1515 a
1573 1461 1681 1515 Deo
1721 1474 1873 1514 com-

267 1556 458 1614 missas
490 1556 797 1626 relinquunt
822 1556 1007 1627 plebes
1031 1597 1045 1619 ,
1090 1562 1145 1610 et
1183 1554 1237 1609 in
1281 1553 1459 1609 futuro
1492 1554 1674 1623 plures
1704 1554 1870 1608 relin-

266 1664 433 1721 quere.
464 1648 628 1705 velint
656 1664 770 1717 eas,
799 1663 933 1719 quas
962 1648 1099 1703 tueri
1128 1648 1347 1714 debent,
1377 1647 1654 1715 ecclesias,
1685 1659 1739 1702 et
1767 1662 1863 1717 pro

1983 427 2074 481 bus
2092 425 2270 480 verbis.
2296 424 2586 494 Proliterea
2617 425 2758 479 enim
2791 424 2936 478 venit
2963 425 3040 479 ira
3072 424 3165 479 Dei
3197 423 3249 478 in
3280 423 3419 479 filios
3444 420 3590 478 (ιπη-

1980 517 2196 573 dentim.
2216 517 2395 572 Nolite
2408 532 2538 584 ergo
2560 515 2697 573 efllei
2713 518 3125 589 compar-ticipes
3145 533 3333 572 eorum
3357 517 3584 581 dogma-

1981 621 2116 677 tnm,
2150 626 2323 681 neque
2354 610 2764 666 communicetis
2790 612 3136 666 inlructnosis
3160 611 3336 666 verbis
3362 612 3581 668 illorum

1978 709 2148 784 (Idem
2177 712 2228 764 in
2258 712 2344 764 cit.
2377 709 2623 781 synodica
2653 725 2811 778 usque
2837 713 2943 779 fere
2969 710 3021 763 in
3048 706 3224 783 ﬁnem)
3246 750 3262 775 ,
3295 711 3463 779 magis
3489 725 3587 765 au-

1978 817 2084 861 tem
2114 807 2419 878 rctlarguite
2448 824 2459 859 :
2492 806 2733 875 quoniam
2762 816 2918 859 cretus
2958 805 3396 874 pravaricatorum
3435 813 3577 868 sunt,

1975 909 2024 955 et
2053 900 2388 957 extenderunt
2421 899 2648 970 linguam
2672 916 2815 951 suam
2842 898 2990 969 quasi
3015 915 3189 952 arcum
3214 897 3501 962 mendacii,
3532 904 3582 953 et

1975 1009 2076 1048 non
2104 995 2349 1047 veritatis.
2382 990 2702 1061 Completum
2732 1003 2805 1046 est
2833 993 2884 1046 in
2907 992 3002 1058 eis,
3018 993 3104 1062 qui
3126 992 3192 1046 de
3215 991 3353 1045 malo
3376 992 3443 1046 ad
3472 1007 3585 1046 ma-

1975 1086 2081 1141 lum
2112 1086 2301 1154 egressi
2326 1098 2444 1139 sunt
2473 1128 2486 1150 ,
2517 1093 2562 1139 et
2591 1101 2670 1139 me
2713 1102 2814 1139 non
2844 1095 3209 1158 cognoverunt,
3240 1084 3363 1139 dicit
3394 1083 3579 1139 Denti-

1974 1195 2091 1234 nus.
2151 1177 2426 1233 Veritatem
2480 1194 2581 1232 non
2630 1177 2899 1247 loquentur
2948 1176 3082 1249 (Jer.
3140 1174 3236 1248 vr).
3294 1175 3584 1231 Docucrttnl

1972 1273 2105 1327 enim
2134 1273 2368 1343 linguam
2402 1290 2547 1326 suam
2571 1281 2939 1343 persecutores
2966 1271 3340 1337 ecclesiarum,
3368 1286 3585 1327 earum-

1972 1381 2079 1438 que
2109 1368 2470 1433 sacerdotum,
2502 1367 2639 1436 loqui
2667 1366 3006 1421 mendacium.
3042 1363 3111 1420 Ut
3144 1365 3301 1435 impie
3335 1375 3577 1436 agerent,

1973 1461 2361 1525 laboraverunt,
2408 1470 2454 1515 et
2499 1472 2772 1516 renuerunt
2812 1461 2942 1515 scire
2990 1475 3103 1525 me,
3153 1459 3275 1513 dicit
3302 1458 3577 1516 Dominus.

1972 1555 2122 1612 State
2158 1572 2286 1627 ergo
2330 1570 2461 1622 vos,
2493 1554 2826 1610 dilectissimi
2853 1595 2867 1616 ,
2908 1568 3071 1622 super
3108 1553 3253 1617 vias,
3288 1562 3342 1607 et
3378 1551 3577 1608 vidi-te.

1975 1649 2303 1719 Interrogate
2328 1650 2395 1705 de
2417 1650 2620 1705 semitis
2650 1648 2857 1703 Domini
2888 1648 3142 1719 antiquis,
3165 1658 3220 1704 et
3240 1648 3437 1713 videte,
3462 1661 3583 1718 quae

266 1742 463 1798 ovibus
490 1743 591 1799 sibi
617 1742 923 1798 commissis
962 1742 1208 1798 laborare
1230 1743 1527 1814 negligant,
1557 1754 1608 1797 et
1647 1758 1861 1798 inonas-
1898 1727 1947 1789 Β
1973 1755 2056 1800 eSt
2086 1743 2167 1798 via
2200 1742 2335 1798 bona
2371 1751 2682 1798 sanctorum
2726 1742 2941 1797 Patrum
2966 1783 2980 1808 ,
3008 1750 3062 1795 et
3098 1741 3370 1796 ambulate
3400 1740 3451 1795 in
3479 1753 3579 1806 ea;

267 1837 523 1892 teriorum
553 1850 613 1893 se
633 1836 798 1905 quieti
817 1836 1138 1891 contradere
1160 1837 1429 1902 fe~tinent,
1454 1848 1506 1892 et
1536 1842 1865 1892 vacationem

265 1928 334 1984 ab
378 1930 721 2001 episcopatus
768 1928 1041 1986 laboribus
1080 1929 1322 2000 eligere,
1364 1940 1417 1986 et
1455 1931 1672 1986 silentio
1711 1941 1872 2001 atque

266 2025 376 2081 etin
407 2026 567 2080 vitam
595 2024 792 2096 degere
818 2023 986 2096 magis
1010 2034 1265 2097 appetant
1288 2066 1303 2088 .
1334 2041 1492 2097 quam
1525 2026 1575 2079 in
1608 2024 1690 2080 bis
1711 2069 1725 2089 ,
1750 2042 1870 2096 qua:

267 2121 370 2176 sibi
399 2120 685 2178 commissa
732 2130 885 2185 sunt,
933 2135 1252 2189 permanere
1278 2162 1291 2186 ,
1340 2121 1550 2176 dicente
1584 2120 1810 2177 Domino
1854 2139 1868 2176 :

267 2212 455 2270 Beatus
489 2212 579 2280 qui
615 2214 1000 2284 perseveraverit
1038 2229 1198 2285 usque
1232 2214 1283 2267 in
1306 2214 1458 2283 linem
1483 2212 1698 2282 (Matth.
1733 2230 1789 2280 κ,
1815 2223 1862 2268 et

266 2320 436 2378 XXIV).
472 2306 623 2364 Unde
653 2321 884 2377 namque
912 2316 994 2361 est
1025 2307 1175 2362 beata
1218 2310 1639 2377 perseverantia,
1672 2309 1773 2364 nisi
1804 2309 1872 2364 de

265 2399 465 2455 virtute
503 2398 813 2469 patientiae?
843 2398 1139 2465 Quoniam,
1183 2400 1481 2453 secundum
1520 2402 1869 2468 apostolicam

267 2493 727 2566 medicationem.
758 2507 931 2547 omnes
959 2493 1047 2562 qui
1085 2491 1336 2546 voluerint
1364 2494 1418 2546 in
1443 2490 1650 2547 Christo
1690 2493 1770 2562 pie
1793 2491 1870 2546 vi-

268 2603 398 2650 vere,
425 2586 825 2661 persecutionem
861 2586 1127 2655 patiuntur
1164 2582 1250 2655 (II
1296 2583 1427 2638 Tim.
1469 2585 1572 2652 ut).
1604 2584 1870 2655 Ideoque,

268 2684 462 2739 fratres
482 2680 809 2746 t'ltarissinti,
855 2697 962 2735 non
994 2695 1090 2735 vos
1118 2680 1470 2736 afﬂictionum
1504 2681 1806 2735 amaritudo
1834 2695 1863 2734 a

268 2779 357 2850 pio
384 2776 577 2834 mentis
605 2787 798 2832 vestrm
822 2777 1097 2846 proposito
1119 2785 1356 2832 coarctet
1382 2775 1656 2831 recedere.
1679 2776 1873 2830 Carisi-

267 2873 452 2930 derate
483 2885 744 2943 namque.
776 2880 973 2941 quanta
1007 2887 1103 2941 pro
1133 2871 1474 2925 absolutione
1510 2870 1680 2925 nostri
1726 2880 1781 2927 et
1806 2871 1872 2927 li-

270 2965 549 3023 beratione
568 2963 815 3029 Creator,
852 2962 1218 3036 Dominusqne
1239 2976 1291 3020 et
1320 2963 1651 3030 Redemptor
1684 2975 1869 3020 noster

270 3059 548 3130 pertulerit
569 3100 586 3127 ,
616 3059 879 3131 quibusve
907 3076 966 3116 se
1000 3059 1339 3115 contumeliis
1390 3056 1728 3114 afﬁciendum
1761 3070 1869 3113 tra-

1976 1847 2029 1894 et
2061 1837 2345 1892 invenietis
2381 1838 2619 1907 requiem
2653 1835 2934 1889 animabus
2980 1832 3194 1890 vestris.
3238 1832 3345 1889 Sed
3372 1834 3417 1889 si
3447 1832 3585 1904 puti-

1976 1931 2105 1985 mini
2136 1939 2353 1999 propter
2375 1928 2646 1983 Christum
2670 1970 2683 1992 ,
2713 1927 2854 1983 beati
2882 1927 3033 1983 eritis
3062 1924 3115 1998 (1
3145 1925 3288 1981 Petr.
3317 1925 3420 1997 ut).
3469 1926 3586 1982 Me-

1977 2033 2088 2078 tum
2118 2032 2296 2078 autem
2325 2037 2510 2077 eorum
2540 2037 2607 2077 ne
2636 2021 2942 2084 liniueritis,
2965 2036 3140 2092 neque
3162 2020 3579 2077 conturbemini.

1982 2116 2267 2172 Dominum
2299 2126 2478 2171 autem
2524 2115 2689 2170 Deum
2724 2115 3054 2170 sanctifiCate
3087 2115 3138 2168 in
3171 2113 3425 2170 cordibus
3464 2129 3587 2170 ves-

1976 2213 2073 2265 tris
2096 2252 2111 2278 ,
2146 2212 2264 2279 ipso
2292 2209 2505 2265 dicente
2534 2227 2547 2263 :
2576 2207 2752 2263 Nolite
2787 2208 2961 2262 timere
2999 2224 3083 2261 eos
3110 2207 3196 2278 qui
3224 2224 3408 2279 corpus
3450 2207 3589 2261 occi-

1976 2302 2126 2366 dunt,
2156 2302 2380 2356 animam
2408 2312 2574 2355 autem
2603 2317 2705 2353 non
2744 2309 2960 2372 possunt
2993 2300 3226 2355 occidere
3251 2316 3271 2355 :
3298 2300 3388 2355 sed
3412 2300 3586 2371 potius

1972 2410 2091 2448 eum
2121 2395 2309 2456 timete,
2338 2394 2424 2462 qui
2456 2403 2615 2456 potest
2643 2394 2868 2446 animam
2893 2403 2940 2445 et
2967 2408 3154 2464 corpus
3182 2391 3396 2460 ierdere
3419 2392 3473 2445 in
3498 2406 3587 2461 ge-

1975 2483 2213 2539 hennam.
2244 2483 2428 2539 Nonne
2452 2484 2554 2537 duo
2582 2500 2813 2557 passeres
2840 2500 2955 2540 asse
2980 2493 3195 2538 veneunt
3214 2524 3229 2549 ,
3262 2493 3311 2538 et
3349 2500 3480 2537 unus
3521 2498 3587 2538 ea:

1972 2580 2079 2635 illis
2122 2596 2221 2632 non
2249 2579 2397 2632 cadet
2425 2594 2578 2643 super
2608 2589 2794 2632 terram
2826 2578 2936 2632 sine
2967 2576 3123 2631 Patre
3165 2578 3369 2633 vestro?
3416 2576 3585 2632 Vestri

1975 2685 2143 2727 autem
2171 2674 2347 2744 capilli
2377 2674 2559 2743 capitis
2590 2689 2764 2727 omnes
2792 2674 3049 2728 numerati
3072 2681 3211 2726 sunt.
3258 2672 3436 2727 Nolite
3463 2686 3586 2745 ergo

1976 2768 2175 2832 timere,
2205 2768 2379 2820 multis
2409 2766 2701 2839 passeribus
2729 2765 2963 2821 meliores
2991 2766 3114 2821 estis
3144 2782 3231 2820 vos
3256 2764 3470 2836 (Matth.
3504 2763 3583 2837 ι).

1975 2861 2408 2917 Rememoramini
2464 2879 2605 2933 ergo,
2665 2860 2892 2927 fratres,
2946 2878 3091 2929 eum,
3150 2861 3237 2929 qui
3286 2861 3438 2916 talem
3490 2875 3586 2915 su-

1973 2956 2152 3011 stinuit
2192 2973 2223 3008 a
2252 2956 2603 3027 peccatoribus
2642 2954 2885 3008 adversus
2928 2955 3251 3026 semetipsum
3292 2954 3585 3009 contradic-

1975 3052 2164 3105 tionem
2191 3093 2205 3117 ,
2255 3060 2403 3104 utne
2446 3049 2732 3121 fatigemini
2778 3049 2962 3103 animis
3008 3050 3225 3116 vestris,
3271 3047 3581 3109 deﬁcientes.

268 3151 485 3217 diderit,
516 3159 575 3206 ut
605 3166 700 3205 nos
731 3169 756 3203 a
792 3152 1022 3207 vinculis
1053 3151 1333 3222 potestatis
1360 3151 1636 3206 diabolicte
1670 3151 1871 3206 libera-
1898 3117 1944 3180 Ο
1987 3145 2234 3201 Nondum
2260 3145 2392 3199 enim
2418 3161 2579 3216 usque
2598 3145 2665 3199 ad
2686 3145 2984 3215 sanguinem
3006 3144 3307 3199 certavimus
3330 3143 3450 3215 (al.,
3477 3159 3589 3199 cer-

273 3252 377 3300 rtt.
407 3242 664 3300 Attendite
700 3245 871 3316 itaque
907 3244 1048 3300 vobis
1083 3255 1131 3299 et
1169 3245 1307 3298 omni
1345 3245 1515 3315 gregi,
1560 3244 1611 3297 in
1650 3261 1749 3313 quo
1791 3262 1879 3300 vos

270 3336 497 3410 Spiritus
552 3348 758 3393 sanctus
821 3339 1085 3394 constituit
1145 3338 1411 3407 episcopos
1467 3353 1643 3410 regere
1699 3336 1879 3393 Eccle-

267 3432 398 3488 siam
430 3430 548 3497 Dei,
579 3444 732 3503 quam
762 3433 1027 3503 acquisivit
1060 3433 1270 3503 proprio
1296 3433 1545 3503 sanguine
1573 3432 1712 3499 (Act.
1744 3430 1873 3506 xx);

270 3535 327 3582 ut
354 3543 458 3581 non
489 3526 581 3593 sit,
606 3525 697 3597 qui
726 3540 819 3580 ves
856 3525 1088 3595 decipiat
1118 3535 1209 3579 aut
1244 3526 1463 3580 seducat
1495 3526 1545 3578 in
1577 3526 1878 3581 subtilitate

270 3620 573 3682 sermonis,
626 3626 685 3674 ut
736 3617 925 3687 plebes
977 3617 1129 3673 vobis
1182 3616 1497 3671 commissas
1555 3616 1874 3687 relinquatis

270 3711 361 3783 (S.
413 3710 667 3765 Martinus
714 3712 766 3764 in
797 3726 881 3779 ep.
915 3710 1163 3781 synodica
1216 3719 1328 3783 post
1354 3709 1539 3764 concil.
1570 3706 1793 3780 Later.),
1822 3717 1878 3765 et

270 3803 451 3870 alicui,
483 3813 705 3875 propter
725 3803 987 3858 malorum
1012 3803 1358 3872 opprobrium
1389 3803 1685 3866 hominum,
1708 3802 1876 3874 quieti

271 3914 369 3954 vos
401 3899 711 3960 trudatis.et
735 3909 795 3953 ut
812 3913 911 3955 vos
932 3899 1271 3953 solummodo
1297 3898 1604 3964 salvetis,et
1632 3896 1771 3952 filios
1787 3913 1879 3951 or-

273 3991 481 4063 phanos
505 3992 839 4063 relinquatis.
864 3992 1220 4064 Apertissime
1241 3996 1382 4048 enim
1405 3993 1635 4063 Spiritus
1657 4006 1877 4049 Sanetus

273 4101 370 4157 per
401 4085 717 4156 Apostolum
746 4087 1030 4158 tlicit,quia
1059 4089 1112 4143 in
1141 4088 1429 4143 novissimis
1459 4088 1773 4158 temporibus
1793 4104 1879 4142 re-

277 4180 455 4234 cedent
505 4180 713 4249 quidam
742 4198 773 4234 a
798 4182 902 4250 [ide
923 4192 968 4235 et
985 4182 1252 4244 charitate.
1269 4182 1587 4237 attendentes
1614 4182 1875 4256 spiritibus

271 4273 619 4328 seductoribus
648 4284 696 4329 et
723 4274 968 4329 doctrinis
1010 4276 1381 4330 dtentoniorum
1402 4316 1416 4341 ,
1453 4287 1499 4331 ct
1535 4277 1586 4330 in
1615 4278 1879 4348 hypocrisi

272 4366 524 4422 mendacii
566 4367 881 4437 eloquiorum
921 4369 1253 4423 cauteriatam
1293 4370 1529 4425 habentes
1578 4387 1725 4425 suam
1752 4388 1877 4426 con-

272 4459 532 4513 scientiam
565 4458 617 4531 (l
648 4457 781 4514 Tim.
817 4462 912 4530 tv).
941 4460 1168 4530 PrOpter
1197 4461 1361 4529 quod,
1390 4462 1597 4534 vigilate
1641 4473 1688 4518 et
1715 4475 1876 4532 orate,

268 4560 445 4606 utnon
478 4551 676 4607 intretis
705 4552 1105 4607 intentationem
1146 4552 1338 4626 (Marc.
1375 4569 1486 4619 xlv;
1538 4553 1666 4609 Luc.
1715 4558 1875 4626 uti).

271 4647 403 4711 Quae
438 4659 567 4700 vero
609 4645 802 4701 mentis
844 4647 1201 4714 transgressio
1244 4658 1499 4718 operatur
1540 4650 1590 4702 in
1632 4649 1746 4717 bis,
1787 4654 1881 4721 qui

273 4753 381 4794 n0u
421 4736 750 4793 crediderint
791 4737 1132 4794 sermonibus
1162 4740 1411 4803 Domini.
1458 4751 1513 4795 et
1554 4743 1882 4800 recesserint

272 4846 373 4905 pro
413 4846 507 4885 sua
536 4831 717 4899 quiete
748 4845 777 4884 a
821 4831 1041 4886 servitio
1070 4831 1174 4887 sibi
1216 4832 1509 4889 commisso
1535 4875 1549 4900 ,
1595 4846 1652 4889 et
1682 4835 1792 4889 suis
1821 4849 1881 4891 se

272 4923 615 4980 subdiderint
642 4921 1043 4992 voluptatibus?
1072 4922 1293 4979 Talibus
1322 4926 1519 4995 quippe
1548 4934 1603 4980 ct
1630 4925 1751 4980 aliis
1784 4940 1882 4996 pro

275 5018 475 5090 papula
508 5018 599 5074 Dei
626 5017 909 5073 constricti
942 5019 1386 5081 necessitatibus,
1416 5035 1482 5075 ne
1508 5019 1737 5085 pereatis
1779 5034 1879 5074 una

273 5132 395 5173 cum
431 5114 684 5170 omnibus
722 5114 874 5170 vobis
906 5115 1209 5170 commissis
1230 5156 1246 5179 ,
1277 5114 1371 5170 sed
1398 5115 1534 5170 salvi
1560 5114 1675 5170 sitis
1704 5116 1753 5169 in
1794 5114 1883 5170 die

272 5218 492 5265 aeternae
540 5207 909 5263 retributionis
931 5247 948 5274 ,
980 5208 1259 5264 hortamur
1286 5218 1520 5264 vestram
1559 5207 1881 5265 cbaritatem

274 5303 517 5378 (Martia.
538 5319 674 5375 papa
692 5303 745 5357 in
758 5303 844 5357 cit.
860 5320 944 5373 ep.
966 5304 1035 5357 ad
1056 5304 1118 5359 S.
1137 5304 1472 5375 Amandum),
1506 5306 1752 5374 exemplo
1766 5303 1883 5375 ejus

273 5397 365 5469 qui
393 5410 487 5467 pro
518 5394 672 5449 nobis
688 5393 799 5465 pati
819 5396 988 5451 voluit
1009 5438 1024 5464 ,
1044 5407 1324 5469 promptos
1344 5412 1440 5454 vos
1457 5397 1508 5452 in
1534 5398 1741 5479 cunctis
1768 5398 1886 5467 ejus

276 5502 595 5563 permanere
622 5487 876 5554 servitiis,
905 5504 1005 5544 nec
1035 5488 1249 5559 quidem
1269 5506 1485 5562 quoquo
1503 5491 1662 5547 modo
1685 5507 1713 5545 a
1735 5506 1885 5546 com-

274 5585 437 5641 missa
457 5599 587 5639 cura
607 5582 885 5649 recedere,
905 5583 998 5639 sed
1022 5584 1149 5641 telis
1169 5584 1376 5641 viribus
1398 5587 1449 5641 in
1464 5586 1768 5641 commissis
1782 5600 1881 5639 vo-

274 5681 357 5737 bis
378 5681 604 5751 negotiis
623 5678 836 5735 fortiter
852 5696 1019 5752 usque
1044 5681 1095 5736 in
1115 5681 1274 5737 linem
1296 5682 1539 5752 perdura:
1556 5698 1586 5737 e
1608 5701 1620 5738 :
1639 5684 1879 5753 quoniam

276 5772 453 5831 beatus
481 5786 574 5841 est,
594 5774 682 5841 qui
700 5778 1090 5843 perseveraverit
1105 5792 1262 5847 usque
1291 5776 1344 5832 in
1366 5776 1520 5845 linem
1542 5772 1756 5847 (Matth.
1777 5777 1831 5851 χ)
1862 5795 1877 5833 :

1984 3237 2237 3310 tavistis),
2267 3238 2509 3291 adversus
2534 3250 2790 3309 peccatum
2813 3247 3154 3308 repugnantes
3180 3234 3365 3309 (Hebr.
3390 3241 3511 3304 xu).

2054 3340 2387 3396 Conlidimus
2412 3349 2588 3395 autem
2612 3340 2680 3396 de
2705 3340 2881 3406 vobis,
2912 3338 3441 3404 fratrescltarisdmi,
3470 3353 3589 3395 me-

1982 3436 2119 3490 liora
2142 3444 2196 3489 et
2226 3436 2487 3491 viciniora
2546 3434 2735 3489 salutis
2766 3477 2780 3501 ,
2823 3435 2944 3505 quia
2989 3450 3147 3505 neque
3186 3450 3323 3488 mors
3355 3474 3371 3498 ,
3426 3446 3586 3504 neque

1983 3528 2085 3580 vita
2110 3569 2124 3592 ,
2158 3544 2315 3595 neque
2337 3525 2506 3596 angeli
2539 3569 2553 3590 ,
2587 3543 2743 3597 neque
2767 3527 3085 3599 principatus
3112 3568 3126 3592 ,
3176 3542 3335 3596 neque
3362 3535 3587 3597 potesta-

1982 3630 2054 3673 tes
2075 3661 2090 3685 ,
2123 3636 2284 3685 neque
2323 3620 2564 3673 instantia
2591 3660 2605 3683 ,
2632 3635 2792 3684 neque
2842 3620 3049 3691 futura,
3107 3634 3269 3688 neque
3295 3617 3538 3687 fortitudo
3563 3658 3581 3685 ,

1983 3730 2146 3784 neque
2174 3713 2391 3767 altitudo
2415 3757 2429 3781 ,
2464 3730 2622 3785 neque
2650 3714 2963 3785 profundum
2993 3755 3008 3779 ,
3036 3729 3195 3784 neque
3222 3722 3455 3768 creatura
3480 3712 3589 3768 alia

1986 3805 2239 3877 Magistro
2268 3807 2507 3877 gentium
2554 3807 2781 3862 docente
2818 3805 2995 3879 (Rom.
3030 3808 3150 3874 viti)
3186 3847 3200 3871 ,
3258 3807 3442 3873 poterit
3492 3822 3585 3861 nos

1981 3915 2226 3971 separare
2250 3917 2282 3953 a
2306 3900 2556 3955 charitate
2582 3898 2797 3953 Domini
2822 3900 2982 3954 nostri
3006 3897 3132 3953 Iesu
3154 3898 3344 3953 Christi
3366 3940 3382 3963 ,
3404 3909 3451 3952 et
3473 3913 3589 3965 qute

1980 3994 2033 4048 in
2068 3995 2178 4066 ipso
2198 4005 2272 4049 est
2292 4036 2308 4060 ,
2336 4005 2473 4048 recta
2502 3995 2623 4063 ﬁde.
2658 3993 2835 4048 Nolite
2857 3995 3027 4063 itaque
3054 3994 3285 4048 amittere
3315 3993 3582 4061 conﬁden-

1980 4088 2104 4142 tiam
2130 4099 2369 4155 restram,
2400 4105 2514 4159 qua:
2536 4106 2774 4161 utagnam
2796 4090 2945 4144 habet
2975 4094 3454 4147 remunerationem.
3474 4087 3586 4144 Pa-

1983 4182 2160 4236 tientia
2187 4184 2322 4237 enim
2354 4182 2498 4237 nobis
2530 4186 2818 4238 necessaria
2865 4194 2938 4239 est
2969 4186 3038 4237 ad
3066 4184 3455 4238 colluctationes
3484 4184 3580 4237 ad-

1983 4278 2321 4330 versariorum
2351 4318 2366 4341 ,
2409 4287 2657 4346 quatenus
2705 4276 2856 4346 fidem
2880 4277 3226 4331 intemeratum
3262 4292 3420 4344 usque
3442 4276 3495 4329 in
3522 4276 3592 4345 ﬁ-

1982 4385 2097 4423 nem
2122 4378 2475 4424 covscrvantes
2503 4411 2516 4436 ,
2548 4371 2991 4443 repromissiouem
3017 4371 3361 4442 percipiamus
3386 4411 3401 4436 ,
3431 4386 3587 4438 quam

1984 4463 2269 4533 repromisit
2300 4464 2380 4517 his
2405 4465 2491 4532 qui
2513 4464 2735 4535 legitime
2773 4474 2968 4519 certare
2996 4463 3334 4536 deproperant
3401 4462 3585 4518 Adhuc

1990 4555 2121 4607 enim
2149 4554 2408 4608 modicum
2436 4554 2836 4623 aliquantulam,
2867 4556 2954 4621 qui
2980 4566 3220 4609 venturus
3247 4565 3320 4609 est
3343 4554 3588 4621 veniet,et

1986 4664 2087 4701 non
2112 4646 2333 4702 tardabit
2362 4646 2521 4721 (Ileb.
2553 4648 2629 4715 ι).
2685 4645 2815 4702 Ecce
2847 4664 2978 4701 enim
3020 4650 3190 4721 judex
3218 4659 3335 4705 ante
3366 4650 3588 4722 januam

1985 4743 2177 4796 assistit
2233 4741 2440 4813 (Iacob.
2483 4741 2541 4811 v)
2580 4759 2794 4796 coronas
2862 4744 3096 4797 hilariter
3146 4744 3442 4811 promittens
3471 4743 3586 4813 his,

1987 4839 2076 4907 qui
2093 4853 2185 4907 pro
2211 4853 2269 4891 eo
2310 4838 2633 4910 passionibus
2664 4837 3045 4892 submittuntur.
3100 4837 3251 4905 Quod
3266 4838 3311 4892 si
3323 4837 3593 4892 subtraxe-

1991 4932 2058 4983 rit
2080 4945 2134 4983 se
2158 4929 2296 5000 quis,
2322 4946 2421 4983 non
2448 4928 2665 5001 plat‘t'bll
2694 4929 2882 4982 auimre
2898 4944 3007 4983 sua!
3037 4929 3245 5000 (Vulg.,
3270 4932 3415 4999 mete)
3450 4967 3467 4997 ,
3500 4929 3589 4984 sed

1990 5022 2134 5075 cadet
2165 5021 2228 5075 de
2256 5022 2596 5090 promissione
2620 5012 2870 5091 {propter
2904 5024 3242 5095 negationem.
3280 5021 3393 5075 Nos
3417 5035 3589 5079 autem

1990 5132 2092 5170 non
2121 5115 2282 5170 simus
2332 5116 2694 5170 subtractionis
2721 5114 2818 5185 ﬁlii
2841 5116 2893 5169 in
2913 5116 3267 5185 perditionem,
3292 5115 3382 5169 sed
3397 5114 3589 5183 ﬁdeiin

1989 5209 2375 5280 acquisitionem
2402 5209 2606 5263 animae.
2636 5207 2857 5277 Propter
2877 5209 3016 5280 quod
3034 5206 3279 5262 assumite
3303 5223 3447 5262 arma
3467 5205 3586 5276 Dei,

1992 5314 2047 5358 ut
2074 5305 2277 5374 possitis
2302 5304 2539 5358 resistere
2563 5304 2615 5358 in
2640 5304 2724 5358 die
2764 5304 2921 5369 malo,
2955 5302 3215 5356 adversus
3256 5316 3446 5357 omnes
3487 5300 3589 5357 ini-

1994 5399 2167 5455 miros
2192 5408 2392 5454 sancta:
2423 5399 2513 5453 Dei
2540 5397 2785 5454 ecclesia:
2815 5406 2870 5452 et
2888 5407 3101 5451 vestros
3149 5414 3163 5450 :
3205 5407 3255 5451 et
3277 5395 3474 5450 induite
3501 5412 3590 5450 vos

1992 5493 2199 5547 loricam
2215 5493 2464 5567 justitite,
2491 5482 2703 5547 calceoli
2727 5490 2878 5560 pedes
2904 5493 2955 5545 in
2984 5493 3410 5562 pra'parationem
3437 5507 3591 5545 evan-

1988 5588 2108 5658 gelii
2139 5588 2301 5656 pacis,
2324 5588 2377 5641 in
2406 5586 2637 5641 (minibus
2656 5594 2969 5639 assumentes
2989 5593 3188 5639 scutum
3215 5585 3339 5657 ﬁdei
3355 5627 3371 5651 ,
3410 5586 3463 5639 in
3491 5600 3591 5655 quo

1986 5684 2201 5753 possitis
2244 5681 2415 5735 onutia
2433 5680 2616 5754 jacula
2643 5696 2839 5750 nequis.-
2852 5679 2944 5733 imi
2968 5684 3127 5751 ignita
3158 5682 3227 5753 (al
3260 5721 3276 5747 ,
3308 5680 3482 5749 ignea)
3504 5696 3595 5735 εω-

1992 5777 2218 5848 tinguere
2242 5785 2332 5831 :vet
2370 5774 2581 5847 galeam
2617 5773 2804 5829 salutis
2844 5773 3059 5847 accipite
3086 5786 3131 5829 et
3161 5772 3395 5846 gladium
3433 5772 3595 5844 spiri-
