4010 6306
485 141 624 200 “05

1873 141 2189 200 LIBERIUS
2230 141 2428 200 PAPA.

3619 148 3717 202 Ifttl

481 268 588 322 tus,
620 258 759 329 quod
779 266 851 315 est
883 257 1088 314 verbum
1114 256 1229 320 Dri.
1259 273 1349 330 per
1371 273 1569 312 omnem
1600 259 1876 314 orationem
1903 269 1948 313 ct
1996 261 2085 312 ob-
2112 262 2163 322 Α
2189 263 2301 318 bris
2326 262 2391 314 ad
2423 262 2607 315 lumen
2632 301 2646 324 ,
2702 258 2770 315 de
2801 259 2951 328 lapsu
2983 258 3047 314 ad
3072 273 3252 314 veram
3298 258 3470 322 ﬁdem.
3509 261 3566 316 dc
3590 280 3723 321 nun..-

478 355 819 408 secrationent
845 351 1068 422 (Epltes.
1103 352 1202 425 νι),
1248 352 1471 408 radicati
1500 363 1550 407 et
1579 353 1779 407 ittttduli
1810 353 1861 408 in
1887 353 2082 408 solatio

481 445 708 502 fratrum
734 461 832 518 pro
849 446 1064 502 Christo
1083 446 1211 502 Jestt
1239 445 1464 500 Domino
1495 456 1698 500 nostro.
1722 444 1829 501 Sed
1857 458 1902 502 et
1926 463 2080 513 nunc,

467 537 706 606 'l'ratres,
752 539 1164 594 commendamus
1205 555 1291 593 uos
1347 555 1518 593 omnes
1545 537 1787 605 Domino,
1842 550 1889 593 et
1934 540 2082 593 verbo

481 634 664 706 gratim
683 635 817 706 ejus,
859 635 945 704 qui
983 644 1145 704 potest
1185 635 1451 704 per/icere,
1492 643 1539 687 et
1567 633 1692 688 dare
1736 634 2083 690 [nereditatem

483 726 624 784 vobis
667 744 784 782 cum
815 728 1048 782 omnibus
1088 728 1301 784 sanctis.
1350 727 1376 782 Ι
1385 745 1474 798 pse
1501 740 1672 782 autem
1701 728 1836 782 Deus
1866 730 2009 798 pacis
2037 736 2083 782 et

483 821 846 876 consolationis
873 820 953 874 det
982 820 1119 876 uobis
1151 822 1372 890 idipsum
1401 838 1578 892 sapere
1607 823 1659 874 in
1687 823 2011 888 alterutrum,
2031 829 2084 875 ut

485 915 622 972 vobis
648 915 859 970 invicem
872 915 1206 978 succurratis,
1226 926 1385 968 etnon
1410 916 1519 968 sitis
1540 915 1722 980 divisi;
1746 925 1800 968 ut
1821 915 2084 969 unanimes

484 1025 586 1062 uno
617 1025 704 1063 ore
727 1018 772 1060 et
803 1023 903 1062 uno
931 1008 1062 1079 (al.,
1090 1007 1256 1079 puro)
1285 1009 1437 1063 corde
1465 1008 1861 1076 honoriﬁcemus
1891 1023 2004 1062 eum
2029 1005 2082 1058 in

484 1102 807 1155 concordiam
832 1112 878 1155 et
903 1102 1300 1156 consolationem
1323 1103 1564 1171 fratrum,
1589 1103 1676 1171 qui
1704 1111 1866 1171 potest
1893 1101 2082 1170 conﬁr-

485 1213 626 1252 mare
655 1213 745 1250 nos
771 1196 1047 1250 secundum
1078 1196 1395 1266 evangrlium
1421 1198 1530 1264 ejus
1547 1198 1704 1264 juxta
1726 1196 2083 1251 reuelationem

487 1291 713 1362 mysterii
733 1291 931 1350 wtcrni.
957 1291 1268 1356 (corporibus
1285 1291 1475 1345 scilicet
1497 1290 1755 1360 perpetuis
1775 1290 1920 1344 taciti
1942 1289 2078 1362 (Act.

486 1399 556 1438 xx
583 1392 628 1437 et
661 1381 814 1440 Rom.
855 1384 994 1451 ut),
1028 1383 1222 1453 quibus
1242 1382 1394 1439 vobis
1427 1383 1726 1437 futurorum
1761 1383 2078 1452 gaudiorum

486 1477 758 1547 largienda
778 1488 903 1532 sunt
922 1494 1166 1532 munera.
1187 1477 1538 1546 Summopere
1556 1477 1715 1530 etiam
1738 1475 2083 1531 considerare

486 1569 716 1631 debetis.
749 1569 891 1640 quod
920 1568 970 1623 ht
999 1571 1087 1640 qui
1122 1570 1376 1624 fratribus
1406 1567 1640 1624 invident
1665 1609 1679 1632 ,
1707 1582 1907 1638 eosque
1933 1567 2085 1620 dam-

2184 355 2252 410 ad
2301 353 2468 410 vitam
2525 353 2773 406 homines
2819 351 3020 407 divina:
3072 352 3548 421 pra-destinationis
3591 359 3724 425 gratia

2190 450 2470 520 prtescitos
2499 489 2514 514 ,
2545 448 2875 504 salutaribus
2901 449 3184 518 prceceptis
3213 463 3275 502 ac
3294 449 3498 502 monitis
3519 452 3728 519 pcrdnsc.

2190 552 2336 598 runt.
2368 541 2609 609 Quorum
2639 552 2951 596 sanctorum
2981 542 3346 612 apostolorum
3387 553 3553 597 vestra
3576 543 3726 600 inter.

2190 635 2331 689 nitas
2366 632 2679 688 honoranda
2727 649 2963 704 sequens
2994 634 3183 689 merita
3219 675 3234 700 ,
3292 642 3346 688 et
3377 635 3631 703 periecﬁus
3654 638 3729 690 itu.

2190 729 2345 797 plens
2403 726 2649 795 exempla
2687 767 2703 787 .
2748 727 3034 782 ecclesiam
3092 725 3184 782 Dei
3215 727 3671 797 morumprobitate
3692 741 3732 786 ct

2188 831 2401 876 actumn
2426 821 2712 878 sanctitate
2729 820 3054 876 condecorat
3083 863 3100 888 ,
3148 830 3202 876 et
3229 820 3331 876 ﬁde
3357 835 3500 876 sacra
3530 823 3731 879 christia-

2189 916 2381 985 nisque
2413 916 2655 970 moribus
2684 915 2870 984 vigens
2895 957 2910 981 ,
2949 932 3068 983 qua:
3098 915 3213 970 ﬁeri
3247 915 3357 971 Deo
3384 916 3563 984 placita
3586 921 3733 986 praci-

2190 1011 2304 1078 pit,
2355 1008 2549 1062 studiis
2601 1008 2997 1077 pontiﬁcalibus
3050 1009 3414 1064 indesinenter
3455 1021 3736 1078 operattuet

2187 1102 2397 1172 periit-it
2426 1141 2441 1162 .
2472 1116 2696 1156 servans
2727 1101 2862 1167 legis
2886 1102 3084 1156 dixinzc
3116 1103 3365 1156 mandata
3391 1117 3407 1166 ;
3436 1104 3549 1172 quia
3576 1121 3658 1155 non
3679 1105 3734 1158 lt-

2187 1197 2264 1265 gis
2284 1195 2542 1249 auditores
2553 1196 2687 1267 justi
2712 1206 2829 1248 sunt
2859 1196 2999 1267 apud
3032 1193 3228 1260 Deum,
3262 1195 3402 1250 sicut
3427 1206 3598 1250 narrat
3619 1198 3735 1266 Apo~

2187 1287 2375 1351 stultis,
2399 1288 2488 1341 sed
2513 1289 2732 1356 [actores
2754 1288 2878 1357 lcgt's
2904 1287 3330 1359 justiﬁcabuntur
3357 1287 3526 1358 (Rom.
3555 1292 3625 1359 tt).
3657 1289 3739 1346 Nos

2188 1380 2332 1436 enim
2351 1382 2463 1435 lucc
2497 1382 3062 1452 meditaricupieutes,
3083 1393 3136 1435 et
3162 1399 3224 1437 ea
3252 1398 3372 1452 qua:
3399 1399 3426 1436 a
3453 1394 3617 1436 sancta
3641 1386 3739 1440 sede

2189 1483 2368 1525 vestra
2396 1472 2785 1540 apostolorum.
2807 1488 3103 1543 eorumque
3125 1489 3495 1528 successorum
3527 1475 3738 1544 put-dita-

2189 1563 2336 1619 tione
2364 1565 2700 1632 suscepimus
2730 1607 2745 1631 ,
2797 1576 2959 1636 atque
2989 1582 3108 1635 qua:
3148 1566 3200 1621 in
3244 1566 3448 1620 nicaeua
3468 1567 3651 1636 synodo
3676 1583 3740 1621 ro-

486 1677 618 1718 nare
639 1674 727 1716 aut
755 1661 1053 1734 perducere
1078 1664 1300 1732 cupiunt
1320 1704 1333 1723 .
1366 1678 1460 1732 per
1485 1678 1546 1716 se
1571 1676 1668 1716 sua
1713 1659 1959 1730 dogmata
1990 1661 2081 1713 dc-
2116 1666 2161 1725 Β
2190 1658 2372 1712 borata
2401 1658 2754 1728 cognovimus
2775 1699 2790 1723 ,
2829 1660 3124 1728 praedicare
3151 1701 3166 1724 ,
3216 1672 3268 1714 et
3297 1659 3604 1715 Arianorum
3629 1661 3742 1714 ωδε.

485 1763 722 1811 struunt.
756 1755 893 1810 Dicit
916 1753 1058 1812 enim
1090 1755 1378 1810 Dominus:
1404 1752 1564 1808 Omne
1579 1769 1792 1825 regnum
1815 1755 1865 1807 in
1883 1770 1935 1806 sc
1956 1754 2084 1808 divi-

485 1867 601 1908 sum
629 1892 643 1912 .
675 1866 776 1904 non
812 1849 964 1905 stabit
995 1865 1014 1906 .'
1066 1859 1110 1903 et
1140 1850 1305 1902 ontnis
1332 1849 1540 1903 scientia
1563 1860 1607 1904 et
1637 1851 1721 1904 lea:
1747 1851 2013 1904 adversum
2033 1865 2086 1904 se

487 1941 654 1995 divisa
701 1957 801 1996 non
827 1941 973 1994 stabit
1007 1939 1231 2014 (Matth.
1287 1940 1404 2012 xu).
1455 1939 1683 2012 Ideoque
1715 1955 1936 1996 necesse
1967 1952 2082 2004 est,

489 2043 544 2090 ιιι
570 2037 912 2090 Concorditer
955 2036 1201 2090 salubres
1231 2036 1534 2106 suscipiatis
1562 2036 1803 2092 hortatus
1835 2035 1917 2108 (S.
1958 2034 2082 2105 Leo,

486 2146 570 2200 ep.
604 2129 673 2183 87
695 2171 710 2195 ,
761 2146 809 2183 c.
841 2128 899 2202 2)
923 2170 938 2195 ,
992 2141 1046 2184 et
1077 2130 1204 2184 nihil
1247 2145 1343 2200 per
1383 2133 1782 2187 contentionem
1817 2141 2038 2200 agentes
2065 2170 2082 2197 ,

486 2221 586 2278 sed
635 2222 702 2276 ad
733 2236 894 2278 omne
935 2221 1170 2278 studium
1227 2221 1531 2278 dcvouunis
1580 2223 1859 2278 unanimes
1891 2264 1905 2288 ,
1951 2223 2087 2277 divi-

487 2317 573 2372 nis
616 2325 671 2370 et
721 2314 1036 2385 apostolicis
1085 2315 1560 2371 constitutionibus
1606 2316 1838 2384 parcatis
1867 2357 1882 2382 ,
1935 2325 1992 2370 et
2032 2315 2084 2370 in

486 2408 633 2464 nullo
659 2408 930 2478 patiamint
964 2408 1432 2478 providentissitua
1455 2423 1721 2464 canonum
1743 2407 1959 2463 decreta
1981 2408 2086 2461 vio-

486 2499 585 2556 lari
610 2542 624 2565 ,
651 2512 915 2570 quatenus
955 2510 1008 2556 et
1052 2501 1377 2556 uicarnarutu
1426 2515 1693 2555 eanouttm
1747 2500 2036 2556 Constitula
2067 2540 2083 2566 ,

487 2604 543 2650 et
568 2609 686 2667 quae
708 2610 735 2648 a
759 2594 911 2650 nobis
939 2595 1065 2648 vela
1084 2594 1573 2664 prtetlecessoribus
1600 2596 1798 2650 nostris
1819 2607 1939 2648 sunt
1964 2609 2089 2664 pru-

487 2685 607 2740 vide
627 2698 681 2740 et
711 2685 999 2742 salubriter
1019 2687 1233 2742 decreta
1274 2685 1539 2756 (Siricius,
1568 2703 1652 2755 ep.
1684 2687 1746 2755 ι),
1772 2689 2087 2742 intemerata

491 2791 840 2851 permaneant
873 2783 922 2836 itt
955 2780 1152 2836 iuturo.
1200 2780 1290 2853 (In
1331 2798 1454 2837 mss.
1503 2779 1708 2838 Justelli
1756 2792 1871 2853 post
1917 2783 2089 2854 plures

488 2876 820 2945 epistularum
853 2877 1069 2932 (uenias
1093 2893 1156 2931 ea:
1185 2875 1423 2931 Ennodio
1473 2878 1693 2936 alterove
1710 2877 1938 2950 ejusdem
1964 2887 2088 2930 arta-

488 2968 553 3021 tis
581 2979 785 3024 oratore
835 2969 1000 3042 inepte
1049 2977 1289 3024 consulas
1315 3010 1328 3033 ,
1363 2969 1546 3041 legitur
1573 2971 1679 3028 haec
1708 2968 2039 3039 subscriptio)
2068 2985 2088 3024 :

2189 1752 2428 1822 phcmias
2446 1764 2608 1820 atque
2637 1753 2860 1808 aliorum
2883 1753 3279 1818 hzrreticorum,
3299 1754 3552 1825 repellere
3563 1755 3744 1821 cupien~

2191 1855 2291 1908 les,
2319 1845 2558 1914 quotidie
2588 1846 2653 1899 ab
2686 1845 2768 1900 bis
2797 1847 3170 1916 persequimur
3196 1889 3210 1911 ,
3239 1859 3294 1902 et
3320 1847 3636 1905 damnationi
3657 1858 3741 1904 tra-

2187 1937 2364 1994 dimur
2396 1979 2410 2002 ,
2467 1947 2626 2007 atque
2680 1939 3219 1996 mortidcstiummtr.
3269 1940 3384 2008 Qua
3414 1942 3479 1996 de
3520 1957 3573 1996 re
3597 1956 3743 2010 prcca-

2189 2047 2309 2088 ntur
2338 2073 2352 2096 .
2398 2042 2455 2086 ιιι
2476 2035 2672 2092 vestris
2719 2033 3187 2090 exhortationibus
3211 2046 3316 2089 tam
3353 2052 3450 2104 per
3472 2054 3514 2089 γι
3535 2051 3560 2089 s
3581 2077 3596 2099 ,
3618 2051 3744 2106 quam

2188 2131 2241 2177 et
2273 2139 2368 2194 per
2397 2127 2778 2195 apocrisiarios
2828 2137 3038 2182 vestros
3064 2127 3414 2198 adjuvcmur;
3442 2143 3524 2191 ne,
3553 2129 3662 2182 dum
3685 2128 3744 2186 illi

2189 2227 2483 2285 crescunt,
2539 2229 2591 2274 et
2617 2236 2713 2272 nos
2740 2220 3034 2275 minuimur
3061 2261 3075 2286 ,
3121 2235 3244 2276 vera
3281 2221 3416 2276 ﬁdes
3443 2220 3744 2288 destruatur,

2189 2319 2244 2365 et
2263 2326 2450 2365 eorum
2478 2309 2702 2367 hatresis
2739 2312 2876 2367 ultra
2902 2311 3060 2367 ﬁdem
3113 2323 3350 2368 nostrain
3379 2324 3580 2369 crescat
3605 2331 3616 2365 :
3645 2329 3748 2385 quo-

2191 2399 2331 2456 niam
2365 2403 2616 2457 timemus
2643 2445 2658 2470 ,
2684 2414 2950 2474 postquam
2968 2405 3300 2460 abundaverit
3329 2407 3566 2474 iniquitas
3584 2447 3598 2472 ,
3625 2407 3745 2473 refri-

2189 2505 2357 2566 gescat
2388 2497 2612 2552 Charitas
2654 2499 2928 2552 multorum
2953 2497 3166 2570 (Matth.
3213 2498 3396 2570 λιιι).
3435 2499 3535 2554 Pro
3563 2515 3650 2570 qut:
3679 2513 3746 2564 rc,

2192 2589 2358 2643 nmlta
2382 2602 2574 2644 vestra:
2595 2604 2762 2648 sacra.-
2786 2591 3046 2646 doctrinm
3072 2602 3179 2655 tam
3209 2593 3350 2661 apud
3392 2595 3551 2650 lieutu
3577 2635 3589 2655 .
3620 2608 3746 2662 quam

2191 2683 2329 2753 apttd
2351 2693 2574 2737 cunctos
2598 2682 2784 2738 ﬁdeles
2811 2700 3018 2740 merCrs
3031 2697 3082 2738 et
3102 2685 3214 2738 laus
3233 2684 3472 2753 reposita
3501 2692 3596 2752 est.
3613 2687 3651 2740 si
3677 2700 3743 2740 rc-

2193 2784 2303 2828 stra
2333 2776 2445 2830 iure
2470 2786 2780 2831 reSt-ceutur
2808 2777 3147 2831 auctoritate.
3169 2775 3420 2832 Nostrattt
3438 2778 3572 2834 enim
3604 2775 3747 2841 ﬁdem,

2191 2883 2350 2937 quam
2382 2884 2412 2922 a
2437 2869 2634 2922 sanctis
2657 2867 2902 2924 Patt'ibus
2926 2871 3251 2940 accepimus,
3274 2879 3327 2924 et
3347 2881 3606 2932 tenemus,
3626 2881 3751 2938 atque

2195 2960 2474 3029 docemus,
2495 2965 2678 3018 subter
2705 2963 3033 3018 inseruiutus
3055 3006 3069 3028 .
3097 2965 3217 3018 utsi
3247 2964 3448 3034 aliquis
3472 2963 3611 3018 vobis
3630 2964 3752 3018 a-itet‘

487 3062 623 3128 Data
661 3078 726 3120 xv
781 3062 899 3124 Kal,
931 3062 1149 3120 Martias
1176 3063 1329 3120 Βειῇο
1356 3074 1411 3120 ει
1435 3063 1650 3128 Juliano
1700 3067 1830 3128 viris
1853 3066 2087 3126 clm-issi-
2117 3065 2162 3129 ρ
2198 3070 2296 3108 IIOS
2325 3055 2568 3120 credere,
2597 3064 2688 3109 aut
2710 3057 2928 3123 docere,
2973 3069 3066 3112 aut
3113 3057 3423 3112 accusando
3443 3099 3458 3124 ,
3493 3067 3579 3112 aut
3599 3057 3752 3112 illll53l-

490 3159 596 3213 mis
625 3158 956 3214 consulibus.

1061 3290 1397 3351 EPISTOLA
1421 3295 1500 3368 (ι)

526 3463 804 3506 ΔΊἮΔΝΛδΙΙ
843 3466 909 3508 ΕΤ
952 3466 1310 3508 ιεαῖιδτιοιιυιι
1358 3466 1748 3522 εριεεοροιιυιι,
1783 3470 1851 3512 ΑΒ
1868 3468 2043 3515 ΡΑΡΑΙ

691 3563 693 3566 ‘
1132 3543 1418 3602 Ltacntun.

1003 3703 1170 3768 (Cone.
1197 3711 1231 3756 t.
1257 3719 1310 3768 ιι,
1329 3703 1421 3756 col.
1443 3705 1582 3770 76:5.)

869 3849 944 3900 De
968 3851 1376 3913 oppremionibus
1406 3849 1717 3901 Arianorum.

496 3980 717 4036 Domino
744 3980 1032 4034 beatissimo
1053 3989 1100 4034 et
1127 3979 1448 4053 honorabili,
1497 3991 1670 4035 sancto
1700 3981 1836 4053 patri
1895 3981 2094 4038 Liberio

568 4068 738 4120 papae,
765 4053 1075 4106 Athanasius
1101 4062 1146 4104 et
1174 4049 1548 4122 zEggtptiorum
1573 4049 1800 4124 episcopi
1827 4096 1841 4122 ,
1864 4053 1918 4108 in
1940 4072 2096 4109 unum

567 4125 811 4197 synodico
833 4124 974 4194 apud
997 4125 1367 4178 Alexandriam
1389 4126 1706 4196 congregati.

573 4282 777 4340 Vestra:
815 4283 1139 4342 beatissimw
1157 4282 1236 4354 (Ξ)
1256 4282 1721 4355 paternitatisjura
1747 4297 1910 4356 penes
1932 4284 2097 4340 Deunt

496 4388 622 4435 sunt
647 4377 962 4443 manifesta,
999 4377 1124 4433 dum
1156 4377 1627 4448 praedicationibus
1648 4379 1849 4434 scilicet
1872 4387 2092 4448 aposto-

498 4472 617 4528 licis
641 4483 692 4526 et
723 4471 983 4527 doctrinis
1007 4513 1021 4538 ,
1051 4486 1194 4526 verae
1221 4471 1342 4526 ﬁdei
1369 4472 1581 4528 cultura
1607 4512 1620 4536 .
1647 4473 1894 4530 universa
1922 4471 2099 4544 reple—
2127 4451 2179 4512 Ῐ)

498 4571 550 4618 ta
569 4564 638 4620 sit
655 4576 814 4620 terra.
832 4564 933 4620 Per
959 4564 1261 4620 divinorum
1283 4575 1460 4620 tatuen
1481 4564 1836 4624 eruditionem
1855 4564 2100 4634 eloquiu-

499 4673 642 4723 rum,
680 4667 856 4714 vestra
890 4660 1184 4714 instruente
1211 4659 1578 4718 admonitione
1599 4659 1986 4722 exhortatoria.
2012 4674 2100 4716 su-

493 4752 897 4824 perasditicatur
935 4753 1236 4808 orthodoxa
1265 4752 1468 4809 ChriSti
1491 4753 1749 4820 ecclesia,
1803 4752 2098 4824 apostolica

499 4846 842 4906 inStilutioue
900 4845 1118 4902 fundata
1138 4889 1152 4910 .
1202 4857 1257 4903 et
1287 4865 1315 4902 a
1346 4847 1593 4904 ﬁdelibus
1624 4847 1871 4906 Patribus
1903 4847 2101 4904 ﬁrmis-

501 4941 638 4997 sitne
684 4940 974 4996 roborata:
1018 4939 1084 4994 ad
1112 4955 1271 5011 qnam
1314 4956 1504 4997 omnes
1544 4941 1842 4997 bealis~iuti
1870 4940 2101 5010 spOstoli

501 5033 618 5105 pari
638 5033 860 5092 honoris
889 5041 942 5087 et
983 5033 1262 5103 potestatis
1287 5035 1561 5089 consortio
1587 5034 1796 5105 przcditi
1824 5075 1840 5102 ,
1875 5033 2102 5104 p0pulo-

502 5144 619 5186 rum
664 5128 874 5200 agmina
918 5134 1299 5184 convertentes
1329 5165 1344 5192 ,
1399 5128 1484 5196 pie
1511 5137 1808 5199 sancteque
1853 5125 1921 5184 de
1955 5136 2106 5182 tene-

579 5333 659 5404 (l)
691 5332 838 5389 Hane
863 5346 984 5386 cum
1003 5328 1254 5404 sequenti
1272 5327 1473 5404 ialsatis
1490 5327 1947 5404 annumerandam
1971 5341 2098 5404 cen-

505 5400 752 5490 sentuon
779 5403 972 5460 eruditi
1019 5400 1179 5458 motlo
1210 5443 1225 5467 ,
1256 5401 1350 5458 sed
1392 5401 1553 5457 etiam
1581 5400 1850 5471 proletarii
1898 5401 2097 5471 quique

505 5489 823 5546 scriptores.

581 5576 658 5649 (‘2)
685 5569 1286 5649 (Iompone_cum_hisce
1325 5569 1532 5625 laciniis
1560 5566 1788 5622 Victoris
1827 5564 2102 5649 carthagi-

508 5643 692 5704 neusis
717 5663 804 5716 ep.
827 5643 836 5645 ἡ
857 5647 922 5700 ad
953 5643 1297 5716 Theodorum
1330 5659 1518 5712 papam
1541 5656 1724 5716 ,__qu:e
1763 5645 1911 5693 extat
1947 5651 2098 5692 eous.

508 5721 547 5786 2
575 5713 788 5778 concilii
818 5716 1194 5774 Lateranensis
1221 5715 1322 5771 sub
1349 5724 1538 5772 sancto
1559 5713 1809 5771 Hartino.

2196 3149 2358 3202 tando
2384 3147 2651 3215 retulerit,
2688 3149 2775 3204 vel
2808 3149 3168 3218 detrahendo,
3196 3150 3418 3220 scriptis
3445 3151 3751 3216 mandaverit,

2193 3256 2290 3316 per
2311 3241 2447 3298 hanc
2460 3242 2738 3302 manifeste
2757 3257 2854 3298 nes
2871 3245 2938 3298 ita
2953 3244 3174 3300 credere
3192 3253 3247 3306 et
3261 3243 3464 3301 docere
3476 3243 3751 3314 agnoscatis.

2265 3380 2553 3436 Credimus
2579 3395 2811 3452 namque
2843 3383 2896 3437 in
2926 3399 3090 3438 unum
3117 3385 3329 3439 Patrem
3355 3385 3441 3456 (5)
3464 3386 3755 3455 omnipoten-

2195 3481 2302 3528 tem
2339 3517 2352 3540 ,
2417 3476 2658 3528 omnium
2706 3475 2995 3530 visibilium
3029 3519 3043 3543 ,
3095 3493 3304 3532 necnon
3353 3487 3414 3532 et
3452 3477 3752 3534 iuvisibilium

2198 3565 2478 3622 factorem.
2543 3568 2606 3621 Et
2637 3568 2688 3621 in
2723 3585 2885 3622 unum
2923 3570 3209 3625 Dominmn
3263 3570 3450 3626 Iesum
3483 3569 3752 3629 Chrisuun,

2199 3659 2393 3717 Filium
2432 3660 2545 3728 Dei,
2585 3670 2766 3715 natum
2795 3677 2858 3717 ex
2893 3663 3086 3727 Patre,
3130 3666 3468 3734 unigenitum
3495 3709 3510 3730 ,
3543 3664 3632 3717 huc
3651 3671 3752 3722 est.

2197 3768 2264 3809 ex
2287 3754 2582 3808 substantia
2606 3753 2803 3816 Putris,
2837 3755 3000 3810 Deum
3024 3770 3089 3810 ex
3122 3757 3252 3822 Deo,
3280 3757 3467 3812 lumen
3490 3773 3552 3810 ex
3575 3754 3754 3814 lumine.

2202 3846 2367 3901 Deum
2410 3863 2594 3902 verum
2623 3863 2689 3902 cx
2739 3848 2849 3903 Deo
2894 3864 3021 3902 vero
3046 3891 3060 3915 ,
3095 3859 3276 3904 natum
3311 3893 3324 3915 ,
3379 3866 3484 3904 non
3519 3859 3755 3907 creatura.

2201 3941 2546 4007 bomousion,
2582 3943 2682 3995 hoc
2711 3951 2815 4006 est,
2846 3942 3085 4012 ejusdem
3115 3958 3237 3996 cum
3282 3943 3444 3998 i’atre
3472 3941 3756 4001 substantia},

2203 4050 2299 4107 per
2327 4052 2484 4106 quem
2540 4036 2718 4090 omnia
2769 4037 2902 4092 facta
2949 4048 3118 4104 sunt,
3162 4039 3408 4094 cmlestia
3432 4034 3756 4093 cttcrresuin.

2201 4127 2306 4196 Qui
2335 4138 2553 4198 propter
2580 4143 2678 4183 nos
2711 4129 2957 4185 homines
2987 4139 3043 4185 et
3066 4145 3282 4202 propter
3312 4145 3552 4186 u05tram
3577 4131 3758 4183 salutent

2203 4225 2488 4282 descendit
2511 4227 2579 4281 de
2619 4229 2794 4294 cmlis,
2844 4236 2899 4283 et
2929 4231 3243 4283 incarnatus
3272 4239 3352 4282 est
3387 4271 3400 4292 ,
3431 4239 3482 4281 et
3510 4229 3656 4282 hoino
3680 4222 3758 4275 bc-

2206 4326 2290 4372 tus
2313 4329 2395 4373 est
2415 4360 2428 4384 ,
2461 4333 2649 4388 passus
2666 4330 2771 4385 est,
2805 4329 2859 4375 et
2885 4321 3178 4376 resurrexit
3203 4321 3362 4375 tertia
3400 4321 3490 4376 die
3521 4338 3532 4373 :
3561 4314 3760 4372 ascendit

2207 4413 2260 4468 in
2293 4413 2486 4468 «mlum
2509 4454 2524 4480 ,
2558 4421 2816 4468 venturus
2864 4413 3254 4483 indejudicare
3281 4414 3437 4470 vivos
3463 4423 3515 4468 et
3541 4420 3760 4466 mortuos.

2210 4506 2277 4560 Et
2307 4507 2358 4561 in
2391 4507 2649 4576 Spiritum
2676 4518 2941 4562 sanctum.
2981 4508 3086 4562 Eos
3114 4517 3291 4562 autem
3316 4509 3405 4576 qui
3441 4503 3761 4561 dicuntzErat

2209 4609 2436 4671 tempus,
2467 4604 2682 4672 quando
2709 4616 2811 4656 non
2843 4610 2988 4667 erat,
3025 4611 3076 4655 ct
3113 4602 3420 4672 priusquam
3451 4603 3758 4654 nasceretur.

2208 4710 2314 4749 non
2343 4703 2460 4750 erat
2485 4737 2499 4761 ,
2525 4706 2575 4750 et
2601 4698 2727 4762 quia
2744 4710 2809 4750 ex
2843 4695 3002 4750 nullis
3027 4693 3449 4750 subsistentibus
3478 4694 3638 4746 iactus
3663 4695 3759 4747 cst,

2205 4795 2297 4840 aut
2321 4802 2386 4841 ex
2419 4787 2518 4841 alia
2547 4788 2847 4842 substantia
2877 4827 2892 4851 ,
2925 4786 3010 4840 vel
3037 4786 3270 4841 essentia
3310 4785 3496 4838 dicunt
3516 4796 3628 4837 esse
3649 4787 3759 4842 trep«

2205 4890 2296 4934 ton
2323 4924 2337 4948 ,
2368 4880 2470 4934 hoc
2499 4890 2601 4946 est,
2649 4879 3060 4934 convertibilem
3087 4889 3248 4947 atque
3277 4876 3584 4932 mutabilem
3610 4871 3760 4928 Filium

2209 4973 2300 5028 Dei
2336 5016 2351 5035 ,
2403 4973 2505 5028 bos
2535 4971 2956 5027 anathematizat
3007 4969 3273 5025 catholica
3304 4979 3358 5023 et
3393 4967 3671 5040 apostolica
3691 4973 3761 5015 ec-

2205 5067 2392 5122 clesia.
2432 5067 2579 5121 lianc
2601 5064 2966 5120 venerabilem
2996 5063 3154 5117 ﬁdem
3201 5060 3428 5116 trecenti
3465 5058 3664 5129 quidem
3688 5051 3761 5105 dc-

2207 5177 2324 5218 cem
2357 5170 2413 5217 et
2437 5171 2564 5216 octo
2591 5161 2781 5216 Patres
2807 5167 3151 5230 agnoverunt
3177 5167 3232 5211 et
3276 5154 3510 5223 amplexi
3538 5158 3683 5212 sunt,
3725 5153 3764 5197 et

2205 5264 2570 5313 consonantes
2601 5263 2656 5310 et
2683 5255 2969 5308 unanimes
3003 5251 3220 5321 scriptis
3255 5248 3682 5320 explanaverunt.

2279 5385 2398 5449 Sed'
2417 5389 2577 5445 modo
2610 5432 2625 5460 ,
2667 5390 2922 5466 quoniam
2951 5396 3142 5446 contra
3164 5385 3280 5442 hsce
3304 5429 3318 5453 ,
3350 5396 3404 5442 ut
3429 5383 3600 5440 nostis
3622 5422 3636 5446 ,
3675 5373 3769 5428 talia

2210 5493 2481 5559 exurgunt
2504 5525 2520 5551 ,
2547 5483 2729 5556 qualia
2748 5499 2854 5538 non
2887 5481 3088 5538 debent
3115 5523 3129 5550 ,
3155 5482 3337 5536 venite
3363 5522 3379 5550 ,
3401 5490 3456 5533 et
3487 5490 3580 5533 nos
3602 5514 3616 5540 ,
3640 5469 3771 5525 dilec-

2299 5712 2379 5787 (5)
2405 5709 2717 5785 Symbolum
2739 5710 3003 5768 nieamum
3026 5709 3319 5782 interprete
3337 5703 3552 5764 Ruﬁno.
