4010 6306
196 214 345 277 1609

198 430 534 486 sanctiﬁcato
554 431 721 486 corde
762 444 818 489 et
846 449 1074 504 corpore
1125 439 1210 493 isti
1261 439 1377 495 dies
1422 442 1805 513 transigantur,

196 520 374 578 donec
422 525 761 593 perveniatur
810 526 878 581 ad
909 528 1052 584 diem
1095 542 1338 587 sanctum
1377 532 1637 589 Paschan:
1682 539 1804 606 quia

199 629 339 683 pene
369 616 501 671 nihil
528 618 670 673 valet
692 617 988 689 jejunium,
1016 622 1160 693 quod
1203 626 1470 697 conjugali
1497 643 1663 698 opere
1688 628 1809 700 pol-

199 707 384 775 luitur,
416 719 473 766 et
494 713 637 783 quod
664 713 969 783 orationes,
995 717 1195 789 vigilim
1219 729 1275 776 et
1303 720 1665 795 eleemusyna:
1695 737 1806 778 non

198 805 603 865 commendant.

502 958 685 966 κφ-,υ

857 221 947 280 DE
995 223 1300 286 ΡΟΤΑΜΙΟ
1346 226 1674 297 ΕΡΙΞΟΟΡΟ
1726 230 1814 288 UL

1925 231 2258 292 SIPONENSI
2307 233 2847 299 PROLEGOMBNA.
3036 235 3062 269 ‘

199 336 393 394 diebus
421 352 451 392 a
479 334 829 410 coniugibus,
873 352 924 397 et
971 356 1121 401 caste
1164 355 1218 401 et
1263 346 1349 417 pie
1392 346 1709 412 vivendum,
1756 357 1814 404 ut
1842 354 1885 413 Α

3370 241 3516 303 me

2310 369 2543 410 ειυευειι
2574 370 2764 412 CAPITB
2793 369 3118 414 υυοιιεοηιο.

1942 443 1996 493 Si
2021 446 2253 497 evenerit
2276 444 2433 498 fames
2454 455 2542 498 aut
2565 447 2870 512 inaequalitas
2892 452 3040 510 aeris,
3070 449 3186 514 quid
3210 452 3478 514 agendum.

1981 536 2040 593 Si
2082 539 2325 595 evenerit
2359 539 2560 607 fames,
2593 540 2930 610 inatqualitas
2960 542 3135 608 aeris,
3172 545 3513 614 pestilentia,

1908 631 1994 686 vel
2028 632 2148 688 talis
2171 633 2576 706 qualiscumque
2604 635 2895 700 tribulatio,
2922 636 3100 692 statim
3126 635 3343 708 jejuniis
3364 639 3511 695 elec-

1910 725 2156 799 mosynis
2183 735 2237 784 et
2251 727 2745 797 obsecrationibus,
2775 728 2989 785 Domini
3017 729 3386 787 misericordia
3414 730 3513 788 de-

1909 830 2181 890 precetur.

200 955 3485 1020 Ἠ

1574 1123 1713 1163 ANNO
1729 1121 1916 1163 DOIINI
1936 1120 2187 1164 CCCLXV].

1221 1263 2471 1431 POTAMIUS

534 1535 1291 1668 EPISCOP
1325 1535 1535 1663 US
1626 1533 2631 1666 ULYSSIPON
2660 1540 3183 1667 ENSIS.

1692 1779 2053 1792 *-

1717 1794 2079 1806 ——_

1446 1889 2311 1971 PROLEGOMENA.

1155 2035 1245 2091 DE
1290 2033 1594 2092 POTAMIO
1629 2029 1966 2089 EPISCOPO
2005 2028 2558 2088 ULYSSIPONENSI.

1417 2145 1666 2215 (Galtand.
1691 2183 1707 2210 ,
1731 2154 1767 2199 t.
1794 2161 1844 2208 v,
1869 2145 2072 2210 Proteg.
2099 2159 2150 2208 p.
2176 2144 2317 2211 χιιι.)

268 2272 314 2324 ι.
356 2242 649 2336 Superiore
667 2260 866 2317 saeculo
886 2259 1353 2323 ediditAcherius.
1378 2263 1674 2315 monachus
1712 2256 1810 2312 Be-
1839 2256 1887 2317 Β
1914 2269 2029 2325 guw
2063 2272 2152 2322 per
2181 2272 2334 2325 quam
2380 2256 2786 2327 blasphemarat,
2841 2261 2894 2316 in
2933 2263 3014 2318 via
3066 2265 3305 2334 moritur,
3351 2268 3526 2327 nullos

203 2350 620 2426 nedictiuns,'ex
641 2357 828 2412 codice
854 2356 1094 2411 Abbatire
1134 2354 1305 2410 sancti
1353 2352 1555 2409 Ebrult‘t
1581 2350 1661 2425 (l)
1692 2353 1806 2420 epi-

205 2454 393 2509 stolam
414 2450 642 2507 Patamii
656 2450 723 2503 ad
744 2448 1080 2503 Athanasium
1091 2448 1385 2519 episcopum
1402 2445 1810 2501 Alexandrinum

204 2546 267 2601 de
296 2542 817 2601 consubstantialitate
855 2540 979 2595 Filii
1011 2539 1128 2603 Dei,
1162 2551 1217 2594 ιιι
1248 2538 1409 2594 habet
1431 2539 1547 2609 ejus
1573 2539 1809 2607 inscrip-

206 2638 278 2694 tio
327 2638 494 2694 relata
542 2637 595 2691 in
651 2636 826 2692 iudice
864 2633 1271 2705 chronologico,
1318 2642 1464 2688 tonio
1502 2648 1520 2688 ι
1557 2630 1811 2687 editionis

205 2751 357 2790 nova:
381 2729 630 2803 praeﬁxo;
656 2730 745 2784 ubi
772 2739 822 2785 et
853 2728 1155 2797 conscripta
1184 2735 1432 2781 narratur
1461 2726 1598 2780 circa
1619 2740 1809 2779 annuat

206 2827 333 2884 555.
358 2826 426 2885 At
459 2841 525 2881 eo
553 2822 652 2878 loci
681 2837 789 2895 quo
826 2822 1014 2878 eadem
1052 2819 1337 2876 exhibetur
1369 2819 1617 2889 epiStula,
1653 2817 1812 2874 aliter

204 2916 427 2975 elft-rtur
456 2917 573 2986 ejus
602 2913 901 2982 inscriptio,
935 2928 997 2968 ex
1028 2912 1217 2968 codice
1243 2910 1460 2981 quidem
1495 2925 1594 2965 ms.
1630 2919 1686 2964 ut
1726 2910 1809 2965 vi-

204 3013 361 3069 detur
390 3011 691 3080 desumpta.
723 3008 812 3066 Sic
859 3007 1002 3062 enim
1037 3006 1106 3060 ibi
1141 3023 1154 3059 :
1194 3005 1429 3075 Epistola
1474 3004 1700 3061 Potantit’
1743 3003 1812 3059 ad

203 3105 546 3161 Athanasium
566 3104 629 3156 ab
655 3100 860 3155 Arionis
883 3099 1210 3169 (imperitam)
1230 3108 1495 3170 postquam
1521 3099 1573 3152 in
1595 3098 1811 3152 concilio

204 3199 500 3253 ariminensi
528 3196 955 3264 subscripserunt.
1005 3190 1117 3249 Utri
1146 3207 1278 3246 vero
1311 3189 1647 3262 inscriptioni
1680 3189 1811 3245 lides

207 3290 546 3355 adhibenda;
597 3304 706 3361 quo
746 3288 962 3344 demum
1016 3286 1136 3356 quis
1186 3284 1345 3340 fuerit
1400 3283 1673 3340 l’otamius
1722 3283 1812 3339 ille

206 3388 455 3457 epistola:
502 3396 706 3443 auctor.
743 3383 965 3439 delinire
994 3380 1227 3453 quodam
1280 3379 1443 3435 modo
1498 3379 1811 3436 valeamus?

211 3480 577 3537 Existimarim
599 3477 850 3547 equidem
878 3475 1077 3529 nullam
1110 3473 1423 3542 posterioris
1444 3470 1812 3539 inscriptionis

210 3574 515 3631 habendam
541 3586 662 3626 esse
684 3571 971 3633 rationem,
997 3568 1196 3637 quippe
1215 3580 1334 3634 quae
1354 3564 1421 3618 ab
1445 3565 1693 3634 imperito
1718 3577 1815 3632 po-

1912 2350 2114 2419 fructus
2145 2349 2293 2417 [undi
2331 2350 2409 2404 vel
2443 2351 2636 2409 uisione
2675 2357 2977 2428 percipiens.
3021 2357 3087 2415 Et
3128 2361 3276 2431 justo
3307 2363 3523 2435 quidem

1916 2440 2009 2496 Dei
2043 2441 2248 2512 judicio
2297 2461 2312 2498 :
2355 2461 2479 2501 nam
2520 2445 2808 2505 haereticus
2851 2451 3036 2517 homo,
3085 2466 3142 2510 ιιι
3176 2460 3307 2514 satis
3351 2459 3528 2516 innuit

1914 2533 2242 2592 Pbaahadius
2278 2536 2605 2609 Agiunensis
2635 2543 2921 2615 episcopus
2952 2546 3049 2620 (4).
3076 2565 3194 2606 eam
3223 2552 3528 2610 confecisse

1914 2628 2143 2684 traditur
2174 2629 2296 2685 ﬁdei
2334 2631 2621 2689 formulam
2653 2636 2704 2690 in
2735 2638 2955 2708 praelata
3005 2643 3215 2713 synodo
3243 2644 3528 2704 Sirtnieusi

1912 2720 2140 2789 editam,
2181 2740 2303 2796 qua:
2348 2729 2577 2798 septima
2629 2746 2856 2789 numero
2895 2747 3207 2793 recensetur
3243 2739 3313 2796 ab
3360 2742 3535 2795 Atha-

1913 2814 2067 2869 nasio
2097 2815 2198 2888 (5).
2224 2834 2453 2891 qumque
2483 2834 2626 2877 tanta
2659 2824 2754 2879 luit
2783 2825 3057 2897 impietate
3078 2832 3296 2898 referta,
3318 2844 3379 2888 ut
3404 2848 3526 2891 eam

1913 2905 2241 2980 blasphemia:
2282 2914 2501 2969 nomine
2549 2917 2834 2986 appellarit
2879 2921 3110 2979 llilarius
3156 2925 3257 2996 (6).
3291 2927 3430 2994 Quin
3470 2938 3528 2987 ct

1915 3000 2158 3068 ejusdem
2207 3002 2261 3057 in
2307 3006 2495 3074 primis
2543 3008 2729 3063 Ariani
2780 3013 3024 3079 prmsttlis
3067 3032 3230 3086 opera
3271 3034 3525 3091 magnum

1917 3089 2141 3147 Hosium
2188 3098 2489 3152 accersitum
2540 3100 2609 3152 ad
2650 3098 3001 3160 Constantium
3035 3122 3227 3181 regem,
3278 3089 3529 3184 minisque

1916 3187 2244 3254 perterritum
2274 3188 2477 3244 dedisse
2504 3208 2686 3248 manus
2706 3195 2976 3267 impietati,
3009 3216 3077 3256 ex
3110 3201 3271 3259 modo
3294 3204 3535 3264 laudatis

1916 3280 2251 3351 presbyteris
2284 3279 2637 3340 Lucilerianis
2661 3288 3057 3365 erudimur(7).

1986 3372 2077 3429 ΙΙΙ.
2120 3375 2253 3442 Quae
2280 3391 2443 3447 quum
2478 3378 2548 3432 ita
2578 3395 2637 3434 se
2675 3381 2928 3451 habeant,
2967 3387 3248 3457 scripserit
3270 3405 3400 3462 ergo
3428 3392 3534 3452 Pu-

1919 3467 2113 3520 tamius
2139 3468 2206 3521 ad
2233 3469 2587 3526 Athanasium
2613 3474 2898 3542 epistolam
2922 3493 3081 3549 quam
3104 3481 3333 3553 vulgavit
3355 3483 3537 3543 Ache-

1914 3559 2047 3626 rius,
2079 3560 2206 3615 dum
2229 3562 2403 3620 adhuc
2423 3579 2564 3621 esset
2599 3567 2721 3623 lidei
2754 3568 2988 3627 Nica'nae
3014 3587 3269 3634 Strenuus
3309 3579 3532 3652 vindex,

211 3667 317 3723 tius
363 3663 581 3720 librario
608 3676 767 3733 quam
810 3660 877 3716 ab
907 3661 1024 3728 ipso
1048 3669 1268 3713 auctore
1300 3657 1540 3727 protecta
1579 3670 1699 3710 esse
1729 3653 1812 3708 vi-
1841 3658 1887 3723 C
1918 3650 2058 3706 circa
2080 3668 2278 3708 annum
2306 3655 2554 3713 videlicet
2583 3673 2777 3727 ccccv,
2808 3674 2864 3716 ut
2891 3667 3040 3735 prior
3060 3652 3280 3738 pra-fert
3302 3650 3536 3747 inscrip-

212 3761 421 3818 deatur.
457 3757 631 3825 Quum
658 3755 802 3811 enim
824 3767 946 3809 arvo
966 3751 1322 3806 athanasiano
1353 3750 1622 3806 neminem
1645 3747 1811 3802 alium

212 3855 462 3912 ﬂoruisse
488 3846 791 3906 Potamium
824 3856 1018 3916 praeter
1050 3843 1528 3915 Ulyssiponensem
1551 3854 1816 3912 agnosca-

213 3962 361 4005 mus:
394 3943 661 4016 ejusmodi
702 3955 830 3997 sane
869 3938 1155 4009 epistolam
1198 3936 1494 3992 Athanasio
1551 3934 1692 3989 haud
1733 3934 1819 3989 in-

211 4043 454 4101 scribere
473 4040 563 4096 ille
588 4026 753 4109 potuit
782 4045 896 4104 post
924 4032 1251 4090 ariminense
1277 4032 1583 4097 concilium,
1616 4029 1817 4085 hocest

211 4152 355 4194 anno
379 4135 486 4193 560
507 4134 621 4189 sive
652 4143 706 4187 ut
735 4130 894 4186 citius
924 4128 1051 4195 559,
1084 4128 1173 4199 qui
1205 4128 1410 4184 scilicet
1436 4139 1563 4181 ante
1586 4136 1817 4198 quatuor

213 4241 305 4286 aut
334 4228 571 4301 quinque
605 4238 778 4280 annos
826 4220 891 4277 ad
935 4220 1259 4277 Arianorum
1301 4230 1473 4275 castra
1509 4217 1815 4285 transierat,

213 4323 412 4396 quique
431 4318 767 4390 potissimum
792 4316 842 4370 in
876 4314 1112 4370 secunda
1148 4313 1357 4386 synodo
1377 4309 1658 4368 Sirtniensi
1675 4322 1818 4364 anno

214 4415 342 4478 557,
376 4424 564 4469 coacta
590 4412 730 4465 inter
757 4406 1057 4480 primipilos
1084 4405 1449 4460 Ariomanitas
1470 4402 1817 4458 censebatur.

289 4506 355 4563 ιι.
398 4505 659 4561 Nimirum
680 4544 695 4563 .
727 4511 786 4556 ut
811 4515 875 4555 ex
908 4497 1224 4554 Marcellino
1253 4508 1305 4551 et
1336 4495 1592 4551 Faustino
1620 4494 1819 4549 intelli-

216 4601 392 4671 gimus
432 4596 534 4671 (‘2).
574 4594 837 4649 Potamitts
867 4591 970 4647 iste
990 4592 1210 4664 primum
1231 4589 1433 4659 quidem
1460 4588 1615 4657 ﬁdem
1638 4588 1818 4642 catho-

220 4694 369 4749 licam
394 4690 690 4751 vindicans;
721 4695 898 4759 postea
913 4700 1029 4739 vero
1050 4686 1260 4753 prtemio
1288 4682 1437 4754 [undi
1456 4681 1647 4747 ﬁscalis
1672 4696 1822 4750 quem

220 4786 403 4840 habere
439 4781 812 4854 concupiverat.
846 4777 1001 4847 ﬁdem
1033 4775 1391 4840 prtettaricatns
1420 4782 1512 4829 est.
1543 4777 1661 4842 Quo
1704 4773 1820 4828 iac-

1918 3746 2012 3801 tio.
2044 3742 2232 3816 Neque
2262 3767 2424 3820 porro
2460 3762 2564 3821 est,
2594 3771 2691 3810 cur
2727 3757 2976 3814 eamdem
3005 3764 3292 3829 epistolam
3331 3742 3531 3839 ingenti

1916 3842 2207 3907 suspicione
2221 3842 2474 3910 laborare,
2490 3847 2611 3916 jure
2632 3863 2849 3906 censeat
2868 3852 2938 3907 cl.
2958 3852 3391 3915 Muntfauconius
3407 3862 3525 3933 (8):

1917 3931 1970 3987 in
2005 3936 2191 4004 primis
2214 3936 2260 3992 si
2286 3938 2648 4008 attendamus,
2678 3942 2846 4014 ipsius
2875 3945 3101 4004 Putamii
3124 3948 3318 4006 librum
3350 3931 3532 4011 contra

1919 4031 2190 4100 perﬁdiam
2230 4030 2344 4086 Arii
2375 4048 2476 4090 ms.
2508 4045 2724 4093 exstare
2760 4037 2814 4093 in
2856 4038 3183 4100 bibliotheca
3209 4048 3530 4107 monasterii

1918 4122 2091 4178 sancti
2158 4123 2375 4181 Vedasti
2427 4127 2830 4197 Atrebatensis,
2892 4141 3031 4189 teste
3099 4138 3334 4194 Antonio
3391 4139 3536 4197 San-

1919 4214 2051 4269 dero
2086 4216 2189 4290 (9),
2235 4227 2293 4273 ut
2340 4220 2618 4278 annotavit
2652 4221 3228 4302 SchoettgettittsUO).
3259 4230 3530 4292 Caeterum

1921 4307 2110 4364 Latine
2140 4310 2427 4380 scripsisse
2455 4314 2592 4369 tumc
2615 4315 2920 4385 epistolam,
2955 4329 3116 4389 prout
3155 4337 3298 4378 nunc
3328 4333 3531 4396 exstat,

1923 4400 2215 4471 Hispanum
2243 4405 2555 4475 episcOpum
2575 4448 2591 4471 ,
2624 4422 2725 4462 nos
2754 4408 3002 4465 dubitare
3035 4412 3175 4469 haud
3204 4413 3333 4470 sinit
3359 4415 3532 4472 Atha-

1922 4496 2139 4552 nasius:
2171 4495 2438 4568 siquidem
2461 4500 2624 4557 verba
2649 4501 2852 4559 faciens
2874 4516 3093 4562 sanctus
3118 4506 3318 4566 Doctor
3340 4511 3409 4569 de
3423 4514 3534 4570 ior-

1923 4592 2069 4646 mula
2117 4592 2240 4648 lidei
2299 4594 2569 4651 Sirrniana
2613 4597 2943 4668 blasphemia:
2986 4604 3204 4661 nomine
3250 4605 3532 4684 insignita,

1922 4686 2077 4758 cujus
2106 4698 2295 4744 auctor
2314 4688 2477 4746 fuisse
2504 4702 2719 4761 putatur
2745 4692 3038 4763 Potamins,
3065 4708 3125 4753 ut
3150 4703 3313 4758 modo
3334 4707 3532 4763 memi-

1925 4785 2140 4840 nimus:
2181 4803 2200 4838 ι
2248 4785 2311 4841 Et
2338 4786 2477 4855 lucc,
2510 4788 2701 4860 inquit,
2720 4787 2900 4846 Sirtnii
2930 4792 3092 4850 latine
3121 4798 3383 4868 scribunt,
3405 4817 3529 4875 qua:

223 4889 357 4943 tum,
417 4875 652 4931 subdunt
698 4871 857 4926 iidem
920 4870 1233 4941 scriptores,
1289 4878 1345 4922 ut
1392 4868 1527 4922 [tunc
1572 4865 1725 4921 Osius
1761 4866 1814 4922 de

1931 4896 1952 4931 ι
1997 4893 2175 4950 grzece
2232 4880 2485 4935 translata
2536 4893 2657 4937 sunt
2703 4900 2716 4936 :
2754 4903 2774 4937 ι
2813 4890 2900 4942 καὶ
2945 4889 3209 4965 γράφουσι
3256 4865 3436 4953 "sed
3477 4897 3536 4952 ἕν

223 4967 464 5025 Corduba
488 4966 627 5035 apud
654 4965 893 5021 ecclesias
919 4961 1287 5035 Hispaniarum
1309 4970 1357 5015 ct
1384 4960 1570 5015 detexit
1596 4969 1644 5015 et
1669 4976 1825 5033 repu-

1923 4973 2110 5048 Σιρμίῳ
2158 4976 2416 5045 Ῥωμαϊστὶ
2458 4977 2578 5047 μὲν,
2635 4975 2981 5050 έρμεντνθᾶντα
3023 4980 3079 5038 δέ
3117 4982 3434 5046 Ἑλληνιστίε
3472 4998 3535 5047 ιιι

225 5065 281 5118 lit
311 5073 364 5115 ut
389 5061 605 5131 impium
630 5059 942 5114 Ita-relicum.
975 5055 1156 5125 Neque
1187 5062 1362 5109 tamen
1397 5053 1639 5109 Potamio
1663 5051 1820 5108 bonis
1847 5057 1903 5119 Ι)
1930 5074 2213 5134 propterea
2252 5067 2428 5120 minus
2468 5076 2615 5123 recte
2638 5070 2960 5127 existimarit
3005 5090 3175 5131 novus
3217 5080 3532 5139 Archeriani

225 5167 373 5212 tanta
421 5154 693 5223 impietate
736 5151 901 5222 partis
931 5149 1031 5205 frui
1066 5149 1216 5204 licuit
1246 5166 1258 5202 :
1294 5147 1420 5202 dum
1448 5147 1590 5202 enim
1634 5145 1714 5220 ('5)
1758 5146 1826 5200 ad

225 5248 445 5322 fundum
472 5258 708 5317 properat
733 5263 880 5316 quem
911 5262 1007 5318 pro
1044 5246 1203 5315 impia
1230 5243 1351 5312 [idei
1377 5243 1747 5313 subscriptione
1766 5242 1831 5297 ab

225 5344 531 5410 imperatore
570 5351 823 5395 meruerat
853 5341 1144 5412 impetrare,
1176 5338 1305 5393 dans
1336 5353 1490 5392 novas
1523 5352 1696 5408 paruas
1728 5335 1829 5389 litt-

300 5483 379 5550 (l)
417 5481 601 5535 Actter.
636 5487 767 5533 tom.
819 5494 875 5548 ιι,
927 5492 1043 5549 pag.
1078 5476 1217 5547 566,
1262 5479 1376 5534 sive
1418 5485 1549 5534 tom.
1596 5494 1656 5535 tu
1691 5478 1822 5535 edit.

231 5570 357 5611 nov.
385 5568 484 5621 pag
536 5551 665 5609 299.

303 5625 386 5699 (2)
431 5620 669 5713 illa:de
707 5632 762 5679 ct
790 5621 976 5678 Fanst.
1003 5620 1195 5680 Libell.
1236 5636 1384 5694 prec.
1413 5637 1532 5693 pag.
1571 5622 1662 5691 15,
1691 5622 1823 5680 edit.

230 5695 404 5759 Oxim.
432 5696 592 5753 1678.

305 5768 388 5842 (5)
425 5768 611 5837 Iidem,
645 5766 775 5824 ibid.
810 5784 928 5842 pag.
962 5768 1050 5826 l7.

2132 5198 2506 5277 Phabad._lib.
2534 5215 2708 5263 Contr.
2740 5209 2926 5264 Arion.
2954 5208 3055 5277 μ

1938 5264 2323 5416 paginam...
2350 5275 2492 5402 ⁷
2538 5278 2607 5335 de
2650 5280 2857 5352 Synod.
2902 5264 3067 5354 g'is,
3102 5283 3238 5357 Opp.
3293 5298 3425 5349 tom.
3475 5307 3535 5366 ι,

2122 5413 2415 5496 llilttr'._ttb.
2447 5421 2516 5496 de
2533 5422 2739 5494 Synod.
2773 5422 2801 5496 ᾗ
2830 5440 2903 5479 rt.

2008 5412 2088 5630 g6)
2122 5412 2292 5471 Hilari
2324 5419 2415 5474 ttb.
2447 5421 2514 5476 de
2533 5422 2739 5494 Synod.
2773 5422 2801 5496 ᾗ
2830 5440 2903 5479 rt.

2033 5485 2089 5557 7)
2122 5487 2354 5545 Marcell.
2387 5500 2442 5546 et
2471 5491 2649 5550 Faust.
2678 5496 2714 5551 Ι.
2747 5510 2796 5551 c.
2831 5511 2961 5568 page
2988 5498 3077 5555 Η.

2031 5560 2086 5630 8)
2124 5558 2407 5630 Montfauc.
2440 5564 2647 5630 praefat.
2694 5566 2760 5622 ad
2792 5576 2922 5623 tom.
2952 5583 2969 5625 t
3006 5570 3077 5630 Ott

1937 5558 2090 5704 “(8%
2122 5558 2407 5687 ἶςὀηιίαιιε.
2440 5564 2647 5634 praefat.
2694 5566 2760 5622 ad
2792 5558 2925 5623 tum:
2952 5583 2969 5625 ι
3006 5570 3145 5647 Opp.
3177 5573 3378 5635 Athan.
3408 5594 3536 5653 pag.

2003 5701 2340 5786 (QLSguder.
2364 5705 2682 5786 Bibl.._[_lel_g.
2710 5726 2814 5767 ms.
2843 5727 2964 5786 pag.
2994 5715 3083 5773 65.

2007 5772 2127 5845 (ιο)
2155 5775 2417 5849 Schoettg.
2454 5776 2592 5837 Bibl.
2620 5772 2736 5840 Eat.
2767 5772 3141 5846 ιηάιῖραθνίε.
3180 5800 3221 5847 ι.
3247 5808 3319 5862 νι,
3351 5812 3408 5867 ρ.
3428 5793 3526 5864 25.
