4010 6306
238 232 366 286 iil'i

1371 229 1701 285 EPISTULA
1740 230 1828 282 AD
1854 227 2193 284 .-\'l'l|.\t\'ASl
2206 228 2315 284 Udi.

3397 231 3532 286 Ηιδ

229 345 459 402 ofticinac
486 345 566 417 (I)
598 353 990 412 coacervatam,
1019 353 1077 399 ιιι
1129 352 1273 398 recte
1328 343 1646 406 eonscrihis,
1674 358 1828 397 exor-
1862 345 1911 402 A
1941 341 2184 398 Salvator
2212 341 2278 396 ad
2307 342 2594 411 Apostolos
2623 359 2636 394 :
2669 342 2836 397 Tanto
2874 352 3115 414 tempore,
3152 343 3340 414 inquit,
3369 345 3537 397 vobis-

232 440 374 496 dium
395 447 450 493 et
479 439 735 496 Stercoris
757 448 982 494 cruento
1009 438 1076 493 de
1104 440 1293 494 foetore
1323 438 1642 492 cadaverum
1688 453 1831 492 mor-

233 539 444 586 tuorum
468 528 569 603 (2),
601 546 721 600 qua:
753 530 921 600 magis
960 544 1152 585 manus
1184 531 1445 600 potuisset
1468 529 1636 600 igneis
1666 529 1835 583 virtu-

235 625 376 680 tibus
403 625 672 680 extricare
693 625 778 679 vel
809 624 1020 690 radere,
1045 624 1145 678 nisi
1176 625 1264 679 illa
1294 633 1382 678 tua
1407 624 1572 679 castis
1595 623 1661 678 de
1689 623 1826 678 exsi-

235 715 305 771 lio
321 715 510 788 capitis
533 717 774 771 coronati
797 725 1085 786 perennata
1107 716 1276 772 titulis
1306 716 1626 770 exclusisset
1656 715 1834 770 haere-

234 809 308 863 sis
335 817 536 864 sectam
575 810 862 864 anathema
902 809 1255 863 maranatha?
1288 809 1553 872 Arrisisti,
1597 810 1832 878 inquam,

234 900 389 955 nobis
411 901 672 956 catholica
705 902 1010 973 virginitate
1056 901 1345 972 perfectus,
1383 901 1680 971 jugulaudo
1710 917 1835 971 per-

235 992 393 1057 ﬁdos,
420 992 726 1049 damnando
760 997 1008 1064 perjuros
1039 1013 1052 1046 :
1090 1002 1369 1063 corruptas
1394 994 1660 1048 adulterio
1687 1010 1840 1048 men-

235 1096 316 1143 tes
340 1089 636 1160 ambiguas.
664 1090 928 1144 maledicti
959 1091 1168 1157 pecoris
1195 1090 1482 1145 libidinoso
1513 1091 1836 1145 Cotntuercia

234 1195 444 1236 veneno
470 1181 850 1237 damnabilitcr
873 1183 1163 1248 sarcinata,
1196 1182 1353 1237 unius
1398 1181 1519 1238 fidei
1563 1183 1838 1252 runiphma

233 1274 462 1332 feriente
497 1277 691 1332 vicisti.
729 1277 914 1333 .laceat
965 1291 1215 1346 serpens,
1247 1288 1302 1331 et
1353 1286 1497 1332 terra
1524 1293 1642 1347 quae
1689 1277 1838 1331 illum

234 1369 556 1438 susceperit,
591 1371 880 1441 purulento
929 1385 1137 1424 veneno
1178 1368 1445 1439 nigrescat
1473 1387 1484 1422 ε
1514 1370 1689 1439 jaceat
1728 1385 1843 1424 ser-

235 1476 367 1532 pens
391 1462 598 1518 cmlesti
629 1463 735 1518 ictu
760 1462 1064 1527 damnatus,
1089 1463 1263 1532 jaceat
1287 1477 1512 1532 serpens
1543 1461 1842 1533 Saugttiuco

237 1553 462 1609 horrore
493 1553 572 1629 (5)
605 1565 886 1612 contactos
919 1574 931 1608 :
957 1559 1137 1623 jact-at
1168 1570 1391 1624 serpens
1418 1555 1552 1609 eliso
1580 1555 1840 1609 luminum

234 1649 382 1715 sinu,
417 1649 622 1705 trisulci
663 1649 772 1704 oris
814 1649 1075 1720 patefacta
1121 1651 1330 1704 sentina
1363 1661 1564 1714 vomat,
1605 1647 1840 1702 defluat:

1938 453 2053 490 cum
2084 454 2215 502 sunt,
2245 447 2290 490 et
2316 435 2520 490 Patrem
2551 455 2650 492 non
2680 437 2876 492 nostis?

2014 529 2206 584 Dicunt
2247 530 2409 584 etiam
2452 530 2592 600 quod
2637 531 2687 585 in
2725 531 2873 586 libris
2911 530 3198 586 dominicis
3239 531 3540 586 substantia

1940 637 2231 692 numquam
2265 622 2506 677 videatur
2547 639 2668 680 esse
2696 625 3020 694 conscripta.
3050 624 3234 678 Redde
3270 623 3411 691 quod
3452 625 3536 680 in-

1941 715 2241 777 volaveras,
2273 712 2606 770 furacissime
2637 726 2908 771 tentator:
2943 731 3067 771 ecce
3091 715 3324 772 vinceris
3349 716 3536 770 confu-

1942 814 2056 862 tare
2071 806 2138 861 de
2155 808 2476 873 substantia;
2491 809 2690 864 etenim
2715 811 2838 864 h0ni
2857 811 3091 865 clamant
3113 819 3421 866 Sanctorum
3443 825 3540 862 an-

1942 898 2274 971 tiquigreges
2297 901 2677 972 pr0phctarum
2701 909 2810 956 tota
2841 904 3131 973 prmconia,
3157 911 3211 955 ut
3233 904 3326 967 ait;
3353 916 3535 955 vocem

1943 993 2261 1048 Sttbstantim
2284 1010 2313 1049 a
2345 994 2651 1050 volatilibus
2677 995 2796 1051 caeli
2819 997 3068 1066 usquead
3097 1012 3287 1064 pecora
3319 1011 3542 1066 expave-

1943 1092 2090 1148 runt,
2107 1096 2158 1140 et
2183 1086 2616 1141 vociferabantur
2640 1085 2880 1159 (Ezeclt.,
2905 1087 3022 1154 XII,
3053 1089 3155 1158 it):
3175 1087 3288 1160 Ego
3305 1090 3435 1142 dabo
3452 1088 3544 1142 Je-

1944 1177 2164 1232 rusalem
2191 1179 2245 1232 in
2285 1181 2798 1250 transmigrationem.
2821 1182 2958 1236 Ecce
2982 1199 3102 1236 cntn
3125 1183 3374 1238 Christus
3406 1184 3544 1238 Deus

1945 1273 2202 1329 anteriori
2249 1275 2313 1328 de
2345 1276 2540 1346 p0pulo
2569 1276 2788 1330 minime
2816 1288 2960 1331 esset
2997 1276 3234 1343 auditus,
3265 1278 3546 1332 tabefactis

1947 1369 2430 1434 connuanentilnts,
2490 1368 2842 1442 Jerosolymze
2889 1371 3152 1426 columna:
3214 1373 3543 1426 ceciderunt.

1950 1458 2088 1514 Ecce
2113 1460 2293 1520 miser,
2311 1460 2483 1515 adhuc
2510 1459 2628 1516 licet
2654 1478 2756 1516 una
2790 1462 2880 1516 Dei
2910 1465 3174 1518 sententia
3201 1462 3450 1518 sufficere
3476 1464 3544 1517 de.

1948 1553 2230 1624 buit,qood
2259 1558 2516 1623 prnpheta
2541 1555 3302 1627 sanctusintonuit(.ler.xmt,
3327 1556 3419 1628 2‘2)
3446 1575 3458 1609 :
3487 1557 3550 1612 Si

1949 1648 2204 1702 stetissent
2227 1647 2573 1703 insubstuntia
2601 1666 2729 1715 utea,
2759 1659 2805 1702 et
2829 1649 3088 1702 audissent
3110 1665 3365 1702 sermones
3388 1665 3547 1714 meos,

235 1750 552 1812 torqueatur
591 1744 866 1812 culparum
912 1755 1118 1808 auctor,
1143 1744 1228 1797 cui
1259 1759 1443 1811 parum
1474 1741 1664 1800 fuerat.
1695 1739 1836 1809 quod
1875 1745 1918 1804 Β
1946 1752 1992 1794 et
2023 1742 2312 1796 docuissent
2353 1743 2598 1811 populum
2639 1760 2825 1807 meum,
2872 1746 3162 1798 (inertissem
3191 1761 3275 1798 eos
3304 1761 3334 1797 a
3377 1744 3550 1797 multis

234 1836 627 1906 prot0plastnm
682 1837 985 1892 aeternitate
1036 1837 1360 1906 privaverat,
1412 1834 1511 1886 ui~i
1559 1843 1612 1887 ct
1656 1843 1843 1888 contra

237 1929 577 1986 Salva-torem
615 1930 783 2004 hydra
821 1931 1048 1984 virosior
1081 1931 1432 2000 prorupisset.
1464 1927 1725 1996 Separare
1754 1943 1847 1980 vo-

238 2022 339 2077 luit
376 2026 659 2079 Dominum
692 2034 937 2078 nostrum
959 2023 1149 2077 Jesum
1177 2022 1472 2086 Christum,
1524 2021 1674 2090 quasi
1726 2036 1846 2074 vcr-

235 2115 363 2172 bum
401 2117 602 2173 Christi
637 2127 816 2188 posset
860 2116 1119 2180 incidere,
1153 2115 1464 2171 SIIb~l3t|liiB
1497 2114 1656 2169 fibula
1714 2131 1846 2170 con-

235 2222 484 2266 CaIenata
513 2211 791 2266 Trinitatis
811 2211 1036 2270 unitate.
1077 2218 1135 2264 ut
1156 2212 1230 2266 ait
1262 2209 1438 2284 (Joan.
1469 2227 1528 2270 χ.
1560 2211 1665 2282 50)
1737 2211 1849 2282 Ego

236 2313 282 2358 et
315 2303 476 2359 Pater
500 2322 656 2358 unum
674 2323 871 2360 sumus.
903 2304 964 2361 Et
995 2305 1174 2379 (Joan.
1199 2321 1308 2370 xrv,
1331 2303 1389 2377 9)
1414 2322 1424 2356 :
1460 2305 1561 2372 Qui
1591 2321 1669 2358 me
1699 2305 1848 2370 videt,

232 2399 374 2455 videt
401 2411 448 2456 et
468 2399 697 2454 Patrem.
727 2401 789 2456 Et
811 2401 1002 2470 (Ibid,
1029 2416 1079 2454 ν.
1110 2399 1230 2471 ti):
1259 2397 1369 2468 Ego
1389 2399 1444 2453 in
1468 2397 1645 2461 Patre,
1675 2407 1719 2451 et
1749 2397 1852 2451 Ρα-

235 2504 308 2548 ter
339 2496 394 2549 in
424 2512 520 2549 me.
555 2494 618 2548 Et
642 2495 834 2567 (Joan.
873 2511 913 2560 ι,
948 2495 1012 2566 1)
1043 2512 1057 2550 :
1090 2493 1155 2550 In
1181 2495 1433 2566 principio
1472 2503 1580 2548 erat
1612 2491 1850 2560 Verbum,

235 2597 283 2642 et
314 2586 538 2642 Verbum
559 2598 666 2644 erat
685 2588 824 2660 apud
852 2586 1038 2655 Deum,
1067 2598 1112 2642 et
1143 2587 1276 2642 Deus
1299 2599 1406 2641 erat
1439 2585 1854 2640 VerbumLanio

239 2680 604 2742 truculentus,
632 2679 893 2749 parricida
927 2679 1195 2746 desertor,
1229 2679 1550 2743 milviuis,ut
1577 2693 1722 2738 reor.
1757 2694 1857 2732 un-

238 2775 457 2845 guibus;
486 2774 570 2829 vel
604 2774 852 2828 dentibus
877 2774 1014 2829 male
1043 2775 1208 2840 sanis,
1233 2775 1276 2829 si
1301 2774 1581 2845 potuisset,
1616 2773 1840 2826 tentavit

239 2867 516 2922 scindere.
572 2867 637 2921 Et
679 2877 798 2936 post
838 2869 955 2923 hcce
983 2865 1108 2938 quid
1140 2881 1445 2937 ttppOsuet‘O
1474 2865 1858 2932 blasphemiis?

243 2959 430 3020 (Joan.
455 2977 563 3023 xw,
592 2960 684 3033 ‘28)
719 2961 820 3026 Qui
849 2977 928 3015 me
942 2961 1100 3027 misit,
1137 2961 1413 3030 inquiunt,
1453 2960 1622 3030 major
1658 2976 1735 3012 me
1761 2969 1854 3013 est.

243 3050 330 3108 Ex
374 3068 480 3124 quo
511 3053 722 3124 genitus
769 3063 852 3108 est
884 3053 1078 3109 Pater?
1110 3053 1296 3122 utique
1322 3057 1446 3124 quia
1479 3052 1648 3108 Filius
1693 3053 1858 3106 confi-

1948 1835 2132 1888 studiis
2153 1850 2349 1888 eorum.
2381 1835 2516 1890 Ecce
2551 1835 2635 1888 hic
2666 1835 2786 1889 felix
2819 1834 2886 1889 de
2916 1837 3212 1890 substantia
3246 1835 3549 1890 infelicibus

1952 1926 2162 1996 populis
2207 1930 2447 1997 prorupit
2486 1929 2721 1992 auditus,
2753 1936 2810 1981 ut
2849 1937 2901 1982 et
2942 1927 3198 1998 propheta
3228 1945 3293 1982 ex
3323 1942 3552 1998 persona

1950 2018 2082 2072 Adte
2103 2017 2376 2074 Christum
2409 2021 2644 2090 requirat
2670 2021 2722 2074 in
2756 2021 3006 2093 laerytuis
3045 2021 3218 2088 (Psal.
3255 2037 3434 2084 ιιι-ιιι,
3465 2020 3546 2092 5);

1952 2109 2157 2173 lnﬁxus
2199 2130 2334 2177 sum,
2367 2113 2558 2182 inqttit,
2595 2114 2645 2166 in
2675 2115 2796 2167 limo
2827 2115 3088 2185 profundi,
3120 2125 3289 2168 etnon
3315 2125 3386 2170 est
3433 2115 3552 2166 sub-

1953 2206 2160 2257 stantia.
2195 2205 2410 2260 Scilicet
2439 2207 2559 2277 quia
2595 2206 2822 2260 necdum
2860 2207 3032 2260 Patris
3079 2207 3376 2268 Sllbstlllltid
3409 2207 3551 2276 apud

1953 2295 2228 2351 Christum
2259 2299 2310 2350 in
2339 2313 2501 2352 carne
2525 2308 2869 2352 Convenerat.
2905 2301 3054 2352 Sicut
3077 2308 3132 2352 ct
3159 2300 3245 2353 ille
3270 2299 3347 2370 (4)
3381 2300 3557 2353 Evan—

1956 2391 2144 2460 gelism
2189 2391 2339 2463 (Luc.
2376 2391 2493 2462 xv),
2521 2407 2642 2445 cum
2695 2392 2915 2446 vastatis
2944 2393 3105 2446 rebus
3155 2393 3428 2447 luxuriose
3475 2393 3558 2446 vi-

1958 2484 2132 2537 vendo
2161 2483 2392 2552 perdidit
2417 2500 2633 2538 omnem
2665 2484 3018 2538 substantiam
3051 2500 3221 2548 suam,
3256 2496 3308 2538 ut
3341 2493 3561 2539 sanctus

1961 2574 2054 2630 Dei
2097 2587 2246 2631 vates
2300 2575 2513 2645 scripsit
2555 2576 2710 2648 (Sap.
2747 2593 2782 2640 ι,
2816 2576 2914 2647 5):
2949 2576 3176 2640 Spiritus
3223 2575 3313 2631 1)ρί
3352 2576 3562 2649 e/fugiet

1961 2669 2156 2736 fictam.
2176 2669 2304 2724 lude
2326 2685 2454 2740 ergo
2472 2671 2828 2724 substantiam
2848 2671 3098 2741 perdidit,
3126 2672 3248 2740 quia
3280 2687 3373 2741 per
3405 2671 3562 2725 lusu-

1961 2762 2094 2815 riam
2124 2763 2407 2818 sanctitate
2431 2765 2635 2818 earuit:
2664 2766 2705 2817 si
2762 2764 2853 2817 tibi
2902 2764 3120 2829 sufficit,
3151 2765 3315 2830 dixit;
3367 2766 3562 2834 quibus

1962 2855 2005 2906 si
2025 2853 2134 2923 jam
2161 2855 2408 2924 palpitas,
2437 2857 2589 2926 plena
2615 2857 2934 2910 suntotnnia
2960 2874 2973 2909 :
3001 2860 3042 2912 si
3068 2859 3242 2912 adhuc
3271 2859 3559 2927 torqueris,

1964 2947 2215 3010 intendo;
2247 2951 2504 3018 scriptum
2536 2952 2762 3020 legimus
2791 2949 2986 3020 (Eecle.
3026 2967 3080 3016 ιι,
3113 2951 3223 3022 8):
3249 2952 3564 3023 Congregavi

1962 3041 2097 3095 enim
2119 3058 2299 3095 aurum
2328 3053 2478 3112 atque
2498 3052 2765 3112 argentum
2787 3052 2834 3095 et
2860 3044 3196 3096 substantiam
3219 3060 3392 3114 regunt
3423 3056 3468 3098 et
3496 3060 3568 3097 re-

247 3153 429 3211 tetur;
463 3147 634 3215 major
655 3161 784 3217 ergo
807 3149 927 3215 quia
953 3146 1112 3200 Pater
1140 3145 1316 3201 Filio?
1345 3146 1478 3200 ordo
1503 3147 1852 3215 prmpooitur,
1886 3141 1931 3204 C
1961 3134 2192 3204 giouum.
2227 3135 2348 3190 Ilaec
2378 3145 2460 3190 est
2488 3135 2572 3189 illa
2605 3135 2926 3198 substantia,
2955 3150 3112 3204 quam
3148 3135 3407 3205 propluta
3455 3150 3568 3192 me-

245 3255 359 3296 non
391 3240 686 3296 subSIantia
713 3251 1014 3312 separatur.
1046 3241 1183 3308 Quid
1217 3241 1280 3294 ad
1315 3242 1428 3295 huic
1456 3240 1615 3306 dicis,
1648 3240 1860 3294 adulter

249 3332 501 3388 infamis?
553 3335 697 3390 Bene
717 3335 858 3406 quod
887 3345 934 3390 te
964 3335 1257 3404 antiquitas
1305 3345 1512 3404 patrum
1560 3334 1610 3388 in
1652 3333 1860 3404 synodo

247 3427 529 3492 sanctiori,
555 3427 832 3484 voluntate
855 3429 1068 3497 viperea
1095 3430 1313 3497 intpurm
1335 3427 1628 3480 virositatis
1657 3425 1857 3490 inflata,

247 3518 416 3574 eastis
445 3519 610 3574 etiam
659 3529 711 3574 te
761 3521 1081 3573 transfixet‘e
1128 3518 1446 3572 missilibus.
1487 3517 1619 3570 Nam
1669 3525 1725 3568 (ιι
1777 3517 1861 3569 hic

248 3611 467 3668 doceris
498 3610 859 3665 Calutttniandi
895 3609 1110 3679 pedicas
1141 3609 1512 3679 przt-teottlis~e,
1547 3607 1688 3675 quod
1727 3605 1861 3661 Sal-

249 3718 410 3762 Vatnr
433 3706 503 3759 ait
531 3703 722 3777 (Joan.
753 3720 831 3770 Vl,
861 3703 1007 3773 58):
1041 3701 1160 3756 Non
1192 3703 1302 3756 veni
1327 3719 1479 3773 apere
1516 3716 1628 3753 mea
1660 3703 1860 3770 facere,

250 3800 344 3854 sed
372 3801 483 3872 ejus
503 3798 589 3868 qui
617 3797 754 3850 misit
781 3813 877 3850 me.
903 3795 1038 3864 Quid
1065 3795 1198 3850 dicis
1222 3796 1482 3865 Serpens?
1515 3794 1778 3863 Numquid
1810 3793 1860 3847 itt

253 3891 359 3946 hac
384 3891 503 3946 luce
532 3893 785 3945 tenebras
824 3888 1058 3944 infundis
1098 3888 1328 3959 simplici
1358 3887 1481 3942 huic
1513 3885 1859 3956 professioni,

253 4000 416 4054 quam
441 3984 886 4054 qumstiunculaut
922 3984 1143 4054 putant?
1173 3983 1411 4052 Tempus
1440 3985 1490 4037 in
1539 3999 1698 4036 causa
1731 3990 1813 4036 est
1846 3999 1859 4035 :

252 4079 502 4135 Salvator
526 4077 664 4148 apud
693 4077 961 4142 homines,
988 4079 1110 4146 quia
1143 4076 1422 4132 hominum
1450 4092 1646 4146 eorpus
1675 4075 1865 4131 indue-

255 4180 360 4236 rat,
391 4169 675 4227 videbatur
698 4171 750 4226 in
783 4186 1041 4241 corpore;
1073 4171 1190 4226 ideo
1215 4171 1387 4225 dixit:
1423 4169 1544 4224 Non
1564 4170 1677 4223 veni
1699 4174 1866 4241 facere

256 4280 417 4333 opera
444 4281 586 4318 mea:
613 4264 842 4319 hominis
865 4263 916 4318 in
942 4280 1000 4318 se
1019 4265 1232 4332 negavit
1253 4263 1456 4318 officia?
1478 4261 1688 4317 Clamat
1711 4278 1860 4330 ergo.

259 4362 319 4408 ut
345 4355 494 4410 illum
526 4356 892 4410 ordinatoretu
936 4355 988 4410 in
1017 4371 1076 4410 se
1106 4355 1378 4425 prtedicet,
1405 4371 1564 4424 quem
1597 4357 1645 4408 in
1676 4369 1736 4410 se
1762 4353 1864 4408 sibi

258 4445 506 4502 ntetniuit
530 4461 806 4504 auctorem
833 4447 1080 4513 Patrem;
1106 4449 1230 4518 quia
1257 4447 1418 4502 Filius
1443 4450 1686 4519 sequitur
1708 4463 1865 4502 Voca-

1964 3227 2120 3300 minit
2147 3229 2334 3284 dicens
2377 3228 2550 3301 (Psal.
2577 3245 2687 3294 ut,
2721 3228 2843 3300 i2):
2878 3229 3049 3284 Semel
3077 3231 3277 3284 locutus
3305 3239 3377 3284 est
3403 3228 3568 3298 Deus,

1966 3320 2068 3375 duo
2095 3324 2203 3376 Iace
2245 3323 2435 3376 audivi.
2466 3323 2522 3377 In
2557 3339 2658 3378 una
2689 3324 2886 3393 quippe
2915 3338 3046 3377 voce
3073 3323 3179 3376 duo
3212 3324 3325 3378 hrcc
3352 3323 3570 3380 audisse

1965 3431 2025 3468 se
2076 3417 2333 3484 prapheta
2367 3426 2612 3481 testatur,
2663 3427 2720 3470 ut
2775 3415 2848 3470 ait
2881 3415 3043 3468 David
3087 3414 3258 3482 (Psal.
3292 3433 3440 3481 xuv,
3473 3417 3568 3486 ‘2):

1965 3505 2167 3577 Lingua
2209 3525 2319 3562 mea
2346 3508 2576 3562 calanus
2607 3509 2807 3562 scriba'.
2840 3507 2906 3562 Ut
2953 3507 3095 3560 enim
3129 3510 3366 3561 calamus
3395 3508 3570 3562 denti-

1966 3601 2206 3654 culoruru
2239 3601 2510 3656 subdivisa
2555 3601 2862 3670 mqualitate
2893 3599 3127 3663 ducitur,
3159 3611 3211 3654 ct
3245 3601 3409 3655 radiis
3439 3617 3572 3655 con-

1965 3695 2285 3747 sonantibus
2331 3694 2632 3762 expeditur;
2667 3694 2734 3747 ita
2787 3692 3039 3747 Salvator
3087 3692 3394 3746 indivisihili
3440 3709 3570 3748 con-

1968 3788 2196 3839 nexione
2223 3802 2342 3838 cum
2373 3786 2546 3839 Patris
2568 3785 2822 3855 operibus
2849 3785 3104 3840 uuitatur.
3129 3785 3280 3852 Quod
3303 3789 3445 3840 enim
3477 3802 3568 3857 pa-

1967 3885 2050 3929 ter
2074 3877 2227 3940 dixit,
2253 3877 2418 3932 Filius
2439 3877 2847 3941 exclamavit;et
2877 3876 3018 3948 quod
3042 3875 3206 3931 Filius
3224 3877 3433 3932 locutus
3462 3886 3567 3942 est,

1966 3965 2128 4021 Pater
2153 3969 2412 4036 implevit.

2039 4060 2252 4128 Merito,
2282 4063 2476 4133 inquit,
2511 4063 2683 4118 Semel
2709 4065 2909 4118 locutas
2932 4073 3003 4117 est
3025 4060 3186 4128 Deus,
3213 4063 3316 4116 duo
3347 4062 3455 4117 lare
3477 4080 3575 4116 aud

1968 4163 2090 4218 divi.
2122 4165 2249 4218 Duu:
2278 4174 2523 4231 persona:
2551 4175 2713 4214 unum
2748 4161 2917 4213 tulere
2937 4158 3196 4228 judicium
3216 4197 3230 4222 ,
3259 4165 3316 4210 ut
3339 4158 3389 4211 in
3413 4158 3573 4212 deca-

1970 4255 2094 4326 Ιοεο
2143 4271 2244 4309 una
2289 4252 2552 4309 sententia
2603 4249 2847 4321 duplices
2897 4249 3090 4303 tabula:
3140 4249 3574 4306 Conscrihuutur.

1967 4348 2318 4403 Obmutescat
2345 4345 2572 4400 hmresis
2598 4353 2803 4399 tuteruo
2831 4342 3049 4396 silentio
3083 4343 3466 4410 prmdamnata.
3497 4341 3580 4395 di-

1969 4441 2106 4495 vinis
2134 4439 2326 4495 ictibus
2349 4454 2512 4503 caasa,
2538 4436 2791 4490 barathro
2815 4437 3134 4503 tartarisque
3159 4439 3423 4504 deposnta.
3451 4433 3578 4489 Sola

260 4540 412 4607 bulo,
447 4541 516 4594 ita
545 4541 716 4612 tnajor
745 4553 828 4596 εει
858 4541 946 4594 ille
967 4543 1056 4611 qui
1083 4541 1371 4610 prazvenit;
1397 4541 1489 4596 sed
1521 4552 1568 4593 et
1603 4540 1866 4594 mittentis
1895 4538 1943 4597 Ι)
1970 4550 2183 4599 Semper
2220 4549 2340 4587 cum
2384 4532 2580 4586 laureis
2631 4529 2744 4584 suis
2773 4529 2921 4598 virgo
2971 4543 3255 4597 puerpera,
3299 4529 3409 4580 Deo
3449 4543 3576 4594 una,

262 4642 320 4687 et
337 4638 506 4698 missi,
527 4637 651 4704 quia
673 4645 780 4690 tres
809 4650 970 4688 unum
993 4634 1210 4699 sunt,de
1235 4632 1527 4687 divinitatis
1545 4634 1749 4687 unitate
1770 4649 1872 4686 una

263 4727 562 4782 substantia
582 4743 662 4781 εει
691 4725 893 4799 (Joan..
926 4744 980 4792 κ,
1007 4725 1252 4799 30);Ego
1267 4738 1310 4779 et
1335 4725 1664 4780 Paterunum
1677 4741 1870 4779 smnus.

266 4817 337 4873 Et
366 4817 547 4890 (Joan.
569 4835 682 4888 xw,
706 4817 762 4890 9)
790 4835 801 4871 :
826 4822 912 4889 qui
933 4836 1010 4872 me
1032 4819 1183 4884 videt,
1201 4818 1332 4872 uidet
1359 4827 1404 4872 et
1427 4815 1657 4871 Putrem.
1679 4816 1747 4871 Et
1766 4823 1774 4866 i
1783 4831 1877 4887 pse

345 5039 426 5113 (1)
465 5041 522 5096 lu
556 5042 858 5098 Acheriana
903 5040 1145 5113 editione
1175 5039 1450 5108 legebatur
1492 5048 1874 5103 coacervatum;

270 5112 665 5169 correctionem
696 5130 848 5169 novae
877 5112 1130 5169 editiOuis
1171 5113 1508 5168 retmuimus.

345 5181 428 5326 (2)
466 5183 644 5239 Prima
676 5184 892 5240 Acherii
917 5184 1084 5240 editio
1111 5200 1226 5257 quae
1251 5184 1410 5254 magis
1431 5199 1632 5251 manus,
1665 5182 1864 5239 scribit.

346 5256 405 5326 (5
467 5253 669 5311 Eadem
703 5259 873 5326 prima
902 5257 1070 5313 editio
1100 5265 1410 5310 contractus.

346 5253 428 5328 (5)
467 5253 669 5311 Eadem
703 5259 873 5326 prima
902 5257 1070 5313 editio
1100 5253 1410 5310 contractus.

688 5839 960 5902 ΡΑἰίιυι.
996 5838 1163 5901 Vlll.

1985 4625 2138 4680 nobis
2174 4624 2424 4680 columba
2450 4622 2771 4678 fecunditate
2800 4625 3158 4681 nunterosior.
3185 4636 3353 4690 usque
3383 4621 3447 4673 ad
3480 4637 3582 4674 nu-

1985 4720 2080 4774 bes
2107 4720 2230 4775 (ιωΙί
2256 4727 2417 4788 caput
2440 4701 2754 4772 coronatum
2783 4717 3011 4770 attollat.
3041 4716 3121 4769 Sit
3151 4715 3430 4770 benedicta
3455 4731 3578 4770 cum

1985 4812 2201 4884 populis
2248 4812 2528 4867 Trinitatis
2576 4812 2778 4865 unitate
2807 4820 3189 4878 consegregata
3225 4807 3582 4877 jUali>SitltiS;

1985 4907 2139 4977 Cujus
2183 4905 2337 4959 laude
2371 4906 2523 4976 plena
2566 4911 2668 4966 est,
2701 4917 2732 4956 a
2776 4916 2919 4956 nunc
2956 4904 3091 4957 etin
3129 4912 3329 4957 ttrtertta
3367 4915 3584 4970 semper

1979 4999 2177 5055 sweula
2209 4999 2524 5053 sat-culorum
2553 4994 2820 5052 beatificet
2847 4995 3008 5051 Pater
3047 5005 3103 5050 et
3132 4979 3300 5049 Filius
3326 5005 3379 5048 et
3407 4991 3581 5062 Spiri-

1982 5100 2070 5148 tus
2091 5099 2331 5148 sanctus.

2059 5252 2138 5326 (4)
2180 5250 2342 5309 Forte
2366 5249 2504 5323 apud
2530 5248 2928 5320 Evangelistam.
