4044 6214
431 303 501 359 15
1118 296 1125 305 ’
1654 295 1991 350 CLEMENS
2025 292 2609 354 ALEXANDRINUB.
3770 292 3839 348 16

426 393 597 473 λοίόῃ
626 400 729 453 τοῦ
784 393 948 465 ξύλου
1001 397 1102 461 τῆς
1160 394 1328 459 ζωῆς,
1385 387 1476 443 καὶ
1527 408 1689 467 φαγῃ,
1719 388 1811 443 καὶ
1842 389 2071 459 ζήσηται

2187 391 2472 449 tinentur.
2497 392 2787 459 Quoniam
2806 409 2942 449 vero
2970 391 3194 449 eisdem
3213 391 3310 446 vix
3330 388 3643 462 quisquam
3656 389 3832 447 hodie

427 489 504 551 εἷς
535 486 722 541 αἰῶνα·
745 506 774 535 ››
807 484 940 538 Haac
957 480 1115 553 (quas
1137 478 1783 551 Nourriumjprmteriit)
1803 484 2081 550 excerpta
2182 482 2400 553 poterit
2424 482 2666 552 moveri,
2690 498 2801 538 nec
2815 480 3240 538 tameninutile
3263 478 3339 536 ad
3352 478 3501 535 alios
3516 479 3832 550 scriptores

423 582 564 637 sunt
592 591 662 629 ex
720 567 1010 645 Ἐκλογαῖς
1057 569 1415 644 προφητικῶν
1465 570 1493 636 §
1536 571 1625 638 17,
1657 566 1798 623 edit.
1831 567 2079 623 Combe.

426 665 542 723 fisii
582 662 666 734 [et
692 659 956 727 Potteri].
988 660 1064 713 At
1092 656 1254 712 idem
1301 656 1587 713 Nourrius
1614 661 1777 713 recte
1810 655 2083 712 observat

426 753 492 807 in
522 767 667 808 mss.
696 750 744 804 J.
777 744 1127 803 Damasceni
1175 746 1576 803 Paralletorum
1604 743 1909 800 codicibus
1949 744 2081 801 lau-

427 840 556 896 dari
613 843 898 906 tanquam
949 851 1021 890 ex
1078 838 1280 890 octavo
1322 834 1666 889 Stromatum
1714 833 1888 902 libro,
1946 850 2078 904 quae

425 929 640 985 iisdem
699 924 892 979 verbis
944 927 1178 979 exstant
1234 921 1297 978 in
1354 919 1649 996 Ἐκλογαῖς
1701 924 2078 997 προφητικῶν,

430 1034 561 1089 quea
622 1016 821 1070 Graaca
874 1012 1026 1067 libro
1084 1012 1425 1068 Stromatum
1483 1011 1900 1083 subjiciuntur,
1932 1014 1960 1080 §
1989 1014 2077 1079 20,

427 1105 570 1162 edit.
657 1103 1013 1159 Graaco-Lat.
1078 1100 1466 1156 Combeﬂsii:
1523 1097 1733 1174 Ἀγάπη
1819 1097 2079 1153 ἑκουσίων

427 1189 609 1266 ἄρχει,
664 1188 904 1245 ἀκόντων
960 1185 1018 1243 δὲ
1070 1188 1099 1242 ὁ
1148 1182 1318 1266 φόϐος
1368 1186 1529 1250 οὗτος
1589 1186 1617 1241 ὁ
1671 1185 1901 1264 φαῦλος.
1935 1188 1994 1244 ⁸0
2025 1184 2082 1242 δί

425 1279 503 1343 εἰς
581 1278 777 1354 ἀγαθὸν
853 1273 1243 1352 παιδαγωγῶν,
1313 1275 1391 1341 εἰς
1458 1275 1704 1351 Χριστὸν
1779 1272 1922 1351 ἄγει,
1991 1275 2081 1331 καὶ

427 1365 541 1426 ἔστι
599 1368 896 1442 σωτήριος.
968 1367 1311 1423 Laudantur
1378 1383 1414 1422 a
1479 1368 1848 1422 Damasceno
1904 1367 2084 1423 etiam

423 1461 571 1530 haec,
605 1462 805 1514 octavo
836 1458 1178 1514 Stromatum
1205 1455 1358 1511 libro
1401 1461 1776 1528 prmnotato:
1810 1448 2086 1525 Φοϐηθῶ-

428 1568 522 1621 μεν
601 1545 732 1620 οὐχὶ
804 1545 958 1600 νόσον
1030 1544 1129 1614 τήν
1210 1542 1426 1617 ἔξωθεν,
1483 1541 1640 1600 ἀλλὰ
1692 1543 2083 1624 ἁμαρτήματα,

424 1633 495 1691 δι’
580 1633 613 1689 ἃ
694 1632 871 1696 νόσος⁸
955 1632 1045 1689 καὶ
1127 1633 1284 1688 νόσον
1363 1634 1572 1708 ψυχῆς,
1631 1631 1759 1708 οὐχὶ
1827 1632 2082 1711 σώματος

2184 570 2618 628 ecclesiasticos
2648 571 3061 637 illustrandos,
3090 585 3285 641 neque
3318 567 3720 642 injucundum
3748 573 3845 623 est

2185 659 2512 732 specimine
2541 666 2665 717 tam
2693 660 2914 734 insigni
2937 675 3315 733 cognoscere,
3346 656 3541 729 qualis
3567 656 3754 711 fuerit
3781 661 3846 711 et

2185 765 2364 820 quam
2394 749 2568 822 longe
2617 750 2821 822 petitis
2877 751 2933 805 S.
2994 748 3313 821 Scripturas
3363 744 3844 818 expositionibus

2185 837 2438 894 subnixa
2455 838 2874 895 haereticorum
2904 839 3156 894 istorum
3187 835 3481 906 doctrina,
3508 850 3630 890 non
3662 832 3844 889 dubi-

2185 929 2299 983 tavi
2318 927 2486 983 illam
2502 928 2840 984 Comheﬁsii
2865 927 3221 992 versionem,
3249 925 3421 997 cujus
3432 923 3846 997 apographum

2182 1014 2474 1073 beneﬁcio
2507 1016 2837 1073 doctissimi
2865 1015 2997 1084 viri,
3018 1015 3169 1071 Erici
3206 1012 3483 1077 Benzelii,
3528 1012 3593 1067 in
3622 1028 3839 1067 manus

2183 1120 2348 1161 meas
2377 1105 2607 1173 incidit,
2638 1105 2796 1161 infra
2824 1122 2961 1161 cum
2992 1104 3212 1160 lectore
3236 1102 3678 1159 communicare
3702 1100 3834 1173 (22).

2185 1195 2530 1252 Germanice
2584 1194 2827 1268 quidem
2882 1194 3118 1251 reddita
3169 1194 3296 1249 hmc
3327 1197 3604 1265 excerpta
3653 1191 3841 1247 edidit

2184 1282 2497 1339 Godfridus
2526 1283 2847 1354 Arnoldus,
2880 1283 2944 1338 in
2979 1283 3258 1354 Apologia
3286 1282 3593 1345 haresium,
3625 1280 3838 1352 Lipsiae

2186 1375 2346 1441 1700,
2401 1372 2529 1441 fol.,
2584 1378 2726 1428 tom.
2784 1373 2880 1441 1X,
2913 1389 3044 1446 pag.
3091 1374 3156 1427 41
3202 1389 3316 1443 sq.,
3350 1387 3381 1427 a
3413 1387 3532 1442 quo
3566 1375 3835 1441 tempore

2182 1460 2398 1517 melior
2417 1466 2478 1517 et
2492 1461 2884 1528 emendatior,
2916 1461 3123 1517 itidem
3146 1460 3515 1528 Germanica,
3548 1460 3843 1530 interpre-

2185 1550 2352 1619 tatio,
2383 1556 2621 1608 auctore
2670 1552 2737 1607 Η.
2784 1552 2847 1607 G.
2883 1552 2961 1606 W.
2996 1552 3060 1606 E.
3099 1552 3171 1605 M.
3202 1550 3317 1622 (23)
3346 1549 3541 1605 lucem
3566 1548 3713 1603 vidit
3741 1547 3838 1604 Ul-

2186 1656 2299 1695 mas
2331 1640 2492 1709 1701,
2520 1640 2574 1709 4,
2608 1656 2742 1695 cum
2765 1639 2993 1712 praefat.
3032 1640 3097 1694 D.
3131 1639 3273 1693 Eliaa
3305 1629 3554 1694 Veielii.’

420 1725 577 1797 (quae
610 1728 844 1781 exstant
872 1723 936 1778 in
968 1722 1197 1778 eisdem
1244 1724 1483 1819 lictogis,
1529 1726 1556 1791 §
1588 1726 1699 1795 11).
1730 1724 1836 1777 Et:
1892 1721 2071 1794 Νόμος

2256 1729 2311 1784 5.
2346 1727 2442 1784 Ἐκ
2492 1731 2601 1782 τῶν
2660 1730 3024 1804 Προφητικῶν
3075 1724 3317 1801 ἐκλογαί.
3368 1729 3503 1783 Haec
3560 1732 3841 1799 excerpta

425 1811 537 1866 ἐστὶ
594 1810 733 1866 κατὰ
782 1814 897 1865 τῶν
965 1810 1137 1882 σεμνὰ
1192 1808 1281 1865 καὶ
1353 1814 1474 1874 θεῖα
1530 1813 1740 1882 σεμνῶς
1794 1810 1885 1864 καὶ
1958 1810 2084 1864 θευ-

423 1903 647 1975 πριπῶς
722 1899 851 1975 ὁρᾷν
927 1897 1031 1953 οὐκ
1105 1897 1421 1968 ἀξιούντων,
1496 1896 1724 1954 κόλασιν
1810 1897 2084 1977 ἐπιφέρειν

425 1987 707 2063 ἆορασίας.

498 2079 552 2133 4.
612 2078 707 2132 Ἔτι
763 2080 872 2130 τῶν
934 2072 1201 2130 Θεοδότου
1276 2073 1369 2130 καὶ
1438 2081 1539 2144 τῆς
1600 2073 1928 2146 ἀνατολικῆς
1983 2096 2083 2132 κα-

427 2164 703 2238 λουμένης
802 2161 1156 2226 διδασκαλίας
1254 2163 1393 2218 κατᾶ
1489 2164 1618 2227 τοὺς
1719 2164 2086 2223 Οὐαλεντίνου

424 2254 659 2330 χρόνους
710 2252 995 2327 ἐπιτομαί.
1061 2256 1196 2310 Haec
1247 2261 1543 2327 excerpta,
1575 2257 1771 2313 Graece
1802 2257 1933 2313 sine
1957 2274 2088 2313 ver-

422 2346 589 2401 sione
622 2361 692 2399 ex
722 2344 1064 2400 Florentino
1106 2343 1439 2415 exemplari
1472 2345 1928 2401 Graeco-Latinis
1959 2346 2086 2401 Cle-

423 2436 642 2492 mentis
663 2434 1169 2505 editionibussuhj
1185 2440 1342 2502 ecta,
1364 2436 1555 2491 varias
1570 2435 1837 2492 locorum
1859 2437 1913 2492 S.
1939 2437 2088 2492 Scri-

422 2532 611 2598 ptura;
634 2524 1059 2596 explicationes
1078 2523 1383 2580 Gnosticas
1402 2528 1460 2579 et
1480 2523 1932 2582 Valentinianas
1948 2542 2088 2581 con-

342 2624 349 2633 ‘
424 2615 636 2670 tinent.
668 2615 735 2669 In
761 2613 854 2669 his
911 2612 1245 2669 Theodotus
1303 2615 1415 2684 (20)
1469 2613 1613 2685 plus
1649 2614 1907 2686 simplici
1962 2615 2085 2671 vice

425 2705 678 2770 citatur;
710 2702 934 2757 mentio
968 2708 1026 2757 et
1050 2701 1324 2757 Basilidis
1355 2706 1415 2757 et
1445 2702 1745 2758 Valentini
1774 2720 1843 2759 ac
1872 2703 2085 2759 Valen-

426 2794 816 2860 tinianorum,
869 2797 927 2847 et
982 2808 1115 2864 pag,
1168 2792 1291 2859 799,
1341 2793 1681 2848 afferuntur
1728 2792 1925 2861 verba,
1954 2810 2087 2864 qua)

427 2882 696 2937 Christus
752 2879 972 2936 dixerit
1025 2880 1101 2935 ad
1132 2879 1433 2948 Salomen,
1468 2879 1637 2954 μέχρι
1677 2877 1802 2935 τότε
1831 2881 1961 2935 εἶναι
1992 2880 2085 2945 θά-

421 2991 603 3041 νατον,
672 2967 838 3045 ἄχρις
918 2966 978 3023 ἃν
1042 2969 1097 3023 αἱ
1168 2973 1423 3044 γυναῖκες
1491 2969 1767 3040 τίκτωσιν,
1827 2989 1958 3043 qum
2016 2989 2087 3028 ex

419 3061 733 3134 Evangelio
793 3059 1121 3117 secundum
1148 3059 1447 3132 Egyptios
1471 3060 1657 3131 petita
1687 3077 1816 3117 esse
1847 3067 2079 3118 constat

419 3168 493 3206 ex
521 3149 841 3205 Clementis
872 3165 936 3205 ιιι
966 3150 1198 3216 Strom.,
1228 3164 1361 3219 pag.
1394 3149 1519 3215 445,
1550 3151 1675 3219 452,
1724 3150 1847 3204 453.
1898 3151 2041 3206 Com

419 3237 668 3294 befisius
701 3238 904 3292 Latine
923 3235 1247 3301 transtulit,
1274 3234 1376 3290 sed
1402 3236 1741 3291 veritus‘est
1768 3237 1944 3293 edere
1965 3239 2078 3310 (21)

427 3327 501 3381 ob
535 3327 793 3380 haereses
823 3329 883 3378 et
942 3339 1173 3377 errores
1202 3322 1531 3390 Gnosticos,
1565 3325 1665 3393 qui
1694 3324 1756 3378 in
1787 3325 1907 3380 illis
1937 3344 2080 3382 con-

428 3496 601 3549 enata
657 3490 719 3545 in
777 3489 898 3544 illis
934 3490 1289 3565 rS_t_roma.tum
1346 3487 1676 3565 reliquisse
1710 3490 1880 3565 libris
1909 3509 2081 3565 repe-

427 3565 788 3636 riuntur,_ea
811 3564 949 3636 post
976 3559 1291 3636 Nourrium
1323 3564 1383 3615 et
1429 3559 1911 3636 Ittig.‘_Fa_bricio
1946 3559 2080 3636 p'ost

427 3636 611 3692 indic.
644 3631 778 3689 edd.
814 3631 1105 3700 laudatos,
1158 3631 1476 3707 diligenter
1511 3631 1750 3707 collegit
1772 3641 1831 3691 et
1859 3631 2081 3707 dijudi-

430 3707 602 3776 cavit,
635 3721 828 3776 neque
856 3708 1079 3776 tamen,
1113 3720 1244 3775 quas
1270 3704 1429 3760 bona
1449 3704 1509 3760 in
1541 3704 1890 3762 illis’essent
1909 3704 2078 3763 libris

431 3777 672 3834 reticuit
726 3775 953 3832 Semler
982 3776 1366 3849 iin__Historia
1415 3777 1682 3849 doctrina
1727 3778 2074 3849 Christianae,

434 3849 745 3922 prmmissa
772 3853 913 3922 tom.
946 3848 997 3901 II
1062 3847 1327 3922 Th_eo_log.
1352 3847 1659 3922 polemicae,
1718 3847 2076 3922 Baumgart.,

432 3919 459 3990 ξ
487 3922 576 3993 61,
606 3937 734 3993 pag.
760 3992 769 3993 ί
798 3921 900 3993 133
948 3936 1093 3993 ειμιζ
1128 3919 1451 3993 Εριῐοηιθιι
1478 3919 1768 3993 librorum
1801 3919 2072 3978 German.

430 3990 847 4048 confecit—Chr.
881 3990 1035 4063 Frid.
1068 3990 1309 4046 Rossler
1336 3992 1399 4045 in
1428 3991 1572 4045 Bibl.
1606 3993 1837 4048 Patrum
1862 3994 2074 4063 eccles.,

428 4070 581 4137 part.
626 4082 693 4137 ιι,
717 4081 848 4137 pag.
880 4062 1053 4137 4-75.
1079 4063 1253 4137 Hills}.

496 4081 581 4120 [τι.
626 4082 684 4132 ιι,
717 4081 848 4191 pag.
880 4081 1044 4120 1-1:).
1079 4081 1253 4118 nam"

496 4137 611 4207 (26)
640 4136 794 4192 Theo
841 4140 1008 4190 otum
1039 4132 1304 4207 i‘ntellige
1326 4133 1709 4207 Byzantinum
1728 4134 2070 4204 coriarium,

423 4224 458 4291 ξι
488 4204 740 4290 Victore,
774 4210 940 4291 Bent
974 4204 2072 4291 (ξι)ίεξξορυίμθξςρωηξυξιίοεξιυφνουᾶὲἓε

420 4279 678 4336 haaresin
696 4273 1042 4350 perstringit
1061 4273 1251 4350 etiam
1266 4275 1322 4328 S.
1356 4274 1704 4346 Hippolytus
1721 4277 1795 4350 _in
1812 4273 2073 4350 ,homilia

421 4356 631 4405 contra
660 4345 893 4403 errores
921 4345 1109 4400 Noeti.
1141 4345 1365 4400 Castera
1410 4345 1671 4402 veterum
1702 4348 1775 4403 de
1806 4349 1910 4406 illo
1940 4350 2072 4408 loca

420 4420 739 4494 diligenter
768 4416 1063 4488 excerpsit
1090 4415 1319 4494 lttigius
1350 4414 1492 4494 diss.
1542 4419 1618 4473 De
1665 4419 2064 4494 haeresiarchis,

415 4487 559 4612 Sag:
607 4492 709 4542 259
754 4487 962 4571 seqq,
995 4504 1128 4562 pag.
1174 4487 1280 4544 243
1337 4487 1594 4544 alterum
1640 4491 1825 4571 refert
1872 4487 2063 4550 Theo;

420 4634 430 4640 _
460 4563 653 4640 otum,
679 4559 1119 4640 Montanistam,
1143 4565 1201 4640 et
1228 4576 1359 4633 pag.
1390 4562 1497 4640 26_l_
1523 4565 1765 4640 tertium
1796 4564 2063 4640 Theodo-

415 4634 562 4701 tum,
639 4633 1002 4702 trapezitam,
1060 4637 1366 4688 auctorem
1438 4633 2059 4694 Melchisedicianorum.

414 4702 681 4759 Videnda
710 4702 890 4758 etiam
921 4702 993 4757 de
1031 4702 1328 4758 Theodoto
1382 4704 1633 4759 coriario
1663 4705 1899 4762 erudita
1928 4708 2059 4763 dis-

411 4773 758 4850 sertatio_de
789 4773 959 4850 Mich.
994 4773 1491 4850 Walth_e_ri,_edita
1517 4775 1866 4850 Witebergze
1900 4781 2056 4850 1688,

408 4846 518 4916 sub
550 4846 721 4901 titulo
756 4862 770 4900 τ
818 4847 970 4901 Iesus
1017 4851 1148 4900 ante
1176 4847 1430 4916 Mariam.
1464 4847 1492 4913 §
1522 4849 1588 4899 10
1619 4863 1708 4916 sq.
1742 4846 1912 4903 Finis.
1949 4846 2060 4905 Va;-

404 4912 1050 5000 lesiu‘sadhEusebium,
1170 4917 1261 4982 E.,
1418 4932 1470 4983 v,
1491 4919 1611 4970 ο.11
1633 4912 2056 5000 (ᾇυθιιλιροιιιιι

402 4988 643 5059 repetiit
669 4990 943 5072 Potterus
973 5005 1046 5060 ap
1077 4987 1261 5042 Clem.
1299 4988 1515 5068 .Strom.
1558 4987 1762 5068 1,.pag.
1796 4992 1922 5059 322,
1953 4993 2054 5048 ubi

402 5058 678 5139 Clemens
708 5059 779 5115 de
811 5077 934 5139 suis
964 5057 1444 5139 praeceptoribus.
1459 5056 1766 5139 loquitur),
1800 5061 2053 5139 duorum

402 5128 664 5199 illorum,
699 5148 847 5202 quos
879 5132 940 5186 in
964 5128 1230 5202 Orientis
1271 5128 1555 5201 partibus
1587 5128 1693 5202 abs
1724 5128 1786 5187 se
1817 5134 2052 5193 auditos

400 5218 530 5277 esse
560 5200 765 5259 narrat
792 5202 1091 5277 Clemens,
1149 5200 1757 5277 alterumLAssyrium
1810 5220 2048 5277 genere,

397 5275 710 5345 Tatianum
741 5290 873 5345 esse
931 5273 1305 5345 suspicatur;
1364 5271 1620 5327 alterum
1674 5271 1875 5345 autem
1934 5271 2048 5335 He.’

392 5341 720 5425 braeugn,ex
748 5341 1066 5425 Palaestina
1079 5342 1427 5425 oriundum,
1457 5359 1633 5425 quem
1655 5344 2046 5425 Theophilum

390 5416 979 5490 es_se,Cgesari_ensem
1001 5417 1371 5490 episcopum,
1396 5416 1671 5490 opinatus
1695 5423 1784 5473 est
1803 5416 2044 5490 Baron.,

383 5485 458 5541 ad
490 5489 689 5563 a_Chr.
721 5488 820 5542 185
851 5485 1056 5563 potius
1096 5485 1227 5563 esse
1280 5485 1666 5563 Theodotum_
1699 5485 2041 5563 crediderit,

377 5558 543 5681 guod
565 5576 775 5640 exeo.
811 5558 1076 5643 conjicit,
1128 5560 1269 5631 quia
1297 5558 1554 5642 epitpme
1613 5558 2042 5647 Hypotyposeori

422 5626 703 5681 lamentis
759 5631 1171 5681 inscribatur:
1221 5630 1315 5681 Ἐκ
1369 5649 1478 5681 των
1540 5626 1810 5681 Θεοδοτου
1848 5633 2041 5681 ἄνατο-

422 5626 703 5686 lamentis
759 5626 1171 5687 inscribatur’:
1221 5626 1478 5686 ἘΜ-τῶν
1540 5626 2041 5690 Θεοδότου“ἆνατο-

373 5692 540 5767 llr/sa,-
598 5695 992 5772 διδασκαλίας,
1053 5702 1413 5758 Clementem
1472 5716 1607 5757 vero
1666 5719 1754 5772 ea,
1815 5722 1948 5777 qua:
2005 5725 2039 5765 a

2189 1817 2522 1889 posteriora
2567 1818 2806 1873 saniora
2850 1823 2991 1874 sunt
3026 1816 3347 1889 prioribus,
3378 1816 3483 1871 sed
3513 1815 3575 1871 in
3605 1818 3838 1872 Graeco-

2191 1905 2414 1961 Latinis
2441 1905 2763 1962 Clementis
2792 1904 3156 1962 editionihus
3194 1905 3306 1977 (24)
3356 1904 3561 1960 itidem
3607 1910 3842 1963 tantum

2186 1995 2386 2051 Crmce
2418 2000 2669 2063 exstant,
2701 2000 2878 2066 atque
2901 2000 3166 2049 extrema
3192 1998 3360 2066 parte
3386 1993 3617 2049 mutila.
3651 1996 3837 2050 Caete-

2191 2101 2325 2139 rum
2345 2101 2481 2141 cum
2504 2084 2662 2140 notis
2691 2084 2988 2140 Francisci
3010 2082 3347 2140 Combeﬁsii
3370 2082 3650 2156 leguntur
3679 2084 3841 2140 Grae-

2191 2189 2259 2228 ce
2317 2178 2376 2229 et
2430 2174 2631 2229 Latine
2700 2174 2763 2229 in
2819 2173 3083 2230 auctario
3139 2172 3327 2245 ipsius
3383 2172 3706 2228 novissimo
3762 2173 3837 2229 ad

2188 2263 2587 2319 Bibliothecam
2633 2265 2882 2332 Patrum,
2916 2262 3103 2319 Paris.
3137 2265 3296 2334 1672,
3325 2261 3429 2318 fol.
3463 2263 3529 2317 In
3561 2262 3657 2318 his
3688 2263 3836 2318 sub-

2190 2351 2330 2408 inde
2359 2352 2582 2408 refellit
2608 2352 2882 2408 Clemens
2912 2350 3107 2425 (illum
3156 2351 3317 2407 enim
3365 2357 3669 2407 auctorem
3718 2369 3839 2410 non

2190 2441 2419 2513 dubito)
2452 2458 2685 2497 errores
2716 2441 3117 2506 Heracleonis,
3149 2440 3400 2507 Tatiani,
3434 2442 3839 2515 Hermogenis:

2189 2532 2363 2603 plura
2393 2531 2571 2587 etiam
2588 2530 2771 2586 refert
2794 2548 2866 2586 ex
2895 2530 3264 2602 Apocryphis
3288 2529 3570 2596 Henochi,
3608 2536 3666 2586 et
3687 2534 3843 2602 Apo-

2190 2619 2415 2692 calypsi
2447 2625 2626 2691 atque
2654 2617 2966 2693 κηρύγματι
3014 2619 3170 2674 Petri
3201 2636 3214 2687 ;
3277 2635 3345 2673 ex
3402 2620 3631 2676 Hermas
3664 2621 3842 2675 etiam

2188 2709 2429 2764 Pastoris
2457 2708 2561 2764 lib.
2623 2724 2685 2776 ιι,
2736 2708 3016 2763 mandato
3075 2710 3127 2775 5,
3179 2708 3357 2764 verba
3413 2709 3727 2780 desumpta
3784 2715 3841 2765 et

2188 2797 2487 2853 illustrata
2514 2797 2712 2852 videre
2737 2799 2864 2865 est§
2892 2799 2982 2867 45,
3001 2797 3142 2852 licet
3169 2797 3242 2852 de
3275 2797 3517 2853 nomine
3548 2814 3684 2853 eum
3715 2814 3836 2852 non

2187 2884 2409 2942 laudet.
2441 2888 2792 2960 Dogmatum
2815 2902 2949 2942 vero
2965 2886 3384 2942 haereticorum
3406 2887 3835 2959 expositionem

2186 2975 2398 3032 utilem
2428 2992 2560 3031 esse
2608 2976 2873 3047 disputat
2925 2976 2953 3043 §
3010 2977 3125 3030 29:
3185 2972 3348 3050 Φέρει
3401 2971 3460 3029 δὲ
3504 2973 3595 3029 καὶ
3651 2970 3832 3044 ἄλλην

2188 3062 2591 3139 συγγυμνασίαν
2678 3065 2865 3138 ψυχῆς
2926 3066 3228 3133 ζητητικῆς
3311 3065 3346 3132 ἡ
3425 3068 3526 3134 τῆς
3597 3058 3838 3137 ἒτεροδό·

2187 3152 2279 3222 ξου
2363 3148 2717 3213 διδασκαλίας
2805 3145 3012 3212 ἔχθεσις
3093 3151 3185 3207 καὶ
3266 3150 3662 3225 ἆνεξαπάτητον
3733 3158 3835 3222 τῆς

2185 3238 2427 3310 ἀληθοῦς
2452 3245 2615 3315 τηρεῖ
2668 3240 2759 3294 τὸν
2796 3241 3065 3312 μαθητήν.
3100 3242 3212 3297 Has
3240 3242 3473 3318 Eclogas
3523 3260 3652 3298 esse
3681 3259 3827 3313 par-

2185 3334 2306 3384 tem
2332 3331 2759 3400 Hypotyposeon
2784 3330 3101 3386 Clementis
3131 3329 3537 3398 Alexandrini,
3571 3346 3692 3385 non
3724 3329 3829 3385 ab-

2184 3498 2483 3571 magistris
2516 3498 2577 3555 in
2607 3499 2844 3556 Oriente
2872 3500 3199 3571 didicisset,
3257 3516 3465 3555 vocare
3493 3493 3826 3565 ἀνατολικὴν

2186 3566 2555 3625 διδασκαλίαν.
2588 3573 2728 3636 Quae
2753 3573 3100 3636 conjectura
3145 3589 3268 3627 non
3319 3570 3689 3627 admittenda
3730 3572 3826 3636 sitl

2186 3590 2555 3625 οιοασκαΛιαν.
2588 3590 2728 3636 uuae
2753 3590 3100 3645 conjectura
3145 3590 3268 3627 non
3319 3590 3689 3627 aommenua
3730 3590 3829 3643 su,

2183 3658 2394 3715 necne,
2426 3642 2527 3715 alii
2550 3642 2843 3715 judicent.
2874 3675 2949 3704 -—.
2976 3645 3057 3699 De
3087 3644 3385 3699 Theodoto
3416 3643 3587 3715 cujus
3617 3644 3831 3697 memi-

2183 3713 2273 3787 nit
2300 3713 2578 3787 lgnatius,
2611 3714 2783 3787 epist.
2817 3716 3032 3787 interp.
3065 3715 3140 3770 ad
3171 3713 3519 3784 Trallianos,
3569 3731 3698 3786 cap.
3737 3718 3822 3778 11,

2181 3784 2312 3841 vide
2336 3784 2470 3856 quas
2500 3785 2585 3840 ibi
2614 3784 2917 3841 adnotavit
2945 3784 3292 3842 Cotelerius.
3329 3787 3503 3843 HARL.

2252 3857 2365 3928 (21)
2413 3856 2556 3911 Vide
2611 3856 2949 3924 Combeﬁs.,
3009 3863 3154 3913 tom.
3213 3859 3257 3923 Ι,
3317 3859 3556 3912 Auctar.
3622 3858 3822 3913 noviss.

2299 3969 2311 3982 .
2341 3928 2465 3993 194,
2514 3934 2573 3983 et
2600 3928 2766 3984 Rich.
2819 3928 3074 3984 Simonis
3124 3929 3521 3984 Bibliothecam
3552 3929 3825 3983 criticum.

2299 3969 2311 3982 .
2341 3944 2465 3993 494,
2514 3944 2573 3983 οι
2601 3944 2766 3984 mon.
2819 3944 3074 3984 mmoms
3124 3944 3207 3984 Bt!

2180 3944 2671 4083 Egiliceheditam,
2700 4006 2843 4083 tom.
2878 4002 2921 4067 Ι,
2954 4017 3085 4083 pag.
3110 4003 3207 4083 ‘66.

2215 4099 2225 4143 ί
2251 4070 2363 4143 (22)
2395 4071 2656 4127 Fuerunt
2679 4071 2923 4143 quidem
2952 4070 3060 4127 viri
3092 4072 3269 4135 docti,
3320 4087 3578 4143 quorum
3626 4076 3827 4143 aucto-

2178 4141 2323 4197 ritas
2348 4141 2511 4215 apud
2543 4160 2635 4215 me
2667 4141 2924 4199 multum
2948 4144 3145 4215 valet,
3162 4144 3265 4215 qui
3296 4141 3639 4215 suaderent,
3671 4148 3736 4197 ut
3764 4141 3825 4195 in

2177 4229 2327 4269 nova
2349 4212 2459 4271 hac
2489 4214 2629 4270 edit.
2658 4215 2978 4270 retinerem
3009 4212 3282 4270 libellum
3312 4212 3483 4269 illum
3533 4229 3669 4269 cum
3696 4230 3827 4268 ver-

2178 4284 2345 4358 sione
2375 4285 2652 4358 notisque
2680 4286 3039 4342 Combeﬁsii.
3073 4286 3383 4341 Enimvero
3414 4285 3574 4358 quod
3596 4285 3657 4340 in
3679 4284 3821 4340 edit.

2176 4356 2421 4430 Potteri,
2452 4356 2578 4429 pag.
2615 4359 2718 4430 966
2746 4374 2900 4430 sqq.,
2952 4358 3137 4413 textui
3175 4358 3375 4430 Graeco
3422 4356 3706 4429 adjuncta
3736 4359 3826 4410 est

2097 4462 2142 4526 Ι)
2174 4427 2778 4526 ἓεῖξέξιὲεξίςὲίξξῖεξί
2792 4427 3475 4526 εῗῗῗτῗθιθίῗἮλέἒὲίῖἚ
3486 4427 3821 4526 ΞῬΡξΒῩΞΞῈ

2174 4498 2831 4573 Sylburgii,Combefisii
2850 4506 2909 4573 et
2928 4498 3129 4573 paucae
3151 4498 3371 4573 Potteri
3388 4517 3404 4566 ;
3421 4505 3602 4570 atque
3626 4498 3822 4573 operis

2173 4570 2517 4644 redemptor
2546 4576 2718 4644 urget
2753 4570 3118 4644 (legit/utque,
3150 4577 3218 4626 ut
3265 4570 3396 4644 vela
3423 4570 3775 4644 contraham
3802 4587 3818 4635 ;

2171 4640 2431 4698 aliorum
2461 4640 2710 4698 consilio
2743 4640 3061 4699 obsecutus
3092 4640 3162 4699 ea
3208 4642 3410 4699 omnia
3439 4643 3501 4697 in
3531 4659 3683 4698 nova
3711 4641 3821 4697 hac

2171 4712 2313 4769 edit.
2335 4714 2620 4786 omittere
2651 4714 2850 4771 statui.
2902 4715 2958 4770 Si
2988 4714 3191 4786 plures
3221 4712 3429 4781 velint,
3487 4720 3555 4786 ut
3610 4713 3823 4770 saltem

2168 4784 2490 4841 recudatur
2549 4785 2887 4841 Combeﬁsii
2930 4784 3121 4841 ve‘rsio
3170 4786 3291 4843 Lat.
3340 4786 3467 4841 hac
3505 4784 3709 4842 forsan
3756 4786 3819 4840 in

2169 4855 2601 4927 supplementis
2630 4857 2827 4913 locum
2856 4856 3118 4913 habebit.
3151 4858 3327 4913 HABL.

2260 4926 2349 4996 23)
2368 4928 2611 5002 Georgio
2632 4929 2965 5002 Wachtero,
2984 4929 3328 5002 ecclesiaste
3342 4930 3427 4984 Me
3436 4926 3811 5002 mmingensi.

2165 4998 2334 5053 FABR.
2391 4998 2704 5071 Inscriptio
2762 5000 2921 5057 haud
2952 4998 3198 5056 urbana
3246 4999 3374 5055 haac
3405 5005 3533 5055 est:
3592 4998 3817 5066 A’ugen-

2162 5071 2490 5126 scheinliche
2545 5070 2887 5142 E’meisung,
2939 5072 3062 5127 dass
3111 5071 3210 5127 der
3239 5086 3566 5127 vermessene
3595 5070 3818 5142 licuer-

2160 5142 2391 5210 Patron,
2456 5141 2739 5198 Gottfried
2774 5139 3024 5212 Arnold,
3057 5144 3155 5200 das
3184 5139 3675 5212 valentinianische
3705 5143 3819 5196 Ke-

2162 5215 2698 5284 tzer-Fragmentum
2731 5214 2991 5270 Theodoti
3010 5210 3205 5271 'weder
3227 5210 3618 5284 verstandlich,
3646 5212 3815 5268 noch.

2159 5284 2392 5341 treulich
2422 5283 2717 5353 ubersezet,
2751 5285 2866 5341 und
2920 5287 3095 5342 damit
3146 5287 3293 5343 scine
3343 5283 3614 5340 schlechte
3671 5286 3819 5341 Wis-

2154 5356 2430 5480 ieizscliaft
2451 5358 2509 5411 in
2540 5357 2640 5412 der
2665 5352 3042 5426 griechischen
3062 5357 3306 5415 Sraache
3332 5356 3494 5412 selbst
3518 5352 3815 5411 verrathen

2192 5443 2227 5480 a
2264 5443 2292 5479 e
2350 5445 2400 5480 ι).

2192 5428 2421 5569 αἶ’έὸῗῇ
2453 5498 2595 5555 edit.
2633 5503 2841 5582 tamen
2886 5502 3130 5571 Potter.,
3190 5516 3323 5583 pag.
3366 5501 3470 5555 989
3531 5516 3686 5625 sqlq)"
3727 5496 3805 5578 le:

2192 5575 2370 5624 untur
2401 5572 2494 5625 Gr.
2527 5587 2663 5625 cum
2693 5587 2963 5625 verswne
2997 5572 3119 5625 Lat.
3181 5578 3461 5625 notisque
3514 5571 3589 5625 Sv
3658 5585 3805 5625 urau

2150 5575 2370 5639 guntur
2401 5572 2494 5625 Gr.
2513 5587 2663 5643 cum
2693 5571 3119 5643 versionegLat.
3181 5571 3461 5643 notisque
3514 5571 3810 5643 Sylhurgii

2150 5645 2330 5713 atque
2362 5641 2703 5698 Combetisii
2737 5647 2795 5699 et
2822 5641 3026 5714 paucis
3056 5643 3301 5700 Potteri.
3331 5641 3413 5699 Ib.
