4044 6214
255 384 312 436 17
1331 375 1624 430 ΝΟΤΙἸἹΔ
1662 374 1837 428 ΗΙΒἸἾ

1952 373 2534 433 ΟΟ-ῙᾸΤΤΕΒΔΒΙΑ.
3553 383 3621 440 18

238 505 384 561 surde
413 499 854 573 conjiciuntviri
873 499 1204 555 doctissimi
1233 518 1245 554 :
1279 500 1436 556 haud
1455 498 1852 554 omittendum
1887 501 1936 566 Α
1970 498 2235 571 longiora
2267 519 2336 556 ex
2371 520 2445 557 vn
2477 503 2644 557 libris
2678 504 3033 560 Stromalum.
3069 507 3192 560 Inc.
3234 507 3428 580 τέρατα
3475 530 3616 586 προ-

236 605 415 651 tamen
441 597 530 657 est,
563 590 816 645 easdem
858 590 930 645 ab
983 590 1193 645 Acacio
1225 595 1285 644 et
1313 591 1699 659 Damasceno,
1733 593 1798 642 ut
1827 606 1837 640 ι

1967 587 2216 660 γινώσκει
2270 588 2362 643 καὶ
2417 584 2662 651 ἐκϐάσεις
2718 597 2922 666 καιρῶν
3001 593 3091 646 καὶ
3152 596 3368 668 χρόνων
3429 599 3456 651 ὁ
3511 584 3612 665 ’ἑῆς

236 686 372 740 locis
395 681 665 753 pluribus,
701 695 884 751 supra
905 696 939 735 a
961 696 1055 734 me
1079 678 1414 751 descriptis,
1437 676 1858 750 patet,babitas
1969 675 2157 754 σοφίας
2191 681 2462 750 μαθητής
2493 699 2624 751 qum
2671 682 2732 736 in
2764 681 2938 736 editis
2970 683 3136 738 initio
3169 684 3306 739 libri
3337 703 3354 741 Ι
3385 689 3611 746 Inutilis

249 775 398 830 fuisse
417 787 508 842 pro
539 775 754 824 octavo
785 769 1123 824 Stromatum
1153 767 1327 823 libro.
1966 766 2199 823 desunt.
2235 799 2302 810 —-
2326 771 2494 825 Teste
2526 769 2840 826 Montfauc.
2874 771 2934 825 in
2967 771 3105 826 Bibl.
3141 774 3453 832 bibliothec.
3477 795 3609 833 mss.

1968 873 2006 922 ι,
2041 873 2172 930 pag.
2211 861 2296 923 14,
2329 858 2486 914 inter
2515 859 2685 914 codd.
2720 859 2902 914 Vatic.
2935 861 3134 915 Romae
3167 863 3301 929 Quis
3324 865 3475 920 divos
3503 867 3612 920 sal-

1964 949 2121 1000 vetur
2140 952 2427 1018 opusc._et
2445 948 2566 1003 alia
2587 948 2744 1003 inter
2761 948 3084 1004 Clementis
3109 965 3276 1020 papae
3299 967 3478 1023 opera
3500 971 3614 1009 no-

285 1030 462 1083 Plures
492 1026 674 1084 codd.
699 1027 830 1099 jam
859 1027 1082 1099 passim
1123 1025 1387 1082 laudavit
1416 1025 1737 1081 Fabricius.
1772 1027 1854 1080 De
1964 1034 2307 1090 minantur:
2335 1035 2665 1109 fragmenta
2721 1036 2905 1092 Clem.
2965 1037 3131 1093 Alex.
3193 1037 3252 1092 in
3300 1042 3516 1096 Catenis
3548 1043 3608 1098 in

225 1119 392 1173 codice
424 1117 684 1172 membr.
718 1117 980 1172 Floreat.
1035 1115 1241 1171 Medic.
1293 1117 1568 1171 Laurent.
1605 1132 1740 1170 saec.
1772 1132 1852 1184 xi,
1961 1124 2247 1192 Exodum,
2281 1125 2408 1193 Job,
2442 1127 2586 1198 Epp,
2620 1126 2694 1182 ad
2742 1126 3005 1181 Corinth,
3042 1131 3100 1181 et
3137 1126 3347 1196 Galat.,
3379 1129 3438 1183 in
3465 1131 3610 1185 Mat.

218 1210 298 1278 qui
329 1208 589 1262 continet
650 1206 953 1271 Stromata,
1014 1206 1184 1277 cujus
1238 1204 1408 1260 Fabr.
1464 1221 1643 1276 supra
1677 1205 1738 1258 in
1770 1206 1851 1273 §3
1962 1211 2184 1267 thazum
2215 1219 2273 1268 et
2300 1215 2513 1270 Lucam
2577 1221 2718 1270 sunt
2775 1217 2835 1269 in
2893 1215 3166 1286 pluribus
3215 1216 3385 1273 codd.
3422 1220 3604 1278 Vatic.

213 1297 477 1362 meminit,
509 1295 692 1366 plura
741 1295 982 1366 scripsit
1035 1294 1285 1350 Bandin.
1319 1293 1382 1348 in
1417 1293 1533 1348 Cat.
1565 1292 1720 1348 codd.
1757 1292 1847 1348 Gr.
1961 1299 2099 1356 ibid.
2138 1303 2245 1372 (uti
2269 1302 2326 1356 in
2354 1303 2573 1359 Catenis
2602 1304 2662 1358 in
2689 1304 2858 1359 codd.
2880 1304 3055 1359 Coisl.
3085 1305 3333 1360 Vindob.
3357 1310 3602 1380 August.

210 1405 243 1451 ι,
274 1403 393 1459 pag.
431 1389 512 1450 12,
547 1385 656 1456 qui
688 1391 907 1456 praeter
937 1400 1006 1439 ea
1053 1388 1185 1455 post
1230 1383 1562 1438 Fabricium
1596 1385 1797 1454 (supra
1824 1384 1852 1449 §
1961 1390 2188 1445 Vindel.
2223 1391 2519 1464 aliisque).
2545 1424 2610 1432 —
2633 1395 2853 1464 Romae,
2884 1411 2944 1448 ιιι
2973 1393 3117 1447 bibl.
3153 1395 3428 1451 Ottobon.
3452 1397 3604 1452 Stro-

211 1478 256 1545 3)
286 1475 565 1539 observat,
603 1474 736 1528 cod.
771 1473 1212 1528 Claromontan-
1240 1488 1356 1528 rec.
1380 1489 1414 1527 ἃ
1445 1471 1692 1526 Νοιιιτίο
1724 1489 1846 1526 me-
1956 1483 2170 1535 malum
2202 1480 2409 1554 fragm.
2436 1483 2496 1536 in
2529 1499 2568 1538 ιι
2595 1483 2767 1540 eodd.
2788 1488 3165 1552 recent.,nec
3185 1501 3306 1538 non
3329 1485 3604 1542 Stromata

210 1571 546 1625 morantum,
576 1562 767 1617 videri
800 1580 829 1617 e
863 1562 1118 1617 Mediceo
1153 1560 1537 1632 descriptum.
1571 1560 1846 1616 Codicem
1954 1568 2067 1635 bis,
2101 1575 2159 1624 et
2183 1569 2476 1640 Paedagog.
2509 1572 2850 1644 (ibid.,pag.
2878 1573 2980 1627 183
3010 1577 3069 1627 et
3091 1573 3234 1644 190),
3269 1579 3327 1628 et
3355 1573 3599 1643 ibidem,

208 1654 364 1707 illum
388 1651 949 1723 praestantissimum
973 1651 1116 1706 olim
1133 1650 1316 1704 fuisse
1340 1649 1495 1721 apud
1519 1649 1847 1705 Basilianos
1954 1658 2017 1714 in
2049 1659 2191 1714 Bibl.
2224 1661 2454 1716 Patrum
2485 1661 2543 1716 S,
2577 1662 2781 1717 Basilii
2811 1661 2937 1733 (ἢκ,
2970 1678 3100 1734 pag,
3141 1663 3260 1717 198,
3292 1663 3401 1728 0.).
3435 1695 3502 1702 —
3533 1666 3599 1719 In

212 1744 602 1796 Messanenses
659 1740 1010 1806 monachOS,
1064 1738 1311 1811 putabat
1368 1737 1570 1794 Montf.
1606 1739 1666 1792 in
1697 1739 1840 1794 Βὶὺιο
1955 1747 2160 1804 Galliis
2190 1749 2346 1804 inter
2375 1750 2547 1805 codd.
2579 1749 2831 1807 abbatiae
2865 1752 2918 1806 S.
2953 1752 3108 1806 Petri
3141 1751 3214 1806 de
3245 1751 3594 1819 Selincurte,

209 1830 591 1896 bibliothecam,
621 1847 662 1896 ι,
697 1845 830 1902 pag.
862 1831 987 1883 234.
1019 1860 1087 1868 -
1117 1829 1182 1882 In
1214 1827 1424 1882 eodem
1473 1826 1672 1882 codice
1705 1832 1837 1882 sunt

1952 1837 2122 1893 dicec.
2156 1839 2596 1908 Ambianensis,
2655 1840 2972 1896 Admonitio
3029 1843 3103 1896 ad
3155 1846 3349 1914 gentes
3380 1846 3438 1896 et
3469 1843 3592 1898 Pw-

204 1922 448 1992 Excerpta
478 1936 548 1975 ea:
578 1917 748 1974 libris
779 1918 1036 1973 Theodoti
1087 1921 1145 1972 et
1187 1915 1398 1972 Solacia
1421 1917 1836 1988 prophetarum.
1872 1915 1918 1937 ”
1945 1926 2192 1998 dagogus
2221 1927 2389 1999 (ibid.
2422 1945 2484 1996 ιι,
2517 1946 2647 2001 pag.
2684 1931 2866 2001 1198).
2914 1959 2975 1972 —
3031 1929 3084 1983 S.
3121 1929 3416 1986 Clementis
3452 1932 3591 1998 Vita,

203 2041 262 2047 -—
301 2010 579 2079 deagogi
630 2007 767 2062 libri
824 2023 910 2073 ιιι,
967 2004 1291 2077 Κλήμεντος
1352 2004 1507 2080 Λόγοι
1560 2005 1837 2061 dicuntur

1952 2021 2082 2082 etc.,
2118 2017 2177 2071 in
2209 2017 2340 2072 cod.
2374 2017 2520 2072 bibl.
2555 2018 2862 2074 Mediolan.
2897 2017 3090 2090 (Ibid.,
3126 2034 3164 2085 ι,
3198 2036 3255 2089 p.
3282 2019 3429 2089 495.)

203 2096 256 2151 in
285 2097 474 2152 codice
499 2114 662 2163 xxxv,
696 2096 845 2168 plut.
893 2112 950 2162 ν,
981 2113 1117 2150 cum
1149 2095 1306 2150 notis
1337 2094 1548 2150 incerti
1580 2095 1838 2150 auctoris

200 2187 430 2257 margin.
464 2202 645 2257 quem
680 2184 957 2252 Bandin.,
993 2184 1030 2239 l.
1065 2201 1115 2239 c.
1171 2201 1210 2250 ι,
1246 2199 1375 2255 pag.
1408 2185 1476 2238 49
1508 2199 1658 2254 seq.,
1690 2183 1835 2238 ube-

202 2275 310 2328 rius
339 2274 639 2330 describit.
673 2273 832 2329 Libri
881 2273 942 2328 in
990 2272 1120 2328 cod.
1153 2272 1499 2327 dividuntur
1528 2273 1588 2326 in
1622 2273 1836 2344 capita,

204 2370 255 2418 et
272 2365 507 2436 singulis
529 2363 828 2434 capitibus
843 2360 1301 2434 praemittuntur
1320 2361 1837 2434 argumenta.lllos

203 2451 369 2507 libros
399 2454 706 2525 excipiunt
738 2454 983 2523 Hymnus
1014 2450 1224 2507 Christi
1265 2453 1581 2517 servatoris,
1615 2451 1670 2505 S.
1704 2452 1837 2506 Cle-

205 2544 400 2597 mentis
433 2549 488 2598 et
519 2545 742 2598 Versus
768 2542 980 2596 incerti
1003 2541 1062 2596 in
1085 2541 1406 2596 Clementis
1439 2539 1834 2612 Pedaqogum.

204 2631 296 2686 lllo
326 2632 448 2687 eod.
501 2648 649 2686 usus
700 2637 789 2685 est
838 2647 1074 2702 quoque
1136 2631 1463 2696 Victorius;
1505 2629 1607 2684 sed
1639 2629 1841 2684 omisit

212 2721 404 2775 scholia
427 2721 1072 2791 quaedam,cbaractere
1093 2719 1272 2792 ligato
1292 2725 1350 2774 et
1365 2718 1628 2773 currenti
1651 2718 1722 2773 ab
1745 2735 1838 2772 eo-

215 2807 327 2862 dem
348 2811 629 2881 scriptore
650 2809 876 2865 codicis
911 2809 971 2863 in
1019 2825 1120 2863 ora
1162 2808 1299 2862 libri
1342 2807 1479 2862 hinc
1504 2806 1641 2861 inde
1672 2806 1839 2878 adje-

213 2904 309 2959 cta,
339 2916 579 2969 quorum
613 2897 888 2968 quasdam
925 2896 1246 2951 Bandinius
1276 2895 1593 2967 descripsit
1619 2899 1676 2949 et
1699 2912 1836 2966 pro-

215 2986 478 3058 mulgavit.
512 2987 674 3042 Idem
704 2986 1126 3059 calligraphus,
1151 2986 1233 3040 ait
1253 2985 1525 3051 Bandin.,
1551 2990 1617 3038 ut
1638 2991 1834 3039 osten-

219 3075 362 3129 deret
389 3093 736 3132 consensum
793 3081 989 3130 textus
1048 3075 1372 3130 Clementis
1411 3090 1545 3129 cum
1578 3073 1834 3146 quadam

221 3165 448 3229 Arethze,
463 3165 881 3237 archiepiscopi
905 3163 1303 3230 Caesariensis,
1322 3163 1832 3234 interpretatione,

229 3251 510 3323 desumpta
527 3233 705 3308 forsan
730 3270 802 3308 ex
821 3233 952 3324 ejus
971 3254 1177 3309 Catena
1195 3251 1251 3307 in
1279 3233 1640 3323 Apocalypsin
1661 3253 1832 3307 Joan-
1861 3233 1905 3302 (Σ

223 3342 323 3405 nis,
354 3341 569 3413 longum
601 3343 889 3398 scholium
918 3343 980 3396 in
1003 3358 1105 3397 ora
1134 3341 1271 3396 libri
1306 3340 1639 3412 descripsit,
1663 3341 1834 3413 cujus

213 3428 425 3484 initium
459 3448 522 3486 ac
554 3433 737 3487 ﬁnem
761 3431 951 3487 edidit
975 3431 1221 3486 Bandin.
1246 3462 1314 3471 —
1338 3433 1400 3486 In
1426 3429 1598 3485 codd.
1621 3447 1744 3497 vm,
1769 3447 1830 3485 ιι.

209 3521 282 3584 55,
311 3520 445 3590 plut.
483 3539 557 3587 ix,
597 3524 697 3593 (a),
731 3527 872 3575 sunt
904 3521 1061 3576 inter
1091 3520 1298 3576 breves
1325 3519 1703 3575 deﬁnitiones
1733 3520 1830 3576 SS.

208 3608 298 3661 PP.
325 3608 390 3662 de
411 3610 743 3665 substantia
764 3615 824 3664 et
853 3615 1085 3671 natura.
1109 3613 1533 3680 etc.,excerpta
1554 3625 1622 3662 ex
1644 3608 1828 3666 Clem.

207 3697 344 3752 Alex.
379 3699 663 3755 Sermone
690 3699 762 3753 de
786 3699 1180 3754 Providentia.
1208 3698 1438 3770 (Band.,
1461 3699 1506 3763 Ι,
1530 3713 1658 3771 pag.
1684 3700 1828 3768 402.)

204 3817 257 3826 —-
283 3787 410 3842 Cod.
445 3789 611 3843 Alex.
645 3789 828 3843 Clem.
882 3789 975 3843 cui
1021 3789 1300 3860 Stephan.
1355 3787 1574 3842 multas
1605 3787 1831 3843 adscri-

201 3876 299 3944 psit
327 3884 515 3948 notas,
544 3877 918 3933 Francofurti
943 3877 1016 3932 ad
1040 3879 1228 3943 Moen,
1251 3881 1545 3931 memorat
1569 3875 1824 3943 Folard.,

356 897 568 964 Operam
614 892 917 950 Clementis
945 893 1114 949 Alex.
1148 891 1302 948 codd.
1336 901 1387 948 et
1424 889 1708 947 editiones.

2017 2135 2228 2202 Paris.,
2263 2134 2324 2188 in
2358 2134 2501 2190 Bibl.
2555 2135 2707 2205 publ.
2755 2134 2898 2206 (sec.
2961 2134 3134 2190 cata].
3177 2135 3305 2189 cod.
3342 2139 3484 2189 tom.
3518 2136 3591 2200 II)

1946 2221 2010 2277 in
2039 2223 2170 2278 cod.
2203 2239 2346 2290 cum,
2379 2226 2448 2277 A.
2479 2224 2540 2277 C.
2573 2226 2696 2292 914,
2725 2239 2908 2278 manu
2939 2223 3175 2291 Baanis,
3206 2224 3422 2278 notarii
3453 2226 3594 2277 Are-

1948 2311 2084 2379 tha),
2111 2313 2393 2367 Cmsareaa
2409 2312 2862 2383 archiepiscopi,
2885 2317 3144 2380 exarata,
3167 2312 3349 2368 Clem.
3375 2311 3594 2366 adhor-

1947 2400 2196 2455 tatorius
2230 2400 2383 2456 liber
2411 2401 2485 2456 ad
2537 2402 2786 2466 Graecos,
2850 2418 2986 2456 cum
3044 2400 3290 2456 scholiis
3319 2418 3504 2472 marg.
3539 2406 3596 2455 et

1949 2489 2302 2560 Pedagogus,
2337 2490 2441 2546 sed
2468 2490 2687 2545 desunt
2717 2490 2851 2544 libri
2876 2507 2893 2545 ι
2919 2489 3124 2546 decem
3154 2491 3350 2562 capita
3381 2491 3596 2561 prima,

1949 2584 2007 2632 et
2035 2579 2334 2634 undecimi
2367 2580 2642 2634 initium:
2670 2581 2730 2634 in
2783 2579 2914 2635 cod.
2948 2596 3090 2635 coLu
3125 2586 3184 2635 et
3212 2597 3475 2634 oLxxxvu
3508 2581 3594 2653 (in

1947 2683 2064 2737 quo
2097 2683 2165 2722 ea
2196 2685 2433 2740 quoque
2465 2668 2700 2736 desunt,
2730 2686 2861 2739 qum
2885 2668 2944 2722 in
2969 2669 3100 2724 cod.
3125 2685 3334 2737 eccam,
3369 2670 3598 2723 notavi-

1946 2756 2103 2827 mus)
2131 2758 2441 2827 Paedagogi
2469 2757 2606 2812 libri
2639 2775 2700 2812 ιιι
2731 2775 2864 2813 cum
2890 2760 3104 2829 Hymno
3126 2760 3183 2813 in
3209 2757 3509 2826 Christum,
3539 2763 3597 2812 et

1945 2847 2227 2918 anonymi
2261 2846 2538 2901 Versibus
2570 2847 2631 2901 in
2671 2847 3060 2918 Padagogum.
3094 2878 3161 2888 —
3191 2848 3256 2900 In
3289 2845 3418 2900 cod.
3453 2864 3592 2901 conti.

1943 2935 2363 3007 fragmentum,
2414 2935 2515 2990 ubi
2569 2935 2640 2989 de
2687 2941 2892 2990 sancto
2933 2938 3179 3002 Joanne,
3232 2935 3505 3003 theologo
3533 2943 3592 2991 et

1945 3024 2322 3096 evangelista,
2355 3025 2566 3095 agitur.
2599 3055 2667 3064 --
2695 3024 2835 3080 Cod.
2870 3025 3080 3090 Paris.,
3125 3025 3259 3079 coll.
3296 3025 3347 3079 S.
3380 3025 3454 3091 J.,
3486 3025 3589 3094 qui

1944 3111 2239 3183 integrum
2299 3111 2632 3166 Stromatum
2684 3129 2832 3182 opus
2904 3113 3338 3181 complectitur,
3399 3112 3588 3165 varias

1942 3199 2079 3254 lect.
2114 3199 2427 3256 Montfauc.
2453 3199 2711 3253 enotavit
2733 3204 2790 3252 et
2810 3198 2884 3252 ad
2907 3201 3210 3252 Potterum
3234 3199 3586 3255 transmisit.

2014 3317 2081 3370 In
2137 3313 2282 3369 bibl.
2343 3314 2610 3381 Coislin.,
2671 3313 2997 3368 secundum
3069 3313 3270 3368 Montf.
3337 3314 3398 3368 in
3456 3314 3588 3372 cod.

1942 3421 2170 3474 Lxxxvx,
2225 3419 2296 3458 ex
2347 3403 2498 3458 libro
2556 3405 2698 3475 Quis
2746 3403 2898 3459 dives
2960 3402 3032 3458 sit
3085 3403 3288 3471 salvus,
3344 3403 3593 3458 historia

1941 3493 2236 3564 quaedam,
2269 3509 2399 3563 quae
2431 3499 2522 3548 est
2552 3509 2787 3564 quoque
2817 3509 2913 3564 ap.
2946 3492 3266 3546 Eusebium
3298 3509 3361 3546 ιιι
3395 3497 3464 3546 Η.
3503 3497 3590 3562 8.,

1941 3599 2068 3654 cap.
2102 3583 2171 3636 23
2202 3583 2356 3652 (pag.
2419 3583 2566 3650 140).
2625 3614 2693 3621 —
2745 3582 2896 3637 Loca
2951 3581 3133 3636 Clem.
3179 3585 3498 3636 occurrunt
3529 3582 3590 3636 in

1940 3671 2067 3725 cod.
2105 3689 2219 3726 cxu
2251 3676 2309 3725 et
2338 3686 2494 3737 cxm,
2527 3670 2588 3724 in
2637 3669 3100 3724 Collectionibus
3133 3669 3585 3735 sententiarum,

1938 3777 2138 3815 rerum
2168 3759 2486 3814 moralium
2532 3763 2590 3812 et
2635 3759 3216 3829 interpretationum,
3252 3775 3282 3813 e
3314 3758 3586 3829 pluribus

1938 3849 2139 3920 script.
2175 3847 2385 3903 eccles.
2406 3853 2817 3918 excerptarum
2835 3847 2984 3919 (pag.
3015 3848 3135 3912 186,
3161 3848 3263 3900 187
3286 3865 3299 3912 ;
3326 3847 3409 3901 sic
3433 3865 3582 3918 quo—

196 3935 246 4018 in
274 3935 676 4024 Histoireld'un
712 3967 918 4038 Voyage
950 3935 1245 4034 liuor-uiro,
1276 3967 1383 4035 fait
1415 3981 1481 4020 en
1517 3966 1678 4028 1733,
1712 3935 1824 4020 etc:
1934 3955 2050 4038 £1119
2281 3938 2501 4038 ἐξιιὲζιιδζ
2535 3936 2731 4006 Vind,
2786 3941 2936 4038 teste
2982 3936 3220 4038 Reisero
3266 3951 3394 4008 pag.
3527 3942 3586 3990 et

195 4053 342 4126 llagae
371 4057 530 4110 Com-
572 4059 730 4122 1735,
939 4059 1024 4124 12,
1059 4060 1206 4110 teste
1231 4025 1477 4119 'S'tollio,
1513 4054 1573 4107 in
1619 4025 1827 4108 notitia
1933 4026 2270 4126 3?_°ata1-_)3
2304 4027 2364 4126 i1“
2396 4025 2741 4126 θοίίλξῖξξλῖν
2791 4027 2850 4126 in
2907 4025 3201 4126 Αηξλδίθιδίί
3233 4025 3581 4126 ΓθδΡΫηδξο·

191 4115 331 4198 illius
356 4144 499 4200 bibl.
533 4115 742 4215 (Kurze
767 4115 1085 4200 Nachric'ht
1105 4161 1217 4198 von
1242 4143 1356 4198 den
1384 4115 1652 4198 Buchern
1673 4174 1742 4182 —-
1763 4143 1824 4196 in

1952 4117 2134 4182 libus,
2166 4122 2278 4172 etc.
2311 4117 2464 4189 (pag.
2516 4117 2666 4185 305);
2702 4147 2766 4156 —
2796 4116 2859 4170 in
2908 4115 3037 4172 cod.
3084 4131 3338 4182 CCLxxVI,
3372 4116 3434 4169 in
3470 4117 3584 4171 Da-

187 4230 268 4285 der
289 4205 617 4290 διοιιιιςοιὲεη
655 4233 823 4305 Bibl.)
856 4238 997 4288 tom.
1032 4234 1077 4303 ι,
1110 4251 1166 4304 ρ.
1203 4233 1323 4287 563.
1357 4263 1426 4274 -
1457 4233 1607 4286 Loca
1639 4231 1821 4286 Clem.

1952 4207 2196 4261 nasceni
2225 4206 2520 4261 Paralletis
2548 4208 2706 4278 (pag.
2741 4205 2888 4276 330);
2917 4236 2986 4245 —
3007 4205 3068 4259 in
3091 4205 3223 4260 cod.
3251 4222 3581 4271 CGLxxxxiv,

185 4330 482 4376 occurrunt
514 4324 578 4376 in
629 4322 850 4377 Catenis
908 4322 969 4376 in
1026 4320 1316 4387 Psalmos,
1348 4320 1409 4375 in
1438 4321 1650 4375 Jobum
1681 4325 1741 4375 et
1769 4337 1825 4375 ιν

1957 4312 1993 4350 n
2022 4295 2374 4350 Damasceni
2405 4295 2618 4362 Eclogis
2649 4299 2802 4367 (pag.
2837 4297 2984 4363 412).

187 4410 496 4482 Evangelia,
532 4416 592 4466 et
622 4411 839 4466 citatur
869 4411 1052 4466 Clem.
1087 4410 1149 4464 in
1191 4407 1492 4477 Florilegio
1520 4411 1826 4464 sententia-
2003 4411 2246 4468 Codices
2279 4429 2446 4484 seqq.
2482 4413 2582 4482 qui
2641 4413 2703 4466 in
2763 4411 2974 4482 Anglia
3031 4413 3427 4476 asservantur,
3462 4413 3520 4461 et
3549 4423 3583 4462 a

187 4513 308 4560 rum,
341 4499 400 4553 in
436 4500 700 4555 Violario
731 4515 996 4570 compos.
1031 4504 1088 4553 et
1119 4515 1153 4553 a
1179 4500 1224 4553 J.
1259 4499 1661 4552 Cantacuzeno
1689 4515 1823 4554 con-
1935 4505 2168 4558 Pottero
2199 4506 2340 4558 sunt
2369 4501 2590 4568 collati,
2639 4500 2712 4556 ab
2765 4515 2832 4552 eo
2884 4497 3276 4551 nominantur
3323 4497 3383 4550 in
3425 4502 3582 4554 Prav-

186 4595 254 4640 tra
289 4589 613 4644 Palamam.
651 4588 922 4658 (Bandin.
956 4589 999 4657 Ι,
1062 4604 1192 4659 pag.
1250 4589 1339 4655 34,
1397 4590 1485 4654 52,
1548 4589 1668 4653 161,
1696 4590 1821 4658 253,
1855 4616 1902 4679 ι)
1927 4593 2033 4660 fat.
2068 4591 2276 4646 Oxonii
2308 4607 2320 4644 :
2354 4590 2414 4643 in
2455 4588 2584 4643 cod.
2619 4587 2762 4641 bibl.
2798 4584 2931 4638 novi
2964 4583 3230 4656 Collegii,
3253 4587 3580 4643 Co/tortatio

185 4676 267 4727 ΞΠ
301 4683 356 4730 et
386 4679 539 4747 549.)
573 4708 645 4716 —
677 4675 970 4745 Paedaaogi
1001 4682 1123 4730 tres
1153 4675 1291 4730 libri
1340 4675 1402 4729 in
1433 4675 1563 4730 cod.
1599 4677 1820 4731 Veneto
1855 4673 1893 4679 ⁷
1931 4679 2000 4734 ad
2032 4679 2263 4736 Graecos.
2298 4694 2420 4732 una
2448 4693 2582 4730 cum
2613 4673 2844 4728 duobus
2871 4673 3161 4744 Paedagogi
3189 4673 3358 4729 libris
3387 4681 3579 4746 poste-

185 4763 234 4826 D,
263 4768 458 4829 Marci,
491 4784 634 4821 cum
693 4765 1074 4820 lemmatibus
1128 4763 1378 4836 singulis
1422 4781 1591 4836 capp.
1623 4765 1822 4836 praali-
1929 4767 2186 4822 rioribus
2205 4764 2669 4834 eorumdemque
2691 4762 3000 4818 nonnullis
3020 4762 3576 4835 fragmentis:—in

185 4852 269 4920 xis,
301 4859 355 4908 et
387 4856 551 4908 notis
584 4853 894 4908 nonnullis
925 4853 997 4907 ad
1029 4869 1192 4910 oram
1221 4853 1530 4924 conjectis,
1561 4853 1672 4910 vid.
1699 4853 1815 4907 Vil-
1927 4853 2057 4909 cod.
2091 4851 2317 4907 Bodlei.
2358 4855 2418 4906 et
2446 4850 2584 4917 alio,
2619 4850 2719 4922 qui
2748 4855 2938 4906 exstat
2975 4850 3037 4905 in
3068 4850 3210 4904 bibl.
3244 4852 3419 4922 regis,
3453 4853 3572 4905 Pw-

187 4940 372 5007 loison.
409 4943 615 4999 Anecd.
654 4945 826 4999 Graec.
859 4944 928 5012 Il,
956 4957 1085 5014 pag.
1135 4943 1202 4995 98
1251 4947 1310 4995 et
1339 4957 1467 5013 pag.
1497 4945 1621 4997 249.
1654 4974 1723 4983 -—
1753 4944 1818 4998 In
1927 4942 2129 5011 dagogi
2157 4957 2214 4996 ιιι
2248 4940 2408 4996 libri.
2443 4971 2511 4980 —
2537 4939 2627 4995 Ad
2677 4939 2996 4994 Clementis
3046 4940 3375 5010 periochas,
3428 4956 3575 5010 quas

189 5031 288 5086 cod.
323 5033 604 5087 biblioth.
666 5032 1013 5086 Mutinensis
1073 5029 1498 5103 Προτρεπτικὸν,
1532 5027 1818 5105 Παιδαγω-

1952 5030 2218 5086 Eusebius
2248 5030 2410 5101 operi
2445 5031 2518 5085 De
2543 5045 2790 5102 praepar.
2822 5045 3023 5096 evang.
3059 5029 3329 5096 inseruit,
3362 5045 3574 5084 emen-

190 5119 309 5184 τιιόν
337 5129 396 5176 et
430 5124 727 5193 Hymnus,
751 5121 899 5175 utin
922 5119 1117 5186 editis,
1142 5123 1291 5175 teste
1314 5119 1515 5174 Montf.
1539 5121 1600 5174 in
1624 5119 1820 5177 Diario
1931 5120 2178 5186 dandas,
2203 5119 2380 5174 utilas
2401 5119 2512 5174 fuit
2533 5119 2665 5174 cod.
2691 5117 2928 5172 Eusebii
2950 5117 3011 5170 in
3036 5116 3307 5171 bibliotb.
3334 5118 3578 5190 Collegii

190 5203 307 5274 lui,
335 5228 468 5282 pag.
508 5214 606 5266 31.
1928 5211 1976 5264 J.
2011 5208 2306 5279 Baptistaa.
2355 5239 2420 5248 —-
2468 5210 2688 5262 Praeter
2749 5223 2838 5272 ea,
2897 5204 3226 5261 secundum
3285 5208 3458 5263 catal.
3517 5209 3579 5264 in

243 5298 490 5370 Neapoli,
516 5300 581 5354 in
614 5298 747 5354 bibl.
780 5297 962 5369 Regia,
985 5297 1115 5353 cod.
1137 5313 1276 5353 ava
1299 5298 1599 5353 continet:
1633 5299 1816 5356 Clem.
1931 5298 2102 5355 codd.
2136 5297 2309 5369 Angl.
2342 5302 2400 5352 et
2432 5297 2696 5362 Hibern.,
2727 5300 2864 5361 etc.,
2898 5295 2961 5350 in
2991 5294 3120 5350 cod.
3155 5296 3395 5353 Barocc.
3432 5298 3577 5354 Bibl.

193 5381 328 5437 Alex.
383 5388 817 5460 deagogum;
876 5387 1178 5458 Hymnum
1262 5385 1334 5440 ad
1409 5386 1709 5443 Christum
1765 5393 1824 5444 et
1930 5387 2155 5444 Bodlei.
2188 5403 2279 5442 nr.
2315 5403 2369 5454 ν,
2403 5391 2542 5442 sunt
2572 5402 2640 5440 ex
2671 5384 2854 5440 Clem.
2890 5384 3054 5440 Alex.
3087 5383 3342 5456 aliisque
3375 5403 3578 5442 excer-

189 5477 436 5544 anonymi
473 5479 694 5530 Versus
743 5476 806 5531 in
854 5475 1037 5531 Clem.
1086 5473 1477 5547 Paedagogum
1495 5493 1516 5538 ;
1547 5483 1823 5550 excerpta
1930 5483 2045 5550 ptaa
2077 5477 2410 5545 sententias,
2444 5480 2592 5541 etc.;
2623 5505 2692 5514 —
2718 5473 2778 5528 in
2805 5471 2977 5528 codd.
3008 5472 3172 5529 Bodl.
3197 5491 3499 5531 uccxxxxn
3523 5482 3581 5532 et

245 5699 314 5772 ζα]
334 5701 480 5772 Haec
513 5701 767 5772 Scholia,
800 5715 931 5772 quae
953 5714 1022 5751 ex
1052 5696 1255 5768 codice
1287 5698 1554 5772 Parisino
1588 5698 1874 5772 evulgavit
1903 5699 2271 5756 Reinholdus
2302 5699 2462 5754 Klotz
2482 5699 2544 5754 in
2567 5716 2674 5757 sua
2698 5699 2959 5756 editione
2982 5699 3238 5770 Operum
3255 5697 3574 5755 Clementis

199 5762 420 5839 [l.ipsi2r,
457 5775 712 5840 1830-34,
747 5762 962 5840 ἱιιῖ-12),
995 5766 1233 5823 exstant
1264 5773 1422 5825 torno
1453 5771 1503 5824 II
1533 5762 1754 5826 nostra?
1790 5789 1837 5826 ι’(

1952 5772 2186 5827 isionis.
2223 5773 2373 5826 Enrr.
2407 5772 2576 5826 Pun.
