4064 6204
412 363 482 429 19
1633 363 1973 426 CLEMBNB
2013 360 2600 451 “tumnetum.
2986 432 2993 439 .
3746 382 3824 448 20

411 517 644 569 nxcxv,
677 502 1004 561 Clementis
1034 504 1405 569 aliorumque
1447 494 1654 568 glossas
1694 493 1767 550 ad
1798 511 1877 549 vn
2087 494 2139 562 Α
2172 496 2292 553 tine
2324 499 2482 555 inter
2510 504 2716 593 Franc.
2751 507 2909 562 Reus
2942 495 3125 565 uena
3156 494 3413 568 Patrum.
3448 511 3626 570 Lond.
3655 520 3812 593 1650,

416 600 630 647 canon.
692 592 840 665 Epp.
900 592 1218 650 catholicas
1281 586 1425 640 min.
1482 584 1546 637 N.
1610 584 1866 638 T.—-ln
1917 582 2061 640 bibl.

416 675 690 737 Jacobma
746 698 838 738 nr.
895 680 1383 736 manummanum
1434 674 1603 741 (tom.
1664 672 1715 725 II
1769 673 1960 738 calet,
2001 682 2060 744 p.

419 768 566 839 216),
590 770 771 827 Clem.
794 760 1143 835 Ρωάαοοῃιιε.
1173 790 1239 802 -
1264 760 1505 816 D'ublini
1527 760 1590 815 in
1612 760 2061 817 eodemeum!

420 858 661 932 Collegit
693 861 747 914 S.
781 854 984 911 Trinit.
1019 850 1296 925 etcerpta
1348 864 1419 906 ex
1464 849 1650 904 Clem.
1699 850 2060 922 Pretraptico.

420 957 455 1003 a
484 948 648 1004 Bent.
684 943 926 997 Heﬂetb
958 942 1148 1009 verso,
1180 945 1241 995 et
1272 948 1342 994 ex
1371 940 1696 1010 Pantagdgo.

490 1030 848 1088 Vindobonee
901 1030 965 1085 in
1021 1020 1166 1085 bibl.
1227 1026 1441 1085 Cmsar.
1474 1029 1538 1083 in
1566 1014 1699 1084 cod.
1734 1032 2059 1096 mnes.

417 1128 467 1191 3,
503 1126 559 1177 et
588 1119 715 1174 cod.
745 1126 797 1186 ι,
830 1124 921 1173 est
946 1117 1092 1192 frag.
1128 1128 1199 1174 ex
1227 1118 1413 1174 Clem.
1449 1112 1755 1175 oratione:
1789 1118 1923 1187 Quis
1945 1119 2058 1174 sat-

411 1215 569 1267 vetur
594 1201 793 1264 dives?
823 1206 1142 1278 (Lambec.,
1169 1207 1469 1265 Comment.
1494 1225 1578 1273 ni,
1602 1224 1734 1281 pag.
1760 1208 1883 1277 190,
1907 1225 2058 1280 seq.,

411 1304 467 1354 et
497 1298 641 1360 193.)
700 1330 769 1340 ——
827 1297 1054 1355 Menacl
1109 1301 1171 1355 in
1225 1298 1371 1354 bibl.
1432 1299 1657 1369 Bavar.,
1708 1294 1837 1354 cod.
1869 1299 2057 1354 chart.

409 1394 573 1454 chx,
600 1392 748 1445 orat.
783 1389 1184 1446 exhortatoria
1242 1387 1317 1444 ad
1375 1390 1607 1443 Graecos
1654 1388 1849 1452 (catal.
1885 1387 2057 1443 codd.

409 1486 541 1550 pag.
575 1480 683 1542 66).
718 1496 786 1520 -‘-
816 1480 1093 1551 Augustas
1122 1474 1353 1535 Vindel.
1394 1476 1739 1533 Strofnatm‘n
1768 1476 2060 1549 epitomes

407 1568 724 1640 fragment.
756 1567 817 1621 in
848 1567 979 1622 cod.
1013 1581 1083 1623 ex
1114 1583 1230 1639 quo
1262 1566 1535 1640 quaedam
1563 1566 1840 1621 restituta
1876 1564 2058 1620 fuisse

409 1654 471 1711 in
504 1657 596 1711 ed.
630 1656 915 1711 Commel.
975 1654 1305 1712 observavit
1360 1654 1650 1712 liaas'chel.
1680 1668 1773 1727 ap.
1808 1655 2057 1719 Reiser.,

410 1758 540 1817 pag.
574 1744 642 1797 37
673 1748 812 1812 cat.,
845 1751 905 1801 et
934 1732 1202 1819 Sylburg.
1263 1746 1325 1801 in
1378 1746 1499 1801 line
1553 1752 1795 1801 suarum
1828 1746 1951 1799 not.
1983 1738 2057 1800 ad

2170 587 2226 654 8,
2257 604 2315 659 p.
2361 590 2618 649 149-292.
2644 588 2820 650 HARL.
3267 658 3271 663 .

2244 677 2471 734 Recusa
2488 678 2615 736 haec
2637 678 2820 739 editio
2842 685 3062 754 additis
3084 687 3394 745 Frontonis
3416 692 3614 747 Ducasi
3636 696 3820 764 notis,

2172 765 2360 822 Paris.
2395 771 2553 834 1629,
2584 770 2712 841 fol.,
2747 774 2805 828 et
2834 774 3030 831 minus
3062 777 3374 834 emendate
3408 784 3566 848 1641,
3590 782 3738 839 ibid.
3767 774 3825 840 et

2172 852 2433 911 Coloniae
2463 859 2605 926 (sive
2633 861 2982 937 Witebergee
3013 867 3256 937 potius),
3290 871 3450 939 1688,
3478 870 3584 926 fol.

2244 944 2801 1020 ClementemiAlex.
2828 954 3381 1012 emendatissimum
3405 963 3464 1012 et
3486 964 3729 1017 auctum
3759 981 3823 1019 se

2170 1026 2414 1103 habere,
2448 1034 2507 1090 et
2535 1034 2600 1092 in
2632 1036 2795 1095 notis
2817 1028 2891 1096 ad
2912 1042 3106 1116 ipsum
3137 1038 3502 1102 Clementem
3531 1050 3820 1108 emenda-

2172 1118 2366 1177 tiOnes
2392 1122 2617 1182 Ileinsli
2642 1120 2957 1202 diligenter
2977 1133 3451 1192 examinaturum
3475 1146 3537 1193 se
3559 1140 3702 1196 olim
3731 1144 3821 1197 te-

2174 1214 2362 1266 status
2421 1217 2512 1269 est
2564 1216 2612 1271 J.
2672 1216 2878 1273 Croius
2937 1224 3065 1292 cap.
3125 1218 3188 1277 2t
3249 1224 3559 1282 Observa".
3593 1230 3658 1284 in
3685 1229 3814 1287 Nov.

2174 1294 2333 1394 Tetti,
2365 1318 2496 1378 pag.
2534 1298 2653 1363 H2.
2677 1301 2788 1365 Sed
2812 1303 2917 1368 illa
2942 1312 3266 1373 Clementis
3297 1314 3478 1374 editio
3507 1330 3817 1394 nunquam

2168 1386 2409 1465 prodiit.

2239 1472 2307 1570 In
2337 1476 2697 1570 bibliotheca
2723 1489 3003 1551 Jestiitica
3032 1494 3193 1570 leges
3236 1498 3602 1558 Clementem
3646 1503 3816 1567 Alex.

2169 1566 2737 1662 notisnillustratum
2767 1594 2802 1636 a
2828 1578 3042 1640 Iacobo
3095 1566 3382 1659 Deshans,
3424 1590 3478 1645 S.
3507 1590 3579 1662 1.;
3612 1566 3820 1650 verum

2169 1660 2281 1717 nec
2311 1652 2428 1718 illai
2459 1668 2613 1722 notes
2645 1667 2818 1724 editas
2853 1677 3011 1728 sunt.

2239 1748 2480 1810 Plenior
2511 1759 2760 1826 emteris,
2783 1750 3001 1841 cultior
3029 1762 3088 1819 et
3119 1776 3187 1820 ex
3220 1762 3391 1843 codd.
3425 1768 3819 1844 emendatior,

410 1832 696 1889 Clement.
721 1833 911 1905 Aleia,
934 1835 1035 1889 ubi
1065 1850 1302 1908 quoque
1333 1837 1625 1943 memerat
1650 1833 2055 1943 condiant,
2088 1856 2136 1933 Β
2170 1836 2262 1943 δέ.
2296 1848 2430 1898 enm
2461 1846 2636 1943 notis.
2677 1836 2993 1943 Sylburgii,
3052 1852 3300 1943 lleinsii,
3361 1842 3538 1914 With.
3593 1832 3818 1917 Lowthi

408 1923 469 1978 in
501 1934 754 1994 quorum
784 1938 902 1981 uno
932 1930 1156 1980 recent.
1191 1924 1304 1980 fuit
1332 1924 1696 2023 Pedagogas,
1716 1916 1779 1978 in
1801 1922 1935 1980 aliis
1958 1930 2059 1979 εκ-
2093 1916 2136 1933 ”
2169 1920 2543 2023 aliorumque
2591 1916 2730 2019 ννξ
2764 1916 3029 1995 ΠῡῘθὲι
3083 1958 3116 1998 a
3169 1916 3406 2002 l’ottero
3436 1916 3674 2006 curata:
3710 1950 3815 2023 qui

407 2017 611 2083 cerpta
638 2027 653 2078 ;
685 2017 863 2084 atque
894 2012 1025 2069 cod.
1062 2012 1215 2071 Guil.
1250 2011 1559 2085 Xylandri.
1594 2010 1769 2068 ΒΑΜ.

477 2100 675 2154 Greece
706 2101 929 2171 scripta
982 2101 1328 2172 Clementis,
1359 2102 1647 2158 hactenus
1708 2106 2056 2171 memorata,

405 2186 759 2258 prodierunt
782 2204 812 2243 e
838 2188 987 2243 bibl.
1014 2188 1294 2257 Medicea,
1317 2190 1533 2245 collato
1558 2190 1632 2246 ad
1659 2193 2059 2261 Protreptioum

404 2280 465 2330 et
493 2275 872 2347 Paedagogum
904 2278 1084 2333 etiam
1144 2277 1380 2334 Rodulﬁ
1437 2279 1549 2345 Pii,
1604 2279 1890 2336 antistitis
1920 2282 2057 2336 Caro

402 2365 629 2436 pensis,
672 2364 895 2430 codice,
954 2373 1302 2423 recensente
1354 2369 1526 2423 Petro
1582 2369 1855 2437 Victoria,
1888 2370 2059 2441 citius

403 2452 672 2524 prmfatio
703 2454 779 2509 ad
836 2455 1178 2510 Marcellum
1232 2456 1568 2525 Corvinum,
1601 2458 1967 2514 cardinalem
1998 2459 2055 2514 S.

406 2542 607 2598 Crucis
638 2548 863 2612 (postea
891 2559 999 2614 per
1026 2558 1147 2601 xxii
1177 2544 1306 2600 dies
1337 2546 1682 2617 pontiﬁcem
1727 2548 1874 2603 Max.
1908 2548 2056 2603 Mar-

403 2630 625 2686 cellum
651 2632 746 2697 II),
801 2633 1150 2705 praeﬁgitur,
1214 2634 1529 2690 Florentia)
1581 2639 1739 2704 1550,
1785 2635 1887 2690 fol.
1924 2637 2057 2691 Hinc

404 2719 585 2775 editio
614 2735 797 2775 manu
826 2722 1066 2792 Iosephi
1093 2723 1370 2795 Scaligeri
1395 2725 1617 2795 passim
1634 2729 1839 2781 notata
1860 2725 2056 2780 fuitin

402 2807 766 2864 bibliotheca
795 2810 1022 2866 Grmvii.
1057 2812 1281 2867 FABRIG.
1315 2812 1652 2884 Exemplar,
1675 2814 1736 2868 in
1759 2813 2056 2869 membra-

402 2897 499 2952 nis
547 2898 930 2970 impressum,
978 2905 1172 2956 exstat
1215 2901 1498 2967 Floreat;
1530 2902 1594 2958 in
1623 2902 1768 2959 bibl.
1818 2903 2058 2975 Maglia-

401 2987 601 3053 bech.,
630 2987 748 3041 vid.
782 2988 1034 3044 Bandini
1083 2997 1196 3046 cat.
1248 2990 1420 3046 codd.
1468 2992 1564 3047 Gr.
1611 2992 1815 3048 Medic.
1849 3011 1888 3059 ι,
1920 3009 2054 3065 pag.

403 3078 492 3144 12,
524 3080 581 3131 et
613 3076 675 3133 in
707 3076 875 3149 prmi.
906 3080 1221 3150 prmmissa
1262 3080 1406 3135 edit.
1440 3082 1825 3149 Epistolarum
1849 3082 2053 3139 claror.

398 3165 665 3221 Italorum
696 3168 749 3221 et
772 3165 1071 3236 Gnatam,
1118 3173 1257 3238 etc.,
1310 3168 1594 3239 Florent.,
1641 3173 1799 3239 l759,
1833 3175 1974 3226 tom.
2007 3172 2051 3237 Ι,

400 3218 1333 3330 ᾖ.έέέέξαίέιιὶὲἑέιῖὲῇῂᾏιηξεζιῗιῖ
1354 3218 1435 3311 ῐκῖ
1455 3274 1519 3325 u,
1559 3218 1619 3328 εἰ.
1650 3218 1873 3314 4εο.ἰη
1906 3218 2051 3314 δη)ιῖ
2082 3218 2130 3298 0

402 3342 675 3397 Leidensi
701 3348 791 3395 est
811 3344 1236 3413 exemplar,cui
1263 3344 1555 3399 nonnulla
1579 3345 1854 3414 ascripsit
1874 3348 2050 3403 Hadr.

401 3426 630 3482 Junius.
664 3426 870 3495 (Catal.
902 3429 1072 3495 bibl.,
1105 3447 1162 3501 p.
1197 3431 1307 3488 35.)
1342 3431 1516 3483 ΒΑΜ..

474 3515 557 3568 Ex
587 3513 936 3569 recensione
968 3521 1029 3570 et
1055 3533 1192 3572 cum
1222 3516 1709 3588 castigationibus
1737 3519 1892 3599 Frid.
1927 3521 2052 3594 Syl-

403 3600 617 3673 burgii.
653 3601 1056 3677 Heidelbergae
1086 3620 1182 3676 ap.
1210 3604 1559 3661 Commelin.
1614 3607 1773 3672 1592,
1802 3608 1905 3664 fol.

474 3692 676 3750 Latine
707 3692 1087 3765 Protrepticus
1119 3698 1177 3749 et
1207 3693 1549 3765 Pwdagogus
1581 3698 1865 3755 Gentiano
1897 3703 2050 3757 Her-

402 3786 553 3845 veto,
585 3784 644 3835 et
693 3780 829 3836 libri
874 3799 977 3838 vm
1027 3783 1367 3840 Stromatum
1397 3784 1639 3858 Cyriaco
1688 3789 2050 3863 Strozza{25)

399 3870 747 3940 interprete,
779 3869 1037 3929 Floreat.
1070 3875 1228 3939 1551,
1287 3872 1415 3945 fol.,
1450 3878 1635 3949 apud
1666 3879 2048 3939 Laurentium

399 3959 838 4015 Torrentinum.

468 4048 867 4117 Protrepticm,
924 4050 1273 4124 Pedagegus
1319 4058 1381 4109 et
1428 4055 1714 4113 Stromata
1754 4063 1863 4131 (26)
1895 4063 2049 4118 Gen-

399 4137 559 4192 tiano
592 4138 861 4207 Herveto,
921 4140 1241 4197 Aureliano
1300 4149 1359 4198 et
1408 4145 1686 4203 Ecclesiae
1736 4150 2045 4207 Remensis

396 4231 605 4298 postea
628 4227 935 4295 canonico,
961 4228 1310 4300 interprete,
1337 4249 1474 4289 cum
1503 4234 1633 4307 ejus
1663 4238 1907 4293 scholiis
1939 4241 2048 4294 Ba-

396 4315 842 4385 δί1.1556,1“01.,
901 4334 995 4389 ap.
1056 4319 1307 4376 Forben.
1368 4326 1429 4375 et
1488 4326 1647 4389 1566,
1698 4325 1825 4393 fol.,
1857 4328 2036 4382 Paris.

402 4406 814 4473 1566,8,1572
845 4408 905 4462 et
934 4409 1093 4475 1590,
1125 4405 1254 4473 fol.,
1315 4414 1373 4463 et
1431 4407 1686 4481 denique
1736 4410 1797 4467 in
1833 4401 2043 4494 Biblio-

393 4496 547 4548 theca
575 4496 804 4551 Patrum
851 4496 1209 4566 Lugdunensi
1262 4500 1405 4554 tom.
1466 4498 1562 4565 ΙΙΙ,
1615 4517 1667 4554 a.
1724 4503 1878 4570 1677,
1910 4500 2036 4574 fol.,

2165 2007 2578 2113 P‘rotre‘plicum
2611 2024 2682 2080 de
2714 2016 2940 2100 integro
2972 2033 3163 2101 vertit,
3198 2034 3259 2090 in
3301 2038 3532 2093 caeteris
3566 2007 3823 2113 castiga-

2165 2100 2265 2177 tit,
2298 2100 2372 2166 ad
2401 2112 2600 2203 Graeca
2656 2112 3211 2203 interpretationem
3270 2122 3522 2197 lierveti,
3577 2100 3819 2203 aliaque

2168 2196 2389 2282 adjecit
2412 2196 2598 2256 utilia.
2635 2202 2736 2258 Est
2765 2210 2963 2261 autem
2997 2204 3285 2284 inscripta
3313 2228 3326 2270 :

2235 2278 2557 2360 Κλήμεντος
2588 2324 2656 2381 τ-
2687 2292 2984 2381 Ctementis
3013 2278 3380 2377 Alea-Opera
3409 2322 3536 2379 quae
3566 2314 3826 2381 exstant,

2167 2374 2448 2469 recognita
2479 2384 2529 2435 ει
2562 2378 2849 2438 itlustrata
2878 2400 2978 2455 per
3031 2382 3079 2443 Ι.
3140 2374 3440 2461 Petierunt,
3473 2374 3819 2469 episcopum

2169 2460 2583 2523 Oxoniensem.
2617 2470 2847 2557 onnii,
2872 2492 2901 2529 e
2926 2468 3156 2532 theatro
3177 2460 3457 2552 Sheldon,
3481 2460 3817 2557 sumpt-.Ge.

2168 2554 2475 2621 Mortlock,
2522 2550 2768 2631 bibliOp.
2832 2554 3192 2622 Londinens.
3255 2550 3563 2636 magici.
3600 2550 3823 2633 Addita

2169 2644 2309 2697 Sunt
2338 2646 2771 2717 supplementa,
2799 2666 2840 2730 la
2869 2652 3028 2708 Fello
3060 2654 3373 2729 Ittigioque
3406 2659 3583 2730 edita,
3617 2668 3673 2718 et
3700 2656 3819 2720 fra-

2166 2741 2404 2807 gmenta
2427 2748 2460 2791 a
2482 2738 2692 2794 Grabio
2716 2728 3275 2817 collecta.Adjectus
3298 2754 3385 2805 est
3408 2728 3641 2808 licrveti
3661 2754 3819 2811 Com-

2164 2826 2335 2878 ment.
2393 2825 2453 2879 in
2515 2826 2647 2898 Opp.
2707 2828 3027 2887 Clementis.
3086 2830 3155 2890 V.
3211 2830 3337 2892 Acta
3370 2836 3526 2895 erud.
3562 2858 3614 2900 a.
3653 2846 3816 2913 i717,

2165 2928 2295 2983 pag.
2329 2912 2418 2979 97,
2453 2928 2584 2985 sqq.
2618 2947 2684 2956 —
2714 2918 2942 3003 Recus‘a
2970 2927 3061 2976 est
3090 2922 3194 2980 illa
3225 2918 3402 2983 editio
3430 2930 3713 3003 Venetiis,
3737 2942 3811 2988 ex

2166 2998 2392 3073 typogr.
2425 3003 2561 3059 Ant.
2594 3005 2775 3073 Zatta,
2811 3002 2969 3083 i737,
3017 3004 3067 3064 ΙΙ
3104 3008 3242 3069 voll.
3294 3016 3353 3070 in
3386 3017 3488 3073 fol.
3522 3036 3656 3075 cum
3689 2998 3811 3077 ira-

2164 3088 2420 3159 gmentis
2451 3090 2618 3146 novis
2649 3108 2719 3148 ex
2749 3089 3035 3167 Fabricio,
3087 3116 3154 3154 ac
3208 3100 3336 3157 Vita
3383 3103 3704 3162 Clementis
3735 3124 3809 3163 ex

2165 3181 2324 3260 tomo
2357 3176 2431 3232 Ill
2463 3172 2704 3236 Adriani
2738 3170 2947 3240 Baillet
2972 3182 3285 3260 desumpta
3332 3196 3390 3247 et
3438 3194 3640 3251 Latine
3671 3198 3806 3252 red-

2167 3258 2311 3323 dita.
2345 3264 2648 3325 Fabricius
2672 3276 2870 3328 autem
2900 3270 3251 3347 fragmenta,
3287 3299 3417 3351 quae
3447 3280 3507 3338 in
3540 3274 3812 3358 exemplo

2166 3346 2386 3410 l’otteri
2423 3358 2639 3428 partim
2672 3346 3042 3421 solummodo
3074 3366 3269 3422 Graece
3299 3346 3555 3440 exstant,
3594 3346 3814 3444 partim

2168 3442 2229 3496 in
2261 3460 2328 3498 eo
2361 3445 2795 3525 desiderantur,
2817 3471 2885 3509 ex
2917 3444 3082 3511 codd.
3111 3460 3250 3511 mss.
3277 3463 3395 3515 aut.
3429 3459 3597 3516 libris
3631 3452 3814 3520 editis

2168 3531 2506 3604 collegerat,
2538 3541 2597 3591 et
2616 3540 2709 3595 Gr.
2735 3558 2803 3596 ac
2826 3543 2944 3598 Lat.
2969 3538 3296 3615 publicarat
3313 3546 3385 3602 ad
3407 3546 3633 3605 calcem
3658 3555 3809 3607 tom.

2167 3620 2217 3713 I_l
2267 3623 2390 3696 Opp
2436 3626 2733 3701 Hippolyti
2782 3630 2855 3687 ab
2904 3634 3032 3706 ipso
3082 3636 3174 3691 ed.
3235 3654 3363 3711 pag.
3412 3632 3502 3707 66,
3561 3652 3693 3713 sqq.
3744 3675 3816 3684 —

2164 3708 2389 3785 Fragm.
2416 3721 2555 3770 sunt
2575 3720 2809 3791 quoque
2842 3718 2904 3776 in
2937 3708 3394 3782 uallandii’cibt.
3419 3728 3548 3784 vett.
3576 3708 3808 3786 Patrum

2162 3792 2231 3867 ῘΙ,
2266 3818 2396 3875 pag.
2434 3806 2553 3859 153.
2590 3800 2762 3863 Ηληῑι.

2234 3888 2313 3943 De
2337 3892 2575 3962 scripsit
2593 3892 2916 3953 Clementis
2936 3896 3322 3956 Alexandrini
3348 3892 3805 3975 diligentissime

2161 3978 2279 4051 egit
2310 3979 2581 4067 Nicolaus
2612 3983 2893 4041 Nourrius
2922 3982 3074 4043 libro
3097 3990 3271 4046 tertio
3295 3992 3523 4065 integro
3558 3990 3813 4067 Appara‘:

2159 4070 2248 4124 ius
2277 4062 2343 4124 ab
2376 4064 2763 4129 Bibliothecam
2792 4077 3056 4139 Patrum;
3078 4090 3215 4134 nam
3239 4082 3297 4135 et
3317 4062 3809 4157 analysin's-ingus

2160 4156 2352 4218 lorum
2382 4158 2518 4246 post
2543 4165 2946 4224 Abrahamum
2976 4168 3324 4242 Scultetum,
3351 4163 3658 4246 Eliamque
3687 4156 3809 4231 Du-

2160 4251 2388 4321 pinium
2412 4242 2574 4309 dedit
2592 4256 3010 4326 pleniorem,et
3033 4259 3103 4325 de
3128 4261 3399 4318 doctrina
3422 4242 3612 4335 ipsius
3633 4270 3811 4336 atque

2159 4340 2233 4395 ad
2260 4336 2421 4398 varia
2449 4336 2769 4402 Clementis
2798 4346 2930 4403 loca
2969 4342 3414 4407 observationes
3445 4370 3655 4426 magno
3688 4372 3807 4409 nu-

2159 4446 2345 4498 mero,
2382 4436 2438 4485 et
2488 4424 3065 4507 Chronograpliicam
3119 4437 3383 4494 tabulam
3434 4424 3661 4497 addidit
3692 4459 3810 4515 qua

2158 4518 2478 4577 Clementis
2497 4518 2836 4594 supputatio
2850 4542 2985 4580 cum
3004 4527 3337 4583 Eusebiana
3357 4534 3415 4585 ct
3432 4530 3812 4602 Syncelliana

2569 4580 2586 4594 .
2610 4580 2626 4594 .
3006 4580 3033 4582 ρ
3362 4580 3412 4585 ν-
3433 4580 3805 4602 ηα--νυ---ι---κ

395 4596 465 4633 ex
496 4580 641 4634 Dan.
676 4583 897 4637 Heinsii
929 4587 1355 4660 recognitione,
1409 4590 1469 4643 et
1526 4587 1766 4645 scholiis
1806 4588 2034 4648 Herveti
2071 4584 2119 4648 D
2147 4607 2468 4683 confertur,
2503 4617 2561 4666 et
2588 4612 2659 4668 de
2691 4614 3052 4685 auctoribus,
3096 4634 3245 4687 quos
3274 4617 3478 4675 laudat
3505 4621 3805 4692 Clemens,

391 4683 653 4722 omissrs.

465 4759 661 4812 Graece
694 4762 753 4812 et
784 4757 984 4813 Latine
1016 4774 1151 4816 cum
1186 4764 1414 4820 Herveti
1458 4766 1728 4825 versione
1761 4787 1866 4842 per
1894 4772 2040 4831 Dan.

392 4847 699 4903 Heinsium
749 4848 1064 4915 recensita,
1107 4850 1382 4923 notisque
1441 4858 1499 4909 et
1555 4858 2040 4933 castigationibus

391 4936 544 4990 Frid.
577 4936 867 5009 Sylburgii
893 4943 952 4992 et
973 4934 1235 4993 Danielis
1260 4940 1505 5009 Heinsii,
1526 4946 1702 5020 Lugd.
1731 4952 1849 5006 Bat.
1881 4954 2039 5024 1616,

388 5022 490 5078 fol.
526 5024 661 5079 Hmc
694 5024 849 5080 edito
881 5042 1011 5082 cum
1072 5026 1343 5099 pluribus
1402 5033 1559 5089 notis
1616 5054 1757 5094 mss.
1805 5022 2037 5099 Davidis

389 5106 680 5168 Blondelli
712 5114 827 5169 fuit
867 5115 928 5170 in
965 5116 1329 5177 bibliotheca
1358 5121 1647 5181 Samuelis
1680 5129 1908 5186 Gruteri
1941 5149 2037 5189 ec-

387 5200 675 5258 clesiasten
710 5202 1132 5263 Harlemensis.

455 5288 639 5346 Clem.
670 5291 835 5351 Alex.
895 5292 1232 5366 Admonitio,
1289 5294 1584 5377 Ροίτξάαθορ.
1634 5306 1890 5367 Stromat.
1925 5298 2032 5371 La-

450 5525 563 5607 (25)
593 5528 863 5607 Papirius
921 5533 1226 5607 Massonus
1304 5537 1541 5596 Stroux
1589 5541 1723 5600 Vita
1774 5551 1916 5603 tom.
1975 5553 2027 5607 ΙΙ

383 5595 762 5677 Elogior.,'p.
794 5602 897 5656 229
924 5621 938 5670 ;
971 5605 1245 5662 Stromata
1275 5608 1410 5664 item
1444 5595 1738 5671 Clementis

384 5618 662 5681 nipgior.,
794 5618 897 5656 κεν
924 5621 938 5670 ;
971 5618 1245 5662 aromata
1275 5618 1410 5664 item
1444 5618 1738 5671 Clementis
1778 5619 2023 5677 Alexan-

375 5665 897 5800 ἶᾶιὲιέοὲιέἷίέῖδωὴε
920 5686 1045 5731 cum
1091 5682 1247 5747 esset,
1278 5683 1500 5751 prium
1529 5687 1782 5742 omnium
1810 5691 2023 5750 Latini-

457 5755 486 5795 ϐ
514 5755 757 5800 donavit.

2146 4698 2444 4770 copiosius
2486 4700 2786 4758 disseruit.
2823 4704 3010 4760 Paris.
3067 4708 3225 4775 l703,
3277 4704 3380 4764 fol.
3414 4726 3471 4781 p.
3504 4712 3804 4769 622-1362.

2152 4789 2295 4844 Vide
2327 4789 2506 4845 etiam
2535 4806 2666 4861 qua:
2689 4790 2761 4847 de
2786 4792 3111 4849 Clementis
3131 4794 3405 4852 doctrina
3433 4802 3657 4855 notavit
3678 4804 3808 4858 Itti-

2148 4877 2278 4952 gius
2310 4878 2370 4933 in
2403 4878 2638 4934 selectis
2670 4876 2809 4937 Hist.
2840 4883 3028 4941 eccles.
3057 4884 3372 4956 capitibus,
3401 4892 3543 4942 sect.
3566 4890 3636 4959 II,
3665 4908 3799 4962 pag.

2148 4970 2273 5035 230,
2306 4987 2392 5041 sq.
2428 4966 2597 5024 FABR.
2630 4969 2730 5034 lis,
2769 4988 2899 5042 quas
2931 4990 3064 5027 cum
3097 4974 3318 5045 passim
3352 4974 3422 5029 ad
3457 4974 3567 5029 hoc
3598 4985 3795 5047 caput,

2147 5060 2273 5110 tum
2304 5054 2366 5111 in
2395 5052 2617 5111 Introd.
2651 5056 2713 5111 in
2744 5056 2879 5112 Hist.
2917 5060 3033 5113 Lat.
3070 5058 3157 5113 Gr.
3194 5060 3263 5127 ΙΙ,
3294 5063 3345 5129 2,
3379 5076 3508 5130 pag.
3545 5060 3667 5127 209,
3701 5062 3794 5117 in-

2145 5146 2329 5202 dicavi
2366 5147 2603 5218 scripta,
2635 5147 2773 5202 addi
2804 5154 3092 5220 possunt:

2213 5235 2256 5288 Ι.
2295 5236 2362 5291 G.
2401 5235 2656 5291 Walchii
2679 5237 2993 5293 Exercitat.
3015 5237 3088 5291 de
3109 5236 3411 5293 Clemente
3429 5236 3601 5293 Alex.
3630 5238 3796 5310 ejus-

2141 5340 2256 5396 que
2284 5325 2604 5392 erroribus,
2635 5324 2788 5381 lenae
2814 5322 2975 5395 i737,
3008 5327 3062 5395 4,
3093 5340 3209 5381 rec.
3264 5325 3325 5379 in
3379 5324 3652 5398 ejusdem
3690 5328 3796 5386 Illi-

2207 5558 2323 5635 (26)_
2348 5559 2414 5613 In
2448 5560 2717 5635 tientiani
2737 5559 3008 5635 yersione
3039 5562 3583 5635 etcommentariis
3617 5563 3794 5635 plura

2132 5630 2518 5714 reprehendit
2544 5631 3199 5714 Ncnnrriusaque‘mjide
3222 5630 3787 5714 Apparataad'Bibt.

2135 5697 2387 5772 Patrum,
2422 5716 2552 5774 pag.
2585 5705 2691 5757 902
2722 5716 2810 5774 sq.
2846 5697 2925 5773 [et
2954 5700 3231 5759 Potterus
3263 5697 3323 5760 in
3351 5706 3565 5777 praeﬁ].
